  <div class='ocr_page' id='page_1' title='image "/cluster/home/n/w/nwhite01/storage/ocr_20150623/159/hvd.32044073502684/517.png"; bbox 0 0 4022 6196; ppageno 0'>
   <div class='ocr_carea' id='block_1_1' title="bbox 399 299 502 363">
    <p class='ocr_par' dir='ltr' id='par_1_1' title="bbox 399 299 502 363">
     <span class='ocr_line' id='line_1_1' title="bbox 399 299 502 363; baseline 0 -1"><span class='ocrx_word' id='word_1_1' title='bbox 399 299 502 363; x_wconf 78' lang='grc'><strong>939</strong></span> 
     </span>
    </p>
   </div>
   <div class='ocr_carea' id='block_1_2' title="bbox 1625 295 2419 373">
    <p class='ocr_par' dir='ltr' id='par_1_2' title="bbox 1625 295 2419 373">
     <span class='ocr_line' id='line_1_2' title="bbox 1625 295 2419 373; baseline 0.004 -19"><span class='ocrx_word' id='word_1_2' title='bbox 1625 295 2010 356; x_wconf 68' lang='lat' dir='ltr'><strong>LEONARDI</strong></span> <span class='ocrx_word' id='word_1_3' title='bbox 2063 298 2419 373; x_wconf 79' lang='lat' dir='ltr'><strong>CIIIENSIS</strong></span> 
     </span>
    </p>
   </div>
   <div class='ocr_carea' id='block_1_3' title="bbox 3549 293 3654 356">
    <p class='ocr_par' dir='ltr' id='par_1_3' title="bbox 3549 293 3654 356">
     <span class='ocr_line' id='line_1_3' title="bbox 3549 293 3654 356; baseline 0.01 -1"><span class='ocrx_word' id='word_1_4' title='bbox 3549 293 3654 356; x_wconf 72' lang='grc'>940</span> 
     </span>
    </p>
   </div>
   <div class='ocr_carea' id='block_1_4' title="bbox 397 397 3654 484">
    <p class='ocr_par' dir='ltr' id='par_1_4' title="bbox 397 397 3654 484">
     <span class='ocr_line' id='line_1_4' title="bbox 397 397 3654 484; baseline -0.002 -18"><span class='ocrx_word' id='word_1_5' title='bbox 397 412 523 466; x_wconf 86' lang='lat' dir='ltr'><strong>altis</strong></span> <span class='ocrx_word' id='word_1_6' title='bbox 580 408 862 478; x_wconf 74' lang='lat' dir='ltr'><strong>spiritibus</strong></span> <span class='ocrx_word' id='word_1_7' title='bbox 917 407 1261 464; x_wconf 82' lang='lat' dir='ltr'><strong>commissam</strong></span> <span class='ocrx_word' id='word_1_8' title='bbox 1317 407 1596 476; x_wconf 86' lang='lat' dir='ltr'><strong>haoeatis,</strong></span> <span class='ocrx_word' id='word_1_9' title='bbox 1648 397 1822 478; x_wconf 84' lang='lat' dir='ltr'><strong>neque</strong></span> <span class='ocrx_word' id='word_1_10' title='bbox 1866 426 1964 464; x_wconf 90' lang='lat' dir='ltr'><strong>vos</strong></span> <span class='ocrx_word' id='word_1_11' title='bbox 1995 417 2035 472; x_wconf 77' lang='grc' dir='ltr'><strong>Α</strong></span> <span class='ocrx_word' id='word_1_12' title='bbox 2076 414 2370 484; x_wconf 80' lang='lat' dir='ltr'><strong>quisquam</strong></span> <span class='ocrx_word' id='word_1_13' title='bbox 2405 409 2801 475; x_wconf 85' lang='lat' dir='ltr'><strong>retrocederet,</strong></span> <span class='ocrx_word' id='word_1_14' title='bbox 2838 409 3062 474; x_wconf 76' lang='lat' dir='ltr'><strong>clausis,</strong></span> <span class='ocrx_word' id='word_1_15' title='bbox 3099 415 3512 478; x_wconf 88' lang='lat' dir='ltr'><strong>pernoctarnnt.</strong></span> <span class='ocrx_word' id='word_1_16' title='bbox 3550 409 3654 460; x_wconf 83' lang='grc' dir='ltr'>Λιι-</span> 
     </span>
    </p>
   </div>
   <div class='ocr_carea' id='block_1_5' title="bbox 397 502 1972 572">
    <p class='ocr_par' dir='ltr' id='par_1_5' title="bbox 397 502 1972 572">
     <span class='ocr_line' id='line_1_5' title="bbox 397 502 1972 572; baseline -0.002 -13"><span class='ocrx_word' id='word_1_17' title='bbox 397 505 563 567; x_wconf 87' lang='lat' dir='ltr'><strong>muri,</strong></span> <span class='ocrx_word' id='word_1_18' title='bbox 593 505 732 559; x_wconf 90' lang='lat' dir='ltr'><strong>mole</strong></span> <span class='ocrx_word' id='word_1_19' title='bbox 761 503 996 572; x_wconf 70' lang='lat' dir='ltr'><strong>iungentis</strong></span> <span class='ocrx_word' id='word_1_20' title='bbox 1030 502 1227 569; x_wconf 79' lang='lat' dir='ltr'><strong>lapidis</strong></span> <span class='ocrx_word' id='word_1_21' title='bbox 1266 502 1333 556; x_wconf 90' lang='lat' dir='ltr'><strong>ab</strong></span> <span class='ocrx_word' id='word_1_22' title='bbox 1365 503 1522 559; x_wconf 90' lang='lat' dir='ltr'><strong>hoste</strong></span> <span class='ocrx_word' id='word_1_23' title='bbox 1548 503 1768 557; x_wconf 90' lang='lat' dir='ltr'><strong>contriti</strong></span> <span class='ocrx_word' id='word_1_24' title='bbox 1796 512 1972 558; x_wconf 85' lang='lat' dir='ltr'><strong>exter-</strong></span> 
     </span>
    </p>
   </div>
   <div class='ocr_carea' id='block_1_6' title="bbox 401 593 1975 666">
    <p class='ocr_par' dir='ltr' id='par_1_6' title="bbox 401 593 1975 666">
     <span class='ocr_line' id='line_1_6' title="bbox 401 593 1975 666; baseline -0.001 -17"><span class='ocrx_word' id='word_1_25' title='bbox 401 604 560 651; x_wconf 86' lang='lat' dir='ltr'><strong>reant</strong></span> <span class='ocrx_word' id='word_1_26' title='bbox 587 613 600 648; x_wconf 89' lang='lat'><strong>:</strong></span> <span class='ocrx_word' id='word_1_27' title='bbox 628 596 882 666; x_wconf 88' lang='lat' dir='ltr'><strong>quoniam</strong></span> <span class='ocrx_word' id='word_1_28' title='bbox 910 603 1017 648; x_wconf 87' lang='lat' dir='ltr'><strong>tota</strong></span> <span class='ocrx_word' id='word_1_29' title='bbox 1037 596 1114 650; x_wconf 91' lang='lat' dir='ltr'><strong>vis</strong></span> <span class='ocrx_word' id='word_1_30' title='bbox 1134 593 1187 648; x_wconf 88' lang='lat' dir='ltr'><strong>in</strong></span> <span class='ocrx_word' id='word_1_31' title='bbox 1211 594 1303 649; x_wconf 92' lang='lat' dir='ltr'><strong>Dei</strong></span> <span class='ocrx_word' id='word_1_32' title='bbox 1333 595 1612 664; x_wconf 60' lang='lat' dir='ltr'><strong>praesidio,</strong></span> <span class='ocrx_word' id='word_1_33' title='bbox 1639 595 1691 648; x_wconf 90' lang='lat' dir='ltr'><strong>in</strong></span> <span class='ocrx_word' id='word_1_34' title='bbox 1727 594 1975 648; x_wconf 87' lang='lat' dir='ltr'><strong>lacertis-</strong></span> 
     </span>
    </p>
   </div>
   <div class='ocr_carea' id='block_1_7' title="bbox 402 687 1975 760">
    <p class='ocr_par' dir='ltr' id='par_1_7' title="bbox 402 687 1975 760">
     <span class='ocr_line' id='line_1_7' title="bbox 402 687 1975 760; baseline -0.001 -18"><span class='ocrx_word' id='word_1_35' title='bbox 402 706 512 758; x_wconf 87' lang='lat' dir='ltr'><strong>quc</strong></span> <span class='ocrx_word' id='word_1_36' title='bbox 547 691 736 742; x_wconf 84' lang='lat' dir='ltr'><strong>vestris</strong></span> <span class='ocrx_word' id='word_1_37' title='bbox 771 687 996 742; x_wconf 76' lang='lat' dir='ltr'><strong>vibratis</strong></span> <span class='ocrx_word' id='word_1_38' title='bbox 1044 687 1404 757; x_wconf 81' lang='lat' dir='ltr'><strong>excussisque</strong></span> <span class='ocrx_word' id='word_1_39' title='bbox 1458 687 1652 760; x_wconf 79' lang='lat' dir='ltr'><strong>gladiis</strong></span> <span class='ocrx_word' id='word_1_40' title='bbox 1685 688 1736 741; x_wconf 95' lang='lat' dir='ltr'><strong>in</strong></span> <span class='ocrx_word' id='word_1_41' title='bbox 1793 687 1975 741; x_wconf 85' lang='lat' dir='ltr'><strong>hostes</strong></span> 
     </span>
    </p>
   </div>
   <div class='ocr_carea' id='block_1_8' title="bbox 399 777 1972 836">
    <p class='ocr_par' dir='ltr' id='par_1_8' title="bbox 399 777 1972 836">
     <span class='ocr_line' id='line_1_8' title="bbox 399 777 1972 836; baseline -0.001 -2"><span class='ocrx_word' id='word_1_42' title='bbox 399 779 704 836; x_wconf 80' lang='lat' dir='ltr'><strong>exercenda</strong></span> <span class='ocrx_word' id='word_1_43' title='bbox 727 789 826 834; x_wconf 75' lang='grc' dir='ltr'><strong>ρει.</strong></span> <span class='ocrx_word' id='word_1_44' title='bbox 865 777 993 834; x_wconf 91' lang='lat' dir='ltr'><strong>Scio</strong></span> <span class='ocrx_word' id='word_1_45' title='bbox 1039 780 1309 834; x_wconf 84' lang='lat' dir='ltr'><strong>indoctam</strong></span> <span class='ocrx_word' id='word_1_46' title='bbox 1371 779 1515 833; x_wconf 87' lang='lat' dir='ltr'><strong>illam</strong></span> <span class='ocrx_word' id='word_1_47' title='bbox 1573 780 1972 834; x_wconf 81' lang='lat' dir='ltr'><strong>multitudinem</strong></span> 
     </span>
    </p>
   </div>
   <div class='ocr_carea' id='block_1_9' title="bbox 399 870 1978 942">
    <p class='ocr_par' dir='ltr' id='par_1_9' title="bbox 399 870 1978 942">
     <span class='ocr_line' id='line_1_9' title="bbox 399 870 1978 942; baseline -0.001 -14"><span class='ocrx_word' id='word_1_48' title='bbox 399 890 466 928; x_wconf 78' lang='lat' dir='ltr'><strong>ex</strong></span> <span class='ocrx_word' id='word_1_49' title='bbox 499 887 646 927; x_wconf 90' lang='lat' dir='ltr'><strong>more</strong></span> <span class='ocrx_word' id='word_1_50' title='bbox 671 870 880 942; x_wconf 90' lang='lat' dir='ltr'><strong>magnis</strong></span> <span class='ocrx_word' id='word_1_51' title='bbox 895 886 1310 941; x_wconf 84' lang='lat' dir='ltr'><strong>congressuram</strong></span> <span class='ocrx_word' id='word_1_52' title='bbox 1329 871 1623 926; x_wconf 85' lang='lat' dir='ltr'><strong>ululatibus</strong></span> <span class='ocrx_word' id='word_1_53' title='bbox 1641 871 1978 942; x_wconf 89' lang='lat' dir='ltr'><strong>infinitisque</strong></span> 
     </span>
    </p>
   </div>
   <div class='ocr_carea' id='block_1_10' title="bbox 400 961 1977 1033">
    <p class='ocr_par' dir='ltr' id='par_1_10' title="bbox 400 961 1977 1033">
     <span class='ocr_line' id='line_1_10' title="bbox 400 961 1977 1033; baseline -0.001 -16"><span class='ocrx_word' id='word_1_54' title='bbox 400 963 607 1032; x_wconf 81' lang='lat' dir='ltr'><strong>alonge</strong></span> <span class='ocrx_word' id='word_1_55' title='bbox 624 962 856 1033; x_wconf 75' lang='lat' dir='ltr'><strong>sagittis,</strong></span> <span class='ocrx_word' id='word_1_56' title='bbox 873 978 980 1016; x_wconf 91' lang='lat' dir='ltr'><strong>non</strong></span> <span class='ocrx_word' id='word_1_57' title='bbox 1008 976 1270 1031; x_wconf 87' lang='lat' dir='ltr'><strong>personas</strong></span> <span class='ocrx_word' id='word_1_58' title='bbox 1294 969 1534 1025; x_wconf 88' lang='lat' dir='ltr'><strong>nostras,</strong></span> <span class='ocrx_word' id='word_1_59' title='bbox 1556 976 1692 1030; x_wconf 84' lang='lat' dir='ltr'><strong>quas</strong></span> <span class='ocrx_word' id='word_1_60' title='bbox 1707 961 1819 1031; x_wconf 85' lang='lat' dir='ltr'><strong>jam</strong></span> <span class='ocrx_word' id='word_1_61' title='bbox 1836 971 1977 1016; x_wconf 91' lang='lat' dir='ltr'><strong>stre-</strong></span> 
     </span>
    </p>
   </div>
   <div class='ocr_carea' id='block_1_11' title="bbox 403 1055 1976 1126">
    <p class='ocr_par' dir='ltr' id='par_1_11' title="bbox 403 1055 1976 1126">
     <span class='ocr_line' id='line_1_11' title="bbox 403 1055 1976 1126; baseline -0.001 -16"><span class='ocrx_word' id='word_1_62' title='bbox 403 1072 508 1110; x_wconf 90' lang='lat' dir='ltr'><strong>nue</strong></span> <span class='ocrx_word' id='word_1_63' title='bbox 563 1067 801 1111; x_wconf 82' lang='lat' dir='ltr'><strong>armatas</strong></span> <span class='ocrx_word' id='word_1_64' title='bbox 850 1055 1152 1126; x_wconf 77' lang='lat' dir='ltr'><strong>conspicio,</strong></span> <span class='ocrx_word' id='word_1_65' title='bbox 1203 1055 1298 1110; x_wconf 88' lang='lat' dir='ltr'><strong>sed</strong></span> <span class='ocrx_word' id='word_1_66' title='bbox 1357 1070 1595 1120; x_wconf 87' lang='lat' dir='ltr'><strong>murum,</strong></span> <span class='ocrx_word' id='word_1_67' title='bbox 1635 1057 1889 1110; x_wconf 81' lang='lat' dir='ltr'><strong>thoraces</strong></span> <span class='ocrx_word' id='word_1_68' title='bbox 1913 1069 1976 1108; x_wconf 90' lang='lat' dir='ltr'><strong>ac</strong></span> 
     </span>
    </p>
   </div>
   <div class='ocr_carea' id='block_1_12' title="bbox 402 1149 1972 1220">
    <p class='ocr_par' dir='ltr' id='par_1_12' title="bbox 402 1149 1972 1220">
     <span class='ocr_line' id='line_1_12' title="bbox 402 1149 1972 1220; baseline -0.002 -18"><span class='ocrx_word' id='word_1_69' title='bbox 402 1158 555 1203; x_wconf 88' lang='lat' dir='ltr'><strong>scuta</strong></span> <span class='ocrx_word' id='word_1_70' title='bbox 587 1160 774 1204; x_wconf 89' lang='lat' dir='ltr'><strong>nostra</strong></span> <span class='ocrx_word' id='word_1_71' title='bbox 806 1149 1086 1219; x_wconf 84' lang='lat' dir='ltr'><strong>impetere.</strong></span> <span class='ocrx_word' id='word_1_72' title='bbox 1143 1149 1331 1219; x_wconf 84' lang='lat' dir='ltr'><strong>Neque</strong></span> <span class='ocrx_word' id='word_1_73' title='bbox 1353 1163 1483 1220; x_wconf 79' lang='lat' dir='ltr'><strong>ergo</strong></span> <span class='ocrx_word' id='word_1_74' title='bbox 1517 1163 1668 1204; x_wconf 89' lang='lat' dir='ltr'><strong>more</strong></span> <span class='ocrx_word' id='word_1_75' title='bbox 1703 1163 1972 1216; x_wconf 89' lang='lat' dir='ltr'><strong>equorum</strong></span> 
     </span>
    </p>
   </div>
   <div class='ocr_carea' id='block_1_13' title="bbox 403 1242 1977 1311">
    <p class='ocr_par' dir='ltr' id='par_1_13' title="bbox 403 1242 1977 1311">
     <span class='ocr_line' id='line_1_13' title="bbox 403 1242 1977 1311; baseline -0.001 -16"><span class='ocrx_word' id='word_1_76' title='bbox 403 1258 537 1310; x_wconf 87' lang='lat' dir='ltr'><strong>quos</strong></span> <span class='ocrx_word' id='word_1_77' title='bbox 572 1242 719 1297; x_wconf 76' lang='lat' dir='ltr'><strong>l‘teni</strong></span> <span class='ocrx_word' id='word_1_78' title='bbox 745 1243 874 1297; x_wconf 89' lang='lat' dir='ltr'><strong>dum</strong></span> <span class='ocrx_word' id='word_1_79' title='bbox 898 1243 1159 1298; x_wconf 84' lang='lat' dir='ltr'><strong>adversus</strong></span> <span class='ocrx_word' id='word_1_80' title='bbox 1179 1242 1458 1298; x_wconf 82' lang='lat' dir='ltr'><strong>Romanos</strong></span> <span class='ocrx_word' id='word_1_81' title='bbox 1481 1243 1855 1309; x_wconf 89' lang='lat' dir='ltr'><strong>decertarent,</strong></span> <span class='ocrx_word' id='word_1_82' title='bbox 1886 1256 1977 1311; x_wconf 90' lang='lat' dir='ltr'><strong>per</strong></span> 
     </span>
    </p>
   </div>
   <div class='ocr_carea' id='block_1_14' title="bbox 407 1331 1978 1402">
    <p class='ocr_par' dir='ltr' id='par_1_14' title="bbox 407 1331 1978 1402">
     <span class='ocr_line' id='line_1_14' title="bbox 407 1331 1978 1402; baseline -0.002 -16"><span class='ocrx_word' id='word_1_83' title='bbox 407 1334 821 1402; x_wconf 85' lang='lat' dir='ltr'><strong>elephantorum</strong></span> <span class='ocrx_word' id='word_1_84' title='bbox 853 1333 1085 1389; x_wconf 89' lang='lat' dir='ltr'><strong>invisam</strong></span> <span class='ocrx_word' id='word_1_85' title='bbox 1110 1332 1536 1387; x_wconf 86' lang='lat' dir='ltr'><strong>horribilitalem</strong></span> <span class='ocrx_word' id='word_1_86' title='bbox 1567 1331 1846 1385; x_wconf 78' lang='lat' dir='ltr'><strong>deterrere</strong></span> <span class='ocrx_word' id='word_1_87' title='bbox 1885 1343 1978 1383; x_wconf 78' lang='lat' dir='ltr'><strong>vo—</strong></span> 
     </span>
    </p>
   </div>
   <div class='ocr_carea' id='block_1_15' title="bbox 401 1422 1976 1492">
    <p class='ocr_par' dir='ltr' id='par_1_15' title="bbox 401 1422 1976 1492">
     <span class='ocr_line' id='line_1_15' title="bbox 401 1422 1976 1492; baseline -0.003 -16"><span class='ocrx_word' id='word_1_88' title='bbox 401 1424 643 1488; x_wconf 88' lang='lat' dir='ltr'><strong>luerunt,</strong></span> <span class='ocrx_word' id='word_1_89' title='bbox 677 1423 977 1479; x_wconf 83' lang='lat' dir='ltr'><strong>ululatibus</strong></span> <span class='ocrx_word' id='word_1_90' title='bbox 1007 1425 1347 1489; x_wconf 89' lang='lat' dir='ltr'><strong>eorumdem,</strong></span> <span class='ocrx_word' id='word_1_91' title='bbox 1382 1423 1483 1477; x_wconf 92' lang='lat' dir='ltr'><strong>hac</strong></span> <span class='ocrx_word' id='word_1_92' title='bbox 1515 1422 1568 1475; x_wconf 91' lang='lat' dir='ltr'><strong>in</strong></span> <span class='ocrx_word' id='word_1_93' title='bbox 1613 1437 1790 1492; x_wconf 85' lang='lat' dir='ltr'><strong>pugna</strong></span> <span class='ocrx_word' id='word_1_94' title='bbox 1843 1435 1976 1474; x_wconf 89' lang='lat' dir='ltr'><strong>con-</strong></span> 
     </span>
    </p>
   </div>
   <div class='ocr_carea' id='block_1_16' title="bbox 403 1510 1973 1584">
    <p class='ocr_par' dir='ltr' id='par_1_16' title="bbox 403 1510 1973 1584">
     <span class='ocr_line' id='line_1_16' title="bbox 403 1510 1973 1584; baseline -0.001 -18"><span class='ocrx_word' id='word_1_95' title='bbox 403 1513 686 1568; x_wconf 85' lang='lat' dir='ltr'><strong>sternandi</strong></span> <span class='ocrx_word' id='word_1_96' title='bbox 716 1515 870 1582; x_wconf 86' lang='lat' dir='ltr'><strong>estis,</strong></span> <span class='ocrx_word' id='word_1_97' title='bbox 898 1522 992 1568; x_wconf 90' lang='lat' dir='ltr'><strong>aut</strong></span> <span class='ocrx_word' id='word_1_98' title='bbox 1016 1513 1263 1584; x_wconf 74' lang='lat' dir='ltr'><strong>fugandi,</strong></span> <span class='ocrx_word' id='word_1_99' title='bbox 1291 1515 1422 1584; x_wconf 86' lang='lat' dir='ltr'><strong>quin</strong></span> <span class='ocrx_word' id='word_1_100' title='bbox 1464 1514 1648 1583; x_wconf 85' lang='lat' dir='ltr'><strong>potius</strong></span> <span class='ocrx_word' id='word_1_101' title='bbox 1696 1510 1973 1566; x_wconf 87' lang='lat' dir='ltr'><strong>anirnandi</strong></span> 
     </span>
    </p>
   </div>
   <div class='ocr_carea' id='block_1_17' title="bbox 404 1603 1977 1662">
    <p class='ocr_par' dir='ltr' id='par_1_17' title="bbox 404 1603 1977 1662">
     <span class='ocr_line' id='line_1_17' title="bbox 404 1603 1977 1662; baseline -0.003 -2"><span class='ocrx_word' id='word_1_102' title='bbox 404 1618 465 1660; x_wconf 88' lang='lat' dir='ltr'><strong>ut</strong></span> <span class='ocrx_word' id='word_1_103' title='bbox 510 1606 735 1661; x_wconf 87' lang='lat' dir='ltr'><strong>hercule</strong></span> <span class='ocrx_word' id='word_1_104' title='bbox 781 1605 1123 1662; x_wconf 84' lang='lat' dir='ltr'><strong>constantius</strong></span> <span class='ocrx_word' id='word_1_105' title='bbox 1158 1605 1449 1661; x_wconf 87' lang='lat' dir='ltr'><strong>resistatis.</strong></span> <span class='ocrx_word' id='word_1_106' title='bbox 1482 1604 1675 1660; x_wconf 73' lang='lat' dir='ltr'><strong>Bestia:</strong></span> <span class='ocrx_word' id='word_1_107' title='bbox 1709 1604 1857 1660; x_wconf 92' lang='lat' dir='ltr'><strong>enim</strong></span> <span class='ocrx_word' id='word_1_108' title='bbox 1892 1603 1977 1656; x_wconf 84' lang='lat' dir='ltr'><strong>fu-</strong></span> 
     </span>
    </p>
   </div>
   <div class='ocr_carea' id='block_1_18' title="bbox 405 1697 1974 1770">
    <p class='ocr_par' dir='ltr' id='par_1_18' title="bbox 405 1697 1974 1770">
     <span class='ocr_line' id='line_1_18' title="bbox 405 1697 1974 1770; baseline 0.002 -21"><span class='ocrx_word' id='word_1_109' title='bbox 405 1709 606 1767; x_wconf 82' lang='lat' dir='ltr'><strong>gantur</strong></span> <span class='ocrx_word' id='word_1_110' title='bbox 636 1714 665 1752; x_wconf 92' lang='lat' dir='ltr'><strong>a</strong></span> <span class='ocrx_word' id='word_1_111' title='bbox 695 1701 901 1767; x_wconf 88' lang='lat' dir='ltr'><strong>bestiis,</strong></span> <span class='ocrx_word' id='word_1_112' title='bbox 927 1717 1024 1756; x_wconf 89' lang='lat' dir='ltr'><strong>vos</strong></span> <span class='ocrx_word' id='word_1_113' title='bbox 1046 1701 1137 1770; x_wconf 86' lang='lat' dir='ltr'><strong>qui</strong></span> <span class='ocrx_word' id='word_1_114' title='bbox 1169 1700 1416 1755; x_wconf 88' lang='lat' dir='ltr'><strong>homines</strong></span> <span class='ocrx_word' id='word_1_115' title='bbox 1449 1699 1581 1754; x_wconf 91' lang='lat' dir='ltr'><strong>estis</strong></span> <span class='ocrx_word' id='word_1_116' title='bbox 1617 1697 1974 1769; x_wconf 79' lang='lat' dir='ltr'><strong>magnanimi,</strong></span> 
     </span>
    </p>
   </div>
   <div class='ocr_carea' id='block_1_19' title="bbox 404 1790 1971 1860">
    <p class='ocr_par' dir='ltr' id='par_1_19' title="bbox 404 1790 1971 1860">
     <span class='ocr_line' id='line_1_19' title="bbox 404 1790 1971 1860; baseline 0.001 -17"><span class='ocrx_word' id='word_1_117' title='bbox 404 1791 607 1846; x_wconf 84' lang='lat' dir='ltr'><strong>bestias</strong></span> <span class='ocrx_word' id='word_1_118' title='bbox 641 1792 763 1848; x_wconf 90' lang='lat' dir='ltr'><strong>illas</strong></span> <span class='ocrx_word' id='word_1_119' title='bbox 811 1793 1042 1848; x_wconf 76' lang='lat' dir='ltr'><strong>viriliter</strong></span> <span class='ocrx_word' id='word_1_120' title='bbox 1074 1790 1442 1858; x_wconf 86' lang='lat' dir='ltr'><strong>sustinebitis,</strong></span> <span class='ocrx_word' id='word_1_121' title='bbox 1477 1790 1531 1846; x_wconf 90' lang='lat' dir='ltr'><strong>in</strong></span> <span class='ocrx_word' id='word_1_122' title='bbox 1566 1806 1773 1860; x_wconf 91' lang='lat' dir='ltr'><strong>eosque</strong></span> <span class='ocrx_word' id='word_1_123' title='bbox 1806 1791 1971 1846; x_wconf 88' lang='lat' dir='ltr'><strong>veluti</strong></span> 
     </span>
    </p>
   </div>
   <div class='ocr_carea' id='block_1_20' title="bbox 404 1881 1976 1961">
    <p class='ocr_par' dir='ltr' id='par_1_20' title="bbox 404 1881 1976 1961">
     <span class='ocr_line' id='line_1_20' title="bbox 404 1881 1976 1961; baseline 0.001 -27"><span class='ocrx_word' id='word_1_124' title='bbox 404 1892 640 1952; x_wconf 82' lang='lat' dir='ltr'><strong>agrestes</strong></span> <span class='ocrx_word' id='word_1_125' title='bbox 674 1897 836 1952; x_wconf 89' lang='lat' dir='ltr'><strong>apros</strong></span> <span class='ocrx_word' id='word_1_126' title='bbox 866 1883 1088 1938; x_wconf 87' lang='lat' dir='ltr'><strong>lanceas</strong></span> <span class='ocrx_word' id='word_1_127' title='bbox 1122 1897 1525 1961; x_wconf 74' lang='lat' dir='ltr'><strong>mucronesque</strong></span> <span class='ocrx_word' id='word_1_128' title='bbox 1553 1891 1766 1936; x_wconf 86' lang='lat' dir='ltr'><strong>vestros</strong></span> <span class='ocrx_word' id='word_1_129' title='bbox 1798 1881 1976 1948; x_wconf 75' lang='lat' dir='ltr'><strong>fige-tis</strong></span> 
     </span>
    </p>
   </div>
   <div class='ocr_carea' id='block_1_21' title="bbox 404 1973 1975 2048">
    <p class='ocr_par' dir='ltr' id='par_1_21' title="bbox 404 1973 1975 2048">
     <span class='ocr_line' id='line_1_21' title="bbox 404 1973 1975 2048; baseline 0 -20"><span class='ocrx_word' id='word_1_130' title='bbox 404 1984 463 2028; x_wconf 92' lang='lat' dir='ltr'><strong>ut</strong></span> <span class='ocrx_word' id='word_1_131' title='bbox 493 1975 816 2048; x_wconf 79' lang='lat' dir='ltr'><strong>intelligant,</strong></span> <span class='ocrx_word' id='word_1_132' title='bbox 872 1992 994 2032; x_wconf 90' lang='lat' dir='ltr'><strong>cum</strong></span> <span class='ocrx_word' id='word_1_133' title='bbox 1035 1976 1354 2029; x_wconf 89' lang='lat' dir='ltr'><strong>animalium</strong></span> <span class='ocrx_word' id='word_1_134' title='bbox 1395 1973 1656 2040; x_wconf 88' lang='lat' dir='ltr'><strong>dominis,</strong></span> <span class='ocrx_word' id='word_1_135' title='bbox 1700 1991 1805 2029; x_wconf 89' lang='lat' dir='ltr'><strong>non</strong></span> <span class='ocrx_word' id='word_1_136' title='bbox 1852 1990 1975 2028; x_wconf 90' lang='lat' dir='ltr'><strong>cum</strong></span> 
     </span>
    </p>
   </div>
   <div class='ocr_carea' id='block_1_22' title="bbox 403 2066 1981 2137">
    <p class='ocr_par' dir='ltr' id='par_1_22' title="bbox 403 2066 1981 2137">
     <span class='ocr_line' id='line_1_22' title="bbox 403 2066 1981 2137; baseline -0.001 -17"><span class='ocrx_word' id='word_1_137' title='bbox 403 2070 750 2136; x_wconf 84' lang='lat' dir='ltr'><strong>animalibus,</strong></span> <span class='ocrx_word' id='word_1_138' title='bbox 796 2084 889 2124; x_wconf 91' lang='lat' dir='ltr'><strong>eos</strong></span> <span class='ocrx_word' id='word_1_139' title='bbox 927 2069 1250 2123; x_wconf 81' lang='lat' dir='ltr'><strong>bellaturos.</strong></span> <span class='ocrx_word' id='word_1_140' title='bbox 1295 2067 1661 2137; x_wconf 84' lang='lat' dir='ltr'><strong>Cognoscitis,</strong></span> <span class='ocrx_word' id='word_1_141' title='bbox 1700 2066 1843 2134; x_wconf 87' lang='lat' dir='ltr'><strong>quod</strong></span> <span class='ocrx_word' id='word_1_142' title='bbox 1877 2069 1981 2120; x_wconf 81' lang='lat' dir='ltr'><strong>ini--</strong></span> 
     </span>
    </p>
   </div>
   <div class='ocr_carea' id='block_1_23' title="bbox 408 2156 1982 2228">
    <p class='ocr_par' dir='ltr' id='par_1_23' title="bbox 408 2156 1982 2228">
     <span class='ocr_line' id='line_1_23' title="bbox 408 2156 1982 2228; baseline -0.002 -17"><span class='ocrx_word' id='word_1_143' title='bbox 408 2159 530 2228; x_wconf 91' lang='lat' dir='ltr'><strong>pius</strong></span> <span class='ocrx_word' id='word_1_144' title='bbox 565 2169 616 2213; x_wconf 90' lang='lat' dir='ltr'><strong>et</strong></span> <span class='ocrx_word' id='word_1_145' title='bbox 649 2159 851 2213; x_wconf 89' lang='lat' dir='ltr'><strong>infidus</strong></span> <span class='ocrx_word' id='word_1_146' title='bbox 881 2159 1057 2213; x_wconf 92' lang='lat' dir='ltr'><strong>hostis</strong></span> <span class='ocrx_word' id='word_1_147' title='bbox 1108 2174 1293 2228; x_wconf 89' lang='lat' dir='ltr'><strong>pacem</strong></span> <span class='ocrx_word' id='word_1_148' title='bbox 1339 2172 1582 2213; x_wconf 89' lang='lat' dir='ltr'><strong>nostram</strong></span> <span class='ocrx_word' id='word_1_149' title='bbox 1617 2156 1821 2225; x_wconf 78' lang='lat' dir='ltr'><strong>injuste</strong></span> <span class='ocrx_word' id='word_1_150' title='bbox 1854 2172 1982 2226; x_wconf 90' lang='lat' dir='ltr'><strong>per-</strong></span> 
     </span>
    </p>
   </div>
   <div class='ocr_carea' id='block_1_24' title="bbox 405 2251 1979 2321">
    <p class='ocr_par' dir='ltr' id='par_1_24' title="bbox 405 2251 1979 2321">
     <span class='ocr_line' id='line_1_24' title="bbox 405 2251 1979 2321; baseline -0.001 -17"><span class='ocrx_word' id='word_1_151' title='bbox 405 2252 669 2317; x_wconf 79' lang='lat' dir='ltr'><strong>turbavit;</strong></span> <span class='ocrx_word' id='word_1_152' title='bbox 703 2251 1091 2321; x_wconf 79' lang='lat' dir='ltr'><strong>jusjurandum</strong></span> <span class='ocrx_word' id='word_1_153' title='bbox 1123 2261 1176 2306; x_wconf 88' lang='lat' dir='ltr'><strong>et</strong></span> <span class='ocrx_word' id='word_1_154' title='bbox 1223 2253 1402 2306; x_wconf 78' lang='lat' dir='ltr'><strong>fcedus</strong></span> <span class='ocrx_word' id='word_1_155' title='bbox 1457 2252 1599 2305; x_wconf 91' lang='lat' dir='ltr'><strong>inter</strong></span> <span class='ocrx_word' id='word_1_156' title='bbox 1629 2265 1728 2302; x_wconf 90' lang='lat' dir='ltr'><strong>nos</strong></span> <span class='ocrx_word' id='word_1_157' title='bbox 1763 2259 1979 2318; x_wconf 83' lang='lat' dir='ltr'><strong>pactum</strong></span> 
     </span>
    </p>
   </div>
   <div class='ocr_carea' id='block_1_25' title="bbox 405 2339 1981 2410">
    <p class='ocr_par' dir='ltr' id='par_1_25' title="bbox 405 2339 1981 2410">
     <span class='ocr_line' id='line_1_25' title="bbox 405 2339 1981 2410; baseline 0 -17"><span class='ocrx_word' id='word_1_158' title='bbox 405 2340 666 2406; x_wconf 81' lang='lat' dir='ltr'><strong>violavit;</strong></span> <span class='ocrx_word' id='word_1_159' title='bbox 709 2342 936 2398; x_wconf 84' lang='lat' dir='ltr'><strong>colonos</strong></span> <span class='ocrx_word' id='word_1_160' title='bbox 981 2353 1199 2396; x_wconf 88' lang='lat' dir='ltr'><strong>nostros</strong></span> <span class='ocrx_word' id='word_1_161' title='bbox 1233 2343 1428 2396; x_wconf 86' lang='lat' dir='ltr'><strong>messis</strong></span> <span class='ocrx_word' id='word_1_162' title='bbox 1477 2349 1722 2410; x_wconf 88' lang='lat' dir='ltr'><strong>tempore</strong></span> <span class='ocrx_word' id='word_1_163' title='bbox 1763 2339 1981 2393; x_wconf 81' lang='lat' dir='ltr'><strong>interfe-</strong></span> 
     </span>
    </p>
   </div>
   <div class='ocr_carea' id='block_1_26' title="bbox 405 2435 1980 2513">
    <p class='ocr_par' dir='ltr' id='par_1_26' title="bbox 405 2435 1980 2513">
     <span class='ocr_line' id='line_1_26' title="bbox 405 2435 1980 2513; baseline -0.003 -21"><span class='ocrx_word' id='word_1_164' title='bbox 405 2438 512 2504; x_wconf 85' lang='lat' dir='ltr'><strong>cit;</strong></span> <span class='ocrx_word' id='word_1_165' title='bbox 548 2438 817 2492; x_wconf 87' lang='lat' dir='ltr'><strong>coloniam</strong></span> <span class='ocrx_word' id='word_1_166' title='bbox 847 2439 1230 2513; x_wconf 86' lang='lat' dir='ltr'><strong>depopulavit;</strong></span> <span class='ocrx_word' id='word_1_167' title='bbox 1257 2445 1524 2502; x_wconf 88' lang='lat' dir='ltr'><strong>castrum,</strong></span> <span class='ocrx_word' id='word_1_168' title='bbox 1553 2438 1698 2506; x_wconf 85' lang='lat' dir='ltr'><strong>quod</strong></span> <span class='ocrx_word' id='word_1_169' title='bbox 1736 2435 1891 2504; x_wconf 85' lang='lat' dir='ltr'><strong>quasi</strong></span> <span class='ocrx_word' id='word_1_170' title='bbox 1917 2435 1980 2488; x_wconf 90' lang='lat' dir='ltr'><strong>ad</strong></span> 
     </span>
    </p>
   </div>
   <div class='ocr_carea' id='block_1_27' title="bbox 405 2527 1980 2599">
    <p class='ocr_par' dir='ltr' id='par_1_27' title="bbox 405 2527 1980 2599">
     <span class='ocr_line' id='line_1_27' title="bbox 405 2527 1980 2599; baseline -0.002 -16"><span class='ocrx_word' id='word_1_171' title='bbox 405 2529 710 2593; x_wconf 83' lang='lat' dir='ltr'><strong>vorandum</strong></span> <span class='ocrx_word' id='word_1_172' title='bbox 739 2529 1083 2586; x_wconf 88' lang='lat' dir='ltr'><strong>Christianos</strong></span> <span class='ocrx_word' id='word_1_173' title='bbox 1108 2532 1200 2596; x_wconf 86' lang='lat' dir='ltr'><strong>sit,</strong></span> <span class='ocrx_word' id='word_1_174' title='bbox 1229 2530 1281 2584; x_wconf 92' lang='lat' dir='ltr'><strong>in</strong></span> <span class='ocrx_word' id='word_1_175' title='bbox 1306 2527 1644 2599; x_wconf 84' lang='lat' dir='ltr'><strong>Propontide</strong></span> <span class='ocrx_word' id='word_1_176' title='bbox 1671 2527 1980 2591; x_wconf 63' lang='lat' dir='ltr'><strong>aediﬁcavit,</strong></span> 
     </span>
    </p>
   </div>
   <div class='ocr_carea' id='block_1_28' title="bbox 405 2620 1986 2694">
    <p class='ocr_par' dir='ltr' id='par_1_28' title="bbox 405 2620 1986 2694">
     <span class='ocr_line' id='line_1_28' title="bbox 405 2620 1986 2694; baseline -0.001 -18"><span class='ocrx_word' id='word_1_177' title='bbox 405 2621 764 2694; x_wconf 77' lang='lat' dir='ltr'><strong>Galatamque</strong></span> <span class='ocrx_word' id='word_1_178' title='bbox 787 2624 1140 2680; x_wconf 86' lang='lat' dir='ltr'><strong>simulatione</strong></span> <span class='ocrx_word' id='word_1_179' title='bbox 1164 2624 1315 2694; x_wconf 83' lang='lat' dir='ltr'><strong>pacis</strong></span> <span class='ocrx_word' id='word_1_180' title='bbox 1338 2622 1728 2678; x_wconf 73' lang='lat' dir='ltr'><strong>circumdedit.</strong></span> <span class='ocrx_word' id='word_1_181' title='bbox 1748 2620 1986 2675; x_wconf 86' lang='lat' dir='ltr'><strong>Minatur</strong></span> 
     </span>
    </p>
   </div>
   <div class='ocr_carea' id='block_1_29' title="bbox 407 2711 1982 2784">
    <p class='ocr_par' dir='ltr' id='par_1_29' title="bbox 407 2711 1982 2784">
     <span class='ocr_line' id='line_1_29' title="bbox 407 2711 1982 2784; baseline -0.005 -17"><span class='ocrx_word' id='word_1_182' title='bbox 407 2729 556 2770; x_wconf 90' lang='lat' dir='ltr'><strong>nunc</strong></span> <span class='ocrx_word' id='word_1_183' title='bbox 596 2713 943 2768; x_wconf 87' lang='lat' dir='ltr'><strong>Constantini</strong></span> <span class='ocrx_word' id='word_1_184' title='bbox 977 2712 1155 2784; x_wconf 82' lang='lat' dir='ltr'><strong>Magni</strong></span> <span class='ocrx_word' id='word_1_185' title='bbox 1194 2714 1408 2776; x_wconf 88' lang='lat' dir='ltr'><strong>urbem,</strong></span> <span class='ocrx_word' id='word_1_186' title='bbox 1441 2711 1675 2782; x_wconf 89' lang='lat' dir='ltr'><strong>patriam</strong></span> <span class='ocrx_word' id='word_1_187' title='bbox 1715 2719 1982 2770; x_wconf 86' lang='lat' dir='ltr'><strong>vestram,</strong></span> 
     </span>
    </p>
   </div>
   <div class='ocr_carea' id='block_1_30' title="bbox 409 2799 1983 2877">
    <p class='ocr_par' dir='ltr' id='par_1_30' title="bbox 409 2799 1983 2877">
     <span class='ocr_line' id='line_1_30' title="bbox 409 2799 1983 2877; baseline -0.003 -18"><span class='ocrx_word' id='word_1_188' title='bbox 409 2806 696 2877; x_wconf 84' lang='lat' dir='ltr'><strong>profugum</strong></span> <span class='ocrx_word' id='word_1_189' title='bbox 720 2805 1154 2862; x_wconf 75' lang='lat' dir='ltr'><strong>Christianorum</strong></span> <span class='ocrx_word' id='word_1_190' title='bbox 1180 2804 1465 2870; x_wconf 80' lang='lat' dir='ltr'><strong>auxilium,</strong></span> <span class='ocrx_word' id='word_1_191' title='bbox 1489 2815 1541 2857; x_wconf 89' lang='lat' dir='ltr'><strong>et</strong></span> <span class='ocrx_word' id='word_1_192' title='bbox 1565 2803 1807 2858; x_wconf 78' lang='lat' dir='ltr'><strong>ninnium</strong></span> <span class='ocrx_word' id='word_1_193' title='bbox 1831 2799 1983 2854; x_wconf 69' lang='lat' dir='ltr'><strong>Grae-</strong></span> 
     </span>
    </p>
   </div>
   <div class='ocr_carea' id='block_1_31' title="bbox 407 2893 1983 2967">
    <p class='ocr_par' dir='ltr' id='par_1_31' title="bbox 407 2893 1983 2967">
     <span class='ocr_line' id='line_1_31' title="bbox 407 2893 1983 2967; baseline -0.003 -16"><span class='ocrx_word' id='word_1_194' title='bbox 407 2914 598 2953; x_wconf 82' lang='lat' dir='ltr'><strong>corum</strong></span> <span class='ocrx_word' id='word_1_195' title='bbox 648 2907 1008 2963; x_wconf 81' lang='lat' dir='ltr'><strong>tutamentum</strong></span> <span class='ocrx_word' id='word_1_196' title='bbox 1058 2913 1254 2967; x_wconf 78' lang='lat' dir='ltr'><strong>capere</strong></span> <span class='ocrx_word' id='word_1_197' title='bbox 1292 2915 1307 2951; x_wconf 89' lang='lat'><strong>:</strong></span> <span class='ocrx_word' id='word_1_198' title='bbox 1347 2907 1403 2951; x_wconf 90' lang='lat' dir='ltr'><strong>et</strong></span> <span class='ocrx_word' id='word_1_199' title='bbox 1438 2911 1601 2951; x_wconf 84' lang='lat' dir='ltr'><strong>sacra</strong></span> <span class='ocrx_word' id='word_1_200' title='bbox 1634 2895 1724 2950; x_wconf 87' lang='lat' dir='ltr'><strong>Dei</strong></span> <span class='ocrx_word' id='word_1_201' title='bbox 1782 2893 1983 2961; x_wconf 87' lang='lat' dir='ltr'><strong>templa</strong></span> 
     </span>
    </p>
   </div>
   <div class='ocr_carea' id='block_1_32' title="bbox 407 2986 1980 3062">
    <p class='ocr_par' dir='ltr' id='par_1_32' title="bbox 407 2986 1980 3062">
     <span class='ocr_line' id='line_1_32' title="bbox 407 2986 1980 3062; baseline -0.003 -18"><span class='ocrx_word' id='word_1_202' title='bbox 407 2994 622 3062; x_wconf 88' lang='lat' dir='ltr'><strong>equinis</strong></span> <span class='ocrx_word' id='word_1_203' title='bbox 655 2992 884 3048; x_wconf 76' lang='lat' dir='ltr'><strong>Stabulis</strong></span> <span class='ocrx_word' id='word_1_204' title='bbox 917 2991 1228 3062; x_wconf 87' lang='lat' dir='ltr'><strong>profanare.</strong></span> <span class='ocrx_word' id='word_1_205' title='bbox 1260 2989 1304 3044; x_wconf 92' lang='grc' dir='ltr'><strong>Ο</strong></span> <span class='ocrx_word' id='word_1_206' title='bbox 1357 2991 1596 3044; x_wconf 86' lang='lat' dir='ltr'><strong>barones</strong></span> <span class='ocrx_word' id='word_1_207' title='bbox 1629 2989 1762 3052; x_wconf 90' lang='lat' dir='ltr'><strong>mei,</strong></span> <span class='ocrx_word' id='word_1_208' title='bbox 1800 3002 1831 3040; x_wconf 92' lang='grc' dir='ltr'>ο</span> <span class='ocrx_word' id='word_1_209' title='bbox 1866 2986 1980 3040; x_wconf 88' lang='lat' dir='ltr'><strong>fra-</strong></span> 
     </span>
    </p>
   </div>
   <div class='ocr_carea' id='block_1_33' title="bbox 2079 500 3654 574">
    <p class='ocr_par' dir='ltr' id='par_1_33' title="bbox 2079 500 3654 574">
     <span class='ocr_line' id='line_1_33' title="bbox 2079 500 3654 574; baseline -0.004 -13"><span class='ocrx_word' id='word_1_210' title='bbox 2079 509 2239 562; x_wconf 81' lang='lat' dir='ltr'><strong>diunt</strong></span> <span class='ocrx_word' id='word_1_211' title='bbox 2295 507 2435 558; x_wconf 80' lang='lat' dir='ltr'><strong>inter</strong></span> <span class='ocrx_word' id='word_1_212' title='bbox 2480 506 2596 558; x_wconf 75' lang='lat' dir='ltr'><strong>haec</strong></span> <span class='ocrx_word' id='word_1_213' title='bbox 2640 503 2816 574; x_wconf 87' lang='lat' dir='ltr'><strong>parari</strong></span> <span class='ocrx_word' id='word_1_214' title='bbox 2869 503 3188 563; x_wconf 81' lang='lat' dir='ltr'><strong>machinas,</strong></span> <span class='ocrx_word' id='word_1_215' title='bbox 3226 500 3344 555; x_wconf 89' lang='lat' dir='ltr'><strong>vehi</strong></span> <span class='ocrx_word' id='word_1_216' title='bbox 3388 511 3654 557; x_wconf 78' lang='lat' dir='ltr'><strong>castratos</strong></span> 
     </span>
    </p>
   </div>
   <div class='ocr_carea' id='block_1_34' title="bbox 2079 591 3658 668">
    <p class='ocr_par' dir='ltr' id='par_1_34' title="bbox 2079 591 3658 668">
     <span class='ocr_line' id='line_1_34' title="bbox 2079 591 3658 668; baseline -0.004 -15"><span class='ocrx_word' id='word_1_217' title='bbox 2079 599 2275 668; x_wconf 82' lang='lat' dir='ltr'><strong>bigas:</strong></span> <span class='ocrx_word' id='word_1_218' title='bbox 2313 598 2468 652; x_wconf 87' lang='lat' dir='ltr'><strong>vallis</strong></span> <span class='ocrx_word' id='word_1_219' title='bbox 2493 597 2671 651; x_wconf 86' lang='lat' dir='ltr'><strong>scalas</strong></span> <span class='ocrx_word' id='word_1_220' title='bbox 2705 605 2912 650; x_wconf 88' lang='lat' dir='ltr'><strong>rotatas</strong></span> <span class='ocrx_word' id='word_1_221' title='bbox 2944 594 3246 648; x_wconf 84' lang='lat' dir='ltr'><strong>admoveri.</strong></span> <span class='ocrx_word' id='word_1_222' title='bbox 3282 591 3489 648; x_wconf 87' lang='lat' dir='ltr'><strong>Classis</strong></span> <span class='ocrx_word' id='word_1_223' title='bbox 3521 609 3658 662; x_wconf 80' lang='lat' dir='ltr'><strong>pra:-</strong></span> 
     </span>
    </p>
   </div>
   <div class='ocr_carea' id='block_1_35' title="bbox 2080 685 3650 754">
    <p class='ocr_par' dir='ltr' id='par_1_35' title="bbox 2080 685 3650 754">
     <span class='ocr_line' id='line_1_35' title="bbox 2080 685 3650 754; baseline -0.004 -11"><span class='ocrx_word' id='word_1_224' title='bbox 2080 700 2248 753; x_wconf 86' lang='lat' dir='ltr'><strong>terea,</strong></span> <span class='ocrx_word' id='word_1_225' title='bbox 2285 697 2344 742; x_wconf 92' lang='lat' dir='ltr'><strong>ut</strong></span> <span class='ocrx_word' id='word_1_226' title='bbox 2385 686 2686 742; x_wconf 88' lang='lat' dir='ltr'><strong>circumdet</strong></span> <span class='ocrx_word' id='word_1_227' title='bbox 2721 697 2937 754; x_wconf 89' lang='lat' dir='ltr'><strong>portum</strong></span> <span class='ocrx_word' id='word_1_228' title='bbox 2975 696 3028 740; x_wconf 92' lang='lat' dir='ltr'><strong>et</strong></span> <span class='ocrx_word' id='word_1_229' title='bbox 3072 685 3284 749; x_wconf 90' lang='lat' dir='ltr'><strong>urbem,</strong></span> <span class='ocrx_word' id='word_1_230' title='bbox 3317 685 3650 754; x_wconf 87' lang='lat' dir='ltr'><strong>disponitur.</strong></span> 
     </span>
    </p>
   </div>
   <div class='ocr_carea' id='block_1_36' title="bbox 2079 777 3658 849">
    <p class='ocr_par' dir='ltr' id='par_1_36' title="bbox 2079 777 3658 849">
     <span class='ocr_line' id='line_1_36' title="bbox 2079 777 3658 849; baseline -0.002 -16"><span class='ocrx_word' id='word_1_231' title='bbox 2079 780 2222 835; x_wconf 81' lang='lat' dir='ltr'><strong>Pons</strong></span> <span class='ocrx_word' id='word_1_232' title='bbox 2280 779 2435 849; x_wconf 79' lang='lat' dir='ltr'><strong>juxta</strong></span> <span class='ocrx_word' id='word_1_233' title='bbox 2495 778 2646 832; x_wconf 84' lang='lat' dir='ltr'><strong>urbis</strong></span> <span class='ocrx_word' id='word_1_234' title='bbox 2701 778 2877 847; x_wconf 89' lang='lat' dir='ltr'><strong>ripam</strong></span> <span class='ocrx_word' id='word_1_235' title='bbox 2943 777 3302 846; x_wconf 82' lang='lat' dir='ltr'><strong>applicatur:</strong></span> <span class='ocrx_word' id='word_1_236' title='bbox 3360 777 3658 842; x_wconf 87' lang='lat' dir='ltr'><strong>omniaque</strong></span> 
     </span>
    </p>
   </div>
   <div class='ocr_carea' id='block_1_37' title="bbox 2080 867 3659 935">
    <p class='ocr_par' dir='ltr' id='par_1_37' title="bbox 2080 867 3659 935">
     <span class='ocr_line' id='line_1_37' title="bbox 2080 867 3659 935; baseline -0.003 -11"><span class='ocrx_word' id='word_1_237' title='bbox 2080 869 2521 924; x_wconf 87' lang='lat' dir='ltr'><strong>machinamenta</strong></span> <span class='ocrx_word' id='word_1_238' title='bbox 2574 867 2871 921; x_wconf 89' lang='lat' dir='ltr'><strong>instantius</strong></span> <span class='ocrx_word' id='word_1_239' title='bbox 2916 874 3313 935; x_wconf 65' lang='lat' dir='ltr'><strong>pt‘atpnranlttr,</strong></span> <span class='ocrx_word' id='word_1_240' title='bbox 3346 867 3659 934; x_wconf 59' lang='lat' dir='ltr'><strong>prapositis</strong></span> 
     </span>
    </p>
   </div>
   <div class='ocr_carea' id='block_1_38' title="bbox 2080 958 3655 1028">
    <p class='ocr_par' dir='ltr' id='par_1_38' title="bbox 2080 958 3655 1028">
     <span class='ocr_line' id='line_1_38' title="bbox 2080 958 3655 1028; baseline -0.003 -14"><span class='ocrx_word' id='word_1_241' title='bbox 2080 971 2244 1014; x_wconf 90' lang='lat' dir='ltr'><strong>noctu</strong></span> <span class='ocrx_word' id='word_1_242' title='bbox 2281 960 2464 1015; x_wconf 91' lang='lat' dir='ltr'><strong>minus</strong></span> <span class='ocrx_word' id='word_1_243' title='bbox 2491 959 2755 1024; x_wconf 89' lang='lat' dir='ltr'><strong>robustis,</strong></span> <span class='ocrx_word' id='word_1_244' title='bbox 2785 960 3075 1028; x_wconf 86' lang='lat' dir='ltr'><strong>minusque</strong></span> <span class='ocrx_word' id='word_1_245' title='bbox 3104 958 3304 1022; x_wconf 88' lang='lat' dir='ltr'><strong>doctis,</strong></span> <span class='ocrx_word' id='word_1_246' title='bbox 3325 967 3379 1011; x_wconf 91' lang='lat' dir='ltr'><strong>ut</strong></span> <span class='ocrx_word' id='word_1_247' title='bbox 3403 959 3533 1011; x_wconf 90' lang='lat' dir='ltr'><strong>dum</strong></span> <span class='ocrx_word' id='word_1_248' title='bbox 3564 958 3655 1012; x_wconf 77' lang='lat' dir='ltr'><strong>lux</strong></span> 
     </span>
    </p>
   </div>
   <div class='ocr_carea' id='block_1_39' title="bbox 2079 1049 3657 1109">
    <p class='ocr_par' dir='ltr' id='par_1_39' title="bbox 2079 1049 3657 1109">
     <span class='ocr_line' id='line_1_39' title="bbox 2079 1049 3657 1109; baseline -0.003 -1"><span class='ocrx_word' id='word_1_249' title='bbox 2079 1053 2290 1108; x_wconf 87' lang='lat' dir='ltr'><strong>venerit</strong></span> <span class='ocrx_word' id='word_1_250' title='bbox 2314 1053 2655 1109; x_wconf 87' lang='lat' dir='ltr'><strong>robustiores</strong></span> <span class='ocrx_word' id='word_1_251' title='bbox 2683 1053 2886 1107; x_wconf 87' lang='lat' dir='ltr'><strong>milites</strong></span> <span class='ocrx_word' id='word_1_252' title='bbox 2909 1052 3024 1106; x_wconf 92' lang='lat' dir='ltr'><strong>sint</strong></span> <span class='ocrx_word' id='word_1_253' title='bbox 3053 1060 3322 1106; x_wconf 83' lang='lat' dir='ltr'><strong>recentes.</strong></span> <span class='ocrx_word' id='word_1_254' title='bbox 3358 1049 3657 1106; x_wconf 74' lang='lat' dir='ltr'><strong>Certamen</strong></span> 
     </span>
    </p>
   </div>
   <div class='ocr_carea' id='block_1_40' title="bbox 2078 1148 3657 1218">
    <p class='ocr_par' dir='ltr' id='par_1_40' title="bbox 2078 1148 3657 1218">
     <span class='ocr_line' id='line_1_40' title="bbox 2078 1148 3657 1218; baseline -0.004 -13"><span class='ocrx_word' id='word_1_255' title='bbox 2078 1151 2338 1205; x_wconf 88' lang='lat' dir='ltr'><strong>inchoant</strong></span> <span class='ocrx_word' id='word_1_256' title='bbox 2363 1167 2378 1214; x_wconf 87' lang='lat'><strong>;</strong></span> <span class='ocrx_word' id='word_1_257' title='bbox 2408 1150 2580 1206; x_wconf 90' lang='lat' dir='ltr'><strong>nostri</strong></span> <span class='ocrx_word' id='word_1_258' title='bbox 2618 1165 2808 1218; x_wconf 87' lang='lat' dir='ltr'><strong>magna</strong></span> <span class='ocrx_word' id='word_1_259' title='bbox 2835 1165 2957 1203; x_wconf 90' lang='lat' dir='ltr'><strong>cum</strong></span> <span class='ocrx_word' id='word_1_260' title='bbox 2983 1148 3331 1203; x_wconf 87' lang='lat' dir='ltr'><strong>animositate</strong></span> <span class='ocrx_word' id='word_1_261' title='bbox 3356 1148 3617 1203; x_wconf 89' lang='lat' dir='ltr'><strong>resistunt</strong></span> <span class='ocrx_word' id='word_1_262' title='bbox 3643 1165 3657 1212; x_wconf 90' lang='lat'><strong>;</strong></span> 
     </span>
    </p>
   </div>
   <div class='ocr_carea' id='block_1_41' title="bbox 2081 1241 3658 1311">
    <p class='ocr_par' dir='ltr' id='par_1_41' title="bbox 2081 1241 3658 1311">
     <span class='ocr_line' id='line_1_41' title="bbox 2081 1241 3658 1311; baseline -0.003 -14"><span class='ocrx_word' id='word_1_263' title='bbox 2081 1244 2263 1299; x_wconf 81' lang='lat' dir='ltr'><strong>hostes</strong></span> <span class='ocrx_word' id='word_1_264' title='bbox 2288 1243 2560 1296; x_wconf 88' lang='lat' dir='ltr'><strong>machinis</strong></span> <span class='ocrx_word' id='word_1_265' title='bbox 2590 1253 2645 1296; x_wconf 93' lang='lat' dir='ltr'><strong>et</strong></span> <span class='ocrx_word' id='word_1_266' title='bbox 2683 1242 2901 1296; x_wconf 87' lang='lat' dir='ltr'><strong>balistis</strong></span> <span class='ocrx_word' id='word_1_267' title='bbox 2927 1241 3194 1311; x_wconf 85' lang='lat' dir='ltr'><strong>repellunt</strong></span> <span class='ocrx_word' id='word_1_268' title='bbox 3222 1257 3234 1305; x_wconf 91' lang='lat'><strong>;</strong></span> <span class='ocrx_word' id='word_1_269' title='bbox 3272 1249 3320 1294; x_wconf 88' lang='lat' dir='ltr'><strong>et</strong></span> <span class='ocrx_word' id='word_1_270' title='bbox 3351 1255 3414 1293; x_wconf 78' lang='lat' dir='ltr'><strong>ex</strong></span> <span class='ocrx_word' id='word_1_271' title='bbox 3489 1253 3658 1295; x_wconf 84' lang='lat' dir='ltr'><strong>utra-</strong></span> 
     </span>
    </p>
   </div>
   <div class='ocr_carea' id='block_1_42' title="bbox 2079 1333 3656 1407">
    <p class='ocr_par' dir='ltr' id='par_1_42' title="bbox 2079 1333 3656 1407">
     <span class='ocr_line' id='line_1_42' title="bbox 2079 1333 3656 1407; baseline 0 -20"><span class='ocrx_word' id='word_1_272' title='bbox 2079 1352 2182 1407; x_wconf 88' lang='lat' dir='ltr'><strong>que</strong></span> <span class='ocrx_word' id='word_1_273' title='bbox 2221 1343 2372 1405; x_wconf 90' lang='lat' dir='ltr'><strong>parte</strong></span> <span class='ocrx_word' id='word_1_274' title='bbox 2395 1333 3069 1404; x_wconf 71' lang='lat' dir='ltr'><strong>proportionabil‘terocci</strong></span> <span class='ocrx_word' id='word_1_275' title='bbox 3094 1336 3304 1390; x_wconf 79' lang='lat' dir='ltr'><strong>lnntur.</strong></span> <span class='ocrx_word' id='word_1_276' title='bbox 3340 1333 3656 1389; x_wconf 78' lang='lat' dir='ltr'><strong>Tenebrosa</strong></span> 
     </span>
    </p>
   </div>
   <div class='ocr_carea' id='block_1_43' title="bbox 2079 1426 3656 1488">
    <p class='ocr_par' dir='ltr' id='par_1_43' title="bbox 2079 1426 3656 1488">
     <span class='ocr_line' id='line_1_43' title="bbox 2079 1426 3656 1488; baseline -0.002 -6"><span class='ocrx_word' id='word_1_277' title='bbox 2079 1445 2184 1484; x_wconf 77' lang='lat' dir='ltr'><strong>nox</strong></span> <span class='ocrx_word' id='word_1_278' title='bbox 2216 1429 2271 1482; x_wconf 91' lang='lat' dir='ltr'><strong>in</strong></span> <span class='ocrx_word' id='word_1_279' title='bbox 2306 1427 2480 1481; x_wconf 91' lang='lat' dir='ltr'><strong>lucem</strong></span> <span class='ocrx_word' id='word_1_280' title='bbox 2511 1426 2765 1488; x_wconf 84' lang='lat' dir='ltr'><strong>trahitur,</strong></span> <span class='ocrx_word' id='word_1_281' title='bbox 2803 1427 3004 1480; x_wconf 88' lang='lat' dir='ltr'><strong>nostris</strong></span> <span class='ocrx_word' id='word_1_282' title='bbox 3032 1426 3398 1482; x_wconf 87' lang='lat' dir='ltr'><strong>vincentibus.</strong></span> <span class='ocrx_word' id='word_1_283' title='bbox 3435 1427 3497 1481; x_wconf 88' lang='lat' dir='ltr'><strong>Et</strong></span> <span class='ocrx_word' id='word_1_284' title='bbox 3526 1430 3656 1480; x_wconf 83' lang='lat' dir='ltr'><strong>dum</strong></span> 
     </span>
    </p>
   </div>
   <div class='ocr_carea' id='block_1_44' title="bbox 2079 1516 3656 1588">
    <p class='ocr_par' dir='ltr' id='par_1_44' title="bbox 2079 1516 3656 1588">
     <span class='ocr_line' id='line_1_44' title="bbox 2079 1516 3656 1588; baseline -0.003 -14"><span class='ocrx_word' id='word_1_285' title='bbox 2079 1532 2223 1575; x_wconf 90' lang='lat' dir='ltr'><strong>astra</strong></span> <span class='ocrx_word' id='word_1_286' title='bbox 2249 1518 2472 1585; x_wconf 89' lang='lat' dir='ltr'><strong>cedunt,</strong></span> <span class='ocrx_word' id='word_1_287' title='bbox 2503 1519 2631 1573; x_wconf 92' lang='lat' dir='ltr'><strong>dum</strong></span> <span class='ocrx_word' id='word_1_288' title='bbox 2668 1516 2857 1572; x_wconf 84' lang='lat' dir='ltr'><strong>Phoebi</strong></span> <span class='ocrx_word' id='word_1_289' title='bbox 2913 1517 3172 1588; x_wconf 57' lang='lat' dir='ltr'><strong>praecedit</strong></span> <span class='ocrx_word' id='word_1_290' title='bbox 3195 1519 3414 1574; x_wconf 79' lang='lat' dir='ltr'><strong>Lucifer</strong></span> <span class='ocrx_word' id='word_1_291' title='bbox 3447 1530 3656 1585; x_wconf 81' lang='lat' dir='ltr'><strong>ortum,</strong></span> 
     </span>
    </p>
   </div>
   <div class='ocr_carea' id='block_1_45' title="bbox 2079 1611 3659 1683">
    <p class='ocr_par' dir='ltr' id='par_1_45' title="bbox 2079 1611 3659 1683">
     <span class='ocr_line' id='line_1_45' title="bbox 2079 1611 3659 1683; baseline -0.003 -14"><span class='ocrx_word' id='word_1_292' title='bbox 2079 1613 2330 1670; x_wconf 83' lang='lat' dir='ltr'><strong>buccinis</strong></span> <span class='ocrx_word' id='word_1_293' title='bbox 2362 1628 2430 1668; x_wconf 73' lang='lat' dir='ltr'><strong>ex</strong></span> <span class='ocrx_word' id='word_1_294' title='bbox 2466 1624 2698 1680; x_wconf 90' lang='lat' dir='ltr'><strong>utraque</strong></span> <span class='ocrx_word' id='word_1_295' title='bbox 2756 1620 2912 1680; x_wconf 87' lang='lat' dir='ltr'><strong>parte</strong></span> <span class='ocrx_word' id='word_1_296' title='bbox 2965 1611 3332 1681; x_wconf 89' lang='lat' dir='ltr'><strong>crepantibus,</strong></span> <span class='ocrx_word' id='word_1_297' title='bbox 3387 1613 3659 1683; x_wconf 82' lang='lat' dir='ltr'><strong>tympanis</strong></span> 
     </span>
    </p>
   </div>
   <div class='ocr_carea' id='block_1_46' title="bbox 2081 1704 3656 1778">
    <p class='ocr_par' dir='ltr' id='par_1_46' title="bbox 2081 1704 3656 1778">
     <span class='ocr_line' id='line_1_46' title="bbox 2081 1704 3656 1778; baseline -0.003 -16"><span class='ocrx_word' id='word_1_298' title='bbox 2081 1706 2566 1778; x_wconf 87' lang='lat' dir='ltr'><strong>perstrepentibus,</strong></span> <span class='ocrx_word' id='word_1_299' title='bbox 2585 1704 2870 1759; x_wconf 86' lang='lat' dir='ltr'><strong>altissimis</strong></span> <span class='ocrx_word' id='word_1_300' title='bbox 2893 1704 3224 1760; x_wconf 89' lang='lat' dir='ltr'><strong>clamoribus</strong></span> <span class='ocrx_word' id='word_1_301' title='bbox 3252 1705 3456 1768; x_wconf 86' lang='lat' dir='ltr'><strong>missis.</strong></span> <span class='ocrx_word' id='word_1_302' title='bbox 3485 1705 3656 1772; x_wconf 76' lang='lat' dir='ltr'><strong>llla’a,</strong></span> 
     </span>
    </p>
   </div>
   <div class='ocr_carea' id='block_1_47' title="bbox 2082 1796 3658 1866">
    <p class='ocr_par' dir='ltr' id='par_1_47' title="bbox 2082 1796 3658 1866">
     <span class='ocr_line' id='line_1_47' title="bbox 2082 1796 3658 1866; baseline -0.004 -12"><span class='ocrx_word' id='word_1_303' title='bbox 2082 1798 2252 1864; x_wconf 86' lang='lat' dir='ltr'><strong>lllala,</strong></span> <span class='ocrx_word' id='word_1_304' title='bbox 2278 1799 2331 1850; x_wconf 92' lang='lat' dir='ltr'><strong>in</strong></span> <span class='ocrx_word' id='word_1_305' title='bbox 2359 1796 2580 1850; x_wconf 81' lang='lat' dir='ltr'><strong>Martem</strong></span> <span class='ocrx_word' id='word_1_306' title='bbox 2616 1799 2988 1858; x_wconf 87' lang='lat' dir='ltr'><strong>cone&#39;amans,</strong></span> <span class='ocrx_word' id='word_1_307' title='bbox 3011 1797 3366 1864; x_wconf 75' lang='lat' dir='ltr'><strong>conglobatus</strong></span> <span class='ocrx_word' id='word_1_308' title='bbox 3398 1798 3450 1850; x_wconf 91' lang='lat' dir='ltr'><strong>in</strong></span> <span class='ocrx_word' id='word_1_309' title='bbox 3470 1813 3658 1866; x_wconf 80' lang='lat' dir='ltr'><strong>gyrum</strong></span> 
     </span>
    </p>
   </div>
   <div class='ocr_carea' id='block_1_48' title="bbox 2081 1883 3658 1959">
    <p class='ocr_par' dir='ltr' id='par_1_48' title="bbox 2081 1883 3658 1959">
     <span class='ocr_line' id='line_1_48' title="bbox 2081 1883 3658 1959; baseline -0.004 -13"><span class='ocrx_word' id='word_1_310' title='bbox 2081 1890 2365 1959; x_wconf 81' lang='lat' dir='ltr'><strong>Consurgit</strong></span> <span class='ocrx_word' id='word_1_311' title='bbox 2398 1888 2698 1942; x_wconf 82' lang='lat' dir='ltr'><strong>exercitus.</strong></span> <span class='ocrx_word' id='word_1_312' title='bbox 2740 1883 2857 1941; x_wconf 88' lang='lat' dir='ltr'><strong>Una</strong></span> <span class='ocrx_word' id='word_1_313' title='bbox 2887 1901 3018 1958; x_wconf 84' lang='lat' dir='ltr'><strong>ergo</strong></span> <span class='ocrx_word' id='word_1_314' title='bbox 3049 1887 3186 1942; x_wconf 90' lang='lat' dir='ltr'><strong>hora</strong></span> <span class='ocrx_word' id='word_1_315' title='bbox 3227 1903 3447 1943; x_wconf 89' lang='lat' dir='ltr'><strong>omnem</strong></span> <span class='ocrx_word' id='word_1_316' title='bbox 3512 1897 3658 1941; x_wconf 87' lang='lat' dir='ltr'><strong>terra</strong></span> 
     </span>
    </p>
   </div>
   <div class='ocr_carea' id='block_1_49' title="bbox 2081 1977 3659 2048">
    <p class='ocr_par' dir='ltr' id='par_1_49' title="bbox 2081 1977 3659 2048">
     <span class='ocr_line' id='line_1_49' title="bbox 2081 1977 3659 2048; baseline -0.003 -12"><span class='ocrx_word' id='word_1_317' title='bbox 2081 1992 2135 2037; x_wconf 92' lang='lat' dir='ltr'><strong>et</strong></span> <span class='ocrx_word' id='word_1_318' title='bbox 2168 1981 2303 2036; x_wconf 88' lang='lat' dir='ltr'><strong>mari</strong></span> <span class='ocrx_word' id='word_1_319' title='bbox 2336 1983 2524 2035; x_wconf 86' lang='lat' dir='ltr'><strong>urbem</strong></span> <span class='ocrx_word' id='word_1_320' title='bbox 2565 1980 2850 2034; x_wconf 89' lang='lat' dir='ltr'><strong>invadunt.</strong></span> <span class='ocrx_word' id='word_1_321' title='bbox 2880 1977 3162 2034; x_wconf 79' lang='lat' dir='ltr'><strong>Machinas</strong></span> <span class='ocrx_word' id='word_1_322' title='bbox 3221 1981 3457 2048; x_wconf 90' lang='lat' dir='ltr'><strong>primum</strong></span> <span class='ocrx_word' id='word_1_323' title='bbox 3484 1996 3659 2033; x_wconf 77' lang='lat' dir='ltr'><strong>excu-</strong></span> 
     </span>
    </p>
   </div>
   <div class='ocr_carea' id='block_1_50' title="bbox 2085 2072 3662 2145">
    <p class='ocr_par' dir='ltr' id='par_1_50' title="bbox 2085 2072 3662 2145">
     <span class='ocr_line' id='line_1_50' title="bbox 2085 2072 3662 2145; baseline -0.003 -14"><span class='ocrx_word' id='word_1_324' title='bbox 2085 2078 2258 2140; x_wconf 88' lang='lat' dir='ltr'><strong>tiunl;</strong></span> <span class='ocrx_word' id='word_1_325' title='bbox 2294 2074 2524 2145; x_wconf 85' lang='lat' dir='ltr'><strong>sagittas</strong></span> <span class='ocrx_word' id='word_1_326' title='bbox 2552 2074 2751 2129; x_wconf 74' lang='lat' dir='ltr'><strong>cmlum</strong></span> <span class='ocrx_word' id='word_1_327' title='bbox 2785 2072 3147 2129; x_wconf 83' lang='lat' dir='ltr'><strong>obscurautes</strong></span> <span class='ocrx_word' id='word_1_328' title='bbox 3170 2074 3492 2128; x_wconf 84' lang='lat' dir='ltr'><strong>iirnnittunr.</strong></span> <span class='ocrx_word' id='word_1_329' title='bbox 3521 2075 3662 2128; x_wconf 85' lang='lat' dir='ltr'><strong>Con-</strong></span> 
     </span>
    </p>
   </div>
   <div class='ocr_carea' id='block_1_51' title="bbox 2086 2166 3659 2234">
    <p class='ocr_par' dir='ltr' id='par_1_51' title="bbox 2086 2166 3659 2234">
     <span class='ocr_line' id='line_1_51' title="bbox 2086 2166 3659 2234; baseline -0.003 -12"><span class='ocrx_word' id='word_1_330' title='bbox 2086 2179 2164 2222; x_wconf 87' lang='lat' dir='ltr'><strong>tra</strong></span> <span class='ocrx_word' id='word_1_331' title='bbox 2201 2167 2375 2222; x_wconf 88' lang='lat' dir='ltr'><strong>nostri</strong></span> <span class='ocrx_word' id='word_1_332' title='bbox 2405 2166 2635 2222; x_wconf 89' lang='lat' dir='ltr'><strong>missilia</strong></span> <span class='ocrx_word' id='word_1_333' title='bbox 2676 2166 2849 2219; x_wconf 83' lang='lat' dir='ltr'><strong>invisa</strong></span> <span class='ocrx_word' id='word_1_334' title='bbox 2885 2166 3183 2220; x_wconf 88' lang='lat' dir='ltr'><strong>demittunt</strong></span> <span class='ocrx_word' id='word_1_335' title='bbox 3257 2166 3583 2234; x_wconf 86' lang='lat' dir='ltr'><strong>spingardas</strong></span> <span class='ocrx_word' id='word_1_336' title='bbox 3607 2166 3659 2217; x_wconf 91' lang='lat' dir='ltr'><strong>in</strong></span> 
     </span>
    </p>
   </div>
   <div class='ocr_carea' id='block_1_52' title="bbox 2084 2256 3662 2334">
    <p class='ocr_par' dir='ltr' id='par_1_52' title="bbox 2084 2256 3662 2334">
     <span class='ocr_line' id='line_1_52' title="bbox 2084 2256 3662 2334; baseline -0.004 -19"><span class='ocrx_word' id='word_1_337' title='bbox 2084 2263 2306 2334; x_wconf 87' lang='lat' dir='ltr'><strong>globum</strong></span> <span class='ocrx_word' id='word_1_338' title='bbox 2341 2259 2571 2330; x_wconf 87' lang='lat' dir='ltr'><strong>jaciunt.</strong></span> <span class='ocrx_word' id='word_1_339' title='bbox 2598 2258 2880 2313; x_wconf 85' lang='lat' dir='ltr'><strong>Scinditur</strong></span> <span class='ocrx_word' id='word_1_340' title='bbox 2911 2260 3186 2312; x_wconf 82' lang='lat' dir='ltr'><strong>exercitus</strong></span> <span class='ocrx_word' id='word_1_341' title='bbox 3218 2256 3464 2311; x_wconf 89' lang='lat' dir='ltr'><strong>horribili</strong></span> <span class='ocrx_word' id='word_1_342' title='bbox 3497 2257 3662 2310; x_wconf 85' lang='lat' dir='ltr'><strong>Chri-</strong></span> 
     </span>
    </p>
   </div>
   <div class='ocr_carea' id='block_1_53' title="bbox 2085 2349 3660 2410">
    <p class='ocr_par' dir='ltr' id='par_1_53' title="bbox 2085 2349 3660 2410">
     <span class='ocr_line' id='line_1_53' title="bbox 2085 2349 3660 2410; baseline -0.005 0"><span class='ocrx_word' id='word_1_343' title='bbox 2085 2359 2388 2410; x_wconf 85' lang='lat' dir='ltr'><strong>stianorum</strong></span> <span class='ocrx_word' id='word_1_344' title='bbox 2444 2353 2780 2408; x_wconf 66' lang='lat' dir='ltr'><strong>resistentia.</strong></span> <span class='ocrx_word' id='word_1_345' title='bbox 2861 2351 3016 2404; x_wconf 91' lang='lat' dir='ltr'><strong>Tnnc</strong></span> <span class='ocrx_word' id='word_1_346' title='bbox 3076 2351 3212 2407; x_wconf 86' lang='lat' dir='ltr'><strong>fiunt</strong></span> <span class='ocrx_word' id='word_1_347' title='bbox 3267 2350 3546 2406; x_wconf 74' lang='lat' dir='ltr'><strong>clamores</strong></span> <span class='ocrx_word' id='word_1_348' title='bbox 3608 2349 3660 2403; x_wconf 93' lang='lat' dir='ltr'><strong>in</strong></span> 
     </span>
    </p>
   </div>
   <div class='ocr_carea' id='block_1_54' title="bbox 2087 2443 3662 2514">
    <p class='ocr_par' dir='ltr' id='par_1_54' title="bbox 2087 2443 3662 2514">
     <span class='ocr_line' id='line_1_54' title="bbox 2087 2443 3662 2514; baseline -0.005 -11"><span class='ocrx_word' id='word_1_349' title='bbox 2087 2450 2313 2514; x_wconf 69' lang='lat' dir='ltr'><strong>cmlnm,</strong></span> <span class='ocrx_word' id='word_1_350' title='bbox 2360 2447 2558 2504; x_wconf 81' lang='lat' dir='ltr'><strong>vexilla</strong></span> <span class='ocrx_word' id='word_1_351' title='bbox 2593 2445 2831 2500; x_wconf 84' lang='lat' dir='ltr'><strong>alacrius</strong></span> <span class='ocrx_word' id='word_1_352' title='bbox 2863 2444 3288 2512; x_wconf 78' lang='lat' dir='ltr'><strong>expanduntur;</strong></span> <span class='ocrx_word' id='word_1_353' title='bbox 3321 2459 3350 2496; x_wconf 87' lang='grc' dir='ltr'>ο</span> <span class='ocrx_word' id='word_1_354' title='bbox 3378 2443 3662 2496; x_wconf 84' lang='lat' dir='ltr'><strong>mirandas</strong></span> 
     </span>
    </p>
   </div>
   <div class='ocr_carea' id='block_1_55' title="bbox 2087 2537 3661 2600">
    <p class='ocr_par' dir='ltr' id='par_1_55' title="bbox 2087 2537 3661 2600">
     <span class='ocr_line' id='line_1_55' title="bbox 2087 2537 3661 2600; baseline -0.004 -4"><span class='ocrx_word' id='word_1_355' title='bbox 2087 2541 2323 2597; x_wconf 87' lang='lat' dir='ltr'><strong>bestias!</strong></span> <span class='ocrx_word' id='word_1_356' title='bbox 2393 2541 2738 2595; x_wconf 88' lang='lat' dir='ltr'><strong>consumitur</strong></span> <span class='ocrx_word' id='word_1_357' title='bbox 2793 2540 3096 2600; x_wconf 76' lang='lat' dir='ltr'><strong>exercitus,</strong></span> <span class='ocrx_word' id='word_1_358' title='bbox 3153 2546 3206 2590; x_wconf 90' lang='lat' dir='ltr'><strong>et</strong></span> <span class='ocrx_word' id='word_1_359' title='bbox 3263 2537 3661 2591; x_wconf 87' lang='lat' dir='ltr'><strong>immensurata</strong></span> 
     </span>
    </p>
   </div>
   <div class='ocr_carea' id='block_1_56' title="bbox 2086 2615 3663 2701">
    <p class='ocr_par' dir='ltr' id='par_1_56' title="bbox 2086 2615 3663 2701">
     <span class='ocr_line' id='line_1_56' title="bbox 2086 2615 3663 2701; baseline -0.003 -14"><span class='ocrx_word' id='word_1_360' title='bbox 2086 2634 2316 2700; x_wconf 82' lang='lat' dir='ltr'><strong>audacia</strong></span> <span class='ocrx_word' id='word_1_361' title='bbox 2348 2632 2550 2688; x_wconf 87' lang='lat' dir='ltr'><strong>vallum</strong></span> <span class='ocrx_word' id='word_1_362' title='bbox 2579 2634 2786 2686; x_wconf 88' lang='lat' dir='ltr'><strong>intrare</strong></span> <span class='ocrx_word' id='word_1_363' title='bbox 2821 2631 3123 2701; x_wconf 77' lang='lat' dir='ltr'><strong>praesumit.</strong></span> <span class='ocrx_word' id='word_1_364' title='bbox 3151 2629 3365 2685; x_wconf 80' lang='lat' dir='ltr'><strong>Cadunt</strong></span> <span class='ocrx_word' id='word_1_365' title='bbox 3387 2615 3663 2699; x_wconf 76' lang='lat' dir='ltr'><strong>lapidibus</strong></span> 
     </span>
    </p>
   </div>
   <div class='ocr_carea' id='block_1_57' title="bbox 2086 2719 3666 2790">
    <p class='ocr_par' dir='ltr' id='par_1_57' title="bbox 2086 2719 3666 2790">
     <span class='ocr_line' id='line_1_57' title="bbox 2086 2719 3666 2790; baseline -0.004 -10"><span class='ocrx_word' id='word_1_366' title='bbox 2086 2725 2268 2781; x_wconf 89' lang='lat' dir='ltr'><strong>obruti</strong></span> <span class='ocrx_word' id='word_1_367' title='bbox 2300 2723 2484 2790; x_wconf 88' lang='lat' dir='ltr'><strong>anci,</strong></span> <span class='ocrx_word' id='word_1_368' title='bbox 2517 2723 2678 2778; x_wconf 87' lang='lat' dir='ltr'><strong>morti</strong></span> <span class='ocrx_word' id='word_1_369' title='bbox 2708 2724 2861 2778; x_wconf 90' lang='lat' dir='ltr'><strong>multi</strong></span> <span class='ocrx_word' id='word_1_370' title='bbox 2895 2719 3298 2787; x_wconf 78' lang='lat' dir='ltr'><strong>succumbunt,</strong></span> <span class='ocrx_word' id='word_1_371' title='bbox 3343 2731 3396 2776; x_wconf 90' lang='lat' dir='ltr'><strong>et</strong></span> <span class='ocrx_word' id='word_1_372' title='bbox 3429 2737 3489 2774; x_wconf 91' lang='lat' dir='ltr'><strong>se</strong></span> <span class='ocrx_word' id='word_1_373' title='bbox 3520 2723 3666 2774; x_wconf 89' lang='lat' dir='ltr'><strong>invi-</strong></span> 
     </span>
    </p>
   </div>
   <div class='ocr_carea' id='block_1_58' title="bbox 2088 2814 3664 2883">
    <p class='ocr_par' dir='ltr' id='par_1_58' title="bbox 2088 2814 3664 2883">
     <span class='ocr_line' id='line_1_58' title="bbox 2088 2814 3664 2883; baseline -0.005 -12"><span class='ocrx_word' id='word_1_374' title='bbox 2088 2831 2204 2872; x_wconf 90' lang='lat' dir='ltr'><strong>cem</strong></span> <span class='ocrx_word' id='word_1_375' title='bbox 2239 2817 2627 2872; x_wconf 82' lang='lat' dir='ltr'><strong>coneulcantes</strong></span> <span class='ocrx_word' id='word_1_376' title='bbox 2659 2823 2869 2869; x_wconf 87' lang='lat' dir='ltr'><strong>tentant</strong></span> <span class='ocrx_word' id='word_1_377' title='bbox 2895 2829 2991 2883; x_wconf 90' lang='lat' dir='ltr'><strong>per</strong></span> <span class='ocrx_word' id='word_1_378' title='bbox 3024 2814 3241 2867; x_wconf 88' lang='lat' dir='ltr'><strong>ruinam</strong></span> <span class='ocrx_word' id='word_1_379' title='bbox 3280 2828 3469 2866; x_wconf 89' lang='lat' dir='ltr'><strong>muros</strong></span> <span class='ocrx_word' id='word_1_380' title='bbox 3503 2827 3664 2867; x_wconf 75' lang='lat' dir='ltr'><strong>scan~</strong></span> 
     </span>
    </p>
   </div>
   <div class='ocr_carea' id='block_1_59' title="bbox 2087 2903 3663 2977">
    <p class='ocr_par' dir='ltr' id='par_1_59' title="bbox 2087 2903 3663 2977">
     <span class='ocr_line' id='line_1_59' title="bbox 2087 2903 3663 2977; baseline -0.004 -13"><span class='ocrx_word' id='word_1_381' title='bbox 2087 2909 2236 2964; x_wconf 88' lang='lat' dir='ltr'><strong>dere.</strong></span> <span class='ocrx_word' id='word_1_382' title='bbox 2271 2913 2321 2962; x_wconf 73' lang='grc' dir='ltr'>Α</span> <span class='ocrx_word' id='word_1_383' title='bbox 2354 2910 2560 2962; x_wconf 89' lang='lat' dir='ltr'><strong>nostris</strong></span> <span class='ocrx_word' id='word_1_384' title='bbox 2590 2907 2810 2977; x_wconf 84' lang='lat' dir='ltr'><strong>quidem</strong></span> <span class='ocrx_word' id='word_1_385' title='bbox 2867 2917 3090 2960; x_wconf 91' lang='lat' dir='ltr'><strong>strenue</strong></span> <span class='ocrx_word' id='word_1_386' title='bbox 3141 2903 3502 2976; x_wconf 88' lang='lat' dir='ltr'><strong>repelluntur,</strong></span> <span class='ocrx_word' id='word_1_387' title='bbox 3569 2904 3663 2957; x_wconf 76' lang='lat' dir='ltr'><strong>St&#39;tl</strong></span> 
     </span>
    </p>
   </div>
   <div class='ocr_carea' id='block_1_60' title="bbox 2087 2995 3670 3067">
    <p class='ocr_par' dir='ltr' id='par_1_60' title="bbox 2087 2995 3670 3067">
     <span class='ocr_line' id='line_1_60' title="bbox 2087 2995 3670 3067; baseline -0.003 -14"><span class='ocrx_word' id='word_1_388' title='bbox 2087 2995 2358 3053; x_wconf 88' lang='lat' dir='ltr'><strong>vulnerati</strong></span> <span class='ocrx_word' id='word_1_389' title='bbox 2401 2998 2574 3052; x_wconf 89' lang='lat' dir='ltr'><strong>nostri</strong></span> <span class='ocrx_word' id='word_1_390' title='bbox 2643 2997 2829 3061; x_wconf 90' lang='lat' dir='ltr'><strong>multi,</strong></span> <span class='ocrx_word' id='word_1_391' title='bbox 2894 3012 3133 3067; x_wconf 82' lang='lat' dir='ltr'><strong>pugnam</strong></span> <span class='ocrx_word' id='word_1_392' title='bbox 3197 2995 3498 3050; x_wconf 80' lang='lat' dir='ltr'><strong>declinant.</strong></span> <span class='ocrx_word' id='word_1_393' title='bbox 3552 2995 3670 3050; x_wconf 81' lang='lat' dir='ltr'><strong>Stat</strong></span> 
     </span>
    </p>
   </div>
   <div class='ocr_carea' id='block_1_61' title="bbox 409 3075 1984 3161">
    <p class='ocr_par' dir='ltr' id='par_1_61' title="bbox 409 3075 1984 3150">
     <span class='ocr_line' id='line_1_61' title="bbox 409 3075 1984 3150; baseline -0.004 -15"><span class='ocrx_word' id='word_1_394' title='bbox 409 3094 542 3147; x_wconf 88' lang='lat' dir='ltr'><strong>tres,</strong></span> <span class='ocrx_word' id='word_1_395' title='bbox 569 3098 602 3138; x_wconf 90' lang='grc' dir='ltr'><strong>ο</strong></span> <span class='ocrx_word' id='word_1_396' title='bbox 629 3082 749 3150; x_wconf 86' lang='lat' dir='ltr'><strong>lilii,</strong></span> <span class='ocrx_word' id='word_1_397' title='bbox 772 3082 1214 3137; x_wconf 88' lang='lat' dir='ltr'><strong>Christianorum</strong></span> <span class='ocrx_word' id='word_1_398' title='bbox 1265 3091 1533 3136; x_wconf 84' lang='lat' dir='ltr'><strong>aeternum</strong></span> <span class='ocrx_word' id='word_1_399' title='bbox 1591 3081 1759 3135; x_wconf 86' lang='lat' dir='ltr'><strong>decus</strong></span> <span class='ocrx_word' id='word_1_400' title='bbox 1793 3075 1984 3132; x_wconf 83' lang='lat' dir='ltr'><strong>defen-</strong></span> 
     </span>
    </p>
   </div>
   <div class='ocr_carea' id='block_1_62' title="bbox 2089 3075 3670 3161">
    <p class='ocr_par' dir='ltr' id='par_1_62' title="bbox 2090 3087 3670 3161">
     <span class='ocr_line' id='line_1_62' title="bbox 2090 3087 3670 3161; baseline -0.003 -17"><span class='ocrx_word' id='word_1_401' title='bbox 2090 3091 2411 3161; x_wconf 90' lang='lat' dir='ltr'><strong>capitaneus</strong></span> <span class='ocrx_word' id='word_1_402' title='bbox 2445 3088 2688 3145; x_wconf 85' lang='lat' dir='ltr'><strong>Joannes</strong></span> <span class='ocrx_word' id='word_1_403' title='bbox 2715 3107 2730 3156; x_wconf 90' lang='lat'><strong>;</strong></span> <span class='ocrx_word' id='word_1_404' title='bbox 2765 3087 3110 3143; x_wconf 71' lang='lat' dir='ltr'><strong>stante-.cteri</strong></span> <span class='ocrx_word' id='word_1_405' title='bbox 3132 3087 3183 3141; x_wconf 93' lang='lat' dir='ltr'><strong>in</strong></span> <span class='ocrx_word' id='word_1_406' title='bbox 3214 3088 3328 3141; x_wconf 89' lang='lat' dir='ltr'><strong>suis</strong></span> <span class='ocrx_word' id='word_1_407' title='bbox 3354 3102 3670 3157; x_wconf 80' lang='lat' dir='ltr'><strong>prepugua-</strong></span> 
     </span>
    </p>
   </div>
   <div class='ocr_carea' id='block_1_63' title="bbox 411 3167 1980 3245">
    <p class='ocr_par' dir='ltr' id='par_1_63' title="bbox 411 3167 1980 3245">
     <span class='ocr_line' id='line_1_63' title="bbox 411 3167 1980 3245; baseline -0.004 -15"><span class='ocrx_word' id='word_1_408' title='bbox 411 3192 534 3232; x_wconf 86' lang='lat' dir='ltr'><strong>sare</strong></span> <span class='ocrx_word' id='word_1_409' title='bbox 603 3175 844 3231; x_wconf 80' lang='lat' dir='ltr'><strong>curetis!</strong></span> <span class='ocrx_word' id='word_1_410' title='bbox 909 3173 1131 3245; x_wconf 76' lang='lat' dir='ltr'><strong>Vosque</strong></span> <span class='ocrx_word' id='word_1_411' title='bbox 1189 3174 1531 3238; x_wconf 85' lang='lat' dir='ltr'><strong>Genuenses,</strong></span> <span class='ocrx_word' id='word_1_412' title='bbox 1589 3170 1688 3226; x_wconf 90' lang='lat' dir='ltr'><strong>viri</strong></span> <span class='ocrx_word' id='word_1_413' title='bbox 1755 3167 1980 3240; x_wconf 87' lang='lat' dir='ltr'><strong>quidem</strong></span> 
     </span>
    </p>
   </div>
   <div class='ocr_carea' id='block_1_64' title="bbox 410 3259 1982 3339">
    <p class='ocr_par' dir='ltr' id='par_1_64' title="bbox 410 3259 1982 3339">
     <span class='ocr_line' id='line_1_64' title="bbox 410 3259 1982 3339; baseline -0.008 -13"><span class='ocrx_word' id='word_1_414' title='bbox 410 3271 592 3339; x_wconf 82' lang='lat' dir='ltr'><strong>magni</strong></span> <span class='ocrx_word' id='word_1_415' title='bbox 618 3271 822 3334; x_wconf 87' lang='lat' dir='ltr'><strong>cordis,</strong></span> <span class='ocrx_word' id='word_1_416' title='bbox 843 3277 895 3324; x_wconf 94' lang='lat' dir='ltr'><strong>et</strong></span> <span class='ocrx_word' id='word_1_417' title='bbox 912 3267 1123 3338; x_wconf 74' lang='lat' dir='ltr'><strong>inclyti,</strong></span> <span class='ocrx_word' id='word_1_418' title='bbox 1152 3266 1245 3338; x_wconf 81' lang='lat' dir='ltr'><strong>qui</strong></span> <span class='ocrx_word' id='word_1_419' title='bbox 1277 3265 1506 3320; x_wconf 87' lang='lat' dir='ltr'><strong>infinitis</strong></span> <span class='ocrx_word' id='word_1_420' title='bbox 1525 3262 1768 3319; x_wconf 84' lang='lat' dir='ltr'><strong>victoriis</strong></span> <span class='ocrx_word' id='word_1_421' title='bbox 1790 3259 1982 3315; x_wconf 88' lang='lat' dir='ltr'><strong>trium-</strong></span> 
     </span>
    </p>
   </div>
   <div class='ocr_carea' id='block_1_65' title="bbox 413 3353 1982 3430">
    <p class='ocr_par' dir='ltr' id='par_1_65' title="bbox 413 3353 1982 3430">
     <span class='ocr_line' id='line_1_65' title="bbox 413 3353 1982 3430; baseline -0.004 -16"><span class='ocrx_word' id='word_1_422' title='bbox 413 3362 644 3430; x_wconf 86' lang='lat' dir='ltr'><strong>phastis,</strong></span> <span class='ocrx_word' id='word_1_423' title='bbox 695 3364 786 3428; x_wconf 84' lang='lat' dir='ltr'><strong>qui</strong></span> <span class='ocrx_word' id='word_1_424' title='bbox 829 3362 1019 3416; x_wconf 91' lang='lat' dir='ltr'><strong>urbem</strong></span> <span class='ocrx_word' id='word_1_425' title='bbox 1077 3361 1220 3414; x_wconf 90' lang='lat' dir='ltr'><strong>hanc</strong></span> <span class='ocrx_word' id='word_1_426' title='bbox 1258 3370 1488 3412; x_wconf 89' lang='lat' dir='ltr'><strong>matrem</strong></span> <span class='ocrx_word' id='word_1_427' title='bbox 1522 3365 1759 3412; x_wconf 84' lang='lat' dir='ltr'><strong>vestram</strong></span> <span class='ocrx_word' id='word_1_428' title='bbox 1795 3353 1982 3408; x_wconf 83' lang='lat' dir='ltr'><strong>multis</strong></span> 
     </span>
    </p>
   </div>
   <div class='ocr_carea' id='block_1_66' title="bbox 415 3439 1986 3525">
    <p class='ocr_par' dir='ltr' id='par_1_66' title="bbox 415 3439 1986 3525">
     <span class='ocr_line' id='line_1_66' title="bbox 415 3439 1986 3525; baseline -0.006 -17"><span class='ocrx_word' id='word_1_429' title='bbox 415 3457 674 3508; x_wconf 70' lang='lat' dir='ltr'><strong>adversus</strong></span> <span class='ocrx_word' id='word_1_430' title='bbox 710 3454 923 3525; x_wconf 81' lang='lat' dir='ltr'><strong>Turcos</strong></span> <span class='ocrx_word' id='word_1_431' title='bbox 950 3439 1341 3510; x_wconf 86' lang='lat' dir='ltr'><strong>certaminibus</strong></span> <span class='ocrx_word' id='word_1_432' title='bbox 1371 3467 1586 3522; x_wconf 80' lang='lat' dir='ltr'><strong>seraper</strong></span> <span class='ocrx_word' id='word_1_433' title='bbox 1640 3445 1986 3520; x_wconf 77' lang='lat' dir='ltr'><strong>protexistis,</strong></span> 
     </span>
    </p>
   </div>
   <div class='ocr_carea' id='block_1_67' title="bbox 413 3545 1989 3615">
    <p class='ocr_par' dir='ltr' id='par_1_67' title="bbox 413 3545 1989 3615">
     <span class='ocr_line' id='line_1_67' title="bbox 413 3545 1989 3615; baseline -0.004 -17"><span class='ocrx_word' id='word_1_434' title='bbox 413 3548 496 3600; x_wconf 86' lang='lat' dir='ltr'><strong>eia</strong></span> <span class='ocrx_word' id='word_1_435' title='bbox 534 3547 700 3615; x_wconf 85' lang='lat' dir='ltr'><strong>agite,</strong></span> <span class='ocrx_word' id='word_1_436' title='bbox 738 3546 911 3601; x_wconf 90' lang='lat' dir='ltr'><strong>robur</strong></span> <span class='ocrx_word' id='word_1_437' title='bbox 947 3559 1189 3600; x_wconf 85' lang='lat' dir='ltr'><strong>vestrum</strong></span> <span class='ocrx_word' id='word_1_438' title='bbox 1244 3545 1762 3611; x_wconf 89' lang='lat' dir='ltr'><strong>anitnositatemqne</strong></span> <span class='ocrx_word' id='word_1_439' title='bbox 1799 3547 1989 3594; x_wconf 89' lang='lat' dir='ltr'><strong>contra</strong></span> 
     </span>
    </p>
   </div>
   <div class='ocr_carea' id='block_1_68' title="bbox 412 3629 1994 3702">
    <p class='ocr_par' dir='ltr' id='par_1_68' title="bbox 412 3629 1994 3702">
     <span class='ocr_line' id='line_1_68' title="bbox 412 3629 1994 3702; baseline -0.005 -11"><span class='ocrx_word' id='word_1_440' title='bbox 412 3654 509 3693; x_wconf 81' lang='lat' dir='ltr'><strong>eos</strong></span> <span class='ocrx_word' id='word_1_441' title='bbox 539 3637 771 3692; x_wconf 91' lang='lat' dir='ltr'><strong>viriliter</strong></span> <span class='ocrx_word' id='word_1_442' title='bbox 804 3637 1129 3693; x_wconf 88' lang='lat' dir='ltr'><strong>ostendatis.</strong></span> <span class='ocrx_word' id='word_1_443' title='bbox 1186 3635 1231 3690; x_wconf 93' lang='grc' dir='ltr'><strong>Ο</strong></span> <span class='ocrx_word' id='word_1_444' title='bbox 1279 3634 1488 3696; x_wconf 82' lang='lat' dir='ltr'><strong>Veneti,</strong></span> <span class='ocrx_word' id='word_1_445' title='bbox 1525 3633 1625 3687; x_wconf 91' lang='lat' dir='ltr'><strong>viri</strong></span> <span class='ocrx_word' id='word_1_446' title='bbox 1677 3629 1994 3702; x_wconf 86' lang='lat' dir='ltr'><strong>potentissi-</strong></span> 
     </span>
    </p>
   </div>
   <div class='ocr_carea' id='block_1_69' title="bbox 415 3724 1994 3803">
    <p class='ocr_par' dir='ltr' id='par_1_69' title="bbox 415 3724 1994 3803">
     <span class='ocr_line' id='line_1_69' title="bbox 415 3724 1994 3803; baseline -0.004 -18"><span class='ocrx_word' id='word_1_447' title='bbox 415 3734 511 3800; x_wconf 89' lang='lat' dir='ltr'><strong>mi,</strong></span> <span class='ocrx_word' id='word_1_448' title='bbox 570 3746 808 3803; x_wconf 89' lang='lat' dir='ltr'><strong>qnormn</strong></span> <span class='ocrx_word' id='word_1_449' title='bbox 855 3730 1036 3798; x_wconf 83' lang='lat' dir='ltr'><strong>gladio</strong></span> <span class='ocrx_word' id='word_1_450' title='bbox 1091 3742 1470 3799; x_wconf 68' lang='lat' dir='ltr'><strong>saepenumero</strong></span> <span class='ocrx_word' id='word_1_451' title='bbox 1517 3724 1822 3781; x_wconf 90' lang='lat' dir='ltr'><strong>Turcorum</strong></span> <span class='ocrx_word' id='word_1_452' title='bbox 1865 3738 1994 3799; x_wconf 51' lang='lat' dir='ltr'><strong>sane</strong></span> 
     </span>
    </p>
   </div>
   <div class='ocr_carea' id='block_1_70' title="bbox 415 3816 1994 3898">
    <p class='ocr_par' dir='ltr' id='par_1_70' title="bbox 415 3816 1994 3898">
     <span class='ocr_line' id='line_1_70' title="bbox 415 3816 1994 3898; baseline -0.006 -18"><span class='ocrx_word' id='word_1_453' title='bbox 415 3829 537 3898; x_wconf 76' lang='lat' dir='ltr'><strong>guis</strong></span> <span class='ocrx_word' id='word_1_454' title='bbox 573 3825 892 3890; x_wconf 81' lang='lat' dir='ltr'><strong>effunditur,</strong></span> <span class='ocrx_word' id='word_1_455' title='bbox 943 3825 1149 3895; x_wconf 85' lang='lat' dir='ltr'><strong>quique</strong></span> <span class='ocrx_word' id='word_1_456' title='bbox 1201 3823 1400 3877; x_wconf 73' lang='lat' dir='ltr'><strong>diebus</strong></span> <span class='ocrx_word' id='word_1_457' title='bbox 1444 3821 1648 3876; x_wconf 90' lang='lat' dir='ltr'><strong>nostris</strong></span> <span class='ocrx_word' id='word_1_458' title='bbox 1690 3835 1787 3891; x_wconf 88' lang='lat' dir='ltr'><strong>per</strong></span> <span class='ocrx_word' id='word_1_459' title='bbox 1837 3816 1994 3873; x_wconf 87' lang='lat' dir='ltr'><strong>Plor-</strong></span> 
     </span>
    </p>
   </div>
   <div class='ocr_carea' id='block_1_71' title="bbox 414 3914 1990 3986">
    <p class='ocr_par' dir='ltr' id='par_1_71' title="bbox 414 3914 1990 3986">
     <span class='ocr_line' id='line_1_71' title="bbox 414 3914 1990 3986; baseline -0.006 -11"><span class='ocrx_word' id='word_1_460' title='bbox 414 3924 558 3976; x_wconf 90' lang='lat' dir='ltr'><strong>dano</strong></span> <span class='ocrx_word' id='word_1_461' title='bbox 598 3918 1126 3974; x_wconf 80' lang='lat' dir='ltr'><strong>excellentissimum</strong></span> <span class='ocrx_word' id='word_1_462' title='bbox 1175 3916 1373 3972; x_wconf 82' lang='lat' dir='ltr'><strong>classis</strong></span> <span class='ocrx_word' id='word_1_463' title='bbox 1409 3924 1611 3971; x_wconf 75' lang='lat' dir='ltr'><strong>nostra:</strong></span> <span class='ocrx_word' id='word_1_464' title='bbox 1647 3914 1990 3986; x_wconf 68' lang='lat' dir='ltr'><strong>prazfectum,</strong></span> 
     </span>
    </p>
   </div>
   <div class='ocr_carea' id='block_1_72' title="bbox 415 4006 1992 4083">
    <p class='ocr_par' dir='ltr' id='par_1_72' title="bbox 415 4006 1992 4083">
     <span class='ocr_line' id='line_1_72' title="bbox 415 4006 1992 4083; baseline -0.005 -17"><span class='ocrx_word' id='word_1_465' title='bbox 415 4023 495 4068; x_wconf 86' lang='lat' dir='ltr'><strong>tot</strong></span> <span class='ocrx_word' id='word_1_466' title='bbox 530 4013 734 4083; x_wconf 76' lang='lat' dir='ltr'><strong>galeas,</strong></span> <span class='ocrx_word' id='word_1_467' title='bbox 774 4021 854 4066; x_wconf 91' lang='lat' dir='ltr'><strong>tot</strong></span> <span class='ocrx_word' id='word_1_468' title='bbox 881 4010 1171 4066; x_wconf 86' lang='lat' dir='ltr'><strong>infidorum</strong></span> <span class='ocrx_word' id='word_1_469' title='bbox 1196 4011 1408 4064; x_wconf 82' lang='lat' dir='ltr'><strong>animas</strong></span> <span class='ocrx_word' id='word_1_470' title='bbox 1441 4009 1508 4063; x_wconf 86' lang='lat' dir='ltr'><strong>ad</strong></span> <span class='ocrx_word' id='word_1_471' title='bbox 1547 4006 1756 4062; x_wconf 89' lang='lat' dir='ltr'><strong>inferos</strong></span> <span class='ocrx_word' id='word_1_472' title='bbox 1793 4006 1992 4061; x_wconf 89' lang='lat' dir='ltr'><strong>crebro</strong></span> 
     </span>
    </p>
   </div>
   <div class='ocr_carea' id='block_1_73' title="bbox 414 4099 1993 4174">
    <p class='ocr_par' dir='ltr' id='par_1_73' title="bbox 414 4099 1993 4174">
     <span class='ocr_line' id='line_1_73' title="bbox 414 4099 1993 4174; baseline -0.004 -17"><span class='ocrx_word' id='word_1_473' title='bbox 414 4106 721 4167; x_wconf 86' lang='lat' dir='ltr'><strong>destinatis,</strong></span> <span class='ocrx_word' id='word_1_474' title='bbox 773 4105 978 4174; x_wconf 85' lang='lat' dir='ltr'><strong>quique</strong></span> <span class='ocrx_word' id='word_1_475' title='bbox 1015 4104 1097 4156; x_wconf 85' lang='lat' dir='ltr'><strong>uti</strong></span> <span class='ocrx_word' id='word_1_476' title='bbox 1133 4114 1372 4156; x_wconf 85' lang='lat' dir='ltr'><strong>vestram</strong></span> <span class='ocrx_word' id='word_1_477' title='bbox 1402 4101 1558 4156; x_wconf 71' lang='lat' dir='ltr'><strong>hanc</strong></span> <span class='ocrx_word' id='word_1_478' title='bbox 1601 4100 1790 4154; x_wconf 89' lang='lat' dir='ltr'><strong>urbem</strong></span> <span class='ocrx_word' id='word_1_479' title='bbox 1831 4099 1993 4169; x_wconf 89' lang='lat' dir='ltr'><strong>inge-</strong></span> 
     </span>
    </p>
   </div>
   <div class='ocr_carea' id='block_1_74' title="bbox 415 4191 1993 4268">
    <p class='ocr_par' dir='ltr' id='par_1_74' title="bbox 415 4191 1993 4268">
     <span class='ocr_line' id='line_1_74' title="bbox 415 4191 1993 4268; baseline -0.003 -19"><span class='ocrx_word' id='word_1_480' title='bbox 415 4198 542 4250; x_wconf 88' lang='lat' dir='ltr'><strong>nuis</strong></span> <span class='ocrx_word' id='word_1_481' title='bbox 597 4207 649 4251; x_wconf 87' lang='lat' dir='ltr'><strong>et</strong></span> <span class='ocrx_word' id='word_1_482' title='bbox 705 4197 916 4268; x_wconf 82' lang='lat' dir='ltr'><strong>magnis</strong></span> <span class='ocrx_word' id='word_1_483' title='bbox 960 4194 1095 4250; x_wconf 84' lang='lat' dir='ltr'><strong>viris</strong></span> <span class='ocrx_word' id='word_1_484' title='bbox 1153 4192 1481 4256; x_wconf 88' lang='lat' dir='ltr'><strong>decorastis,</strong></span> <span class='ocrx_word' id='word_1_485' title='bbox 1536 4191 1814 4247; x_wconf 79' lang='lat' dir='ltr'><strong>extollatis</strong></span> <span class='ocrx_word' id='word_1_486' title='bbox 1847 4205 1993 4245; x_wconf 89' lang='lat' dir='ltr'><strong>nunc</strong></span> 
     </span>
    </p>
   </div>
   <div class='ocr_carea' id='block_1_75' title="bbox 413 4281 1984 4352">
    <p class='ocr_par' dir='ltr' id='par_1_75' title="bbox 413 4281 1984 4352">
     <span class='ocr_line' id='line_1_75' title="bbox 413 4281 1984 4352; baseline -0.002 -17"><span class='ocrx_word' id='word_1_487' title='bbox 413 4287 591 4341; x_wconf 65' lang='lat' dir='ltr'><strong>celsos</strong></span> <span class='ocrx_word' id='word_1_488' title='bbox 615 4287 829 4341; x_wconf 88' lang='lat' dir='ltr'><strong>animos</strong></span> <span class='ocrx_word' id='word_1_489' title='bbox 861 4285 930 4340; x_wconf 88' lang='lat' dir='ltr'><strong>ad</strong></span> <span class='ocrx_word' id='word_1_490' title='bbox 958 4300 1261 4340; x_wconf 79' lang='lat' dir='ltr'><strong>certamen.</strong></span> <span class='ocrx_word' id='word_1_491' title='bbox 1287 4282 1524 4352; x_wconf 76' lang='lat' dir='ltr'><strong>Vosque,</strong></span> <span class='ocrx_word' id='word_1_492' title='bbox 1557 4281 1984 4345; x_wconf 90' lang='lat' dir='ltr'><strong>commilitones,</strong></span> 
     </span>
    </p>
   </div>
   <div class='ocr_carea' id='block_1_76' title="bbox 415 4374 1984 4448">
    <p class='ocr_par' dir='ltr' id='par_1_76' title="bbox 415 4374 1984 4448">
     <span class='ocr_line' id='line_1_76' title="bbox 415 4374 1984 4448; baseline -0.004 -16"><span class='ocrx_word' id='word_1_493' title='bbox 415 4379 612 4433; x_wconf 74' lang='lat' dir='ltr'><strong>vestris</strong></span> <span class='ocrx_word' id='word_1_494' title='bbox 650 4378 924 4448; x_wconf 64' lang='lat' dir='ltr'><strong>praefectis</strong></span> <span class='ocrx_word' id='word_1_495' title='bbox 977 4393 1196 4431; x_wconf 88' lang='lat' dir='ltr'><strong>omnem</strong></span> <span class='ocrx_word' id='word_1_496' title='bbox 1228 4376 1598 4432; x_wconf 87' lang='lat' dir='ltr'><strong>obedientiam</strong></span> <span class='ocrx_word' id='word_1_497' title='bbox 1630 4374 1984 4436; x_wconf 79' lang='lat' dir='ltr'><strong>exhibentes,</strong></span> 
     </span>
    </p>
   </div>
   <div class='ocr_carea' id='block_1_77' title="bbox 414 4469 1987 4547">
    <p class='ocr_par' dir='ltr' id='par_1_77' title="bbox 414 4469 1987 4547">
     <span class='ocr_line' id='line_1_77' title="bbox 414 4469 1987 4547; baseline -0.006 -17"><span class='ocrx_word' id='word_1_498' title='bbox 414 4477 720 4547; x_wconf 83' lang='lat' dir='ltr'><strong>intelligite,</strong></span> <span class='ocrx_word' id='word_1_499' title='bbox 746 4474 891 4544; x_wconf 83' lang='lat' dir='ltr'><strong>quod</strong></span> <span class='ocrx_word' id='word_1_500' title='bbox 923 4475 1012 4528; x_wconf 90' lang='lat' dir='ltr'><strong>hic</strong></span> <span class='ocrx_word' id='word_1_501' title='bbox 1046 4473 1164 4528; x_wconf 86' lang='lat' dir='ltr'><strong>dies</strong></span> <span class='ocrx_word' id='word_1_502' title='bbox 1192 4481 1277 4526; x_wconf 89' lang='lat' dir='ltr'><strong>est</strong></span> <span class='ocrx_word' id='word_1_503' title='bbox 1306 4471 1492 4541; x_wconf 70' lang='lat' dir='ltr'><strong>gloriae</strong></span> <span class='ocrx_word' id='word_1_504' title='bbox 1521 4477 1716 4523; x_wconf 80' lang='lat' dir='ltr'><strong>vestrze</strong></span> <span class='ocrx_word' id='word_1_505' title='bbox 1747 4488 1758 4522; x_wconf 93' lang='lat'>:</span> <span class='ocrx_word' id='word_1_506' title='bbox 1793 4469 1845 4521; x_wconf 89' lang='lat' dir='ltr'><strong>in</strong></span> <span class='ocrx_word' id='word_1_507' title='bbox 1879 4483 1987 4538; x_wconf 90' lang='lat' dir='ltr'><strong>quo</strong></span> 
     </span>
    </p>
   </div>
   <div class='ocr_carea' id='block_1_78' title="bbox 415 4561 1989 4639">
    <p class='ocr_par' dir='ltr' id='par_1_78' title="bbox 415 4561 1989 4639">
     <span class='ocr_line' id='line_1_78' title="bbox 415 4561 1989 4639; baseline -0.008 -15"><span class='ocrx_word' id='word_1_508' title='bbox 415 4571 461 4624; x_wconf 87' lang='lat' dir='ltr'><strong>si</strong></span> <span class='ocrx_word' id='word_1_509' title='bbox 501 4569 788 4639; x_wconf 82' lang='lat' dir='ltr'><strong>Sanguinis</strong></span> <span class='ocrx_word' id='word_1_510' title='bbox 814 4576 1024 4637; x_wconf 83' lang='lat' dir='ltr'><strong>guttam</strong></span> <span class='ocrx_word' id='word_1_511' title='bbox 1060 4565 1624 4626; x_wconf 87' lang='lat' dir='ltr'><strong>fuderitis,coronam</strong></span> <span class='ocrx_word' id='word_1_512' title='bbox 1663 4561 1812 4613; x_wconf 82' lang='lat' dir='ltr'><strong>vobis</strong></span> <span class='ocrx_word' id='word_1_513' title='bbox 1846 4576 1989 4612; x_wconf 54' lang='lat' dir='ltr'><strong>mare</strong></span> 
     </span>
    </p>
   </div>
   <div class='ocr_carea' id='block_1_79' title="bbox 415 4653 1634 4731">
    <p class='ocr_par' dir='ltr' id='par_1_79' title="bbox 415 4653 1634 4731">
     <span class='ocr_line' id='line_1_79' title="bbox 415 4653 1634 4731; baseline -0.008 -17"><span class='ocrx_word' id='word_1_514' title='bbox 415 4661 539 4731; x_wconf 82' lang='lat' dir='ltr'><strong>tyrii</strong></span> <span class='ocrx_word' id='word_1_515' title='bbox 570 4672 626 4716; x_wconf 87' lang='lat' dir='ltr'><strong>et</strong></span> <span class='ocrx_word' id='word_1_516' title='bbox 652 4661 880 4731; x_wconf 86' lang='lat' dir='ltr'><strong>gloriam</strong></span> <span class='ocrx_word' id='word_1_517' title='bbox 932 4658 1199 4728; x_wconf 81' lang='lat' dir='ltr'><strong>parabilis</strong></span> <span class='ocrx_word' id='word_1_518' title='bbox 1243 4653 1634 4708; x_wconf 89' lang='lat' dir='ltr'><strong>immortalem.</strong></span> 
     </span>
    </p>
   </div>
   <div class='ocr_carea' id='block_1_80' title="bbox 487 4745 1994 4820">
    <p class='ocr_par' dir='ltr' id='par_1_80' title="bbox 487 4745 1994 4820">
     <span class='ocr_line' id='line_1_80' title="bbox 487 4745 1994 4820; baseline -0.003 -17"><span class='ocrx_word' id='word_1_519' title='bbox 487 4750 670 4820; x_wconf 81' lang='lat' dir='ltr'><strong>Itaque</strong></span> <span class='ocrx_word' id='word_1_520' title='bbox 695 4751 847 4804; x_wconf 88' lang='lat' dir='ltr'><strong>linito</strong></span> <span class='ocrx_word' id='word_1_521' title='bbox 871 4763 1125 4803; x_wconf 89' lang='lat' dir='ltr'><strong>sermone</strong></span> <span class='ocrx_word' id='word_1_522' title='bbox 1150 4747 1330 4801; x_wconf 88' lang='lat' dir='ltr'><strong>onmis</strong></span> <span class='ocrx_word' id='word_1_523' title='bbox 1355 4745 1794 4800; x_wconf 87' lang='lat' dir='ltr'><strong>Christianorum</strong></span> <span class='ocrx_word' id='word_1_524' title='bbox 1819 4756 1994 4798; x_wconf 75' lang='lat' dir='ltr'><strong>C(Bltls</strong></span> 
     </span>
    </p>
   </div>
   <div class='ocr_carea' id='block_1_81' title="bbox 415 4837 1996 4908">
    <p class='ocr_par' dir='ltr' id='par_1_81' title="bbox 415 4837 1996 4908">
     <span class='ocr_line' id='line_1_81' title="bbox 415 4837 1996 4908; baseline -0.006 -9"><span class='ocrx_word' id='word_1_525' title='bbox 415 4855 756 4900; x_wconf 86' lang='lat' dir='ltr'><strong>constantem</strong></span> <span class='ocrx_word' id='word_1_526' title='bbox 781 4857 840 4896; x_wconf 88' lang='lat' dir='ltr'><strong>se</strong></span> <span class='ocrx_word' id='word_1_527' title='bbox 869 4841 1110 4894; x_wconf 89' lang='lat' dir='ltr'><strong>animum</strong></span> <span class='ocrx_word' id='word_1_528' title='bbox 1166 4841 1371 4895; x_wconf 88' lang='lat' dir='ltr'><strong>habere</strong></span> <span class='ocrx_word' id='word_1_529' title='bbox 1424 4837 1742 4908; x_wconf 87' lang='lat' dir='ltr'><strong>spopondit.</strong></span> <span class='ocrx_word' id='word_1_530' title='bbox 1779 4837 1996 4907; x_wconf 79' lang='lat' dir='ltr'><strong>Repetit</strong></span> 
     </span>
    </p>
   </div>
   <div class='ocr_carea' id='block_1_82' title="bbox 417 4932 1996 5008">
    <p class='ocr_par' dir='ltr' id='par_1_82' title="bbox 417 4932 1996 5008">
     <span class='ocr_line' id='line_1_82' title="bbox 417 4932 1996 5008; baseline -0.004 -16"><span class='ocrx_word' id='word_1_531' title='bbox 417 4941 714 5008; x_wconf 82' lang='lat' dir='ltr'><strong>imperator</strong></span> <span class='ocrx_word' id='word_1_532' title='bbox 750 4953 764 4990; x_wconf 89' lang='lat'><strong>:</strong></span> <span class='ocrx_word' id='word_1_533' title='bbox 797 4933 984 4989; x_wconf 88' lang='lat' dir='ltr'><strong>Estote</strong></span> <span class='ocrx_word' id='word_1_534' title='bbox 1012 4933 1176 5002; x_wconf 81' lang='lat' dir='ltr'><strong>igitur</strong></span> <span class='ocrx_word' id='word_1_535' title='bbox 1201 4948 1393 4987; x_wconf 86' lang='lat' dir='ltr'><strong>omnes</strong></span> <span class='ocrx_word' id='word_1_536' title='bbox 1425 4932 1480 4986; x_wconf 91' lang='lat' dir='ltr'><strong>in</strong></span> <span class='ocrx_word' id='word_1_537' title='bbox 1505 4942 1637 4998; x_wconf 59' lang='lat' dir='ltr'><strong>,actu</strong></span> <span class='ocrx_word' id='word_1_538' title='bbox 1667 4933 1868 4986; x_wconf 87' lang='lat' dir='ltr'><strong>virtute</strong></span> <span class='ocrx_word' id='word_1_539' title='bbox 1901 4946 1996 5000; x_wconf 88' lang='lat' dir='ltr'><strong>pa-</strong></span> 
     </span>
    </p>
   </div>
   <div class='ocr_carea' id='block_1_83' title="bbox 418 5025 1992 5096">
    <p class='ocr_par' dir='ltr' id='par_1_83' title="bbox 418 5025 1992 5096">
     <span class='ocr_line' id='line_1_83' title="bbox 418 5025 1992 5096; baseline -0.003 -14"><span class='ocrx_word' id='word_1_540' title='bbox 418 5032 520 5086; x_wconf 86' lang='lat' dir='ltr'><strong>rati</strong></span> <span class='ocrx_word' id='word_1_541' title='bbox 554 5031 609 5086; x_wconf 89' lang='lat' dir='ltr'><strong>in</strong></span> <span class='ocrx_word' id='word_1_542' title='bbox 639 5027 960 5094; x_wconf 87' lang='lat' dir='ltr'><strong>crastinum,</strong></span> <span class='ocrx_word' id='word_1_543' title='bbox 993 5041 1123 5096; x_wconf 90' lang='lat' dir='ltr'><strong>quo,</strong></span> <span class='ocrx_word' id='word_1_544' title='bbox 1161 5025 1271 5080; x_wconf 86' lang='lat' dir='ltr'><strong>Deo</strong></span> <span class='ocrx_word' id='word_1_545' title='bbox 1299 5025 1536 5090; x_wconf 82' lang='lat' dir='ltr'><strong>favente,</strong></span> <span class='ocrx_word' id='word_1_546' title='bbox 1565 5026 1638 5078; x_wconf 88' lang='lat' dir='ltr'><strong>uti</strong></span> <span class='ocrx_word' id='word_1_547' title='bbox 1679 5040 1992 5094; x_wconf 84' lang='lat' dir='ltr'><strong>speramus,</strong></span> 
     </span>
    </p>
   </div>
   <div class='ocr_carea' id='block_1_84' title="bbox 416 5117 1991 5192">
    <p class='ocr_par' dir='ltr' id='par_1_84' title="bbox 416 5117 1991 5192">
     <span class='ocr_line' id='line_1_84' title="bbox 416 5117 1991 5192; baseline -0.006 -12"><span class='ocrx_word' id='word_1_548' title='bbox 416 5124 702 5180; x_wconf 82' lang='lat' dir='ltr'><strong>victoriam</strong></span> <span class='ocrx_word' id='word_1_549' title='bbox 735 5135 1166 5192; x_wconf 81' lang='lat' dir='ltr'><strong>consequemur.</strong></span> <span class='ocrx_word' id='word_1_550' title='bbox 1199 5118 1507 5174; x_wconf 77' lang='lat' dir='ltr'><strong>Confortati</strong></span> <span class='ocrx_word' id='word_1_551' title='bbox 1540 5120 1773 5188; x_wconf 87' lang='lat' dir='ltr'><strong>posthac</strong></span> <span class='ocrx_word' id='word_1_552' title='bbox 1817 5117 1991 5173; x_wconf 71' lang='lat' dir='ltr'><strong>Grmci</strong></span> 
     </span>
    </p>
   </div>
   <div class='ocr_carea' id='block_1_85' title="bbox 416 5207 1994 5289">
    <p class='ocr_par' dir='ltr' id='par_1_85' title="bbox 416 5207 1994 5289">
     <span class='ocr_line' id='line_1_85' title="bbox 416 5207 1994 5289; baseline -0.008 -16"><span class='ocrx_word' id='word_1_553' title='bbox 416 5218 510 5289; x_wconf 89' lang='lat' dir='ltr'><strong>qui</strong></span> <span class='ocrx_word' id='word_1_554' title='bbox 546 5219 780 5288; x_wconf 88' lang='lat' dir='ltr'><strong>primum</strong></span> <span class='ocrx_word' id='word_1_555' title='bbox 815 5218 971 5287; x_wconf 87' lang='lat' dir='ltr'><strong>quasi</strong></span> <span class='ocrx_word' id='word_1_556' title='bbox 1010 5212 1192 5284; x_wconf 77' lang='lat' dir='ltr'><strong>pavidi</strong></span> <span class='ocrx_word' id='word_1_557' title='bbox 1233 5212 1431 5267; x_wconf 87' lang='lat' dir='ltr'><strong>bellum</strong></span> <span class='ocrx_word' id='word_1_558' title='bbox 1467 5207 1847 5274; x_wconf 75' lang='lat' dir='ltr'><strong>declinabant,</strong></span> <span class='ocrx_word' id='word_1_559' title='bbox 1884 5209 1994 5262; x_wconf 87' lang='lat' dir='ltr'><strong>vir-</strong></span> 
     </span>
    </p>
   </div>
   <div class='ocr_carea' id='block_1_86' title="bbox 419 5303 1993 5380">
    <p class='ocr_par' dir='ltr' id='par_1_86' title="bbox 419 5303 1993 5380">
     <span class='ocr_line' id='line_1_86' title="bbox 419 5303 1993 5380; baseline -0.006 -16"><span class='ocrx_word' id='word_1_560' title='bbox 419 5319 643 5380; x_wconf 90' lang='lat' dir='ltr'><strong>tuteque</strong></span> <span class='ocrx_word' id='word_1_561' title='bbox 678 5308 1008 5371; x_wconf 89' lang='lat' dir='ltr'><strong>confirmati,</strong></span> <span class='ocrx_word' id='word_1_562' title='bbox 1057 5305 1286 5376; x_wconf 89' lang='lat' dir='ltr'><strong>privatis</strong></span> <span class='ocrx_word' id='word_1_563' title='bbox 1342 5318 1464 5375; x_wconf 84' lang='lat' dir='ltr'><strong>post</strong></span> <span class='ocrx_word' id='word_1_564' title='bbox 1533 5315 1686 5372; x_wconf 85' lang='lat' dir='ltr'><strong>terga</strong></span> <span class='ocrx_word' id='word_1_565' title='bbox 1743 5303 1993 5356; x_wconf 86' lang='lat' dir='ltr'><strong>dimissis</strong></span> 
     </span>
    </p>
   </div>
   <div class='ocr_carea' id='block_1_87' title="bbox 419 5398 1998 5469">
    <p class='ocr_par' dir='ltr' id='par_1_87' title="bbox 419 5398 1998 5469">
     <span class='ocr_line' id='line_1_87' title="bbox 419 5398 1998 5469; baseline -0.006 -11"><span class='ocrx_word' id='word_1_566' title='bbox 419 5403 606 5469; x_wconf 89' lang='lat' dir='ltr'><strong>rebus,</strong></span> <span class='ocrx_word' id='word_1_567' title='bbox 641 5400 706 5456; x_wconf 88' lang='lat' dir='ltr'><strong>ad</strong></span> <span class='ocrx_word' id='word_1_568' title='bbox 741 5412 1021 5456; x_wconf 84' lang='lat' dir='ltr'><strong>certamen</strong></span> <span class='ocrx_word' id='word_1_569' title='bbox 1050 5415 1147 5469; x_wconf 92' lang='lat' dir='ltr'><strong>pro</strong></span> <span class='ocrx_word' id='word_1_570' title='bbox 1192 5399 1469 5454; x_wconf 87' lang='lat' dir='ltr'><strong>cormnuni</strong></span> <span class='ocrx_word' id='word_1_571' title='bbox 1516 5398 1692 5451; x_wconf 89' lang='lat' dir='ltr'><strong>salute</strong></span> <span class='ocrx_word' id='word_1_572' title='bbox 1740 5405 1998 5450; x_wconf 87' lang='lat' dir='ltr'><strong>constan-</strong></span> 
     </span>
    </p>
   </div>
   <div class='ocr_carea' id='block_1_88' title="bbox 423 5476 1994 5562">
    <p class='ocr_par' dir='ltr' id='par_1_88' title="bbox 423 5476 1994 5562">
     <span class='ocr_line' id='line_1_88' title="bbox 423 5476 1994 5562; baseline -0.004 -16"><span class='ocrx_word' id='word_1_573' title='bbox 423 5504 509 5549; x_wconf 91' lang='lat' dir='ltr'><strong>ter</strong></span> <span class='ocrx_word' id='word_1_574' title='bbox 565 5476 933 5562; x_wconf 87' lang='lat' dir='ltr'><strong>alacriterqne</strong></span> <span class='ocrx_word' id='word_1_575' title='bbox 980 5492 1336 5561; x_wconf 88' lang='lat' dir='ltr'><strong>conspirant;</strong></span> <span class='ocrx_word' id='word_1_576' title='bbox 1382 5493 1608 5559; x_wconf 80' lang='lat' dir='ltr'><strong>suisque</strong></span> <span class='ocrx_word' id='word_1_577' title='bbox 1657 5505 1749 5558; x_wconf 82' lang='lat' dir='ltr'><strong>per</strong></span> <span class='ocrx_word' id='word_1_578' title='bbox 1784 5489 1994 5555; x_wconf 79' lang='lat' dir='ltr'><strong>capita-</strong></span> 
     </span>
    </p>
   </div>
   <div class='ocr_carea' id='block_1_89' title="bbox 426 5582 1996 5651">
    <p class='ocr_par' dir='ltr' id='par_1_89' title="bbox 426 5582 1996 5651">
     <span class='ocr_line' id='line_1_89' title="bbox 426 5582 1996 5651; baseline -0.003 -13"><span class='ocrx_word' id='word_1_579' title='bbox 426 5599 582 5649; x_wconf 87' lang='lat' dir='ltr'><strong>neos,</strong></span> <span class='ocrx_word' id='word_1_580' title='bbox 603 5587 790 5651; x_wconf 88' lang='lat' dir='ltr'><strong>duces,</strong></span> <span class='ocrx_word' id='word_1_581' title='bbox 811 5586 1087 5646; x_wconf 88' lang='lat' dir='ltr'><strong>tribunos,</strong></span> <span class='ocrx_word' id='word_1_582' title='bbox 1107 5585 1474 5640; x_wconf 73' lang='lat' dir='ltr'><strong>centuriones.</strong></span> <span class='ocrx_word' id='word_1_583' title='bbox 1500 5582 1770 5644; x_wconf 87' lang='lat' dir='ltr'><strong>decurios,</strong></span> <span class='ocrx_word' id='word_1_584' title='bbox 1792 5595 1996 5651; x_wconf 80' lang='lat' dir='ltr'><strong>prOpu-</strong></span> 
     </span>
    </p>
   </div>
   <div class='ocr_carea' id='block_1_90' title="bbox 423 5671 1993 5746">
    <p class='ocr_par' dir='ltr' id='par_1_90' title="bbox 423 5671 1993 5746">
     <span class='ocr_line' id='line_1_90' title="bbox 423 5671 1993 5746; baseline -0.004 -18"><span class='ocrx_word' id='word_1_585' title='bbox 423 5677 670 5746; x_wconf 76' lang='lat' dir='ltr'><strong>gnaculis</strong></span> <span class='ocrx_word' id='word_1_586' title='bbox 687 5677 976 5733; x_wconf 84' lang='lat' dir='ltr'><strong>ordinatis.</strong></span> <span class='ocrx_word' id='word_1_587' title='bbox 999 5685 1156 5729; x_wconf 88' lang='lat' dir='ltr'><strong>nocte</strong></span> <span class='ocrx_word' id='word_1_588' title='bbox 1174 5690 1235 5728; x_wconf 83' lang='lat' dir='ltr'><strong>ea</strong></span> <span class='ocrx_word' id='word_1_589' title='bbox 1255 5690 1374 5743; x_wconf 73' lang='lat' dir='ltr'><strong>qum</strong></span> <span class='ocrx_word' id='word_1_590' title='bbox 1392 5671 1614 5726; x_wconf 81' lang='lat' dir='ltr'><strong>Martem</strong></span> <span class='ocrx_word' id='word_1_591' title='bbox 1636 5678 1993 5740; x_wconf 33' lang='lat' dir='ltr'><strong>pra&#39;cetfetvar,</strong></span> 
     </span>
    </p>
   </div>
   <div class='ocr_carea' id='block_1_91' title="bbox 427 5765 1994 5832">
    <p class='ocr_par' dir='ltr' id='par_1_91' title="bbox 427 5765 1994 5832">
     <span class='ocr_line' id='line_1_91' title="bbox 427 5765 1994 5832; baseline 0 -12"><span class='ocrx_word' id='word_1_592' title='bbox 427 5765 677 5822; x_wconf 72' lang='lat' dir='ltr'><strong>maritmis</strong></span> <span class='ocrx_word' id='word_1_593' title='bbox 723 5770 974 5823; x_wconf 79' lang='lat' dir='ltr'><strong>cxenbiis</strong></span> <span class='ocrx_word' id='word_1_594' title='bbox 1025 5766 1165 5820; x_wconf 88' lang='lat' dir='ltr'><strong>infra</strong></span> <span class='ocrx_word' id='word_1_595' title='bbox 1206 5768 1444 5828; x_wconf 76' lang='lat' dir='ltr'><strong>vallum,</strong></span> <span class='ocrx_word' id='word_1_596' title='bbox 1492 5766 1658 5820; x_wconf 80' lang='lat' dir='ltr'><strong>valvis</strong></span> <span class='ocrx_word' id='word_1_597' title='bbox 1703 5766 1884 5832; x_wconf 86' lang='lat' dir='ltr'><strong>urbis,</strong></span> <span class='ocrx_word' id='word_1_598' title='bbox 1929 5782 1994 5822; x_wconf 92' lang='lat' dir='ltr'><strong>ne</strong></span> 
     </span>
    </p>
   </div>
   <div class='ocr_carea' id='block_1_92' title="bbox 2086 3179 3656 3250">
    <p class='ocr_par' dir='ltr' id='par_1_92' title="bbox 2086 3179 3656 3250">
     <span class='ocr_line' id='line_1_92' title="bbox 2086 3179 3656 3250; baseline -0.004 -13"><span class='ocrx_word' id='word_1_599' title='bbox 2086 3181 2250 3237; x_wconf 90' lang='lat' dir='ltr'><strong>culis.</strong></span> <span class='ocrx_word' id='word_1_600' title='bbox 2281 3180 2459 3238; x_wconf 88' lang='lat' dir='ltr'><strong>Duces</strong></span> <span class='ocrx_word' id='word_1_601' title='bbox 2494 3189 2830 3239; x_wconf 88' lang='lat' dir='ltr'><strong>succurrunt</strong></span> <span class='ocrx_word' id='word_1_602' title='bbox 2859 3179 3010 3234; x_wconf 92' lang='lat' dir='ltr'><strong>urbis</strong></span> <span class='ocrx_word' id='word_1_603' title='bbox 3054 3181 3340 3250; x_wconf 85' lang='lat' dir='ltr'><strong>capitaneo</strong></span> <span class='ocrx_word' id='word_1_604' title='bbox 3382 3179 3656 3247; x_wconf 87' lang='lat' dir='ltr'><strong>deputati.</strong></span> 
     </span>
    </p>
   </div>
   <div class='ocr_carea' id='block_1_93' title="bbox 2087 3269 3671 3345">
    <p class='ocr_par' dir='ltr' id='par_1_93' title="bbox 2087 3269 3671 3345">
     <span class='ocr_line' id='line_1_93' title="bbox 2087 3269 3671 3345; baseline -0.004 -15"><span class='ocrx_word' id='word_1_605' title='bbox 2087 3274 2412 3345; x_wconf 81' lang='lat' dir='ltr'><strong>imperator,</strong></span> <span class='ocrx_word' id='word_1_606' title='bbox 2466 3273 2587 3339; x_wconf 87' lang='lat' dir='ltr'><strong>Eia,</strong></span> <span class='ocrx_word' id='word_1_607' title='bbox 2637 3269 2837 3343; x_wconf 87' lang='lat' dir='ltr'><strong>inquit,</strong></span> <span class='ocrx_word' id='word_1_608' title='bbox 2886 3273 2988 3326; x_wconf 90' lang='lat' dir='ltr'><strong>viri</strong></span> <span class='ocrx_word' id='word_1_609' title='bbox 3043 3271 3208 3326; x_wconf 87' lang='lat' dir='ltr'><strong>fortes</strong></span> <span class='ocrx_word' id='word_1_610' title='bbox 3248 3273 3260 3323; x_wconf 93' lang='lat'>!</span> <span class='ocrx_word' id='word_1_611' title='bbox 3310 3273 3422 3340; x_wconf 90' lang='lat' dir='ltr'><strong>jam</strong></span> <span class='ocrx_word' id='word_1_612' title='bbox 3457 3271 3671 3324; x_wconf 76' lang='lat' dir='ltr'><strong>laxatur</strong></span> 
     </span>
    </p>
   </div>
   <div class='ocr_carea' id='block_1_94' title="bbox 2087 3365 3673 3434">
    <p class='ocr_par' dir='ltr' id='par_1_94' title="bbox 2087 3365 3673 3434">
     <span class='ocr_line' id='line_1_94' title="bbox 2087 3365 3673 3434; baseline -0.003 -11"><span class='ocrx_word' id='word_1_613' title='bbox 2087 3367 2363 3424; x_wconf 76' lang='lat' dir='ltr'><strong>exercitus</strong></span> <span class='ocrx_word' id='word_1_614' title='bbox 2398 3367 2668 3429; x_wconf 90' lang='lat' dir='ltr'><strong>hostium,</strong></span> <span class='ocrx_word' id='word_1_615' title='bbox 2741 3381 2946 3420; x_wconf 87' lang='lat' dir='ltr'><strong>corona</strong></span> <span class='ocrx_word' id='word_1_616' title='bbox 2997 3365 3239 3420; x_wconf 66' lang='lat' dir='ltr'><strong>victoriae</strong></span> <span class='ocrx_word' id='word_1_617' title='bbox 3265 3365 3422 3420; x_wconf 89' lang='lat' dir='ltr'><strong>nobis</strong></span> <span class='ocrx_word' id='word_1_618' title='bbox 3482 3368 3673 3434; x_wconf 67' lang='lat' dir='ltr'><strong>utique</strong></span> 
     </span>
    </p>
   </div>
   <div class='ocr_carea' id='block_1_95' title="bbox 2089 3455 3666 3536">
    <p class='ocr_par' dir='ltr' id='par_1_95' title="bbox 2089 3455 3666 3536">
     <span class='ocr_line' id='line_1_95' title="bbox 2089 3455 3666 3536; baseline -0.003 -22"><span class='ocrx_word' id='word_1_619' title='bbox 2089 3459 2274 3514; x_wconf 91' lang='lat' dir='ltr'><strong>datur.</strong></span> <span class='ocrx_word' id='word_1_620' title='bbox 2322 3455 2466 3514; x_wconf 89' lang='lat' dir='ltr'><strong>Deus</strong></span> <span class='ocrx_word' id='word_1_621' title='bbox 2496 3457 2786 3512; x_wconf 90' lang='lat' dir='ltr'><strong>nobiscum</strong></span> <span class='ocrx_word' id='word_1_622' title='bbox 2811 3465 2931 3522; x_wconf 90' lang='lat' dir='ltr'><strong>est;</strong></span> <span class='ocrx_word' id='word_1_623' title='bbox 2971 3457 3116 3526; x_wconf 81' lang='lat' dir='ltr'><strong>agite</strong></span> <span class='ocrx_word' id='word_1_624' title='bbox 3149 3465 3503 3536; x_wconf 39' lang='lat' dir='ltr'><strong>cansta’ntem</strong></span> <span class='ocrx_word' id='word_1_625' title='bbox 3568 3473 3666 3524; x_wconf 88' lang='lat' dir='ltr'><strong>pu-</strong></span> 
     </span>
    </p>
   </div>
   <div class='ocr_carea' id='block_1_96' title="bbox 2090 3537 3676 3622">
    <p class='ocr_par' dir='ltr' id='par_1_96' title="bbox 2090 3537 3676 3622">
     <span class='ocr_line' id='line_1_96' title="bbox 2090 3537 3676 3622; baseline -0.002 -17"><span class='ocrx_word' id='word_1_626' title='bbox 2090 3565 2274 3622; x_wconf 87' lang='lat' dir='ltr'><strong>gnam.</strong></span> <span class='ocrx_word' id='word_1_627' title='bbox 2314 3552 2461 3605; x_wconf 85' lang='lat' dir='ltr'><strong>lnter</strong></span> <span class='ocrx_word' id='word_1_628' title='bbox 2501 3550 2616 3603; x_wconf 70' lang='lat' dir='ltr'><strong>haec</strong></span> <span class='ocrx_word' id='word_1_629' title='bbox 2641 3548 2786 3604; x_wconf 88' lang='lat' dir='ltr'><strong>malo</strong></span> <span class='ocrx_word' id='word_1_630' title='bbox 2838 3548 2992 3604; x_wconf 92' lang='lat' dir='ltr'><strong>urbis</strong></span> <span class='ocrx_word' id='word_1_631' title='bbox 3045 3547 3181 3614; x_wconf 87' lang='lat' dir='ltr'><strong>fato,</strong></span> <span class='ocrx_word' id='word_1_632' title='bbox 3239 3537 3376 3603; x_wconf 38' lang='lat' dir='ltr'><strong>heu’l</strong></span> <span class='ocrx_word' id='word_1_633' title='bbox 3430 3546 3676 3603; x_wconf 77' lang='lat' dir='ltr'><strong>Joannes</strong></span> 
     </span>
    </p>
   </div>
   <div class='ocr_carea' id='block_1_97' title="bbox 2089 3641 3670 3721">
    <p class='ocr_par' dir='ltr' id='par_1_97' title="bbox 2089 3641 3670 3721">
     <span class='ocr_line' id='line_1_97' title="bbox 2089 3641 3670 3721; baseline -0.002 -22"><span class='ocrx_word' id='word_1_634' title='bbox 2089 3643 2436 3721; x_wconf 79' lang='lat' dir='ltr'><strong>Justinianus</strong></span> <span class='ocrx_word' id='word_1_635' title='bbox 2461 3644 2660 3708; x_wconf 79' lang='lat' dir='ltr'><strong>sagitta</strong></span> <span class='ocrx_word' id='word_1_636' title='bbox 2701 3641 2806 3697; x_wconf 90' lang='lat' dir='ltr'><strong>sub</strong></span> <span class='ocrx_word' id='word_1_637' title='bbox 2828 3642 2995 3697; x_wconf 75' lang='lat' dir='ltr'><strong>axilla</strong></span> <span class='ocrx_word' id='word_1_638' title='bbox 3035 3642 3330 3711; x_wconf 89' lang='lat' dir='ltr'><strong>configitur</strong></span> <span class='ocrx_word' id='word_1_639' title='bbox 3367 3662 3380 3696; x_wconf 88' lang='lat'><strong>:</strong></span> <span class='ocrx_word' id='word_1_640' title='bbox 3413 3644 3504 3711; x_wconf 90' lang='lat' dir='ltr'><strong>qui</strong></span> <span class='ocrx_word' id='word_1_641' title='bbox 3545 3659 3670 3696; x_wconf 76' lang='lat' dir='ltr'><strong>mox</strong></span> 
     </span>
    </p>
   </div>
   <div class='ocr_carea' id='block_1_98' title="bbox 2093 3732 3671 3806">
    <p class='ocr_par' dir='ltr' id='par_1_98' title="bbox 2093 3732 3671 3806">
     <span class='ocr_line' id='line_1_98' title="bbox 2093 3732 3671 3806; baseline -0.003 -14"><span class='ocrx_word' id='word_1_642' title='bbox 2093 3737 2411 3806; x_wconf 77' lang='lat' dir='ltr'><strong>inexpertus</strong></span> <span class='ocrx_word' id='word_1_643' title='bbox 2433 3734 2672 3804; x_wconf 86' lang='lat' dir='ltr'><strong>juvenis,</strong></span> <span class='ocrx_word' id='word_1_644' title='bbox 2700 3734 2786 3788; x_wconf 89' lang='lat' dir='ltr'><strong>sui</strong></span> <span class='ocrx_word' id='word_1_645' title='bbox 2812 3732 3098 3805; x_wconf 89' lang='lat' dir='ltr'><strong>sanguinis</strong></span> <span class='ocrx_word' id='word_1_646' title='bbox 3117 3733 3387 3789; x_wconf 78' lang='lat' dir='ltr'><strong>effusione</strong></span> <span class='ocrx_word' id='word_1_647' title='bbox 3415 3734 3671 3804; x_wconf 85' lang='lat' dir='ltr'><strong>pavidus,</strong></span> 
     </span>
    </p>
   </div>
   <div class='ocr_carea' id='block_1_99' title="bbox 2093 3819 3672 3898">
    <p class='ocr_par' dir='ltr' id='par_1_99' title="bbox 2093 3819 3672 3898">
     <span class='ocr_line' id='line_1_99' title="bbox 2093 3819 3672 3898; baseline -0.001 -16"><span class='ocrx_word' id='word_1_648' title='bbox 2093 3828 2380 3898; x_wconf 78' lang='lat' dir='ltr'><strong>perdenda:</strong></span> <span class='ocrx_word' id='word_1_649' title='bbox 2407 3827 2532 3882; x_wconf 68' lang='lat' dir='ltr'><strong>vita:</strong></span> <span class='ocrx_word' id='word_1_650' title='bbox 2567 3835 2711 3883; x_wconf 83' lang='lat' dir='ltr'><strong>Inetu</strong></span> <span class='ocrx_word' id='word_1_651' title='bbox 2749 3827 3094 3891; x_wconf 88' lang='lat' dir='ltr'><strong>concutitur,</strong></span> <span class='ocrx_word' id='word_1_652' title='bbox 3127 3837 3181 3880; x_wconf 87' lang='lat' dir='ltr'><strong>et</strong></span> <span class='ocrx_word' id='word_1_653' title='bbox 3214 3842 3279 3880; x_wconf 91' lang='lat' dir='ltr'><strong>ne</strong></span> <span class='ocrx_word' id='word_1_654' title='bbox 3313 3819 3672 3896; x_wconf 79' lang='lat' dir='ltr'><strong>pugnatores,</strong></span> 
     </span>
    </p>
   </div>
   <div class='ocr_carea' id='block_1_100' title="bbox 2093 3919 3669 3992">
    <p class='ocr_par' dir='ltr' id='par_1_100' title="bbox 2093 3919 3669 3992">
     <span class='ocr_line' id='line_1_100' title="bbox 2093 3919 3669 3992; baseline -0.001 -17"><span class='ocrx_word' id='word_1_655' title='bbox 2093 3921 2184 3992; x_wconf 90' lang='lat' dir='ltr'><strong>qui</strong></span> <span class='ocrx_word' id='word_1_656' title='bbox 2235 3921 2584 3975; x_wconf 88' lang='lat' dir='ltr'><strong>vulneratum</strong></span> <span class='ocrx_word' id='word_1_657' title='bbox 2651 3919 3003 3989; x_wconf 82' lang='lat' dir='ltr'><strong>ignorabant,</strong></span> <span class='ocrx_word' id='word_1_658' title='bbox 3058 3919 3259 3973; x_wconf 85' lang='lat' dir='ltr'><strong>virtute</strong></span> <span class='ocrx_word' id='word_1_659' title='bbox 3321 3920 3669 3990; x_wconf 84' lang='lat' dir='ltr'><strong>frangantur,</strong></span> 
     </span>
    </p>
   </div>
   <div class='ocr_carea' id='block_1_101' title="bbox 2095 4011 3670 4082">
    <p class='ocr_par' dir='ltr' id='par_1_101' title="bbox 2095 4011 3670 4082">
     <span class='ocr_line' id='line_1_101' title="bbox 2095 4011 3670 4082; baseline 0 -16"><span class='ocrx_word' id='word_1_660' title='bbox 2095 4011 2235 4067; x_wconf 86' lang='lat' dir='ltr'><strong>clam</strong></span> <span class='ocrx_word' id='word_1_661' title='bbox 2269 4012 2540 4068; x_wconf 91' lang='lat' dir='ltr'><strong>medicum</strong></span> <span class='ocrx_word' id='word_1_662' title='bbox 2595 4012 2930 4082; x_wconf 66' lang='lat' dir='ltr'><strong>quaasiturus</strong></span> <span class='ocrx_word' id='word_1_663' title='bbox 2970 4012 3038 4065; x_wconf 93' lang='lat' dir='ltr'><strong>ab</strong></span> <span class='ocrx_word' id='word_1_664' title='bbox 3080 4012 3196 4065; x_wconf 85' lang='lat' dir='ltr'><strong>acie</strong></span> <span class='ocrx_word' id='word_1_665' title='bbox 3253 4011 3527 4066; x_wconf 89' lang='lat' dir='ltr'><strong>discessit.</strong></span> <span class='ocrx_word' id='word_1_666' title='bbox 3565 4012 3670 4079; x_wconf 86' lang='lat' dir='ltr'><strong>Qui</strong></span> 
     </span>
    </p>
   </div>
   <div class='ocr_carea' id='block_1_102' title="bbox 2096 4105 3669 4175">
    <p class='ocr_par' dir='ltr' id='par_1_102' title="bbox 2096 4105 3669 4175">
     <span class='ocr_line' id='line_1_102' title="bbox 2096 4105 3669 4175; baseline -0.001 -13"><span class='ocrx_word' id='word_1_667' title='bbox 2096 4105 2143 4162; x_wconf 89' lang='lat' dir='ltr'><strong>si</strong></span> <span class='ocrx_word' id='word_1_668' title='bbox 2184 4105 2350 4160; x_wconf 91' lang='lat' dir='ltr'><strong>alium</strong></span> <span class='ocrx_word' id='word_1_669' title='bbox 2400 4120 2504 4162; x_wconf 91' lang='lat' dir='ltr'><strong>suo</strong></span> <span class='ocrx_word' id='word_1_670' title='bbox 2542 4105 2665 4159; x_wconf 89' lang='lat' dir='ltr'><strong>loco</strong></span> <span class='ocrx_word' id='word_1_671' title='bbox 2711 4106 3090 4175; x_wconf 82' lang='lat' dir='ltr'><strong>subrogasset.</strong></span> <span class='ocrx_word' id='word_1_672' title='bbox 3126 4105 3278 4160; x_wconf 91' lang='lat' dir='ltr'><strong>salus</strong></span> <span class='ocrx_word' id='word_1_673' title='bbox 3329 4106 3518 4174; x_wconf 74' lang='lat' dir='ltr'><strong>pan-im</strong></span> <span class='ocrx_word' id='word_1_674' title='bbox 3560 4123 3669 4161; x_wconf 85' lang='lat' dir='ltr'><strong>non</strong></span> 
     </span>
    </p>
   </div>
   <div class='ocr_carea' id='block_1_103' title="bbox 2098 4196 3668 4268">
    <p class='ocr_par' dir='ltr' id='par_1_103' title="bbox 2098 4196 3668 4268">
     <span class='ocr_line' id='line_1_103' title="bbox 2098 4196 3668 4268; baseline 0.001 -16"><span class='ocrx_word' id='word_1_675' title='bbox 2098 4198 2369 4268; x_wconf 85' lang='lat' dir='ltr'><strong>periisset.</strong></span> <span class='ocrx_word' id='word_1_676' title='bbox 2417 4196 2661 4267; x_wconf 81' lang='lat' dir='ltr'><strong>Pugnant</strong></span> <span class='ocrx_word' id='word_1_677' title='bbox 2699 4197 2842 4252; x_wconf 85' lang='lat' dir='ltr'><strong>inter</strong></span> <span class='ocrx_word' id='word_1_678' title='bbox 2872 4197 2986 4251; x_wconf 62' lang='lat' dir='ltr'><strong>haec</strong></span> <span class='ocrx_word' id='word_1_679' title='bbox 3025 4197 3252 4250; x_wconf 85' lang='lat' dir='ltr'><strong>arduam</strong></span> <span class='ocrx_word' id='word_1_680' title='bbox 3294 4203 3668 4253; x_wconf 89' lang='lat' dir='ltr'><strong>committunt.</strong></span> 
     </span>
    </p>
   </div>
   <div class='ocr_carea' id='block_1_104' title="bbox 2101 4288 3675 4361">
    <p class='ocr_par' dir='ltr' id='par_1_104' title="bbox 2101 4288 3675 4361">
     <span class='ocr_line' id='line_1_104' title="bbox 2101 4288 3675 4361; baseline -0.001 -17"><span class='ocrx_word' id='word_1_681' title='bbox 2101 4290 2424 4361; x_wconf 89' lang='lat' dir='ltr'><strong>Imperator,</strong></span> <span class='ocrx_word' id='word_1_682' title='bbox 2459 4301 2517 4343; x_wconf 91' lang='lat' dir='ltr'><strong>ut</strong></span> <span class='ocrx_word' id='word_1_683' title='bbox 2560 4289 2696 4343; x_wconf 91' lang='lat' dir='ltr'><strong>vidit</strong></span> <span class='ocrx_word' id='word_1_684' title='bbox 2747 4288 2941 4344; x_wconf 86' lang='lat' dir='ltr'><strong>deesse</strong></span> <span class='ocrx_word' id='word_1_685' title='bbox 2991 4288 3360 4358; x_wconf 87' lang='lat' dir='ltr'><strong>capitaneum,</strong></span> <span class='ocrx_word' id='word_1_686' title='bbox 3417 4292 3675 4360; x_wconf 77' lang='lat' dir='ltr'><strong>ingentis-</strong></span> 
     </span>
    </p>
   </div>
   <div class='ocr_carea' id='block_1_105' title="bbox 2100 4379 3674 4451">
    <p class='ocr_par' dir='ltr' id='par_1_105' title="bbox 2100 4379 3674 4451">
     <span class='ocr_line' id='line_1_105' title="bbox 2100 4379 3674 4451; baseline -0.001 -15"><span class='ocrx_word' id='word_1_687' title='bbox 2100 4396 2253 4445; x_wconf 91' lang='lat' dir='ltr'><strong>cens,</strong></span> <span class='ocrx_word' id='word_1_688' title='bbox 2276 4398 2384 4451; x_wconf 90' lang='lat' dir='ltr'><strong>quo</strong></span> <span class='ocrx_word' id='word_1_689' title='bbox 2421 4379 2629 4436; x_wconf 90' lang='lat' dir='ltr'><strong>scilicet</strong></span> <span class='ocrx_word' id='word_1_690' title='bbox 2680 4379 2822 4445; x_wconf 91' lang='lat' dir='ltr'><strong>ierit,</strong></span> <span class='ocrx_word' id='word_1_691' title='bbox 2866 4390 3271 4448; x_wconf 81' lang='lat' dir='ltr'><strong>percutietatur.</strong></span> <span class='ocrx_word' id='word_1_692' title='bbox 3312 4379 3492 4434; x_wconf 76' lang='lat' dir='ltr'><strong>Nostri</strong></span> <span class='ocrx_word' id='word_1_693' title='bbox 3524 4391 3580 4433; x_wconf 89' lang='lat' dir='ltr'><strong>ut</strong></span> <span class='ocrx_word' id='word_1_694' title='bbox 3617 4397 3674 4435; x_wconf 89' lang='lat' dir='ltr'><strong>se</strong></span> 
     </span>
    </p>
   </div>
   <div class='ocr_carea' id='block_1_106' title="bbox 2100 4470 3674 4540">
    <p class='ocr_par' dir='ltr' id='par_1_106' title="bbox 2100 4470 3674 4540">
     <span class='ocr_line' id='line_1_106' title="bbox 2100 4470 3674 4540; baseline -0.001 -11"><span class='ocrx_word' id='word_1_695' title='bbox 2100 4475 2284 4529; x_wconf 85' lang='lat' dir='ltr'><strong>vident</strong></span> <span class='ocrx_word' id='word_1_696' title='bbox 2318 4473 2436 4528; x_wconf 87' lang='lat' dir='ltr'><strong>sine</strong></span> <span class='ocrx_word' id='word_1_697' title='bbox 2460 4471 2619 4536; x_wconf 92' lang='lat' dir='ltr'><strong>duce,</strong></span> <span class='ocrx_word' id='word_1_698' title='bbox 2657 4471 2868 4526; x_wconf 84' lang='lat' dir='ltr'><strong>resilire</strong></span> <span class='ocrx_word' id='word_1_699' title='bbox 2899 4487 2929 4525; x_wconf 92' lang='lat' dir='ltr'><strong>e</strong></span> <span class='ocrx_word' id='word_1_700' title='bbox 2963 4470 3096 4525; x_wconf 87' lang='lat' dir='ltr'><strong>locis</strong></span> <span class='ocrx_word' id='word_1_701' title='bbox 3132 4471 3421 4540; x_wconf 90' lang='lat' dir='ltr'><strong>incipiunt.</strong></span> <span class='ocrx_word' id='word_1_702' title='bbox 3475 4470 3674 4527; x_wconf 80' lang='lat' dir='ltr'><strong>Teucri</strong></span> 
     </span>
    </p>
   </div>
   <div class='ocr_carea' id='block_1_107' title="bbox 2100 4545 3676 4628">
    <p class='ocr_par' dir='ltr' id='par_1_107' title="bbox 2100 4545 3676 4628">
     <span class='ocr_line' id='line_1_107' title="bbox 2100 4545 3676 4628; baseline -0.004 -6"><span class='ocrx_word' id='word_1_703' title='bbox 2100 4566 2532 4628; x_wconf 82' lang='lat' dir='ltr'><strong>conVaIcscunt;</strong></span> <span class='ocrx_word' id='word_1_704' title='bbox 2567 4564 2762 4617; x_wconf 91' lang='lat' dir='ltr'><strong>horror</strong></span> <span class='ocrx_word' id='word_1_705' title='bbox 2823 4545 3025 4620; x_wconf 79' lang='lat' dir='ltr'><strong>nostris</strong></span> <span class='ocrx_word' id='word_1_706' title='bbox 3077 4564 3358 4617; x_wconf 88' lang='lat' dir='ltr'><strong>incutitur.</strong></span> <span class='ocrx_word' id='word_1_707' title='bbox 3394 4559 3676 4618; x_wconf 83' lang='lat' dir='ltr'><strong>Desiderio</strong></span> 
     </span>
    </p>
   </div>
   <div class='ocr_carea' id='block_1_108' title="bbox 2097 4656 3676 4720">
    <p class='ocr_par' dir='ltr' id='par_1_108' title="bbox 2097 4656 3676 4720">
     <span class='ocr_line' id='line_1_108' title="bbox 2097 4656 3676 4720; baseline -0.001 -7"><span class='ocrx_word' id='word_1_708' title='bbox 2097 4660 2244 4714; x_wconf 92' lang='lat' dir='ltr'><strong>enim</strong></span> <span class='ocrx_word' id='word_1_709' title='bbox 2291 4658 2478 4712; x_wconf 87' lang='lat' dir='ltr'><strong>cuncti</strong></span> <span class='ocrx_word' id='word_1_710' title='bbox 2522 4656 2909 4710; x_wconf 88' lang='lat' dir='ltr'><strong>desiderabant</strong></span> <span class='ocrx_word' id='word_1_711' title='bbox 2967 4672 3030 4710; x_wconf 81' lang='lat' dir='ltr'><strong>ex</strong></span> <span class='ocrx_word' id='word_1_712' title='bbox 3068 4657 3378 4720; x_wconf 83' lang='lat' dir='ltr'><strong>periculoso</strong></span> <span class='ocrx_word' id='word_1_713' title='bbox 3427 4657 3519 4710; x_wconf 91' lang='lat' dir='ltr'><strong>illo</strong></span> <span class='ocrx_word' id='word_1_714' title='bbox 3553 4657 3676 4711; x_wconf 86' lang='lat' dir='ltr'><strong>loco</strong></span> 
     </span>
    </p>
   </div>
   <div class='ocr_carea' id='block_1_109' title="bbox 2091 4738 3675 4820">
    <p class='ocr_par' dir='ltr' id='par_1_109' title="bbox 2091 4738 3675 4820">
     <span class='ocr_line' id='line_1_109' title="bbox 2091 4738 3675 4820; baseline -0.005 -12"><span class='ocrx_word' id='word_1_715' title='bbox 2091 4739 2244 4808; x_wconf 64' lang='lat' dir='ltr'><strong>~scire</strong></span> <span class='ocrx_word' id='word_1_716' title='bbox 2306 4750 2435 4820; x_wconf 90' lang='lat' dir='ltr'><strong>quid</strong></span> <span class='ocrx_word' id='word_1_717' title='bbox 2496 4749 2853 4818; x_wconf 87' lang='lat' dir='ltr'><strong>contigisset;</strong></span> <span class='ocrx_word' id='word_1_718' title='bbox 2910 4748 3055 4818; x_wconf 88' lang='lat' dir='ltr'><strong>quod</strong></span> <span class='ocrx_word' id='word_1_719' title='bbox 3115 4738 3518 4819; x_wconf 58' lang='lat' dir='ltr'><strong>pra‘feetorurn,</strong></span> <span class='ocrx_word' id='word_1_720' title='bbox 3583 4747 3675 4818; x_wconf 92' lang='lat' dir='ltr'><strong>qni</strong></span> 
     </span>
    </p>
   </div>
   <div class='ocr_carea' id='block_1_110' title="bbox 2099 4840 3674 4911">
    <p class='ocr_par' dir='ltr' id='par_1_110' title="bbox 2099 4840 3674 4911">
     <span class='ocr_line' id='line_1_110' title="bbox 2099 4840 3674 4911; baseline -0.002 -14"><span class='ocrx_word' id='word_1_721' title='bbox 2099 4841 2314 4911; x_wconf 83' lang='lat' dir='ltr'><strong>singula</strong></span> <span class='ocrx_word' id='word_1_722' title='bbox 2378 4855 2502 4910; x_wconf 55' lang='lat' dir='ltr'><strong>quas</strong></span> <span class='ocrx_word' id='word_1_723' title='bbox 2551 4840 2801 4906; x_wconf 89' lang='lat' dir='ltr'><strong>sinistra,</strong></span> <span class='ocrx_word' id='word_1_724' title='bbox 2864 4841 2947 4893; x_wconf 90' lang='lat' dir='ltr'><strong>vel</strong></span> <span class='ocrx_word' id='word_1_725' title='bbox 2998 4855 3256 4910; x_wconf 84' lang='lat' dir='ltr'><strong>prospera</strong></span> <span class='ocrx_word' id='word_1_726' title='bbox 3319 4843 3674 4905; x_wconf 86' lang='lat' dir='ltr'><strong>evenissent,</strong></span> 
     </span>
    </p>
   </div>
   <div class='ocr_carea' id='block_1_111' title="bbox 2099 4933 3676 5005">
    <p class='ocr_par' dir='ltr' id='par_1_111' title="bbox 2099 4933 3676 5005">
     <span class='ocr_line' id='line_1_111' title="bbox 2099 4933 3676 5005; baseline -0.001 -15"><span class='ocrx_word' id='word_1_727' title='bbox 2099 4937 2355 4992; x_wconf 88' lang='lat' dir='ltr'><strong>nuntiare</strong></span> <span class='ocrx_word' id='word_1_728' title='bbox 2391 4935 2687 5000; x_wconf 90' lang='lat' dir='ltr'><strong>debebant,</strong></span> <span class='ocrx_word' id='word_1_729' title='bbox 2729 4933 3055 5005; x_wconf 84' lang='lat' dir='ltr'><strong>negligentia</strong></span> <span class='ocrx_word' id='word_1_730' title='bbox 3092 4935 3528 5004; x_wconf 65' lang='lat' dir='ltr'><strong>praetermissum</strong></span> <span class='ocrx_word' id='word_1_731' title='bbox 3569 4945 3676 4990; x_wconf 88' lang='lat' dir='ltr'><strong>est.</strong></span> 
     </span>
    </p>
   </div>
   <div class='ocr_carea' id='block_1_112' title="bbox 2100 5026 3675 5098">
    <p class='ocr_par' dir='ltr' id='par_1_112' title="bbox 2100 5026 3675 5098">
     <span class='ocr_line' id='line_1_112' title="bbox 2100 5026 3675 5098; baseline -0.002 -15"><span class='ocrx_word' id='word_1_732' title='bbox 2100 5029 2360 5084; x_wconf 87' lang='lat' dir='ltr'><strong>Terrebat</strong></span> <span class='ocrx_word' id='word_1_733' title='bbox 2408 5027 2667 5082; x_wconf 89' lang='lat' dir='ltr'><strong>acerbum</strong></span> <span class='ocrx_word' id='word_1_734' title='bbox 2712 5027 2840 5080; x_wconf 87' lang='lat' dir='ltr'><strong>illud</strong></span> <span class='ocrx_word' id='word_1_735' title='bbox 2891 5026 3117 5092; x_wconf 84' lang='lat' dir='ltr'><strong>bellum,</strong></span> <span class='ocrx_word' id='word_1_736' title='bbox 3159 5031 3252 5096; x_wconf 85' lang='lat' dir='ltr'><strong>qui</strong></span> <span class='ocrx_word' id='word_1_737' title='bbox 3292 5043 3488 5098; x_wconf 84' lang='lat' dir='ltr'><strong>magno</strong></span> <span class='ocrx_word' id='word_1_738' title='bbox 3549 5045 3675 5083; x_wconf 89' lang='lat' dir='ltr'><strong>cum</strong></span> 
     </span>
    </p>
   </div>
   <div class='ocr_carea' id='block_1_113' title="bbox 2100 5119 3678 5192">
    <p class='ocr_par' dir='ltr' id='par_1_113' title="bbox 2100 5119 3678 5192">
     <span class='ocr_line' id='line_1_113' title="bbox 2100 5119 3678 5192; baseline -0.002 -13"><span class='ocrx_word' id='word_1_739' title='bbox 2100 5122 2318 5179; x_wconf 83' lang='lat' dir='ltr'><strong>silentio</strong></span> <span class='ocrx_word' id='word_1_740' title='bbox 2375 5137 2403 5175; x_wconf 89' lang='lat' dir='ltr'><strong>a</strong></span> <span class='ocrx_word' id='word_1_741' title='bbox 2463 5121 2622 5191; x_wconf 91' lang='lat' dir='ltr'><strong>longe</strong></span> <span class='ocrx_word' id='word_1_742' title='bbox 2686 5121 2993 5174; x_wconf 88' lang='lat' dir='ltr'><strong>stetissent.</strong></span> <span class='ocrx_word' id='word_1_743' title='bbox 3057 5119 3452 5192; x_wconf 86' lang='lat' dir='ltr'><strong>Fatigahantur</strong></span> <span class='ocrx_word' id='word_1_744' title='bbox 3511 5121 3678 5191; x_wconf 85' lang='lat' dir='ltr'><strong>igitur</strong></span> 
     </span>
    </p>
   </div>
   <div class='ocr_carea' id='block_1_114' title="bbox 2099 5212 3678 5283">
    <p class='ocr_par' dir='ltr' id='par_1_114' title="bbox 2099 5212 3678 5283">
     <span class='ocr_line' id='line_1_114' title="bbox 2099 5212 3678 5283; baseline -0.001 -17"><span class='ocrx_word' id='word_1_745' title='bbox 2099 5213 2271 5266; x_wconf 88' lang='lat' dir='ltr'><strong>nostri</strong></span> <span class='ocrx_word' id='word_1_746' title='bbox 2338 5212 2638 5283; x_wconf 73' lang='lat' dir='ltr'><strong>plurimum</strong></span> <span class='ocrx_word' id='word_1_747' title='bbox 2687 5228 2700 5265; x_wconf 92' lang='lat'><strong>:</strong></span> <span class='ocrx_word' id='word_1_748' title='bbox 2761 5221 2814 5266; x_wconf 90' lang='lat' dir='ltr'><strong>et</strong></span> <span class='ocrx_word' id='word_1_749' title='bbox 2875 5226 3035 5283; x_wconf 89' lang='lat' dir='ltr'><strong>quem</strong></span> <span class='ocrx_word' id='word_1_750' title='bbox 3101 5219 3490 5279; x_wconf 87' lang='lat' dir='ltr'><strong>reparaverant</strong></span> <span class='ocrx_word' id='word_1_751' title='bbox 3549 5213 3678 5268; x_wconf 85' lang='lat' dir='ltr'><strong>bac-</strong></span> 
     </span>
    </p>
   </div>
   <div class='ocr_carea' id='block_1_115' title="bbox 2099 5305 3677 5375">
    <p class='ocr_par' dir='ltr' id='par_1_115' title="bbox 2099 5305 3677 5375">
     <span class='ocr_line' id='line_1_115' title="bbox 2099 5305 3677 5375; baseline -0.003 -14"><span class='ocrx_word' id='word_1_752' title='bbox 2099 5307 2420 5361; x_wconf 81' lang='lat' dir='ltr'><strong>chatureutn</strong></span> <span class='ocrx_word' id='word_1_753' title='bbox 2476 5320 2733 5369; x_wconf 89' lang='lat' dir='ltr'><strong>murum,</strong></span> <span class='ocrx_word' id='word_1_754' title='bbox 2791 5305 3034 5359; x_wconf 89' lang='lat' dir='ltr'><strong>hostium</strong></span> <span class='ocrx_word' id='word_1_755' title='bbox 3085 5305 3502 5373; x_wconf 79' lang='lat' dir='ltr'><strong>compressione</strong></span> <span class='ocrx_word' id='word_1_756' title='bbox 3548 5321 3677 5375; x_wconf 85' lang='lat' dir='ltr'><strong>pau-</strong></span> 
     </span>
    </p>
   </div>
   <div class='ocr_carea' id='block_1_116' title="bbox 2102 5394 3675 5470">
    <p class='ocr_par' dir='ltr' id='par_1_116' title="bbox 2102 5394 3675 5470">
     <span class='ocr_line' id='line_1_116' title="bbox 2102 5394 3675 5470; baseline -0.003 -17"><span class='ocrx_word' id='word_1_757' title='bbox 2102 5401 2266 5470; x_wconf 89' lang='lat' dir='ltr'><strong>lisper</strong></span> <span class='ocrx_word' id='word_1_758' title='bbox 2315 5401 2596 5453; x_wconf 85' lang='lat' dir='ltr'><strong>deserunt.</strong></span> <span class='ocrx_word' id='word_1_759' title='bbox 2651 5398 2771 5464; x_wconf 80' lang='lat' dir='ltr'><strong>Quo</strong></span> <span class='ocrx_word' id='word_1_760' title='bbox 2823 5396 3072 5466; x_wconf 79' lang='lat' dir='ltr'><strong>inspecto</strong></span> <span class='ocrx_word' id='word_1_761' title='bbox 3119 5394 3422 5466; x_wconf 88' lang='lat' dir='ltr'><strong>dijudicant</strong></span> <span class='ocrx_word' id='word_1_762' title='bbox 3483 5396 3675 5449; x_wconf 81' lang='lat' dir='ltr'><strong>Teucri</strong></span> 
     </span>
    </p>
   </div>
   <div class='ocr_carea' id='block_1_117' title="bbox 2103 5486 3671 5562">
    <p class='ocr_par' dir='ltr' id='par_1_117' title="bbox 2103 5486 3671 5562">
     <span class='ocr_line' id='line_1_117' title="bbox 2103 5486 3671 5562; baseline -0.002 -18"><span class='ocrx_word' id='word_1_763' title='bbox 2103 5503 2322 5562; x_wconf 85' lang='lat' dir='ltr'><strong>propter</strong></span> <span class='ocrx_word' id='word_1_764' title='bbox 2347 5488 2728 5560; x_wconf 85' lang='lat' dir='ltr'><strong>rcpletionem,</strong></span> <span class='ocrx_word' id='word_1_765' title='bbox 2767 5503 2932 5557; x_wconf 87' lang='lat' dir='ltr'><strong>quam</strong></span> <span class='ocrx_word' id='word_1_766' title='bbox 2969 5487 3126 5540; x_wconf 87' lang='lat' dir='ltr'><strong>ruina</strong></span> <span class='ocrx_word' id='word_1_767' title='bbox 3164 5486 3407 5556; x_wconf 85' lang='lat' dir='ltr'><strong>collapsa</strong></span> <span class='ocrx_word' id='word_1_768' title='bbox 3447 5486 3671 5551; x_wconf 79' lang='lat' dir='ltr'><strong>fecerat,</strong></span> 
     </span>
    </p>
   </div>
   <div class='ocr_carea' id='block_1_118' title="bbox 2102 5576 3671 5649">
    <p class='ocr_par' dir='ltr' id='par_1_118' title="bbox 2102 5576 3671 5649">
     <span class='ocr_line' id='line_1_118' title="bbox 2102 5576 3671 5649; baseline -0.002 -14"><span class='ocrx_word' id='word_1_769' title='bbox 2102 5597 2258 5649; x_wconf 68' lang='lat' dir='ltr'><strong>aequo</strong></span> <span class='ocrx_word' id='word_1_770' title='bbox 2279 5580 2412 5635; x_wconf 89' lang='lat' dir='ltr'><strong>calle</strong></span> <span class='ocrx_word' id='word_1_771' title='bbox 2433 5594 2594 5649; x_wconf 55' lang='lat' dir='ltr'><strong>posse</strong></span> <span class='ocrx_word' id='word_1_772' title='bbox 2620 5579 2857 5632; x_wconf 83' lang='lat' dir='ltr'><strong>transire</strong></span> <span class='ocrx_word' id='word_1_773' title='bbox 2889 5597 2902 5632; x_wconf 89' lang='lat'>:</span> <span class='ocrx_word' id='word_1_774' title='bbox 2925 5576 3248 5632; x_wconf 85' lang='lat' dir='ltr'><strong>lrruendum</strong></span> <span class='ocrx_word' id='word_1_775' title='bbox 3275 5578 3442 5649; x_wconf 83' lang='lat' dir='ltr'><strong>igitur</strong></span> <span class='ocrx_word' id='word_1_776' title='bbox 3463 5589 3568 5645; x_wconf 87' lang='lat' dir='ltr'><strong>est,</strong></span> <span class='ocrx_word' id='word_1_777' title='bbox 3595 5580 3671 5632; x_wconf 87' lang='lat' dir='ltr'><strong>in-</strong></span> 
     </span>
    </p>
   </div>
   <div class='ocr_carea' id='block_1_119' title="bbox 2102 5671 3669 5742">
    <p class='ocr_par' dir='ltr' id='par_1_119' title="bbox 2102 5671 3669 5742">
     <span class='ocr_line' id='line_1_119' title="bbox 2102 5671 3669 5742; baseline -0.001 -18"><span class='ocrx_word' id='word_1_778' title='bbox 2102 5674 2314 5742; x_wconf 87' lang='lat' dir='ltr'><strong>quiunt,</strong></span> <span class='ocrx_word' id='word_1_779' title='bbox 2336 5681 2389 5725; x_wconf 89' lang='lat' dir='ltr'><strong>et</strong></span> <span class='ocrx_word' id='word_1_780' title='bbox 2418 5671 2583 5723; x_wconf 76' lang='lat' dir='ltr'><strong>veluti</strong></span> <span class='ocrx_word' id='word_1_781' title='bbox 2611 5671 2950 5741; x_wconf 88' lang='lat' dir='ltr'><strong>impetuosus</strong></span> <span class='ocrx_word' id='word_1_782' title='bbox 2969 5671 3147 5737; x_wconf 90' lang='lat' dir='ltr'><strong>turbo,</strong></span> <span class='ocrx_word' id='word_1_783' title='bbox 3171 5687 3277 5724; x_wconf 89' lang='lat' dir='ltr'><strong>uno</strong></span> <span class='ocrx_word' id='word_1_784' title='bbox 3300 5673 3669 5741; x_wconf 78' lang='lat' dir='ltr'><strong>imputsumu-</strong></span> 
     </span>
    </p>
   </div>
   <div class='ocr_carea' id='block_1_120' title="bbox 2107 5761 3666 5832">
    <p class='ocr_par' dir='ltr' id='par_1_120' title="bbox 2107 5761 3666 5832">
     <span class='ocr_line' id='line_1_120' title="bbox 2107 5761 3666 5832; baseline -0.003 -14"><span class='ocrx_word' id='word_1_785' title='bbox 2107 5780 2193 5820; x_wconf 88' lang='lat' dir='ltr'><strong>ros</strong></span> <span class='ocrx_word' id='word_1_786' title='bbox 2211 5765 2539 5830; x_wconf 82' lang='lat' dir='ltr'><strong>ascendunt;</strong></span> <span class='ocrx_word' id='word_1_787' title='bbox 2563 5779 2683 5820; x_wconf 84' lang='lat' dir='ltr'><strong>mox</strong></span> <span class='ocrx_word' id='word_1_788' title='bbox 2713 5764 2987 5820; x_wconf 73' lang='lat' dir='ltr'><strong>mtenibus</strong></span> <span class='ocrx_word' id='word_1_789' title='bbox 3006 5763 3197 5820; x_wconf 78' lang='lat' dir='ltr'><strong>vexilla</strong></span> <span class='ocrx_word' id='word_1_790' title='bbox 3223 5764 3468 5832; x_wconf 74' lang='lat' dir='ltr'><strong>figentes,</strong></span> <span class='ocrx_word' id='word_1_791' title='bbox 3489 5761 3666 5816; x_wconf 72' lang='lat' dir='ltr'><strong>hilari-</strong></span> 
     </span>
    </p>
   </div>
  </div>
