4022 6196
320 224 420 289 941

1410 220 1511 285 DE
1563 222 2166 287 EXPUGNATIONE
2197 229 2481 290 CI’OIJ'S.
2529 180 2537 189 .

3480 227 3585 293 942

323 327 434 391 ‘ate
464 335 607 403 pleni
634 335 985 390 conclamant
1015 336 1322 402 victoriam,
1352 337 1530 406 gladio
1551 346 1814 407 pugnant,
1842 345 1893 387 ct
1929 337 1970 393 Α
2006 340 2363 393 νρτιιιοθιιιῖιιιιι
2398 354 2572 409 neque
2608 338 2811 391 sanctis
2838 338 3163 409 imaginibus
3186 339 3408 402 habent,
3450 345 3578 411 quin

325 423 506 494 quoad
528 431 783 493 possunt,
804 424 952 477 omni
982 441 1104 479 cum
1130 426 1334 482 virtute
1358 435 1578 481 nostros
1605 429 1686 482 vel
1714 435 1897 481 ester-

326 517 559 583 minare,
591 518 672 571 vel
698 518 967 587 subjicere
999 519 1321 575 moliuntur.
1357 520 1658 588 imperator
1686 520 1896 587 infuli‘t,

328 621 387 663 ut
421 610 556 665 vidit
601 614 949 683 eapitaneum
1005 614 1352 684 desperatum
1389 633 1401 669 :
1454 615 1568 670 lieu
1619 630 1705 669 me
1739 616 1902 669 mise-

328 704 481 756 rum!
512 704 709 771 inquit,
742 706 952 776 peritne
976 706 1104 761 urbs
1128 706 1151 758 ?
1178 705 1223 761 0
1247 705 1638 762 infOrtunatam
1662 708 1895 763 sortem!

329 795 484 857 siste,
510 812 723 865 precor,
758 798 1061 867 capitanee.
1088 798 1223 853 Nam
1259 808 1348 853 tua
1376 798 1499 867 fuga
1539 800 1677 855 alios
1710 798 1902 854 incitat

327 893 394 944 ad
421 888 759 960 fugiendum.
785 890 898 945 Non
920 900 1005 946 est
1032 893 1262 946 mortale
1286 891 1505 955 vulnus,
1530 901 1719 963 patere
1747 892 1902 947 dole-

329 999 465 1049 rem,
501 991 555 1038 et
601 983 737 1039 siste
776 982 1033 1051 viriliter,
1071 993 1132 1039 ut
1169 986 1533 1056 spopondisti.
1574 986 1643 1039 At
1677 985 1765 1039 ille
1812 1000 1903 1040 sa-

330 1078 481 1136 lutis.
536 1076 741 1146 gloriae,
803 1076 1001 1147 suique
1042 1078 1269 1145 oblitus,
1331 1079 1406 1132 ttti
1460 1080 1623 1134 altam
1683 1079 1901 1148 quidem

333 1168 509 1237 primo
548 1169 1080 1240 magnanimitatem,
1109 1171 1181 1225 ita
1215 1171 1446 1242 posthac
1484 1171 1907 1242 pusillanimita-

327 1272 435 1314 tem
468 1261 729 1316 ostendit.
787 1262 982 1317 Debuit
1006 1263 1176 1331 enim,
1204 1264 1249 1320 si
1287 1272 1500 1334 poterat
1530 1263 1775 1319 vulneris
1800 1264 1902 1318 do-

329 1354 497 1407 lorem
525 1351 775 1420 suﬂerre,
807 1370 916 1410 non
943 1355 1219 1422 recedere,
1246 1354 1290 1410 si
1320 1354 1397 1408 vir
1420 1365 1540 1410 erat
1562 1370 1579 1423 ;
1604 1354 1686 1410 vel
1710 1354 1903 1411 saltem

328 1446 516 1513 alimn,
550 1448 643 1515 qui
676 1448 795 1504 loco
826 1450 911 1505 sui
949 1449 1217 1517 stetisset,
1249 1450 1566 1521 subrogare.

398 1538 745 1610 Franguntur
768 1556 834 1596 ex
863 1540 967 1598 hoc
990 1543 1234 1597 omnium
1263 1544 1693 1598 commilitonum
1716 1544 1905 1610 animi,

332 1628 656 1685 hebetantur
711 1632 877 1697 vires,
932 1642 986 1688 et
1030 1634 1374 1703 capitaneum
1451 1636 1771 1704 fugientem,
1842 1655 1906 1691 ne

332 1732 579 1790 pereant,
629 1723 1016 1795 insequuntur.
1062 1724 1135 1780 Da
1195 1726 1481 1791 clientulo,
1522 1728 1698 1799 inquit
1751 1730 1903 1799 capi-

330 1822 542 1879 taneus,
562 1816 767 1869 clavem
794 1827 982 1886 portae,
1001 1832 1164 1887 quam
1187 1834 1310 1873 mox
1329 1830 1621 1875 reseratam
1651 1831 1906 1899 satagunt

330 1923 525 1979 magna
554 1924 679 1963 cum
712 1913 1131 1980 compressione
1167 1912 1423 1968 transire.
1458 1912 1718 1970 Rcserata
1748 1926 1903 1985 porta

330 2000 463 2072 fugit
485 2002 801 2069 capitaneus
826 2003 1040 2069 Peram,
1064 2005 1157 2075 qui
1192 2014 1380 2076 postea
1405 2006 1596 2062 Chium
1619 2009 1903 2079 navigans,

328 2108 391 2146 ex
423 2096 642 2150 vulnere
699 2096 783 2149 vel
830 2096 1051 2152 tristitia
1082 2098 1376 2170 inglorium
1426 2100 1718 2155 transitum
1752 2100 1901 2156 fecit.

332 2183 633 2252 imperator
695 2186 941 2255 insuper,
1000 2202 1066 2242 ne
1118 2188 1189 2243 ab
1232 2188 1481 2245 hostibus
1523 2191 1774 2260 capiatur
1809 2206 1823 2244 :
1862 2193 1904 2243 Ο

330 2275 622 2345 quispiam,
650 2277 845 2347 inquit,
876 2279 1063 2336 valens
1087 2289 1208 2351 ty,ro
1230 2288 1449 2351 propter
1474 2280 1666 2346 Deum,
1694 2298 1761 2338 ne
1792 2298 1905 2336 ma-

327 2369 497 2437 jestas
530 2370 698 2424 vafris
725 2371 856 2426 viris
885 2374 1226 2438 succumbat,
1260 2390 1381 2429 meo
1406 2374 1584 2445 gladio
1619 2391 1703 2431 me
1731 2385 1903 2431 trans-

332 2460 481 2531 figat.
514 2460 657 2517 inter
683 2466 796 2518 inec
826 2462 1164 2536 Theophilus
1198 2464 1555 2537 Palaeologus,
1593 2468 1676 2521 vir
1704 2470 1901 2524 catho-

333 2553 505 2609 licus:
528 2553 645 2608 Jam
670 2557 876 2625 perdita
897 2558 1051 2623 urbe,
1073 2574 1178 2623 me,
1204 2560 1398 2629 inquit,
1423 2562 1599 2615 vivere
1616 2577 1723 2616 non
1749 2563 1900 2629 licet;

332 2643 782 2717 Teucrorumque
812 2649 1021 2718 pondus
1044 2652 1364 2720 aliquandiu
1397 2655 1697 2719 sustinens,
1731 2664 1783 2708 et
1812 2658 1901 2711 de-

332 2748 572 2803 certans,
613 2742 789 2796 securi
835 2742 1182 2798 discinditur.
1228 2746 1303 2799 ita
1348 2745 1623 2803 Iohannes
1676 2749 1904 2805 Sciavus

333 2830 604 2903 illyricos,
636 2834 797 2887 veluti
827 2833 1087 2892 Hercules
1109 2851 1167 2892 se
1190 2853 1492 2909 opponens,
1523 2841 1723 2897 multos
1754 2844 1904 2909 prius

334 2932 558 2988 mactat,
595 2926 789 2986 deinde
810 2928 988 2996 gladio
1012 2929 1183 2985 finivit
1208 2932 1375 2986 vitam
1406 2933 1608 2988 hostili.
1658 2935 1728 2990 Se
1762 2936 1904 2988 invi-

2007 434 2188 500 potius
2223 434 2608 494 exterminant,
2657 432 2847 486 oculos
2890 441 3204 485 sanctorum
3250 431 3579 496 sufiodiant,

2005 535 2318 581 sanctorum
2374 536 2595 594 quoque
2653 524 2920 594 reliquias
2970 523 3051 578 vel
3106 523 3443 584 dilacerant,
3496 524 3580 576 vel

2004 617 2329 688 dispergunt
2355 616 2640 686 sacrilega:
2671 629 2904 679 manus;
2942 628 3067 668 mox
3105 621 3295 668 sancta
3328 613 3424 667 Dei
3458 626 3584 666 vasa

2008 712 2293 778 usurpant,
2317 715 2600 778 argentum
2629 721 2937 777 eorumque
2970 716 3077 761 tam
3108 712 3423 760 sanctarum
3452 705 3585 758 ima-

2005 804 2191 873 ginum
2216 841 2229 866 ,
2282 814 2445 869 quam
2477 814 2733 853 vasorum
2781 813 3104 865 sacrorum,
3146 797 3381 852 sacculis
3415 796 3581 850 infer-

2006 896 2178 950 ciunt.
2226 888 2319 949 Fit
2363 895 2568 948 clamor
2610 902 2665 948 et
2706 893 2944 948 ululatus
2989 892 3056 947 ad
3113 892 3353 956 ccelum;
3402 890 3581 945 omnis

2008 1001 2195 1049 sexus.
2242 986 2404 1040 homo
2456 986 2656 1050 omnis,
2706 999 2866 1038 omne
2896 998 3115 1050 aurum,
3149 995 3313 1036 omne
3343 997 3439 1046 aes,
3464 996 3584 1035 om-

2008 1081 2095 1132 nis
2118 1077 2385 1147 supellex,
2415 1077 2704 1145 onmisque
2740 1075 2894 1131 urbis
2923 1076 3233 1132 substantia
3266 1076 3321 1131 in
3347 1074 3582 1145 prmdam

2009 1170 2257 1225 vertitur.
2292 1168 2590 1225 Securibus
2618 1168 2819 1224 scrinia
2846 1168 3140 1234 scindunt;
3174 1166 3373 1220 fundos
3404 1165 3586 1235 perfo~

2010 1265 2167 1317 ditmt
2204 1278 2300 1333 pro
2332 1262 2627 1325 thesauris;
2662 1262 2751 1330 qni
2784 1262 2920 1314 tanti
2955 1261 3322 1329 reperiuntur.
3348 1270 3400 1312 et
3432 1261 3582 1318 novi,

2009 1368 2063 1410 vt
2094 1366 2323 1420 veteres,
2360 1366 2417 1409 ut
2460 1355 2607 1409 nulla
2658 1356 2729 1409 sit
2772 1355 2898 1409 urbs
2947 1367 2977 1408 a
3012 1354 3219 1410 saeculo
3267 1369 3387 1422 quae
3420 1353 3583 1405 tantis

2011 1444 2215 1511 affluat,
2265 1458 2320 1502 et
2366 1446 2417 1501 hi
2456 1462 2649 1503 omnes
2688 1447 2995 1503 absconditi
3046 1447 3100 1501 in
3157 1462 3353 1501 manus
3394 1461 3583 1501 eorum

2010 1548 2393 1608 pervenerunt.
2430 1538 2673 1595 OGraaci
2726 1538 2837 1608 jam
2899 1538 3088 1595 miseri
3115 1550 3168 1593 et
3221 1538 3583 1593 miserabiles.

2012 1633 2103 1703 qui
2128 1632 2363 1701 impiam
2419 1632 2719 1700 flngebatis,
2744 1646 2869 1687 ecce
2892 1631 3002 1701 jam
3034 1632 3086 1685 in
3111 1632 3287 1687 lucem
3313 1640 3572 1685 venerunt

2011 1723 2274 1790 thesauri,
2310 1738 2448 1793 quos
2475 1738 2573 1793 pro
2607 1723 2757 1778 urbis
2791 1724 3037 1778 subsidio
3065 1724 3398 1793 denegastis.
3457 1721 3583 1776 Tri-

2007 1816 2115 1871 duo
2142 1816 2308 1885 igitur
2343 1814 2396 1871 in
2434 1813 2667 1884 prtedam
2701 1812 2991 1869 decursum
3027 1815 3302 1869 civitatem
3338 1813 3584 1884 depopu-

2008 1911 2281 1978 latamque
2310 1909 2453 1980 regis
2491 1904 2833 1962 Teucrorum
2861 1907 3053 1961 ditioni
3084 1907 3250 1962 dicati
3290 1907 3580 1961 admodum

2009 2004 2343 2072 relinquunt.
2373 2000 2699 2056 Traducitur
2730 1999 2795 2055 ad
2862 2001 3162 2071 papiliones
3217 2000 3396 2055 omnis
3456 1998 3585 2055 sub-

2006 2098 2207 2154 stantia
2231 2105 2283 2151 et
2303 2095 2504 2167 praeda,
2534 2094 2807 2164 vinctique
2826 2108 3016 2148 omnes
3051 2093 3117 2147 ad
3150 2094 3429 2163 sexaginta
3465 2092 3586 2145 mil-

2008 2193 2077 2245 lia
2120 2190 2341 2244 funibus
2366 2187 2664 2244 Christiani
2700 2186 3048 2256 eaptivantur
3078 2203 3094 2253 ;
3131 2201 3329 2242 cruces
3358 2203 3422 2240 ex
3448 2197 3584 2239 tem-

2008 2286 2219 2354 plorum
2254 2283 2501 2351 apicibus
2530 2280 2940 2351 parietibusque
2961 2279 3163 2335 evulsa:
3195 2279 3425 2349 pedibus
3448 2294 3581 2332 con-

2006 2378 2333 2441 culcantnr;
2368 2377 2641 2431 violantur
2677 2376 2933 2430 mulieres
2965 2390 2980 2439 ;
3016 2373 3254 2443 virgines
3306 2370 3583 2426 defloran-

2008 2484 2095 2526 tur
2123 2489 2138 2539 ;
2168 2486 2349 2525 mares
2379 2469 2609 2537 juvenes
2642 2470 2695 2522 in
2727 2467 3122 2538 turpitudinem
3184 2466 3528 2519 maculantur
3562 2482 3577 2523 ς

2006 2564 2453 2621 sanctimoniales
2475 2578 2538 2616 ac
2562 2560 2781 2629 reliquae
2798 2559 2962 2615 etiam
2981 2574 3101 2630 quae
3120 2566 3445 2628 apparentes
3470 2558 3586 2610 fui-.-

2009 2667 2156 2725 runt,
2198 2659 2325 2713 luxu
2356 2656 2648 2713 fcedantur.
2679 2652 2725 2709 0
2764 2653 2903 2708 Deus
2941 2666 3115 2718 meus,
3182 2667 3344 2721 quam
3407 2652 3581 2705 iratus

2007 2752 2210 2813 videris
2248 2752 2449 2821 Equam
2477 2748 2983 2804 immisericorditer
3032 2734 3227 2800 faciem
3272 2761 3303 2799 a
3332 2743 3585 2798 fidelibus

2008 2845 2248 2899 avertisti
2291 2842 2459 2909 lQuid
2485 2842 2702 2896 dicam?
2725 2841 2908 2896 Sileho
2940 2848 3032 2894 aut
3058 2839 3361 2893 narraboin
3390 2838 3581 2891 Salva-

2006 2946 2178 2993 torem
2236 2945 2289 2991 ct
2342 2946 2560 2991 sanctas
2622 2932 2890 3003 imagines
2941 2930 3120 2985 illatas
3166 2928 3589 2984 contumelias?

334 3032 450 3071 cent
482 3030 669 3087 postea
702 3019 909 3084 nostri,
942 3029 1000 3074 ut
1043 3028 1251 3090 portam
1295 3023 1667 3093 ingrediantur
1690 3066 1706 3091 ,
1748 3042 1903 3081 com-
1928 3035 1974 3095 ο
2012 3043 2171 3099 parce
2196 3028 2348 3091 mihi,
2383 3025 2625 3090 Domine,
2674 3024 2721 3079 si
2754 3034 2861 3078 tam
2905 3021 3107 3077 foedum
3154 3021 3331 3075 scelus
3362 3034 3585 3075 enarra.

339 3110 638 3179 primentes
678 3122 928 3182 pereunt.
965 3112 1177 3180 Quibus
1222 3116 1444 3172 innixus
1473 3117 1769 3188 imperator
1808 3136 1901 3173 ca-

336 3203 470 3256 dens
509 3212 672 3272 atque
715 3217 1026 3273 resurgens,
1085 3204 1368 3271 relabitur,
1402 3215 1456 3260 et
1499 3207 1903 3277 compressione

339 3294 593 3363 princeps
638 3296 824 3363 patria:
859 3310 889 3348 e
923 3296 1032 3349 vita
1082 3295 1365 3365 demigrat.
1413 3296 1701 3352 Perierunt
1741 3298 1905 3368 igitur

337 3402 400 3439 ex
438 3387 638 3440 nostris
666 3384 874 3439 Latinis
914 3398 967 3440 et
988 3385 1192 3442 Graecis
1224 3402 1284 3442 se
1313 3387 1545 3443 invicem
1580 3394 1903 3445 conculcan-

337 3480 486 3532 tibus
518 3476 571 3530 in
606 3486 771 3545 porta:
791 3478 938 3533 exitu
971 3478 1191 3534 circiter
1213 3480 1529 3550 octingenti.
1554 3480 1683 3538 Inde
1706 3482 1902 3538 Teucri

339 3570 507 3622 altum
552 3586 764 3623 murum
802 3569 1187 3637 decurrentes,
1228 3585 1291 3626 ex
1326 3572 1436 3627 alto
1489 3588 1628 3643 quos
1674 3585 1905 3643 possunt

340 3660 603 3731 lapidant,
634 3675 949 3731 cuneusque
996 3664 1120 3717 unis
1163 3661 1391 3718 vocibus
1436 3678 1532 3732 per
1566 3666 1907 3719 antemurale

340 3755 704 3821 descendens,
750 3755 803 3808 in
856 3754 1038 3825 fugam
1090 3771 1283 3811 omnes
1334 3767 1557 3812 nostros
1608 3759 1906 3827 compellit.

343 3847 638 3909 [tumorem
690 3846 1071 3916 jacturamqne
1123 3864 1186 3900 ex
1236 3847 1572 3917 fugientibus
1623 3852 1909 3907 audientes

337 3939 545 3994 Pantus
584 3938 911 4007 Troilnsquc
962 3937 1292 4001 Boclnardi,
1332 3938 1439 3993 viri
1492 3938 1708 4005 Latini,
1758 3945 1911 3998 urbis

337 4035 512 4096 cives,
537 4047 661 4085 cum
691 4031 896 4098 aliquot
920 4028 1123 4084 Gratcis
1150 4030 1388 4085 strenuis
1413 4030 1731 4102 Latinisque
1755 4035 1913 4102 equis

336 4123 666 4187 insidentes,
696 4121 750 4175 in
778 4122 965 4176 hostes
989 4121 1217 4176 vadunt.
1238 4120 1457 4187 Teucri,
1477 4120 1624 4177 forte
1650 4124 1911 4192 majorem

339 4230 653 4272 numerum.
685 4228 847 4283 quam
872 4223 1057 4267 essent
1088 4220 1461 4277 autumantes,
1496 4224 1643 4282 terga
1676 4225 1911 4270 vertunt.

338 4310 543 4365 Paulus
577 4309 629 4362 in
670 4307 935 4362 Teucrum
972 4314 1123 4376 urget
1154 4321 1376 4375 equum,
1411 4307 1705 4374 lanceaque
1738 4325 1906 4362 unum

2006 3122 2050 3179 0
2079 3120 2461 3178 confusionem
2495 3116 2957 3179 Christianorum,
2989 3115 3035 3169 si
3063 3114 3267 3169 Christi
3311 3111 3405 3167 Dei
3436 3112 3587 3177 inju-

2007 3216 2115 3271 rias
2147 3212 2423 3267 vindicare
2450 3208 2726 3264 retardent
2755 3209 2767 3261 !
2804 3205 3002 3261 Sacras
3039 3207 3130 3260 Dei
3163 3214 3216 3259 et
3268 3212 3584 3259 sanctorum

2008 3305 2211 3375 efﬁgies
2244 3303 2411 3355 humo
2439 3307 2794 3368 prosternunt
2827 3315 2842 3351 :
2875 3295 3075 3367 quibus
3106 3310 3289 3364 super,
3331 3309 3439 3348 non
3472 3310 3586 3347 mo-

2007 3399 2077 3453 do
2111 3395 2415 3465 crapulam,
2452 3393 2545 3448 sed
2590 3390 2861 3445 luxuriam
2896 3388 3194 3457 complent.
3246 3386 3583 3442 Crucilixmn

2010 3485 2241 3557 posthac
2280 3498 2374 3553 per
2392 3488 2570 3536 castra
2596 3480 2810 3550 prazviis
2842 3478 3115 3551 tympanis
3156 3477 3464 3532 deludendo
3490 3476 3587 3530 dc-

2008 3588 2253 3651 portant:
2284 3575 2481 3647 sputis,
2507 3572 2880 3643 blasphemiis,
2914 3570 3436 3647 opprobriisiterum
3461 3584 3537 3638 pri
3560 3598 3587 3609 -

2009 3671 2390 3727 cessionaliter
2429 3667 2800 3737 crucifignnt:
2844 3664 3043 3735 pileum
3094 3662 3377 3728 Teucrale,
3441 3662 3585 3732 quod

2012 3762 2275 3818 Zarchula
2310 3768 2526 3826 vocant,
2559 3759 2727 3829 capiti
2757 3764 3212 3827 superponentes,
3241 3753 3541 3809 deridendo
3572 3797 3587 3807 .

2013 3861 2113 3912 ilic
2147 3866 2230 3912 est
2265 3856 2403 3911 Deus
2428 3853 2894 3908 Christianorum.
2914 3849 2959 3906 0
2989 3849 3078 3904 Dei
3107 3848 3423 3919 patientiam
3446 3849 3459 3901 ε
3486 3847 3587 3901 Be-

2015 3966 2082 4004 ne
2105 3948 2309 4003 videris
2349 3948 2544 4007 iratus,
2574 3943 2879 4007 boneJcsu,
2909 3950 2964 3995 ut
2996 3958 3095 4011 pro
3126 3940 3363 4010 peccatis
3387 3944 3589 3993 nostris

2014 4046 2193 4093 tantas
2221 4037 2448 4106 injurias
2475 4036 2669 4090 iterum
2704 4032 2906 4088 toleres
2940 4031 3272 4102 indignatus.

2087 4130 2246 4185 Parta
2289 4138 2469 4184 autem
2504 4127 2756 4191 victoria,
2787 4123 2952 4178 Turci
2997 4123 3359 4178 Bacchanalia
3394 4123 3590 4176 festos-

2019 4240 2125 4293 que
2179 4222 2294 4277 dies
2325 4220 2599 4276 celebrant
2634 4237 2648 4279 :
2678 4217 2879 4290 quibus
2919 4233 3011 4270 rex
3060 4215 3201 4271 forte
3240 4216 3592 4291 temulentior

2024 4318 2201 4371 factus
2229 4314 2551 4384 sanguinem
2585 4312 2799 4367 Baccho
2828 4310 3044 4365 misceri
3072 4308 3241 4362 voluit
3270 4309 3586 4362 humanum.

340 4403 734 4465 transfodiens,
768 4411 993 4457 caeteros
1021 4402 1075 4455 in
1118 4400 1297 4471 fugam
1346 4404 1525 4457 vertit.
1563 4403 1700 4457 Cum
1731 4414 1913 4459 autem
1951 4380 1994 4435 θ
2027 4410 2243 4465 Vocatis
2271 4408 2437 4478 igitur
2468 4406 2535 4460 ad
2571 4421 2627 4461 se
2656 4404 2910 4460 Chirluca
2945 4402 3267 4471 ueterisque
3289 4399 3590 4455 baronibus

337 4514 405 4553 ex
434 4500 548 4550 alto
593 4495 863 4563 lapidibus
903 4494 1287 4558 obruerentur,
1318 4495 1384 4546 ad
1430 4493 1672 4548 Troilum
1703 4511 1717 4548 :
1758 4494 1868 4548 Haa
1898 4496 1911 4548 !

339 4589 530 4660 periit,
578 4586 775 4658 inquit,
821 4587 1037 4652 civitas,
1094 4602 1299 4654 uosque
1340 4585 1501 4642 facile
1556 4588 1625 4643 ab
1676 4588 1912 4643 hostium

340 4680 695 4737 multitudine
729 4678 1079 4740 circumdati,
1115 4692 1263 4747 spem
1294 4676 1417 4731 vitae
1451 4678 1758 4747 perdemus.
1791 4675 1917 4732 flare

338 4790 467 4827 cum
508 4774 733 4833 diceret,
780 4770 955 4825 securi
992 4770 1134 4825 ictus
1178 4770 1232 4823 in
1278 4769 1514 4834 vertice,
1563 4770 1685 4823 fuso
1719 4785 1917 4823 cruore

343 4880 449 4918 tnta
483 4878 607 4919 cum
638 4862 805 4917 fratre
838 4863 902 4917 ad
920 4861 1167 4917 Galatam
1190 4861 1454 4931 confugit.
1483 4860 1526 4916 0
1554 4876 1663 4914 rem
1689 4860 1915 4914 mirabi-

340 4962 449 5014 lem
473 4961 487 5010 !
513 4971 544 5010 o
567 4957 880 5025 Stuporem!
919 4956 1155 5009 Necdum
1185 4954 1422 5009 Phoebus
1444 4955 1591 5008 orbis
1624 4952 1919 5020 perlustrat

344 5047 807 5119 hemiSphmrium,
840 5056 893 5102 et
946 5056 1055 5101 tota
1112 5047 1242 5101 urbs
1274 5062 1301 5098 a
1334 5044 1559 5115 paganis
1595 5043 1645 5097 in
1680 5046 1913 5113 praedam

341 5158 671 5210 Ot-cnpatur.
700 5144 926 5199 Concite
957 5143 1122 5212 igitur
1148 5156 1336 5195 omnes
1364 5139 1571 5209 pedites
1592 5140 1915 5201 decurrunt,

344 5253 596 5308 quosque
628 5238 950 5292 resistentes
996 5233 1172 5304 gladio
1213 5234 1434 5298 feriunt,
1479 5232 1799 5291 imbecilles,
1830 5229 1923 5283 de-

346 5318 608 5397 crepitos,
646 5328 892 5398 leprosos
925 5335 1088 5394 atque
1123 5323 1368 5377 infirmos
1402 5322 1697 5376 trucidant.
1748 5318 1920 5374 Obse-

346 5420 645 5489 quentibns
676 5420 818 5471 viam
862 5424 1088 5486 parcunt
1132 5417 1233 5483 (l).
1293 5412 1659 5468 Sanctissimae
1706 5412 1921 5480 Sophia:

347 5512 733 5566 admirandum
762 5511 1045 5576 templum,
1074 5510 1217 5578 quod
1248 5522 1345 5561 nec
1381 5505 1688 5561 Salomonis
1723 5513 1920 5574 aequat,

348 5603 562 5673 profani
590 5611 754 5672 atque
786 5599 935 5656 infidi
962 5600 1346 5671 ingredientes,
1376 5598 1579 5651 nullam
1608 5596 1782 5651 sacris
1810 5596 1921 5649 aris

416 5720 488 5781 (l)
524 5718 889 5783 Obscmtentinm
922 5718 1033 5771 eius
1062 5724 1283 5781 parcunt.
1321 5719 1539 5769 Bzovius.

2024 4499 2409 4556 consularibus
2437 4496 2804 4565 reprehensis,
2846 4494 2990 4563 quod
3019 4509 3123 4548 non
3157 4494 3460 4548 suasissent
3492 4492 3561 4546 im

2027 4591 2286 4661 peratori,
2320 4588 2403 4642 vel
2440 4602 2627 4657 pacem
2664 4574 2969 4655 petendam,
2998 4585 3079 4639 vel
3105 4583 3337 4638 dandam
3367 4599 3479 4639 sua:
3508 4584 3559 4637 di
3580 4612 3595 4623 ς

2024 4683 2159 4737 tioni
2189 4682 2373 4737 urbem
2399 4698 2414 4739 ς
2441 4678 2715 4743 Chirluca,
2746 4676 2836 4748 qui
2863 4676 3193 4746 cogitaverat
3219 4673 3337 4743 ejus
3364 4676 3591 4745 gratiam

2026 4782 2268 4843 captare,
2314 4772 2579 4824 adversus
2609 4766 2873 4823 Perenses
2905 4766 3250 4836 Venetosque
3285 4769 3377 4835 qui
3418 4781 3589 4829 arma,

2029 4866 2227 4920 milites
2259 4863 2659 4931 consiliumque
2694 4861 2994 4928 dedissent,
3030 4861 3245 4929 culpam
3276 4869 3595 4927 retorquere

2028 4957 2260 5021 curavit,
2311 4967 2543 5024 quorum
2579 4953 2751 5022 gratia
2784 4952 3080 5022 imperator
3118 4952 3481 5005 resistentiam
3519 4949 3596 5003 fe-

2028 5046 2194 5101 cisset
2226 5062 2240 5098 :
2286 5045 2580 5112 volensque
2612 5043 2700 5097 ille
2746 5043 2944 5108 miser,
2979 5042 3069 5111 qui
3118 5056 3332 5109 semper
3366 5040 3593 5108 gloriam

2030 5137 2326 5191 mendaciis
2356 5146 2409 5189 et
2438 5135 2734 5188 schismate
2774 5142 2991 5202 captare
3030 5128 3363 5200 concupivit,
3403 5130 3594 5182 iisdem

2033 5230 2241 5283 artibus
2269 5227 2519 5293 evadere,
2566 5225 2926 5281 Calibasciam
2969 5224 3345 5288 vetustiorem,
3396 5222 3512 5275 loco
3544 5234 3597 5275 et

2029 5319 2316 5389 prudentia
2343 5318 2575 5387 primum
2608 5315 2801 5371 Teucri
2833 5314 3115 5378 baronem,
3143 5314 3377 5367 amicum
3414 5313 3596 5367 admo-

2030 5412 2159 5466 dum
2191 5409 2415 5477 Graecis,
2451 5409 2595 5497 quod
2632 5407 2838 5462 crebris
2884 5406 3074 5459 littetis
3113 5406 3177 5458 ad
3212 5402 3596 5472 imperatorem

2032 5504 2211 5557 missis
2255 5503 2372 5571 ejus
2410 5496 2651 5555 animum
2685 5512 2714 5551 a
2760 5496 2909 5567 pacis
2957 5496 3203 5551 consiliis
3244 5496 3593 5559 detraxisset,

2032 5608 2198 5662 utque
2231 5594 2386 5648 fortis
2431 5601 2597 5646 staret
2627 5588 3008 5659 persuasisset,
3045 5589 3359 5654 accusavit;
3393 5589 3598 5659 epistu-
