4022 6196
406 230 514 292 9¹ο⁶ῒ

1410 193 1771 289 ismonus
1832 229 1889 289 s.
1936 230 2008 290 R.
2047 226 2629 293 acanumaus.
2709 199 2722 210 ’

3553 217 3655 278 9M

409 348 600 414 lasque
639 349 887 398 servatas
944 341 995 396 iu
1051 341 1155 395 fide
1203 339 1314 410 regi
1361 339 1726 409 pra-scutarii.
1782 337 1990 403 Quibus
2023 341 2059 398 Α
2093 351 2239 406 pam,
2278 344 2336 391 ut
2368 352 2473 390 non
2495 336 2782 391 erubescat
2811 334 3014 399 dicere,
3075 319 3264 406 sinum
3315 329 3658 386 Adriaticum

404 434 608 505 oppido
644 441 978 497 commotus,
1039 440 1236 484 terram
1265 429 1434 494 Perse,
1484 429 1670 483 nescio
1723 427 1827 482 nisi
1874 426 1985 482 Deo

404 535 720 592 revocante,
741 534 796 580 et
814 522 1061 578 demoliri
1083 528 1137 575 ct
1151 521 1425 575 trucidare
1442 519 1728 590 disposuit.
1748 518 1990 572 Calibas—

405 622 546 672 ciam
563 635 626 674 ex
652 619 754 672 hoc
775 615 1009 686 primum
1029 612 1270 668 vinctum
1296 613 1596 682 mancipari
1613 613 1771 676 turri,
1794 611 1988 665 deinde

406 709 556 762 omni
587 722 720 762 auro
754 716 803 761 et
836 703 1144 760 substant’a
1185 703 1423 774 privari;
1451 703 1680 772 posthac
1701 703 1754 756 in
1799 703 1992 758 Adria-

407 800 642 869 nopolim
661 797 1001 863 translatum,
1022 796 1131 850 vita
1155 795 1526 865 privarijussit
1550 813 1564 860 ;
1586 797 1740 865 cujus
1763 804 1989 850 mortem

403 873 645 945 iumento
709 890 873 944 ﬂebili
903 905 1046 956 aegre
1076 898 1223 944 totus
1249 890 1525 955 exercitus
1546 889 1688 943 tulit.
1738 892 1807 942 At
1839 888 1995 944 Chir-

405 985 530 1038 luca
581 983 786 1036 malitia
823 998 1038 1053 pinnam
1073 995 1180 1036 non
1209 981 1384 1037 evasit
1415 999 1427 1034 :
1459 983 1551 1051 qui
1579 982 1837 1051 ,protinus
1868 998 1994 1052 per-

402 1078 552 1143 ditis,
589 1075 826 1146 primum
859 1076 912 1130 in
989 1077 1129 1132 bello
1160 1076 1371 1131 duobus
1421 1076 1608 1130 liberis
1669 1076 1988 1144 majoribus,

402 1169 510 1222 alio
557 1168 860 1238 impubere»
901 1169 1056 1223 luxui
1117 1169 1284 1239 regali
1352 1177 1647 1235 reservato,
1699 1183 1991 1238 coramque

403 1263 580 1317 mulis
607 1265 768 1317 tertio
795 1262 904 1316 filio
934 1279 1096 1327 cmso,
1139 1279 1262 1317 eum
1297 1264 1510 1318 caneris
1545 1263 1844 1317 baronibus
1897 1262 1989 1317 de-

405 1355 654 1409 collatur.
689 1355 893 1410 Bailum
930 1356 1112 1409 itidem
1134 1354 1491 1422 Venetorum,
1521 1356 1870 1425 reliquosque
1897 1357 1992 1411 de-

405 1449 578 1502 lectos
615 1450 848 1515 nobiles,
877 1459 931 1502 et
993 1449 1160 1501 filium
1218 1449 1400 1519 gladio
1453 1449 1726 1519 exstingui
1781 1450 1988 1518 jubet:

408 1542 804 1610 consulemque
840 1539 1330 1608 'l‘araconeusium,
1366 1556 1491 1596 cum
1541 1541 1758 1597 duobus
1795 1558 1810 1605 ;
1840 1544 1987 1610 pari-

406 1643 488 1686 ter
519 1637 682 1688 etiam
715 1633 1073 1689 Catltarinum
1105 1635 1501 1701 Contarennm,
1541 1635 1719 1688 virum
1786 1636 1988 1689 barua-

407 1724 718 1790 nissimum,
759 1739 883 1778 eum
917 1739 1012 1778 sex
1045 1724 1319 1779 nobilibus
1347 1724 1586 1791 Venetis,
1621 1725 1732 1791 jam
1755 1728 1987 1794 primum

406 1815 719 1884 redemptis,
763 1827 959 1871 contra
990 1817 1242 1871 omnium
1276 1815 1454 1883 tidem,
1487 1817 1589 1872 nisi
1623 1827 1830 1888 septem
1866 1821 1989 1873 mil-

409 1908 555 1961 libus
581 1923 878 1962 aureorum
912 1911 1078 1963 vitam
1110 1911 1396 1976 emissent,
1426 1920 1600 1964 morte
1653 1913 1841 1979 utique
1862 1910 1993 1966 affe-

409 2001 596 2054 cisset.
623 1999 867 2068 Etrpletis
899 2013 1080 2056 autem
1113 2002 1571 2070 Bacchanalibus,
1611 2020 1877 2060 concessa
1929 2007 1992 2059 li~

409 2093 609 2158 ccntia,
638 2093 856 2149 traditis
885 2094 938 2147 in
963 2095 1333 2162 captivitatem
1356 2096 1580 2164 Graecis,
1603 2097 1742 2152 forte
1759 2099 1992 2169 patriam

319 2209 324 2213 -
411 2198 519 2235 non
555 2183 775 2250 visuris,
827 2183 880 2238 in
914 2200 1040 2238 suas
1087 2188 1340 2253 regiones
1375 2186 1577 2242 Teucri
1620 2201 1992 2247 revertuntur.

481 2273 526 2328 0
560 2274 794 2330 miseros
839 2285 893 2330 et
938 2277 1282 2334 miserabiles
1328 2278 1570 2346 Graacos,
1632 2283 1727 2350 qui
1768 2282 1994 2338 Latinos

410 2367 762 2436 prohibuere,
791 2385 858 2424 ne
883 2385 1035 2425 saera
1063 2382 1488 2442 contrectareut,
1521 2377 1602 2430 vel
1628 2378 1736 2430 aris
1762 2377 1997 2434 libarent

413 2461 552 2525 suis,
586 2475 726 2528 quas
761 2459 872 2530 jam
910 2448 1155 2530 profanis
1191 2475 1244 2519 et
1279 2467 1574 2522 collimosis
1608 2469 1859 2524 dederint
1891 2488 1903 2524 :
1941 2483 1995 2526 et

412 2554 504 2618 qui
569 2555 827 2608 unionem
891 2556 1012 2609 fidei
1071 2567 1562 2628 eomtempserunt,
1609 2560 1723 2630 jam
1773 2578 1994 2634 quoque

413 2643 649 2712 dispersi
695 2645 748 2698 in
787 2662 955 2700 unum
992 2648 1200 2717 peccati
1221 2664 1380 2718 ptena
1413 2652 1709 2708 convenire
1743 2668 1854 2708 non
1873 2670 1997 2724 pos-

413 2744 563 2791 su'nt.
615 2736 738 2792 Haec
791 2741 1056 2810 recogita,
1091 2739 1255 2796 Pater
1301 2743 1640 2811 beatissime,
1692 2745 1788 2816 qui
1850 2748 1998 2822 vices

322 2891 334 2903 Χ
420 2827 626 2882 Christi
673 2830 1098 2898 ger-isiuterrts,
1133 2835 1294 2901 cujus
1321 2832 1550 2888 interest
1575 2841 1759 2889 tantas
1786 2833 1998 2892 Christi

411 2926 472 2970 ct
495 2917 734 2974 fidelium
762 2921 996 2989 injurias
1025 2923 1241 2978 ulcisci.
1268 2922 1482 2978 Moveat
1504 2933 1557 2978 te
1582 2925 1764 2979 divina
1794 2927 1992 2995 pietas,

412 3017 470 3062 ct
497 3008 762 3066 miserere
805 3011 1241 3070 Christianitatis
1285 3024 1408 3083 tum,
1442 3017 1534 3087 qui
1562 3020 1671 3073 scis
1702 3026 1756 3073 et
1786 3030 1939 3088 potes
1976 3035 2002 3082 :_

348 3153 362 3163 ,
416 3100 505 3154 cui
537 3101 606 3156 ad
646 3114 843 3158 nutum
879 3121 1072 3162 omnes
1105 3105 1407 3163 Christiani
1445 3109 1723 3179 principes
1759 3111 1998 3166 vindica-

418 3195 526 3250 turi
556 3195 1000 3254 Christianorum
1035 3199 1266 3269 injurias
1311 3200 1472 3257 facile
1517 3204 1995 3274 obtemperabuut.

417 3287 572 3344 Alias
591 3290 726 3348 scito
749 3290 1022 3347 Teucrum
1048 3292 1102 3348 in
1130 3303 1334 3348 tantam
1352 3294 1464 3363 jant
1487 3297 1825 3366 superlatum
1851 3282 2002 3368 pom-

2089 438 2391 498 penctrare,
2421 428 2758 498 Romamque
2784 442 2842 482 se
2865 425 3047 482 venire
3071 424 3226 479 velle.
3258 422 3471 479 Moveat
3500 420 3660 491 igitur

2092 529 2142 574 te
2182 521 2398 586 iterum,
2443 519 2603 575 Pater
2639 519 2978 584 beatissime,
3015 516 3147 572 fides
3185 524 3240 571 et
3275 515 3432 570 sedes
3475 513 3658 576 Petri;

2091 623 2306 666 moveat
2331 611 2534 667 Christi
2559 610 2903 667 iuconsutilis
2927 608 3182 674 amictus,
3205 605 3454 676 spongia,
3477 612 3533 657 et
3553 618 3666 656 mu-

2093 720 2186 761 cro
2213 705 2432 774 perditi,
2459 703 2770 760 dilacerata:
2791 711 3105 757 sanctorum
3129 698 3394 768 reliquiae,
3417 695 3559 751 aedes
3580 711 3668 750 sa-

2094 813 2202 852 crae
2239 812 2468 863 eversae,
2499 805 2556 853 et
2583 797 2866 867 profanata
2907 793 3268 864 sterquiliniis
3300 791 3396 846 Dei
3437 791 3661 860 templa.

2166 891 2271 946 Sed
2303 889 2427 945 vide
2460 903 2764 945 connexam
2784 889 3226 958 pariterjacturae
3258 891 3666 952 tempestatem,

2095 993 2154 1038 ut
2182 983 2449 1038 Perenses
2480 981 2608 1037 dum
2650 981 2838 1036 urbem
2882 989 3093 1049 captam
3119 977 3328 1042 vident,
3390 975 3444 1029 in
3485 974 3668 1043 fugam

2094 1075 2250 1144 quasi
2289 1083 2536 1128 amentes
2569 1081 2869 1126 vertantur.
2931 1071 3091 1125 Fiunt
3146 1067 3368 1138 exipsis
3402 1065 3494 1136 qui
3533 1080 3672 1118 non-

2097 1171 2225 1224 dum
2251 1183 2420 1223 naves
2446 1165 2810 1225 ascenderant
2837 1165 3172 1218 Teucrorum
3203 1160 3362 1215 fustis
3393 1159 3460 1213 ad
3491 1157 3669 1228 ripam

2096 1263 2544 1328 incursantibus,
2605 1261 2662 1315 in
2711 1260 2948 1331 praedam
2993 1277 3006 1312 :
3068 1259 3416 1327 captivantur
3467 1264 3672 1308 matr-cs

2094 1355 2288 1411 liberis
2323 1354 2528 1409 relictis
2553 1364 2606 1408 et
2671 1365 2916 1408 econtra.
2967 1352 3070 1406 Alii
3113 1364 3331 1420 aequore
3369 1348 3665 1416 compressi

2097 1457 2435 1519 merguntur,
2473 1461 2700 1516 gemma:
2732 1454 3088 1514 sparguntur,
3151 1453 3204 1514 et
3239 1441 3472 1496 invicem
3504 1457 3564 1493 se
3589 1437 3666 1507 ip.

2097 1558 2189 1596 sos
2214 1542 2330 1596 sine
2350 1541 2551 1610 pietate
2573 1540 2920 1608 praedantur:
2954 1544 3011 1590 ut
3047 1551 3232 1590 verum
3291 1535 3382 1598 sit,
3413 1529 3558 1601 quod
3589 1535 3669 1581 lu—

2097 1636 2175 1705 git
2209 1635 2430 1704 impius,
2462 1635 2677 1688 neruine
2708 1639 3088 1701 persequente.
3129 1629 3269 1694 Quid
3287 1627 3460 1682 dicam
3487 1625 3670 1692 ?opo-

2095 1737 2262 1784 testas
2291 1728 2443 1784 Pera:
2485 1729 2501 1782 ι
2538 1741 2569 1782 o
2603 1741 2829 1797 pravum
2863 1733 2916 1780 et
2949 1723 3226 1780 insnlsum
3279 1730 3497 1775 tuorum
3537 1733 3666 1771 con-

2095 1821 2301 1876 silium.
2395 1851 2406 1862 κ

2165 1917 2426 1970 Oratores
2492 1926 2699 1970 terrore
2757 1912 3011 1969 concussi
3079 1926 3108 1965 a
3163 1909 3491 1965 Perensibus
3558 1908 3664 1979 regi

2095 2020 2154 2063 ut
2182 2009 2360 2064 claves
2384 2007 2639 2073 oﬂerant,
2684 2007 2996 2062 mittuntur.
3038 2007 3134 2061 llle
3191 2001 3550 2075 pcrjucunde,
3584 2003 3667 2056 ln-

2098 2101 2348 2169 telligens
2394 2099 2539 2169 quod
2579 2107 2902 2166 potestatem
2951 2113 3058 2152 non
3121 2096 3376 2161 habeant,
3416 2095 3672 2164 suscipit,

2096 2194 2151 2246 in
2193 2207 2492 2261 servosque
2542 2190 2840 2246 foederatos
2890 2199 3156 2259 acceptat.
3201 2189 3499 2245 Constituit
3531 2187 3672 2242 Teu-

2096 2300 2250 2339 (ει-ιλιι)
2284 2294 2590 2348 rectorem;
2622 2283 2853 2342 ascribit
2883 2282 3015 2338 fisco
3044 2283 3286 2336 omnium
3319 2283 3668 2351 perfugerunt

2097 2376 2454 2431 substantiam
2482 2394 2496 2429 :
2521 2385 2699 2430 turres
2755 2391 3082 2443 murumque
3141 2375 3378 2429 civitatis
3410 2374 3551 2428 dirui
3585 2376 3670 2442 ju-

2099 2467 2642 2535 betzobtempcrant,
2686 2477 2738 2522 et
2783 2482 2842 2521 se
2859 2479 2917 2520 ut
2959 2467 3091 2523 salvi
3135 2469 3269 2529 sint,
3332 2467 3382 2521 ei
3426 2457 3675 2534 neglecto

2097 2557 2301 2612 Genuae
2343 2558 2603 2612 mandato
2636 2559 2974 2628 ntancipaut,
3029 2560 3332 2628 turrimque
3396 2559 3454 2613 in
3514 2559 3675 2628 cujus

2099 2653 2348 2706 acumine
2381 2651 2584 2707 Christi
2617 2652 2833 2720 signum
2875 2654 3079 2714 crucis.
3116 2668 3143 2705 a
3212 2669 3322 2722 quo
3351 2664 3405 2707 et
3429 2653 3676 2707 denomi-

2101 2747 2356 2809 nabatur,
2409 2761 2586 2814 usque
2627 2747 2693 2800 ad
2754 2745 3338 2819 fundamenta’evcrti
3387 2748 3672 2802 tolerant:

2103 2839 2294 2907 sicque
2331 2838 2424 2908 qui
2454 2838 2612 2892 liberi
2654 2850 2829 2903 erant,
2886 2854 3186 2910 pacemque
3225 2840 3520 2905 tenebant,
3559 2839 3678 2910 jam

2103 2933 2249 2988 servi
2281 2940 2410 2986 sunt
2439 2946 2550 2987 non
2586 2931 2706 2987 sine
2741 2932 3102 3002 paenitudine,
3125 2947 3154 2986 a
3179 2949 3286 3003 qua
3319 2932 3406 2987 vix
3431 2948 3671 3003 unquam

2095 3023 2314 3079 liberari
2344 3024 2759 3093 poterunt,.nisi
2791 3039 2884 3091 per
2907 3036 2958 3079 te
2985 3034 3037 3080 et
3061 3039 3128 3080 ex
3157 3034 3208 3080 te
3241 3027 3495 3094 pontifice
3519 3043 3676 3083 Sllnl-

2098 3131 2222 3180 mo;
2264 3131 2424 3184 quem
2455 3125 2514 3170 ut
2549 3116 2688 3173 Deus
2726 3118 2932 3174 animet
2965 3120 3031 3173 ad
3071 3119 3403 3182 vindictam.
3449 3135 3675 3175 oramus

2105 3208 2367 3264 ﬁdentius
2389 3249 2404 3272 ,
2444 3211 2829 3280 supplicesque
2865 3227 3173 3296 precamur.
3218 3213 3412 3268 Datum
3436 3229 3502 3270 ex
3536 3213 3680 3268 Chio

2105 3298 2173 3356 16
2211 3301 2468 3368 Augusti,
2513 3300 2792 3357 MCDLill.
3113 3297 3120 3302 ’

425 3457 3675 3526 m

561 3641 1456 3868 Ismenus
1573 3649 1735 3807 s.
1837 3655 2012 3803 Β.
2094 3656 2273 3804 Ε.
2379 3619 3532 3823 CARDINALIS

1779 4083 2332 4176 NOTITIA.

1339 4253 1573 4320 Purpura
1594 4257 1755 4318 docta,
1780 4257 2021 4310 Monachii
2057 4261 2196 4325 ΠΗ,
2235 4269 2378 4326 parte
2420 4263 2506 4326 ιιι,
2547 4266 2765 4336 p.105.)
2837 4341 2840 4348 Α

495 4537 742 4594 Isidorus
805 4534 1320 4596 Thessalonicensis
1354 4581 1370 4608 ,
1432 4548 1741 4602 monachus
1805 4547 2069 4622 Sanctia
2101 4557 2384 4612 Sarmatiae
2413 4559 2733 4631 populorum
2790 4560 3056 4627 moribus,
3127 4563 3233 4619 ritu
3298 4579 3363 4620 ac
3417 4565 3679 4638 religione

424 4629 612 4697 Blasii,
641 4639 697 4685 et
731 4630 899 4686 abbas
924 4631 1111 4688 Sancti
1145 4630 1406 4687 Demetrii
1426 4633 1998 4709 Constantinopolita-

425 4715 982 4790 ni.archiepiscopus
1045 4721 1446 4792 Ruthenorum,
1505 4741 1630 4781 cum
1686 4731 1754 4785 ad
1817 4735 2003 4788 conci-

423 4815 558 4870 lium
583 4812 959 4868 Florentinum
987 4815 1040 4867 in
1070 4819 1352 4872 consortio
1376 4817 1719 4877 Bcssarionis
1747 4825 2003 4891 venisset,

426 4921 494 4961 ac
525 4906 814 4974 utriusque
873 4905 1073 4971 virtus,
1115 4909 1364 4965 doctrina
1405 4921 1459 4966 et
1493 4911 1666 4981 pietas
1699 4930 1805 4969 non
1841 4920 2004 4973 modo

425 4999 530 5070 ipsi
572 4998 820 5070 pontifici
855 4999 1128 5066 ilomano,
1163 5005 1255 5057 sed
1307 5015 1360 5058 et
1398 5007 1493 5060 ιοιί
1559 5008 1793 5064 concilio
1842 5026 2004 5080 quam

427 5093 661 5149 maxime
689 5092 1034 5163 probaretur,
1086 5095 1247 5150 ambo
1283 5099 1354 5150 ab
1415 5097 1654 5168 Eugenio
1673 5099 1764 5166 IV,
1798 5105 1847 5156 in
1885 5105 2006 5172 ipso

426 5187 650 5240 Patrum
683 5199 948 5242 consessu
995 5187 1047 5241 in
1080 5203 1300 5243 sacrum
1337 5200 1588 5246 senatum
1649 5196 1828 5249 allecti
1854 5208 2005 5261 sunt,

427 5277 671 5331 lsnlorus
719 5277 935 5346 quidem
988 5279 1090 5333 sub
1147 5281 1305 5335 titulo
1352 5283 1656 5353 presbyteri
1715 5289 2007 5343 cardinalis

426 5366 690 5422 SS.Pctri
711 5380 761 5420 et
792 5367 1092 5424 Marcellini
1125 5388 1138 5436 ;
1179 5370 1470 5428 Bessarion
1535 5386 1848 5432 sanctorum
1912 5381 2004 5435 ΧΗ

428 5458 839 5526 Apostolorum.
872 5459 1051 5513 Refert
1074 5462 1381 5518 Alexander
1415 5464 1694 5534 Guagnins
1727 5468 2002 5524 Veronen-

429 5549 506 5601 sis
538 5551 590 5603 iu
624 5566 722 5605 sua
780 5551 1063 5608 Sarmatiae
1103 5543 1334 5624 Ειιτοιιὲε
1382 5558 1778 5627 descriptione,
1808 5562 1898 5616 ubi
1936 5563 2002 5619 dc

431 5640 831 5709 itutheuorum,
887 5643 1308 5700 Moscovitarum
1369 5651 1707 5721 aliorumque
1756 5655 2000 5724 ejusdem

2108 4649 2238 4720 agit,
2278 4650 2542 4705 lsidorum
2595 4652 2950 4719 cardinalem,
3013 4664 3299 4728 postquam
3358 4657 3413 4711 in
3477 4659 3685 4728 synodo

2111 4742 2422 4798 Florentina
2451 4745 2725 4801 Ecclesias
2757 4745 3118 4814 Ruthenicas,
3187 4747 3416 4817 abjectis
3470 4749 3685 4804 Cra-co-

2114 4853 2230 4890 rum
2257 4839 2474 4904 ritibus,
2516 4855 2642 4894 cum
2675 4837 2922 4894 Romana
2961 4839 3206 4896 Ecclesia
3236 4841 3527 4909 univisset,
3558 4858 3686 4912 pon-

2114 4924 2275 4978 tilicis
2305 4925 2462 4995 jussu
2483 4931 2533 4980 in
2555 4925 2810 4982 Russiam
2837 4944 3138 4997 reversum,
3194 4929 3380 5000 ibique
3399 4947 3527 4986 cum
3562 4949 3687 5004 pro-

2113 5019 2348 5086 positum
2382 5029 2644 5082 suum,et
2691 5037 2801 5075 rem
2841 5022 2952 5090 jam
3000 5024 3314 5080 conclusam
3367 5036 3685 5097 exponeret,

2110 5127 2316 5181 eosque
2345 5127 2408 5166 ex
2457 5113 2620 5168 verbo
2668 5113 2760 5168 Dei
2824 5116 2890 5168 ad
2949 5118 3214 5172 unitatem
3262 5125 3316 5173 et
3337 5121 3684 5175 concordiam

2111 5204 2236 5259 fidei
2255 5205 2572 5271 instrueret,
2592 5217 2835 5277 captum,
2853 5219 2905 5264 et
2923 5210 3081 5265 bonis
3116 5200 3376 5266 omnibus
3395 5215 3684 5282 spoliatum

2113 5299 2163 5349 in
2201 5313 2474 5364 carcerem
2495 5301 2802 5369 conjectum
2868 5319 3007 5358 esse.
3059 5303 3232 5358 Fuere
3269 5319 3504 5374 namque
3533 5305 3567 5360 ii
3599 5319 3687 5374 po-

2113 5387 2249 5456 puli,
2279 5403 2341 5441 cx
2368 5403 2476 5458 quo
2502 5392 2665 5444 semel
2704 5392 2936 5456 ritus,et
2969 5410 3186 5450 errores
3241 5395 3557 5450 Gracorum
3590 5397 3686 5448 im-

2114 5477 2385 5542 biberunt,
2415 5480 2548 5534 adeo
2577 5498 2763 5536 eorum
2783 5493 3001 5540 tenaces
3021 5488 3427 5556 observatores,
3495 5499 3554 5546 ut
3574 5487 3688 5542 uul-

2112 5566 2178 5620 lis
2232 5576 2553 5622 caeterorum
2623 5569 2903 5629 Grzecismi
2958 5576 3330 5645 professorum
3401 5581 3681 5644 cesserint,

2111 5657 2298 5712 multis
2318 5663 2478 5714 etiam
2510 5668 2912 5726 praecesserint.
