4022 6196
1496 262 1564 278 σφα

352 390 458 451 94⁸5

1828 410 2157 477 ΝΟΤΙΤΙᾹ.

3487 398 3616 510 eis

431 497 722 603 Dclsidori
781 515 934 603 vero.
963 503 1260 603 cardinalis
1302 508 1425 565 vitae
1466 511 1732 581 periculo,
1780 515 1934 572 aliis-
1963 534 2010 592 Α
2110 522 2326 579 Ellluxit
2351 525 2548 582 deinde
2573 541 2679 582 non
2732 544 2956 600 parvum
2999 508 3235 601 tempus,
3299 531 3351 587 in
3377 547 3488 603 quo
3517 498 3616 588 nec

355 608 463 660 que
492 592 756 648 :ermnnis
785 595 935 664 apud
961 595 1243 656 Ruthenos
1295 605 1572 672 perpessis
1616 605 1934 665 distinctius

356 697 524 752 agens
552 682 878 753 Michovius,
907 687 984 742 ait
1036 702 1159 744 eum
1221 705 1372 747 anno
1413 694 1620 750 lﬂOin
1677 696 1932 753 Russiam

358 776 586 829 missum
641 792 750 831 una
801 792 924 834 cum
971 779 1359 850 diplomatibus
1402 788 1718 856 apostolicis
1759 790 1936 859 plum-

356 866 494 927 beis.
527 869 948 937 ctimperatoris
978 871 1564 946 Constantinopolitani
1613 879 1796 935 aureis
1852 882 1936 935 in-

357 968 534 1012 trasse
562 958 616 1012 in
650 956 893 1014 Sandeclt
923 961 1179 1032 oppidum
1215 965 1448 1023 Poloniae
1480 968 1614 1024 feria
1669 969 1734 1026 Vl
1773 970 1935 1026 Para-

354 1064 562 1115 sceves,
593 1051 772 1121 ibique
796 1068 897 1133 per
921 1053 1213 1125 Sbigneum
1245 1061 1558 1133 episcopum
1611 1063 1933 1121 Cracovien-

354 1155 468 1194 sem
498 1140 735 1212 hospitio
766 1130 1176 1215 perhumaniter
1241 1130 1410 1210 fuisse
1432 1130 1727 1226 receptum,
1783 1169 1836 1214 et
1863 1160 1930 1212 ad

354 1229 740 1288 Celebrandum
769 1236 972 1303 divina,
1023 1254 1171 1296 more
1229 1256 1330 1297 suo
1394 1243 1603 1310 Graeco,
1650 1254 1912 1316 tanqua'n

356 1324 612 1379 Eeclesite
637 1324 898 1382 Romana:
922 1326 1252 1395 reunitum,’
1276 1333 1573 1390 admissum
1656 1336 1926 1392 Unionem

355 1425 533 1472 tamen
565 1417 712 1472 illam
739 1417 993 1491 Ecclesia)
1025 1422 1234 1480 Latina:
1265 1440 1389 1480 cum
1442 1425 1630 1482 Graeca
1680 1429 1930 1484 brevius-

355 1504 478 1560 cnle
503 1507 754 1572 durasse.
791 1509 1018 1575 Graecis,
1070 1521 1125 1568 et
1159 1513 1425 1572 Ruthenis
1469 1517 1614 1572 illam
1652 1517 1930 1574 irridenti-

356 1595 481 1658 bus.
515 1605 568 1652 et
594 1603 928 1671 contemptui
957 1603 1305 1673 habentibus,
1369 1616 1530 1678 atque
1599 1606 1746 1675 inde,
1797 1610 1924 1664 dntn

355 1685 600 1744 Isidorus
624 1690 920 1748 cardinalis
949 1694 1018 1750 ad
1056 1712 1189 1752 suos
1254 1699 1623 1770 suﬂ‘raganeos
1688 1702 1742 1755 in
1786 1700 1925 1756 Rus-

356 1778 518 1843 siam,
544 1794 608 1835 ac
640 1781 918 1839 Moscham
961 1787 1220 1852 venisset,
1248 1799 1302 1845 et
1359 1791 1506 1845 illam
1557 1793 1808 1847 unionem
1848 1793 1926 1849 eis

2039 613 2518 684 llungari’l‘ureas,
2555 636 2650 675 me
2687 620 2877 678 Turcre
2906 623 3190 696 l'lnngaros
3236 627 3405 682 armis
3440 628 3608 683 laees-

2038 721 2159 762 sere
2183 722 2650 780 praesumpserunt
2680 728 2694 764 :
2727 729 3126 794 suaquemque
3147 715 3431 772 calamitas
3464 717 3608 772 domi

2036 799 2330 855 attonitum
2361 803 2574 859 tenuit:
2631 805 3012 861 cruentissima
3067 807 3267 877 quippe
3307 806 3605 862 Varncnsis
3671 860 3674 861 ν

2037 904 2212 960 pugna
2245 891 2394 949 vires
2417 895 2700 965 utriusque
2719 897 2888 966 partis
2919 900 3168 954 eliserat.
3228 900 3342 955 Nec
3386 899 3604 968 Turcis,

2035 996 2212 1048 neque
2240 981 2518 1053 llungaris
2553 1001 2620 1040 ex
2656 987 2796 1042 bello
2827 987 3058 1045 idoneus
3112 1000 3231 1045 erat
3272 1008 3288 1057 ;
3357 992 3459 1047 hos
3492 992 3604 1046 llno

2036 1070 2249 1137 niades,
2313 1074 2436 1130 illos
2496 1075 2780 1133 Calibassa
2833 1079 3010 1133 alieno
3066 1079 3282 1134 nomine
3334 1079 3606 1150 guberna-

2035 1165 2744 1232 vit:ferociorllnniades.
2805 1171 2993 1240 reique
3050 1171 3303 1228 militaris
3361 1172 3606 1242 peritior,

2035 1258 2389 1325 ignominiam
2424 1259 2620 1316 Varnaa
2647 1272 2923 1339 acceptam
2957 1262 3202 1318 oblivisci
3263 1279 3370 1318 non
3403 1272 3604 1332 potuit.

2033 1349 2192 1404 Unde
2220 1349 2338 1404 dies
2374 1360 2676 1424 noctesque
2709 1354 3093 1420 meditabatur,
3153 1369 3390 1423 quonam
3455 1364 3606 1425 pacto

2032 1438 2247 1494 abolere
2269 1440 2644 1506 infamiam,et
2672 1444 2941 1500 resarcire
2979 1445 3174 1500 damna
3217 1448 3451 1501 maxime
3486 1462 3605 1517 pos-

2031 1539 2133 1588 set.
2170 1532 2328 1600 Spem
2359 1534 2498 1589 bene
2527 1535 2777 1605 gerendae
2809 1537 2887 1590 rei
2915 1535 3218 1592 Turcarum
3284 1539 3440 1608 quies
3472 1554 3608 1608 pra»

2031 1621 2171 1687 buit,
2211 1624 2305 1693 qui
2329 1622 2440 1693 jam
2469 1625 2680 1696 pridem
2716 1627 2924 1681 nttllum
2977 1628 3099 1683 belli
3164 1641 3482 1699 apparatum
3517 1624 3607 1684 os;

2031 1714 2338 1778 tenderant,
2372 1715 2516 1772 vires
2547 1717 2655 1772 illis
2727 1730 2890 1788 atque
2942 1721 3159 1774 animos
3225 1720 3467 1776 defuisse
3526 1737 3607 1776 ra-

2029 1815 2139 1868 tus,
2162 1815 2370 1877 tempus
2395 1807 2649 1863 idoneum
2681 1811 3018 1866 existimavit
3073 1812 3128 1868 in
3190 1827 3299 1882 quo
3327 1815 3608 1884 pristinam

357 1869 698 1976 Ρτὲάίοθιὶθι,
727 1889 825 1944 ΡΘΓ
848 1877 1120 1948 ρι-ῑηείρεε
1136 1879 1367 1936 Mosella!
1387 1894 1627 1952 captum.
1649 1892 1701 1938 et
1727 1884 1780 1938 in
1807 1899 1928 1938 επ·
2035 1869 2359 1966 recuperare
2385 1899 2612 1966 gloriam
2670 1911 2874 1971 posset,
2931 1869 3254 1975 Turcasque
3282 1869 3604 1976 pessumda-

356 1975 484 2018 cere
521 1965 817 2029 reclusum.
844 1969 1010 2024 rebus
1069 1971 1325 2028 omnibus
1367 1975 1656 2043 spoliatum
1719 1975 1920 2031 fuisse:

353 2052 482 2108 inde
513 2063 692 2110 tamen
731 2059 891 2126 paulo
919 2071 1063 2130 post,
1099 2061 1316 2120 favente
1353 2065 1488 2134 Deo,
1511 2065 1632 2139 fuga
1657 2067 1922 2138 elapsum,

354 2140 582 2200 Romam
606 2145 852 2205 rediisse.
881 2150 1004 2208 llaec
1035 2154 1357 2211 Michovins.

424 2235 744 2296 Transactis
771 2245 1053 2301 nonnullis
1095 2246 1284 2304 Romae
1313 2250 1612 2316 mensibus,
1682 2250 1925 2308 lsidorus

357 2331 427 2392 ab
457 2331 702 2403 Eugenio
727 2334 1253 2408 Constantinopolim
1283 2342 1484 2398 missus
1515 2351 1599 2398 est
1623 2343 1832 2412 legatus
1853 2344 1920 2398 ad

356 2421 766 2492 imperatorem,
799 2436 857 2481 ut
897 2431 1269 2496 concordiam,
1331 2441 1383 2488 et
1433 2433 1756 2490 Christianze
1799 2437 1918 2490 fidei

353 2514 556 2580 fmdus,
589 2518 949 2587 quamCrmci
982 2535 1106 2576 cum
1129 2521 1321 2578 Latina
1359 2523 1600 2580 Ecclesia
1634 2526 1920 2582 Florentiae

352 2606 520 2669 semel
545 2606 776 2676 professi
810 2609 1050 2680 fuerant,
1083 2628 1182 2667 sua
1233 2615 1637 2685 adhortatione,
1687 2634 1923 2687 praesen-

353 2694 538 2764 tiaque
588 2707 792 2753 sartatn
831 2708 1030 2756 tectam
1082 2713 1349 2759 servaret.
1404 2704 1617 2761 lllortuo
1657 2706 1916 2778 Eugenio.

352 2785 457 2847 sub
483 2801 803 2844 successore
832 2789 1055 2845 Nicolao
1076 2792 1136 2856 V,
1173 2793 1366 2848 eodem
1404 2811 1631 2864 munere
1666 2796 1916 2864 fungens,

352 2877 426 2932 ibi
454 2882 770 2948 permansit,
804 2881 998 2937 unitati
1034 2884 1112 2938 illi
1143 2887 1427 2941 servandae
1453 2903 1668 2943 omnem
1698 2904 1916 2958 cperam

351 2969 640 3026 adhibens.
665 2970 732 3024 At
763 2987 886 3027 cum
921 2971 1096 3028 (ἕτεεεί
1146 2976 1502 3033 nihilominus
1556 2981 1608 3032 in
1643 2982 1917 3048 perfidiam

352 3068 514 3131 atque
537 3061 779 3117 literesim
843 3063 986 3120 ftede
1043 3067 1236 3137 relapsi
1305 3067 1552 3136 fuissent,
1614 3073 1916 3128 certissima

352 3153 683 3211 vindicatttis
706 3154 956 3213 Numinis
987 3160 1267 3228 punitione
1294 3162 1494 3215 factum
1547 3174 1652 3226 est,
1688 3175 1744 3218 ut
1805 3182 1913 3220 non

358 3245 528 3299 multo
559 3256 702 3316 post,
719 3247 807 3304 die
833 3250 1042 3306 scilicet
1068 3251 1292 3320 Spiritui
1317 3261 1510 3309 sancto
1539 3269 1696 3309 saera
1736 3257 1914 3326 (cujus
1942 3231 1985 3287 ϐ

355 3351 450 3404 per
479 3353 746 3395 summam
782 3341 1114 3410 impietatem
1174 3345 1581 3411 processionem
1633 3362 1696 3400 ex
1751 3347 1912 3404 Patre

351 3439 402 3484 et
429 3429 568 3485 Filio
589 3433 1056 3504 impugnaveraut,
1077 3435 1415 3491 validissimo
1438 3436 1628 3492 Ttll'CiB
1649 3441 1916 3494 succincti

353 3524 617 3588 exercitu,
646 3523 1205 3597 Constantinopolim,
1239 3527 1538 3584 Orientalis
1562 3519 1775 3600 imperii
1828 3547 1916 3586 ra-

355 3623 470 3683 pttt,
500 3623 554 3668 et
583 3615 766 3670 sedem
785 3626 1190 3688 expugnarent,
1220 3628 1276 3674 et
1299 3629 1513 3689 captam
1555 3637 1725 3690 usque
1751 3621 1816 3674 ad
1838 3626 1919 3676 itt-

355 3707 717 3761 tcruecionem
742 3709 968 3763 barbara
988 3711 1326 3767 humanitate
1362 3721 1662 3766 vastarent.
1715 3712 1790 3767 De
1818 3730 1918 3768 cu-

350 3800 440 3869 jus
481 3801 820 3854 memorabili
855 3802 1091 3866 excidio,
1145 3808 1405 3872 quoniam
1429 3805 1514 3858 hic
1550 3805 1699 3860 locus
1721 3822 1920 3876 oppor-

357 3905 518 3948 tunus
538 3893 772 3958 videtur,
809 3895 985 3950 fusius
1018 3896 1312 3961 disserere,-
1373 3898 1514 3951 hand
1568 3900 1807 3954 alienum
1853 3900 1923 3954 ab

355 3987 604 4041 instituto
631 3987 907 4042 existimo.
928 3985 1130 4041 Verum
1163 3988 1411 4044 historiae
1445 3990 1638 4056 series,
1667 4000 1726 4044 ut
1754 3991 1921 4059 probe

354 4078 706 4150 intelligatur,
733 4078 896 4148 paulo
928 4079 1095 4134 altius
1124 4080 1421 4148 repetenda
1467 4083 1637 4135 venit.

423 4168 553 4223 Post
575 4177 859 4224 cruentam
921 4169 1068 4222 illam
1100 4186 1358 4240 pugnam,
1391 4185 1551 4240 quam
1574 4172 1640 4226 ad
1686 4171 1920 4228 Varnam

351 4261 556 4315 editam
591 4275 758 4328 supra
809 4260 862 4314 in
912 4259 1028 4314 Vita
1058 4259 1260 4314 Juliani
1323 4261 1618 4318 cardinalis
1653 4277 1922 4318 memora-

353 4351 570 4416 vimus,
622 4351 956 4407 Amurathes
1011 4350 1332 4420 Turcarum.
1382 4354 1673 4423 imperator
1732 4354 1924 4408 Adria-

349 4442 592 4513 nopolim
622 4457 894 4507 reversus,
930 4442 1039 4497 Deo
1074 4459 1174 4497 suo
1204 4459 1325 4512 qua:
1361 4444 1532 4499 victor
1563 4445 1784 4510 fecerat,
1821 4461 1920 4500 vo-

2035 2002 2114 2050 re,
2147 1988 2345 2056 quibus
2375 1990 2419 2045 si
2459 1991 2640 2047 adsint
2674 1995 2971 2059 exercitus,
2996 1995 3386 2065 imperatorem
3423 2007 3605 2053 tamen

2032 2093 2253 2147 prorsus
2285 2080 2600 2138 defuturum
2627 2085 3015 2152 arbitrabatur,
3053 2101 3153 2143 nec
3182 2089 3356 2157 magis
3417 2090 3608 2144 exiSti-

2033 2171 2290 2227 mandum
2313 2177 2608 2230 exercitum
2642 2177 2761 2232 sine
2789 2179 2945 2243 duce,
3011 2193 3172 2248 quam
3227 2181 3415 2236 ducem
3448 2195 3607 2235 exer-

2029 2264 2139 2318 cltu
2171 2275 2468 2320 carentem.
2503 2266 2722 2323 Coactis
2778 2269 2959 2339 itaque
3007 2280 3227 2340 repente
3294 2272 3468 2347 copiis
3536 2288 3604 2326 ex

2032 2356 2324 2427 llungaria,
2383 2361 2668 2418 accersitis
2709 2363 2873 2418 etiam
2930 2363 3292 2437 Bohcmorum
3358 2365 3606 2428 auxiliis,

2030 2451 2488 2506 mercenariorum
2537 2468 2754 2523 quoque
2786 2455 3016 2508 militum
3052 2469 3158 2510 non
3214 2455 3409 2522 exigua
3442 2470 3604 2507 manu

2029 2543 2317 2609 conducta,
2350 2546 2549 2602 dueere
2584 2547 2885 2602 exercitum
2915 2549 2966 2601 in
2995 2548 3199 2603 'l'urcas
3223 2530 3436 2613 statuit,
3467 2564 3605 2616 quos

2027 2633 2191 2703 prius
2258 2650 2666 2706 aggressurum,
2719 2647 2885 2708 atque
2933 2637 3306 2693 confecturum
3341 2637 3602 2702 credidit,

2029 2741 2192 2795 quam
2217 2728 2515 2783 novissime
2567 2745 2633 2784 ex
2704 2729 2979 2800 llungaria
3033 2732 3384 2784 nuntiaretur
3419 2747 3436 2784 :
3468 2744 3590 2782 eam

2029 2819 2191 2874 rebus
2214 2821 2466 2889 gerendis
2487 2819 2760 2874 solertiam
2786 2835 2848 2874 ac
2921 2820 3257 2875 celeritatem
3333 2820 3601 2875 adhibuit.

2029 2910 2329 2966 Consilium
2367 2913 2487 2982 ejns
2540 2912 2836 2982 Gregorius
2889 2911 3092 2966 Serviat:
3147 2913 3370 2982 desp'ota
3405 2897 3600 2981 praeter

2027 3003 2185 3057 fidem
2242 3003 2423 3057 datam
2471 3003 2775 3057 'l‘urearum
2835 3004 3068 3058 dnt-ihns
3125 3005 3404 3071 patefecit,
3479 3019 3602 3057 ma-

2031 3110 2306 3164 gnumque
2331 3095 2474 3165 genti
2492 3094 2791 3164 periculum
2811 3081 3127 3161 imminens,
3152 3095 3326 3164 majus
3342 3096 3600 3150 ostendit.

2099 3187 2339 3242 Perculsi
2363 3203 2426 3240 eo
2453 3188 2648 3242 nuntio
2673 3187 2864 3241 Tureze
2891 3187 3020 3256 quid
3056 3197 3280 3257 agerent
3309 3204 3416 3244 non
3469 3189 3602 3245 satis

2021 3275 2418 3345 intelligebant.
2450 3277 2778 3329 Amurathes
2803 3276 2913 3344 jam
2942 3277 3128 3330 senior
3159 3277 3407 3344 religioni
3437 3285 3600 3346 atque

2017 3367 2151 3427 otio,
2187 3375 2247 3420 ut
2278 3375 2402 3420 ante
2429 3352 2684 3428 diximus;
2717 3365 3176 3434 addictus,;egtti
3227 3381 3388 3421 curas
3448 3370 3599 3434 abie-

2018 3463 2187 3511 cerat.
2222 3455 2557 3511 Malmmetes
2590 3444 2750 3509 male
2776 3454 2973 3521 minor,
3013 3464 3220 3510 tantam
3243 3456 3365 3512 belli
3402 3459 3601 3511 molem

2019 3547 2165 3604 ferre
2191 3561 2351 3618 posse
2379 3562 2486 3602 non
2522 3547 2872 3602 credebatur
2905 3564 2920 3602 :
2947 3548 3245 3603 Calibassze
3289 3548 3599 3604 defuturam

2020 3642 2384 3698 obedientiam
2420 3640 2702 3709 putabant,
2737 3656 2842 3710 qua
2878 3641 3118 3696 nihilest
3153 3642 3207 3697 in
3242 3640 3385 3697 bello
3425 3642 3599 3711 magis

2022 3735 2420 3790 necessarium.
2451 3731 2752 3802 Trepidare
2786 3733 2972 3803 igitttr,
3004 3742 3259 3799 :estuare,
3287 3733 3449 3789 modo
3469 3735 3598 3797 huc.

2026 3827 2187 3881 tnodo
2215 3827 2342 3880 illnc
2368 3825 2719 3880 fluctuantem
2751 3828 2990 3880 animum
3017 3837 3356 3890 convertere,
3388 3827 3600 3879 nullum

2022 3919 2308 3973 consilium
2341 3919 2475 3972 satis
2505 3918 2720 3987 placere
2763 3918 3096 3972 Itzerentibus
3128 3917 3179 3970 in
3202 3917 3599 3971 deliberatione

2023 4012 2277 4080 satrapis,
2313 4010 2444 4063 nihil
2479 4009 2700 4063 tandem
2741 4009 3023 4064 salubrius
3051 4009 3228 4063 visum
3251 4024 3409 4076 quam
3444 4024 3600 4062 revo-

2023 4117 2149 4157 care
2178 4103 2246 4155 ab
2277 4100 2391 4153 otio
2420 4101 2771 4154 Amuratltem
2811 4117 2824 4164 ;
2855 4115 3029 4167 neque
3053 4101 3298 4154 veterani
3336 4101 3439 4155 sub
3492 4100 3599 4154 alio

2025 4188 2314 4241 militaturi
2341 4187 2724 4252 credebantur,
2751 4202 2847 4242 nec
2876 4187 3147 4240 fortunam
3181 4189 3304 4242 belli
3333 4200 3600 4243 cunctan-

2023 4277 2149 4333 dam
2175 4277 2602 4343 arbitrabantur,
2632 4293 2794 4347 quam
2834 4279 2936 4332 sub
2967 4292 3035 4331 eo
3065 4279 3158 4347 qui
3189 4279 3404 4333 vincere
3463 4296 3599 4334 con.

2025 4377 2258 4424 suessel.
2287 4368 2458 4438 llujus
2479 4369 2764 4424 sententiae
2803 4368 3083 4424 Calibassa
3130 4380 3322 4423 auctor
3367 4370 3489 4424 fuit.
3542 4372 3597 4424 In

2025 4475 2132 4531 qua
2157 4477 2213 4514 re
2236 4459 2559 4514 Mahumetis
2583 4463 2824 4514 animum
2851 4460 3206 4514 vehementer
3227 4460 3474 4526 offendit,
3500 4479 3565 4519 cn
3589 4490 3600 4501 ς

351 4545 405 4590 ta
431 4535 718 4605 persolvit.
751 4535 888 4588 Exin
931 4534 1160 4589 volvens
1184 4536 1388 4600 animo,
1421 4537 1566 4605 regni
1591 4552 1754 4591 curas
1782 4555 1919 4592 verae

2028 4554 2298 4624 picntisin
2335 4569 2398 4607 ea
2429 4554 2776 4617 expeditione
2839 4567 2960 4606 sese
3010 4552 3186 4606 virum
3241 4554 3538 4607 ostendere
3575 4571 3592 4618 ;

351 4627 638 4681 felicitatis
669 4636 922 4696 expertes
943 4641 1088 4691 esse,
1113 4626 1532 4682 inconstantiam
1563 4642 1778 4697 quoque
1807 4628 1919 4683 for-

349 4728 497 4773 tunae
523 4718 818 4789 prudenter
850 4719 1078 4784 veritus,
1118 4733 1238 4786 quae
1275 4716 1408 4770 nulli
1465 4701 1732 4786 perpetuo
1780 4721 1921 4776 bona

349 4820 463 4876 est,
521 4811 809 4865 accersitis
843 4811 1247 4879 provinciarum
1291 4809 1613 4878 majoribus,
1645 4811 1922 4869 Mahume-

348 4914 548 4957 temex
574 4902 760 4957 liberis
782 4903 899 4957 suis
925 4912 1054 4956 natu
1081 4903 1340 4974 majorem
1378 4919 1474 4972 pro
1501 4919 1558 4958 se
1587 4919 1763 4973 regem
1790 4920 1923 4958 con-

348 4994 544 5049 stituit.
571 4993 691 5065 lpse
716 4995 982 5065 privatam
1023 4995 1267 5065 dilegens
1300 4995 1462 5049 vitam
1490 4996 1545 5068 in
1577 4995 1760 5050 Asiam
1797 5011 1924 5065 pro-

348 5088 546 5150 fectus,
588 5103 713 5142 cum
770 5091 961 5158 paucis
1007 5089 1301 5158 voluptarii
1345 5089 1432 5143 sui
1475 5089 1569 5143 otii
1625 5089 1922 5146 comitibus

348 5180 598 5250 religioni
639 5181 853 5234 cuidam
886 5181 1142 5236 solitariae
1171 5196 1294 5235 sese
1338 5179 1570 5237 addixit.
1617 5182 1920 5250 Calibassa,

349 5275 496 5327 inter
518 5282 770 5342 satrapas
800 5274 1102 5328 Turearum
1143 5272 1334 5342 opibus
1364 5282 1416 5327 et
1449 5277 1772 5329 auctoritate
1804 5290 1922 5328 ma-

341 5367 454 5436 jor,
480 5365 772 5420 Mahumeti
804 5366 914 5435 regi
937 5365 1211 5420 declarato
1238 5365 1382 5433 quod
1401 5366 1639 5422 nondum
1663 5383 1758 5437 per
1788 5376 1923 5421 aeta-

347 5471 454 5514 tem
516 5468 678 5527 aptus
725 5463 870 5512 esset
902 5457 1149 5524 imperio,
1190 5457 1522 5524 gubernator
1552 5459 1736 5523 datus,
1770 5458 1922 5512 elon-

349 5558 475 5619 gato
503 5548 766 5602 Atnurate
787 5548 970 5602 omnia
1016 5547 1458 5602 administrabat.
1506 5547 1719 5617 Reliqui
1752 5551 1922 5602 Amu-

349 5641 486 5694 ratis
523 5639 616 5693 filii
659 5655 882 5693 numero
910 5640 1205 5702 sexdecim,
1242 5654 1308 5693 ne
1343 5655 1482 5710 quas
1539 5639 1830 5696 Mahumeti
1851 5641 1918 5696 ad

348 5730 807 5802 imperiumelato
835 5730 1024 5786 turbas
1057 5732 1110 5785 in
1179 5745 1346 5800 regno
1403 5731 1725 5797 excitarent,
1771 5749 1919 5790 more

346 5823 524 5896 gentis
554 5823 727 5878 necati
759 5831 915 5876 sunt.

2026 4646 2378 4714 verentisque
2405 4659 2473 4698 ne
2503 4643 2788 4711 itt‘lpel'ltltll
2810 4644 3110 4708 amitteret,
3137 4647 3181 4698 si
3220 4653 3374 4712 pater
3403 4644 3598 4698 iterum

2025 4751 2251 4805 regnum
2302 4744 2649 4789 assnnn-ret:
2691 4743 2751 4787 nt
2798 4745 2925 4788 sunt
2974 4735 3251 4788 hominum
3309 4736 3598 4790 mutabiles

2026 4823 2529 4880 volnntates.lllissi
2561 4839 2694 4890 ergo
2753 4823 2912 4892 legati
2969 4824 3328 4878 Atnurathem
3376 4839 3599 4878 revoca-

2025 4934 2171 4983 vere,
2208 4916 2299 4985 qui
2324 4923 2641 4982 comparato
2679 4913 2906 4968 terribili
2936 4913 3332 4972 moxexercitu
3367 4915 3416 4966 in
3478 4915 3595 4967 hos-

2027 5025 2133 5066 tem
2159 5010 2454 5083 profeetus,
2485 5023 2590 5063 non
2616 5009 2772 5062 aliter
2802 5010 3048 5079 quamsi
3077 5010 3146 5063 ad
3181 5010 3416 5077 praedam
3464 5025 3608 5075 βωτ-Δ

2024 5110 2234 5172 gerent,
2270 5101 2479 5154 alacres
2509 5099 2708 5154 milites
2730 5099 2907 5153 duxit.

2093 5191 2212 5246 Jam
2241 5190 2538 5246 illuuiades
2573 5205 2696 5244 cum
2754 5189 2928 5256 cepiis
2969 5185 3226 5255 Sopliiam
3276 5187 3590 5252 transierat,

2028 5283 2423 5354 prostratisque
2471 5283 2564 5351 qui
2597 5287 2956 5336 occurrerant
3010 5278 3250 5332 locorum
3299 5278 3592 5347 praefectis.

2027 5372 2252 5425 hostiles
2284 5385 2444 5439 agros
2474 5371 2580 5425 late
2637 5367 2946 5437 populatus,
2999 5366 3116 5420 loco
3145 5368 3235 5435 qui
3272 5367 3465 5420 Basilia
3497 5384 3591 5420 v0-

2025 5468 2182 5516 catur
2228 5470 2408 5513 rastra
2455 5464 2730 5525 posuerat,
2765 5471 2889 5509 cum
2936 5457 3227 5509 adventare
3277 5457 3593 5512 Atttttt'alltis

2025 5550 2300 5608 exercitus
2333 5549 2635 5604 nuntiatur.
2660 5546 2774 5600 Non
2796 5545 3132 5614 exspectavit
3162 5545 3439 5602 lluniades
3469 5565 3592 5616 pro-

2028 5641 2231 5704 vocari,
2284 5640 2438 5708 prior.
2462 5640 2576 5705 ipse
2619 5639 2833 5692 sublato
2869 5641 3108 5692 clamore
3158 5654 3390 5708 pugnam
3446 5641 3590 5699 iniit,

2025 5732 2335 5784 Commisso
2368 5729 2562 5798 praelia.
2581 5743 2781 5796 anceps
2813 5728 2906 5782 ditt
2939 5739 3212 5783 certamen
3261 5730 3434 5784 lnesit.
3473 5731 3589 5798 Qua

2029 5832 2178 5894 parte
2212 5823 2466 5892 pugnavit
2491 5821 2788 5888 llttniadcs,
2829 5821 2933 5876 fusi
2961 5820 3157 5883 hostes
3193 5813 3588 5891 tergadedere,
