4022 6196
421 383 523 452 94⁸2

1426 393 1793 457 ISlDORUS
1862 398 1923 461 S.
1966 398 2043 460 Β.
2085 400 2155 463 Ε.
2194 401 2667 463 CABDINALIS

3577 404 3677 469 9i8

420 517 525 558 nec
575 518 740 575 parva
769 498 978 574 strages
1020 502 1164 557 edita
1199 520 1211 556 :
1246 505 1360 573 pari
1407 506 1567 562 modo
1592 518 1643 564 et
1668 511 1997 568 Amurathes
2028 515 2075 572 A
2096 514 2396 585 iurandum
2430 518 2687 589 periurus
2750 521 2915 575 etiam
2969 519 3175 583 intulit.
3212 520 3375 576 simul
3406 530 3458 576 et
3494 537 3677 589 gerere

422 598 477 649 in
511 612 678 652 cornu
719 612 821 651 suo
849 597 1019 651 vit-tor
1052 596 1341 668 Hungat‘os
1375 597 1534 655 fttdit.
1562 600 1845 659 Postremo
1874 621 1999 661 cum

422 684 601 740 vietor
635 684 891 739 victorem
926 685 1257 752 incurreret,
1292 703 1400 743 non
1421 691 1665 747 tulerunt
1694 694 1996 753 Christiani

424 776 725 832 Turcarunt
749 777 1039 849 impetum,
1074 780 1165 851 qui
1206 797 1523 852 quanquam
1553 784 1753 842 virtute
1780 796 2006 857 praesta-

362 925 369 935 ι
422 877 563 932 rent,
592 884 822 924 numero
876 881 1053 925 tamen
1085 876 1351 940 superati,
1380 890 1486 929 non
1522 884 1631 931 tam
1683 878 1809 934 victi
1839 896 2002 947 quam

421 958 771 1021 multitudine
804 964 1051 1032 oppressi
1090 980 1152 1019 ac
1178 965 1309 1021 lassi
1342 969 1606 1038 compulsi
1636 971 1999 1038 suntjccdere.

422 1049 698 1106 lluniades
739 1061 1027 1123 postquam
1072 1070 1202 1112 suos
1253 1073 1431 1128 neque
1480 1059 1642 1115 minis
1675 1077 1851 1131 neque
1883 1078 2004 1130 pre-

419 1142 572 1197 cibus
607 1143 801 1199 sistere
835 1157 1042 1212 posset,
1092 1162 1214 1203 cum
1263 1150 1452 1220 paucis
1503 1167 1725 1206 suorum
1752 1170 1816 1208 ex
1857 1153 2002 1209 bello

422 1234 681 1306 profugit.
744 1235 896 1291 Multi
962 1237 1253 1310 llungaria:
1307 1256 1584 1311 proceres,
1643 1253 1696 1298 et
1752 1245 1999 1298 nonnulli

424 1327 793 1383 Ecclesiarum
851 1332 1127 1386 antistites
1175 1333 1228 1387 in
1271 1348 1337 1390 eo
1386 1334 1573 1405 praelio
1614 1337 1877 1392 cecidere.
1911 1338 2002 1392 Fi-

419 1418 622 1473 delium
660 1420 847 1489 viginti
895 1422 1062 1477 millia
1122 1424 1428 1481 desiderata
1461 1437 1613 1494 sunt,
1656 1444 1755 1484 nec
1829 1431 2005 1486 minor

422 1512 660 1567 hostium
708 1514 1014 1569 occisorum
1052 1532 1319 1573 numerus
1378 1527 1516 1573 erat.
1545 1518 1790 1590 Emptam
1834 1523 2005 1579 multo

421 1605 687 1674 sanguine
738 1607 1027 1662 victoriam
1100 1610 1436 1667 Amuratltcs
1496 1612 1717 1666 domum
1779 1615 2002 1669 retulit:

422 1711 598 1766 neque
618 1697 884 1765 fugientes
902 1699 1245 1755 Christianos
1270 1701 1555 1759 insecutus
1569 1713 1672 1769 est,
1699 1720 1874 1773 neque
1893 1706 2007 1776 glo-

422 1790 721 1845 riabundus
748 1792 888 1846 inter
909 1808 1038 1848 suos
1059 1793 1344 1865 magniﬁca
1375 1796 1535 1851 verba
1551 1796 1799 1866 jactavit,
1818 1813 1998 1869 neque

2105 610 2294 681 erepit.
2334 611 2638 667 Senserant
2668 611 2787 679 ejus
2837 612 3079 668 animum
3113 612 3309 673 Graeci.
3354 613 3679 669 ditiidcntes-

2106 718 2214 773 que
2251 704 2366 758 suis
2389 705 2623 779 viribus,
2660 705 2878 761 hortatu
2912 706 3149 762 maxime
3197 707 3389 762 lsidori
3430 708 3678 762 cardina-

2109 796 2197 859 lis,
2231 797 2296 851 ad
2329 795 2651 853 Latinorum
2685 812 2816 869 opes
2845 797 3226 870 confugerant,
3262 801 3487 871 jugibus
3509 801 3680 870 lacry-

2106 887 2213 941 mis
2239 902 2427 942 eorum
2469 888 2671 944 auxilia
2721 897 2777 944 et
2808 890 3162 958 implorantes
3193 901 3247 945 et
3275 901 3679 960 exspectantes.

2105 980 2173 1031 At
2224 979 2424 1045 surda,
2471 981 2602 1050 proh
2631 982 2803 1052 pudor
2826 983 2847 1035 .’
2876 995 3178 1037 nostrorum
3201 984 3495 1048 principum
3528 1001 3682 1039 aures

2107 1073 2248 1142 fuere
2279 1071 2479 1141 (inquit
2509 1073 2876 1142 ingemiscens
2902 1075 3004 1129 hoc
3027 1074 3145 1128 loco
3180 1074 3383 1129 Encas
3418 1076 3684 1146 Sylvius),

2106 1165 2279 1218 clausi
2294 1164 2455 1220 loculi
2467 1180 2486 1229 ;
2503 1168 2627 1220 eieci
2643 1165 2804 1231 oculi,
2822 1168 2911 1235 qui
2938 1167 3157 1221 cadente
3174 1168 3401 1232 Gracia,
3420 1170 3685 1222 ruituram

2107 1254 2423 1310 Christiana:
2454 1255 2723 1323 religionis
2758 1257 3019 1326 reliquam
3050 1268 3255 1326 partem
3288 1276 3390 1312 non
3425 1259 3687 1325 viderunt,

2106 1349 2341 1413 quamvis
2354 1349 2574 1417 privatis
2589 1366 2843 1419 quemque
2870 1361 2962 1403 aut
2996 1352 3158 1411 odiis.
3179 1361 3272 1404 aut
3290 1352 3688 1407 commoditati—

2109 1439 2203 1492 bus
2216 1438 2731 1504 intentum,salutem
2747 1439 3014 1508 publicam
3040 1439 3331 1510 neglexisse
3349 1442 3686 1497 crediderim.

2178 1529 2515 1585 Mahumetes
2564 1531 2767 1585 interea
2820 1532 3029 1586 coactis
3065 1532 3307 1602 undique
3351 1534 3548 1603 copiis,
3588 1536 3691 1588 mi-

2110 1621 2267 1676 rabili
2343 1632 2628 1692 apparatu,
2700 1622 3049 1678 formidanda
3107 1626 3289 1678 animo
3346 1635 3400 1681 et
3456 1627 3691 1695 impetu,

2112 1726 2255 1769 terra
2287 1714 2537 1784 marique
2572 1716 2775 1785 regiam
2827 1716 3018 1771 urbem
3067 1732 3379 1787 aggressus,
3417 1720 3693 1772 curtirulis

2113 1821 2178 1861 ac
2199 1807 2492 1862 latentibus
2514 1807 2679 1863 fossis
2702 1809 2965 1865 altissime
2988 1810 3148 1874 actis,
3173 1826 3365 1878 aggere
3388 1810 3499 1865 late
3518 1812 3693 1879 cditn,

422 1892 627 1938 utante
653 1895 988 1950 assueverat,
1022 1886 1250 1943 hilarem
1307 1890 1521 1944 vultum
1550 1891 1808 1945 ostendit.
1838 1891 2008 1948 luter-
2037 1882 2080 1937 Β
2111 1907 2300 1969 ponte,
2334 1913 2441 1969 qua
2490 1898 2678 1955 Peram
2732 1899 2993 1971 Oppidum
3043 1914 3237 1956 versus
3299 1917 3450 1957 mare
3503 1917 3697 1955 muros

424 1983 672 2045 rogatus,
725 1978 983 2047 quidnam
1023 1980 1231 2037 tristior
1274 1994 1438 2049 esset,
1476 1992 1529 2038 et
1568 1998 1665 2039 cur
1710 1999 1820 2038 non
1848 1984 2006 2041 victis

423 2066 678 2125 hostibus
728 2072 1084 2132 exsultareti.
1141 2074 1378 2140 Nollem,
1434 2077 1636 2146 inquit,
1668 2079 1861 2147 sapius
1912 2079 2009 2134 hoc

423 2160 581 2217 modo
613 2164 817 2220 vincere
850 2181 869 2219 :
904 2166 1212 2238 iubeasque
1250 2184 1375 2224 vasa
1409 2168 1615 2239 colligi,
1661 2170 1849 2239 copias
1885 2186 2007 2241 quae

423 2253 978 2329 superfuerantgdom
990 2274 1078 2314 um
1101 2260 1335 2316 remisit.
1354 2260 1467 2316 Nec
1492 2252 1589 2317 diu
1605 2272 1791 2332 postea
1814 2264 2006 2335 relicto

426 2342 722 2402 Malmmeti
758 2348 989 2419 imperio
1018 2351 1085 2406 ad
1122 2351 1293 2407 otium
1323 2368 1600 2419 reversus,
1634 2354 1909 2411 enervatis
1938 2370 2002 2410 ex

425 2453 627 2493 venere
662 2439 869 2495 viribus
899 2422 1053 2507 obiit,
1095 2458 1241 2498 anno
1278 2445 1471 2501 salutis
1502 2445 1660 2513 “Si,
1709 2446 1885 2502 aetatis
1912 2448 2002 2514 65,

426 2529 639 2599 imperii
688 2529 780 2587 52.
814 2530 1026 2600 Corpus
1071 2535 1191 2604 ejus
1227 2551 1377 2593 more
1407 2534 1677 2608 majorum
1735 2538 1787 2593 in
1833 2537 2003 2595 Bursa

426 2622 721 2693 sepultum.
754 2624 829 2679 Ea
860 2636 943 2682 est
975 2627 1241 2697 Bithynia:
1271 2629 1485 2696 civitas,
1510 2640 1562 2686 et
1594 2632 1820 2687 Asiatici
1854 2633 2005 2703 regni

429 2727 617 2787 caput.
676 2716 848 2773 Paulo
910 2730 1199 2791 antequam
1262 2725 1613 2789 excessisset,
1672 2726 2004 2781 Amuratltes

428 2824 653 2865 uxorem
686 2810 936 2878 duxerat,
965 2812 1127 2867 tiliam
1158 2814 1496 2883 Sponderbei
1532 2816 1731 2872 nobilis
1767 2817 1817 2871 in
1868 2816 2005 2872 Pen-

427 2902 643 2957 deracia
701 2910 956 2974 satrapae,
1013 2921 1080 2959 ex
1132 2922 1239 2975 qua
1302 2916 1490 2961 natum
1551 2909 1719 2963 lilium
1786 2910 2006 2965 nomine

428 2991 757 3061 Chilapium,
782 3004 992 3048 sextum
1015 3004 1126 3049 tum
1152 3006 1399 3065 agentem
1424 3013 1691 3063 mensem,
1710 2998 2004 3056 Calibassm

432 3083 671 3139 moriens
734 3085 1157 3141 commendavit.
1232 3086 1328 3143 Ille
1395 3088 1721 3145 lllahumetis
1772 3092 2003 3160 gratiam

2108 1990 2264 2045 alluit
2324 1990 2497 2058 urbis,
2541 1990 2898 2062 longitudinis
2930 1992 2997 2047 ad
3050 1991 3158 2046 duo
3210 1991 3378 2045 millia
3434 2008 3696 2061 passuum

2109 2084 2305 2155 raptim
2331 2092 2635 2149 exstructo,
2663 2086 2908 2140 turribus
2943 2085 3141 2156 ligneis
3168 2100 3234 2140 eo
3265 2101 3438 2156 usque
3467 2086 3696 2144 erectis.

2107 2186 2167 2231 ut
2199 2190 2389 2232 muros
2426 2175 2678 2246 quamvis
2710 2176 3010 2231 altissimos
3029 2176 3378 2240 excederent,
3408 2178 3698 2231 machina-

2108 2276 2441 2333 mentorum,
2516 2276 3028 2339 tormentorumque
3100 2269 3383 2339 multiplici
3446 2269 3699 2324 adhibito

2108 2377 2307 2431 genere
2350 2370 2664 2433 oppugnata
2716 2372 2800 2418 est
2863 2363 3011 2428 urbs,
3063 2363 3389 2434 defensaque
3454 2363 3693 2439 summis

2111 2454 2368 2523 utrinque
2399 2453 2626 2510 viribus.
2662 2452 2778 2508 Non
2816 2454 3008 2525 paucis
3037 2466 3159 2525 post
3188 2455 3384 2511 diebus
3409 2455 3475 2509 ad
3509 2467 3696 2509 extre-

2110 2564 2256 2602 mum
2299 2562 2432 2603 voce
2458 2547 2724 2619 prmconis
2755 2549 2887 2604 totis
2919 2551 3117 2604 castris
3166 2548 3520 2603 inclamatum
3552 2557 3633 2601 est
3672 2564 3690 2601 τ

2110 2640 2307 2706 Quinto
2333 2641 2602 2696 Kalendas
2652 2642 2789 2696 Maii
2828 2640 3020 2696 milites
3050 2659 3227 2697 omnes
3259 2641 3527 2711 jejunium
3560 2658 3695 2694 san-

2108 2733 2364 2802 ctiﬁcant.
2397 2742 2638 2801 sequente
2681 2733 2766 2787 die
2799 2735 2850 2787 in
2879 2735 3042 2788 armis
3074 2734 3270 2799 adsint,
3310 2734 3485 2788 urbem
3512 2745 3695 2788 extre-

2110 2825 2213 2879 mis
2255 2824 2451 2880 viribus
2505 2827 2886 2897 oppugnaturi,
2924 2827 3100 2880 triduo
3136 2827 3400 2880 civitatem
3460 2826 3693 2878 militum

2107 2916 2391 2983 direptioni
2412 2918 2671 2986 futuram.
2719 2917 3027 2973 Constituta
3066 2918 3154 2973 die
3179 2920 3443 2988 jejunium
3476 2918 3540 2971 ad
3574 2934 3682 2971 no-

2107 3016 2249 3063 ctem
2292 3023 2468 3077 usque
2489 3017 2766 3063 servatum
2802 3027 2815 3064 :
2842 3012 2968 3064 exin
3001 3010 3313 3065 lucentibus
3336 3011 3512 3064 stellis
3544 3010 3654 3063 invi
3680 3041 3693 3049 ο

2112 3102 2350 3154 lationes
2397 3112 2461 3152 ac
2508 3098 2760 3154 convivia
2812 3099 3018 3170 passim
3072 3099 3279 3163 habita,
3330 3108 3384 3153 et
3433 3100 3694 3167 quisquis

434 3174 661 3243 perfidia
689 3176 953 3243 initurus,
984 3186 1039 3233 et
1070 3189 1296 3234 matrem
1334 3190 1387 3237 et
1412 3196 1638 3251 puerum
1663 3184 1711 3238 ei
1740 3184 2002 3253 prodidit.
2034 3220 2078 3282 ρ
2111 3185 2371 3253 amicum,
2403 3185 2792 3255 propinquum,
2840 3195 3145 3257 notumque
3191 3186 3399 3253 habuit,
3448 3202 3573 3242 cum
3623 3205 3694 3242 co

430 3265 766 3327 Mahumetes
806 3272 1090 3327 accersitis
1126 3273 1372 3343 triginta,
1417 3284 1469 3327 ut
1506 3276 1679 3342 aiunt,
1717 3278 2005 3351 matronis,

431 3375 551 3429 quae
576 3377 806 3433 puerum
828 3375 1246 3435 cognoscerent,
1276 3377 1566 3437 postquam
1601 3378 1805 3425 certam
1835 3362 2005 3425 Aiun-

432 3456 604 3514 ratbis
648 3456 889 3513 sobolem
941 3473 1061 3514 esse
1108 3460 1377 3524 constitit,
1414 3460 1810 3527 strangulatum
1847 3464 2006 3518 matri

436 3549 604 3604 lilium
656 3550 913 3613 reddidit,
954 3550 1229 3621 lunusque
1291 3553 1445 3623 regio
1493 3570 1646 3609 more
1701 3554 2003 3609 fraternum

433 3640 611 3707 duxit,
651 3640 895 3710 auspicia
923 3643 1075 3712 regni
1109 3642 1417 3698 fratricidio
1464 3659 1811 3701 consecrans.
1845 3645 2002 3702 Heu!

435 3749 597 3801 quam
630 3731 851 3790 felicius
879 3736 1019 3804 apud
1060 3734 1270 3790 Turcas
1318 3736 1548 3806 privatis
1589 3753 1751 3806 quam
1786 3739 2005 3808 regibus

436 3825 592 3881 liberi
623 3834 926 3883 nascuntur
948 3828 962 3882 l

510 3917 851 3975 Mahumetes
904 3920 1074 3990 igitur
1134 3920 1396 3977 defuncto
1454 3920 1750 3978 Amuratbe
1814 3922 2009 3991 guber-

438 4011 631 4065 nacula
661 4011 874 4081 imperii
910 4028 973 4066 ex
1006 4021 1135 4069 voto
1169 4013 1424 4083 adeptus,
1462 4013 1711 4070 instituta
1744 4015 2006 4084 majorum

436 4117 537 4169 pro
562 4104 785 4171 ingenio
807 4105 1067 4161 correxit.
1093 4104 1269 4175 Leges
1292 4107 1408 4172 ipse
1434 4120 1563 4160 suas
1590 4105 1737 4161 domi
1764 4104 2009 4176 forisque

439 4192 584 4255 ιιιΙιι,
616 4192 871 4248 aerarium
930 4195 1302 4266 locupletavit,
1340 4211 1477 4250 nova
1511 4196 1795 4265 vectigalia
1850 4213 2011 4252 exco—

439 4284 651 4352 gitavit,
678 4287 866 4356 copias
899 4288 1072 4353 auxit,
1114 4288 1281 4356 inque
1332 4301 1592 4356 proceres
1635 4298 1918 4358 suspectos
1958 4298 2011 4343 et

439 4377 647 4433 aulicos
675 4379 869 4434 s:erire
886 4394 949 4435 ac
972 4380 1369 4436 contumeliose
1405 4394 1563 4451 agere
1584 4381 1771 4450 coepit.
1800 4380 1901 4435 llic
1928 4390 2012 4437 est

442 4469 533 4530 ille
567 4469 909 4527 Maltumetes
937 4471 1102 4542 hujus
1137 4473 1374 4527 nominis
1398 4471 1469 4538 ll,
1498 4472 1595 4544 qui
1626 4470 2011 4527 Constantino-

2113 3276 2303 3331 bilaris
2358 3275 2613 3347 epulatus
2669 3286 2791 3346 est;
2825 3288 2993 3349 atque
3052 3279 3141 3333 ubi
3173 3280 3307 3333 satis
3361 3280 3690 3344 helluatum,

2113 3376 2371 3436 tanquam
2402 3381 2461 3421 se
2497 3366 2759 3439 deinceps
2800 3385 3081 3439 nunquam
3120 3369 3296 3424 visuri
3327 3380 3534 3437 essent,
3568 3387 3693 3423 am-

2109 3455 2309 3526 plexati
2333 3456 2749 3526 exosculatique
2781 3457 2944 3511 simul
2968 3458 3219 3513 ultimum
3254 3458 3372 3513 vale
3403 3458 3681 3513 dixerunt.

2109 3547 2168 3601 lu
2201 3548 2334 3604 urbe
2355 3557 2539 3604 autem
2563 3549 2881 3606 sacerdotes
2927 3552 2995 3606 ad
3024 3552 3345 3606 instantiam
3383 3551 3578 3606 lsidori
3601 3567 3691 3606 sa-

2110 3656 2234 3694 cras
2290 3640 2565 3711 imagines
2618 3641 2881 3707 ferentes,
2930 3656 3192 3713 sequente
3230 3643 3450 3715 pepulo,
3494 3646 3687 3697 urbem

2111 3732 2369 3794 lustrare;
2388 3733 2650 3787 auxilium
2672 3733 2735 3788 de
2754 3734 2895 3789 coelo
2913 3743 3117 3804 petere,
3132 3734 3595 3805 corporajejuniis
3610 3735 3690 3789 af-

2111 3820 2290 3889 ﬂigere
2304 3833 2464 3892 atque
2478 3822 2818 3877 orationibus
2833 3824 3069 3879 universi
3092 3825 3235 3880 cives
3252 3825 3554 3889 intendere,
3570 3828 3692 3881 sub-

2111 3923 2297 3968 secuta
2336 3925 2495 3968 nocte
2514 3913 2579 3967 ad
2596 3928 2693 3969 sua
2713 3915 2944 3985 quisque
2982 3914 3097 3971 loca
3125 3916 3461 3972 defendenda
3486 3918 3686 3973 redire.

2183 4002 2354 4058 Erant
2392 4005 2534 4059 muri
2572 4005 2724 4060 urbis
2756 4014 2811 4061 et
2860 4007 3151 4063 altitudine
3199 4016 3255 4065 et
3323 4010 3690 4067 crassitudine

2113 4103 2228 4152 toto
2256 4098 2391 4152 orbe
2422 4096 2688 4159 celebres.
2719 4098 2811 4153 sed
2843 4100 2912 4153 ob
2943 4107 3265 4155 vetustatem
3292 4110 3349 4156 et
3368 4102 3687 4158 Graecorum

2114 4189 2380 4244 incuriam
2401 4189 2582 4259 pinnis
2600 4204 2663 4245 ac
2684 4194 3104 4262 prepngnacntis
3134 4194 3291 4259 ntidi,
3323 4197 3684 4251 antemuralia

2113 4296 2244 4338 vero
2300 4292 2609 4353 opportune
2673 4286 3036 4340 communita.
3106 4285 3163 4340 In
3203 4284 3493 4342 ltisGrmci
3538 4290 3688 4342 salu-

2115 4381 2220 4429 tem
2266 4389 2519 4445 posuere.
2574 4375 2779 4429 Armati
2826 4376 3027 4431 milites
3056 4377 3197 4432 inter
3238 4394 3424 4433 muros
3453 4388 3506 4434 et
3538 4389 3687 4455 ante-

2116 4464 2345 4548 mnralia
2388 4480 2615 4537 pugnam
2650 4467 2930 4522 sustinere
2979 4467 3364 4531 decreverunt.
3415 4468 3687 4540 Triangu-

441 4563 713 4630 politanis
742 4561 943 4617 bellum
986 4562 1192 4628 intulit,
1225 4562 1294 4618 de
1315 4577 1425 4633 quo
1457 4577 1605 4617 nunc
1642 4562 1846 4617 referre
1876 4576 2015 4631 pm-
2038 4553 2092 4614 D
2122 4555 2287 4611 larem
2325 4571 2464 4627 pene
2525 4556 2681 4612 urbis
2730 4556 2957 4611 formam
3009 4557 3179 4612 fuisse
3244 4558 3467 4613 tradunt
3501 4578 3516 4614 :
3550 4561 3688 4615 duas

442 4662 607 4708 euutc
644 4654 820 4708 Ainea
862 4653 1047 4722 Sylvio
1084 4654 1230 4708 haud
1269 4654 1505 4708 alienum
1542 4652 1726 4708 fuerit.
1756 4652 2014 4709 Volverat

439 4745 554 4813 jam
624 4744 829 4813 pridem
898 4745 1082 4798 animo
1143 4742 1504 4811 Mahumetes,
1552 4759 1788 4813 quonam
1855 4747 2015 4801 modo

444 4832 979 4902 Constantinopolim
1036 4832 1268 4887 alteram
1303 4834 1355 4887 in
1386 4830 1611 4889 Oriente
1638 4833 1866 4889 Romam
1907 4835 2013 4892 sibi

445 4926 701 4996 subigere
755 4932 978 4996 posset;
1030 4939 1203 4996 neque
1250 4926 1393 4980 enim
1448 4926 1539 4981 ad-
1573 4942 1729 4981 suam
1786 4928 2013 4998 gloriam

448 5021 724 5090 pertinere
751 5018 1144 5081 arbitrabatur,
1178 5018 1366 5073 urbem
1400 5019 1454 5073 in
1485 5018 1665 5074 medio
1711 5017 2014 5076 Turcarum

447 5115 608 5168 sitam
633 5127 778 5174 esse.
811 5126 933 5182 qua:
956 5126 1057 5167 suo
1092 5111 1321 5180 imperio
1348 5126 1453 5165 non
1488 5120 1723 5182 pareret,
1758 5123 2019 5182 tantoque

450 5207 626 5277 majus
654 5206 778 5260 inde
816 5204 1022 5260 nomini
1063 5219 1163 5258 suo
1207 5203 1373 5258 decus
1400 5205 1679 5271 accedere,
1703 5205 1749 5260 si
1778 5220 1898 5260 eam
1924 5221 2018 5260 ur-

450 5301 569 5353 bem
614 5305 972 5367 expugnaret,
1029 5304 1234 5369 quanto
1294 5296 1668 5366 progenitores
1725 5297 1811 5350 sui
1876 5296 2016 5351 idem

450 5388 652 5452 conati,
678 5388 895 5455 turpius
939 5402 967 5438 a
1018 5385 1215 5455 coeptis
1245 5384 1607 5442 destitissent.
1660 5384 1797 5439 Cum
1830 5387 2018 5455 paucis

452 5482 617 5547 igitur
650 5480 827 5548 iisque
876 5477 1158 5532 ﬁdissimis
1209 5477 1613 5533 communicato
1652 5478 1900 5542 consilio,
1926 5494 2018 5533 ca-

452 5574 671 5626 stellum
718 5573 872 5642 juxta
919 5572 1071 5625 littus
1118 5570 1185 5624 ad
1228 5572 1427 5624 ostium
1475 5568 1705 5640 Bospori
1757 5572 1918 5640 paulo
1952 5575 2018 5625 ab

394 5660 401 5667 ’
454 5663 584 5717 urbe
610 5665 887 5723 remetius,
920 5662 1064 5716 aliud
1084 5661 1458 5726 dissimulans,
1492 5661 1792 5716 incredibili
1828 5665 2018 5717 (cleri-

454 5764 562 5805 tate
584 5752 1028 5821 exstruxitatque
1047 5753 1306 5806 munivit:
1332 5752 1529 5806 bellum
1551 5752 1747 5807 deinde
1768 5754 1886 5807 urbi
1913 5772 2016 5809 non

458 5844 619 5902 modo
642 5843 858 5909 indixit,
883 5844 975 5898 scd
1009 5852 1194 5899 contra
1232 5862 1259 5895 τε
1288 5843 1396 5898 ulta
1422 5844 1647 5909 hedera,
1683 5852 1875 5901 contra
1909 5848 2021 5911 Ῑιιδ.

2116 4660 2303 4720 partes
2339 4650 2494 4705 alluit
2546 4664 2697 4705 mare
2735 4666 2750 4703 :
2790 4665 2891 4705 nec
2931 4650 3075 4705 muri
3107 4652 3303 4705 desunt
3347 4652 3414 4706 ad
3471 4654 3685 4724 pmpulo

2118 4743 2321 4798 sandes
2353 4741 2577 4798 navales
2603 4743 2838 4812 impetus
2868 4743 3072 4799 idonei.
3108 4742 3261 4809 Quod
3286 4744 3559 4815 reliquum
3583 4755 3683 4807 est.

2118 4834 2197 4890 ad
2218 4843 2420 4889 terram
2454 4849 2685 4903 vergens
2714 4843 2836 4903 post
2866 4835 2975 4890 alta
3011 4836 3212 4890 muenia
3245 4847 3299 4891 et
3326 4839 3685 4893 antemurslia

2120 4927 2322 4997 ingenti
2346 4927 2616 4982 clauditur
2644 4926 2814 4983 fossa.
2837 4928 3086 4998 Coeptum
3118 4936 3199 4983 est
3233 4930 3475 4999 pratlium
3499 4931 3691 4999 paulu-

2120 5021 2234 5075 lum
2267 5028 2395 5075 ante
2422 5020 2624 5087 lucem,
2655 5034 2779 5075 cum
2804 5021 2986 5081 “miles
3027 5021 3203 5076 Turea
3246 5021 3475 5091 periculi
3524 5039 3685 5096 quam

2120 5126 2288 5166 morte
2342 5111 2637 5182 patientior
2668 5121 2834 5175 esset,
2885 5126 2950 5166 ac
2998 5112 3225 5167 vulnera
3272 5123 3327 5169 et
3364 5117 3685 5186 sanguinem

2118 5204 2427 5273 praedarum
2457 5204 2748 5260 dulcedine
2795 5213 3073 5275 pensaret.
3150 5206 3458 5278 Pugnatum
3512 5219 3593 5264 cst
3632 5208 3684 5263 in

2122 5295 2364 5350 tenebris
2442 5294 2648 5364 majore
2725 5293 3028 5347 Turcarum
3093 5297 3359 5364 pernicie,
3420 5298 3475 5351 in
3550 5314 3684 5367 quos

2120 5389 2225 5443 tela
2289 5400 2521 5455 superne
2574 5385 2944 5439 vibrabantur.
3010 5386 3079 5437 At
3135 5396 3423 5457 postquam
3486 5390 3683 5450 illuxit,

2120 5482 2248 5535 dato
2300 5480 2458 5547 signo
2495 5478 2736 5547 undique
2778 5491 2885 5531 non
2940 5479 3119 5533 solum
3160 5478 3677 5549 Constantinopolis.

2123 5573 2219 5627 scd
2268 5580 2323 5626 ct
2350 5572 2465 5641 ipsa
2526 5570 2892 5636 etiamJ‘cra,
2953 5572 3177 5638 nequid
3239 5573 3424 5627 auxilii
3482 5573 3683 5627 Grzecis

2125 5673 2435 5734 prrcstaret,
2467 5662 2773 5731 Oppugnari
2807 5671 2985 5732 empta
3025 5672 3129 5718 est.
3162 5662 3271 5717 Sua
3300 5664 3680 5733 cuiquclegio-

2127 5759 2175 5808 ni
2206 5770 2483 5807 murormn
2523 5769 2648 5821 pars
2677 5769 2738 5806 ac
2773 5763 3052 5821 portarum
3082 5754 3365 5814 attributa,
3397 5763 3456 5809 ut
3483 5755 3676 5809 discre-

2126 5828 2393 5903 lusdal‘ur
2430 5846 2595 5900 fortes
2625 5855 2786 5904 atque
2814 5848 3035 5905 ignavos
3077 5846 3457 5911 distingueret,
3489 5858 3541 5901 ct
3567 5861 3676 5915 Ipsa
