  <div class='ocr_page' id='page_1' title='image "/cluster/home/n/w/nwhite01/storage/ocr_20150623/159/hvd.32044073502684/522.png"; bbox 0 0 4022 6196; ppageno 0'>
   <div class='ocr_carea' id='block_1_1' title="bbox 391 323 494 395">
    <p class='ocr_par' dir='ltr' id='par_1_1' title="bbox 391 323 494 395">
     <span class='ocr_line' id='line_1_1' title="bbox 391 323 494 395; baseline 0.078 -8"><span class='ocrx_word' id='word_1_1' title='bbox 391 323 494 395; x_wconf 73' lang='grc'><strong>949</strong></span> 
     </span>
    </p>
   </div>
   <div class='ocr_carea' id='block_1_2' title="bbox 1869 341 2194 405">
    <p class='ocr_par' dir='ltr' id='par_1_2' title="bbox 1869 341 2194 405">
     <span class='ocr_line' id='line_1_2' title="bbox 1869 341 2194 405; baseline 0.009 -6"><span class='ocrx_word' id='word_1_2' title='bbox 1869 341 2194 405; x_wconf 81' lang='lat' dir='ltr'><strong>NOTITIA.</strong></span> 
     </span>
    </p>
   </div>
   <div class='ocr_carea' id='block_1_3' title="bbox 3553 341 3655 405">
    <p class='ocr_par' dir='ltr' id='par_1_3' title="bbox 3553 341 3655 405">
     <span class='ocr_line' id='line_1_3' title="bbox 3553 341 3655 405; baseline -0.01 0"><span class='ocrx_word' id='word_1_3' title='bbox 3553 341 3655 405; x_wconf 81' lang='grc' dir='ltr'>9ἱο</span> 
     </span>
    </p>
   </div>
   <div class='ocr_carea' id='block_1_4' title="bbox 394 442 3650 528">
    <p class='ocr_par' dir='ltr' id='par_1_4' title="bbox 394 442 3650 528">
     <span class='ocr_line' id='line_1_4' title="bbox 394 442 3650 528; baseline 0.004 -31"><span class='ocrx_word' id='word_1_4' title='bbox 394 443 747 498; x_wconf 83' lang='lat' dir='ltr'><strong>contentione</strong></span> <span class='ocrx_word' id='word_1_5' title='bbox 782 442 999 502; x_wconf 77' lang='lat' dir='ltr'><strong>decoris</strong></span> <span class='ocrx_word' id='word_1_6' title='bbox 1029 449 1266 505; x_wconf 75' lang='lat' dir='ltr'><strong>militum</strong></span> <span class='ocrx_word' id='word_1_7' title='bbox 1294 452 1470 510; x_wconf 90' lang='lat' dir='ltr'><strong>virtus</strong></span> <span class='ocrx_word' id='word_1_8' title='bbox 1507 455 1682 525; x_wconf 89' lang='lat' dir='ltr'><strong>magis</strong></span> <span class='ocrx_word' id='word_1_9' title='bbox 1712 472 1775 510; x_wconf 90' lang='lat' dir='ltr'><strong>ac</strong></span> <span class='ocrx_word' id='word_1_10' title='bbox 1804 457 1980 524; x_wconf 83' lang='lat' dir='ltr'><strong>magis</strong></span> <span class='ocrx_word' id='word_1_11' title='bbox 2009 466 2052 520; x_wconf 80' lang='grc' dir='ltr'><strong>Α</strong></span> <span class='ocrx_word' id='word_1_12' title='bbox 2084 475 2255 528; x_wconf 68' lang='lat' dir='ltr'><strong>eoque</strong></span> <span class='ocrx_word' id='word_1_13' title='bbox 2286 458 2523 524; x_wconf 86' lang='lat' dir='ltr'><strong>amplius</strong></span> <span class='ocrx_word' id='word_1_14' title='bbox 2551 457 2752 512; x_wconf 79' lang='lat' dir='ltr'><strong>milites</strong></span> <span class='ocrx_word' id='word_1_15' title='bbox 2781 472 2845 512; x_wconf 77' lang='lat' dir='ltr'><strong>ex</strong></span> <span class='ocrx_word' id='word_1_16' title='bbox 2880 455 3090 511; x_wconf 85' lang='lat' dir='ltr'><strong>Latinis</strong></span> <span class='ocrx_word' id='word_1_17' title='bbox 3118 454 3436 522; x_wconf 71' lang='lat' dir='ltr'><strong>Crzecisque</strong></span> <span class='ocrx_word' id='word_1_18' title='bbox 3474 458 3650 522; x_wconf 83' lang='lat' dir='ltr'><strong>perie-</strong></span> 
     </span>
    </p>
   </div>
   <div class='ocr_carea' id='block_1_5' title="bbox 397 535 1976 610">
    <p class='ocr_par' dir='ltr' id='par_1_5' title="bbox 397 535 1976 610">
     <span class='ocr_line' id='line_1_5' title="bbox 397 535 1976 610; baseline 0.01 -22"><span class='ocrx_word' id='word_1_19' title='bbox 397 535 813 591; x_wconf 86' lang='lat' dir='ltr'><strong>accenderetur.</strong></span> <span class='ocrx_word' id='word_1_20' title='bbox 838 536 959 593; x_wconf 86' lang='lat' dir='ltr'><strong>Pari</strong></span> <span class='ocrx_word' id='word_1_21' title='bbox 985 542 1151 597; x_wconf 86' lang='lat' dir='ltr'><strong>modo</strong></span> <span class='ocrx_word' id='word_1_22' title='bbox 1182 554 1236 610; x_wconf 71' lang='lat' dir='ltr'><strong>ct</strong></span> <span class='ocrx_word' id='word_1_23' title='bbox 1260 547 1484 601; x_wconf 84' lang='lat' dir='ltr'><strong>navales</strong></span> <span class='ocrx_word' id='word_1_24' title='bbox 1513 548 1650 602; x_wconf 87' lang='lat' dir='ltr'><strong>socii</strong></span> <span class='ocrx_word' id='word_1_25' title='bbox 1676 548 1976 604; x_wconf 90' lang='lat' dir='ltr'><strong>attributas</strong></span> 
     </span>
    </p>
   </div>
   <div class='ocr_carea' id='block_1_6' title="bbox 398 627 1977 709">
    <p class='ocr_par' dir='ltr' id='par_1_6' title="bbox 398 627 1977 709">
     <span class='ocr_line' id='line_1_6' title="bbox 398 627 1977 709; baseline 0.01 -31"><span class='ocrx_word' id='word_1_26' title='bbox 398 637 582 693; x_wconf 88' lang='lat' dir='ltr'><strong>partes</strong></span> <span class='ocrx_word' id='word_1_27' title='bbox 613 627 871 684; x_wconf 81' lang='lat' dir='ltr'><strong>invadere</strong></span> <span class='ocrx_word' id='word_1_28' title='bbox 889 628 1077 699; x_wconf 85' lang='lat' dir='ltr'><strong>jussit.</strong></span> <span class='ocrx_word' id='word_1_29' title='bbox 1100 630 1476 692; x_wconf 81' lang='lat' dir='ltr'><strong>Adtnoventur</strong></span> <span class='ocrx_word' id='word_1_30' title='bbox 1501 639 1619 693; x_wconf 87' lang='lat' dir='ltr'><strong>urbi</strong></span> <span class='ocrx_word' id='word_1_31' title='bbox 1649 640 1840 709; x_wconf 70' lang='lat' dir='ltr'><strong>lignea:</strong></span> <span class='ocrx_word' id='word_1_32' title='bbox 1862 649 1977 694; x_wconf 92' lang='lat' dir='ltr'><strong>tur-</strong></span> 
     </span>
    </p>
   </div>
   <div class='ocr_carea' id='block_1_7' title="bbox 401 716 1975 801">
    <p class='ocr_par' dir='ltr' id='par_1_7' title="bbox 401 716 1975 801">
     <span class='ocr_line' id='line_1_7' title="bbox 401 716 1975 801; baseline 0.01 -31"><span class='ocrx_word' id='word_1_33' title='bbox 401 732 508 771; x_wconf 85' lang='lat' dir='ltr'><strong>res.</strong></span> <span class='ocrx_word' id='word_1_34' title='bbox 530 716 870 774; x_wconf 84' lang='lat' dir='ltr'><strong>Conveetant</strong></span> <span class='ocrx_word' id='word_1_35' title='bbox 905 722 1106 780; x_wconf 92' lang='lat' dir='ltr'><strong>milites</strong></span> <span class='ocrx_word' id='word_1_36' title='bbox 1153 726 1431 792; x_wconf 83' lang='lat' dir='ltr'><strong>dolabras,</strong></span> <span class='ocrx_word' id='word_1_37' title='bbox 1465 727 1635 785; x_wconf 80' lang='lat' dir='ltr'><strong>falces</strong></span> <span class='ocrx_word' id='word_1_38' title='bbox 1666 730 1975 801; x_wconf 79' lang='lat' dir='ltr'><strong>scalasque.</strong></span> 
     </span>
    </p>
   </div>
   <div class='ocr_carea' id='block_1_8' title="bbox 405 811 1980 889">
    <p class='ocr_par' dir='ltr' id='par_1_8' title="bbox 405 811 1980 889">
     <span class='ocr_line' id='line_1_8' title="bbox 405 811 1980 889; baseline 0.011 -26"><span class='ocrx_word' id='word_1_39' title='bbox 405 811 466 865; x_wconf 85' lang='lat' dir='ltr'><strong>Et</strong></span> <span class='ocrx_word' id='word_1_40' title='bbox 492 812 601 881; x_wconf 86' lang='lat' dir='ltr'><strong>jam</strong></span> <span class='ocrx_word' id='word_1_41' title='bbox 643 813 806 869; x_wconf 83' lang='lat' dir='ltr'><strong>elatis</strong></span> <span class='ocrx_word' id='word_1_42' title='bbox 858 831 1029 887; x_wconf 84' lang='lat' dir='ltr'><strong>super</strong></span> <span class='ocrx_word' id='word_1_43' title='bbox 1062 820 1240 889; x_wconf 84' lang='lat' dir='ltr'><strong>capita</strong></span> <span class='ocrx_word' id='word_1_44' title='bbox 1272 822 1469 887; x_wconf 88' lang='lat' dir='ltr'><strong>scutis,</strong></span> <span class='ocrx_word' id='word_1_45' title='bbox 1501 823 1671 878; x_wconf 86' lang='lat' dir='ltr'><strong>densa</strong></span> <span class='ocrx_word' id='word_1_46' title='bbox 1707 827 1980 880; x_wconf 86' lang='lat' dir='ltr'><strong>testudine</strong></span> 
     </span>
    </p>
   </div>
   <div class='ocr_carea' id='block_1_9' title="bbox 400 904 1976 985">
    <p class='ocr_par' dir='ltr' id='par_1_9' title="bbox 400 904 1976 985">
     <span class='ocr_line' id='line_1_9' title="bbox 400 904 1976 985; baseline 0.01 -29"><span class='ocrx_word' id='word_1_47' title='bbox 400 904 724 961; x_wconf 84' lang='lat' dir='ltr'><strong>succedunt.</strong></span> <span class='ocrx_word' id='word_1_48' title='bbox 777 906 952 964; x_wconf 69' lang='grc' dir='ltr'><strong>(ἓτκεὶ</strong></span> <span class='ocrx_word' id='word_1_49' title='bbox 1007 926 1263 966; x_wconf 79' lang='lat' dir='ltr'><strong>saxorum</strong></span> <span class='ocrx_word' id='word_1_50' title='bbox 1316 915 1558 983; x_wconf 85' lang='lat' dir='ltr'><strong>pondera</strong></span> <span class='ocrx_word' id='word_1_51' title='bbox 1613 917 1976 985; x_wconf 82' lang='lat' dir='ltr'><strong>provolvunt,</strong></span> 
     </span>
    </p>
   </div>
   <div class='ocr_carea' id='block_1_10' title="bbox 403 997 1980 1070">
    <p class='ocr_par' dir='ltr' id='par_1_10' title="bbox 403 997 1980 1070">
     <span class='ocr_line' id='line_1_10' title="bbox 403 997 1980 1070; baseline 0.011 -22"><span class='ocrx_word' id='word_1_52' title='bbox 403 997 685 1067; x_wconf 76' lang='lat' dir='ltr'><strong>disiectam</strong></span> <span class='ocrx_word' id='word_1_53' title='bbox 746 1008 912 1070; x_wconf 89' lang='lat' dir='ltr'><strong>atque</strong></span> <span class='ocrx_word' id='word_1_54' title='bbox 992 1002 1301 1061; x_wconf 85' lang='lat' dir='ltr'><strong>fluitantem</strong></span> <span class='ocrx_word' id='word_1_55' title='bbox 1374 1007 1708 1063; x_wconf 90' lang='lat' dir='ltr'><strong>testudinem</strong></span> <span class='ocrx_word' id='word_1_56' title='bbox 1772 1010 1980 1065; x_wconf 82' lang='lat' dir='ltr'><strong>lanceis</strong></span> 
     </span>
    </p>
   </div>
   <div class='ocr_carea' id='block_1_11' title="bbox 404 1091 1982 1171">
    <p class='ocr_par' dir='ltr' id='par_1_11' title="bbox 404 1091 1982 1171">
     <span class='ocr_line' id='line_1_11' title="bbox 404 1091 1982 1171; baseline 0.01 -31"><span class='ocrx_word' id='word_1_57' title='bbox 404 1091 695 1160; x_wconf 80' lang='lat' dir='ltr'><strong>rutilisque</strong></span> <span class='ocrx_word' id='word_1_58' title='bbox 756 1105 1197 1163; x_wconf 86' lang='lat' dir='ltr'><strong>perscrutantur,</strong></span> <span class='ocrx_word' id='word_1_59' title='bbox 1250 1099 1426 1157; x_wconf 91' lang='lat' dir='ltr'><strong>donec</strong></span> <span class='ocrx_word' id='word_1_60' title='bbox 1481 1100 1662 1155; x_wconf 79' lang='lat' dir='ltr'><strong>sdluta</strong></span> <span class='ocrx_word' id='word_1_61' title='bbox 1722 1117 1982 1171; x_wconf 87' lang='lat' dir='ltr'><strong>compage</strong></span> 
     </span>
    </p>
   </div>
   <div class='ocr_carea' id='block_1_12' title="bbox 405 1192 1979 1263">
    <p class='ocr_par' dir='ltr' id='par_1_12' title="bbox 405 1192 1979 1263">
     <span class='ocr_line' id='line_1_12' title="bbox 405 1192 1979 1263; baseline 0.008 -29"><span class='ocrx_word' id='word_1_62' title='bbox 405 1192 715 1251; x_wconf 71' lang='lat' dir='ltr'><strong>sculorum,</strong></span> <span class='ocrx_word' id='word_1_63' title='bbox 780 1202 1085 1260; x_wconf 74' lang='lat' dir='ltr'><strong>exsangues</strong></span> <span class='ocrx_word' id='word_1_64' title='bbox 1157 1192 1477 1263; x_wconf 88' lang='lat' dir='ltr'><strong>lacerosque</strong></span> <span class='ocrx_word' id='word_1_65' title='bbox 1536 1202 1979 1263; x_wconf 86' lang='lat' dir='ltr'><strong>prostraverunt.</strong></span> 
     </span>
    </p>
   </div>
   <div class='ocr_carea' id='block_1_13' title="bbox 408 1276 1982 1355">
    <p class='ocr_par' dir='ltr' id='par_1_13' title="bbox 408 1276 1982 1355">
     <span class='ocr_line' id='line_1_13' title="bbox 408 1276 1982 1355; baseline 0.008 -26"><span class='ocrx_word' id='word_1_66' title='bbox 408 1276 492 1333; x_wconf 77' lang='lat' dir='ltr'><strong>Fit</strong></span> <span class='ocrx_word' id='word_1_67' title='bbox 546 1288 756 1349; x_wconf 80' lang='lat' dir='ltr'><strong>strages</strong></span> <span class='ocrx_word' id='word_1_68' title='bbox 805 1297 999 1352; x_wconf 88' lang='lat' dir='ltr'><strong>magua</strong></span> <span class='ocrx_word' id='word_1_69' title='bbox 1041 1300 1055 1336; x_wconf 88' lang='lat'><strong>:</strong></span> <span class='ocrx_word' id='word_1_70' title='bbox 1092 1292 1147 1340; x_wconf 90' lang='lat' dir='ltr'><strong>et</strong></span> <span class='ocrx_word' id='word_1_71' title='bbox 1199 1286 1312 1355; x_wconf 87' lang='lat' dir='ltr'><strong>jam</strong></span> <span class='ocrx_word' id='word_1_72' title='bbox 1358 1285 1554 1341; x_wconf 65' lang='lat' dir='ltr'><strong>Terea:</strong></span> <span class='ocrx_word' id='word_1_73' title='bbox 1601 1284 1982 1342; x_wconf 89' lang='lat' dir='ltr'><strong>deficientibus</strong></span> 
     </span>
    </p>
   </div>
   <div class='ocr_carea' id='block_1_14' title="bbox 408 1371 1981 1447">
    <p class='ocr_par' dir='ltr' id='par_1_14' title="bbox 408 1371 1981 1447">
     <span class='ocr_line' id='line_1_14' title="bbox 408 1371 1981 1447; baseline 0.009 -26"><span class='ocrx_word' id='word_1_74' title='bbox 408 1371 604 1425; x_wconf 89' lang='lat' dir='ltr'><strong>animis</strong></span> <span class='ocrx_word' id='word_1_75' title='bbox 648 1371 963 1442; x_wconf 80' lang='lat' dir='ltr'><strong>languidius</strong></span> <span class='ocrx_word' id='word_1_76' title='bbox 1011 1388 1278 1447; x_wconf 74' lang='lat' dir='ltr'><strong>pugnant.</strong></span> <span class='ocrx_word' id='word_1_77' title='bbox 1311 1377 1415 1433; x_wconf 86' lang='lat' dir='ltr'><strong>Sed</strong></span> <span class='ocrx_word' id='word_1_78' title='bbox 1444 1380 1598 1434; x_wconf 89' lang='lat' dir='ltr'><strong>adest</strong></span> <span class='ocrx_word' id='word_1_79' title='bbox 1645 1378 1981 1435; x_wconf 80' lang='lat' dir='ltr'><strong>Mahumetes</strong></span> 
     </span>
    </p>
   </div>
   <div class='ocr_carea' id='block_1_15' title="bbox 408 1462 1983 1543">
    <p class='ocr_par' dir='ltr' id='par_1_15' title="bbox 408 1462 1983 1543">
     <span class='ocr_line' id='line_1_15' title="bbox 408 1462 1983 1543; baseline 0.01 -32"><span class='ocrx_word' id='word_1_80' title='bbox 408 1462 773 1519; x_wconf 80' lang='lat' dir='ltr'><strong>fortissimum</strong></span> <span class='ocrx_word' id='word_1_81' title='bbox 804 1482 1083 1538; x_wconf 89' lang='lat' dir='ltr'><strong>quemque</strong></span> <span class='ocrx_word' id='word_1_82' title='bbox 1111 1471 1444 1527; x_wconf 89' lang='lat' dir='ltr'><strong>nominatim</strong></span> <span class='ocrx_word' id='word_1_83' title='bbox 1499 1474 1767 1535; x_wconf 75' lang='lat' dir='ltr'><strong>vocitans,</strong></span> <span class='ocrx_word' id='word_1_84' title='bbox 1815 1484 1983 1543; x_wconf 90' lang='lat' dir='ltr'><strong>utque</strong></span> 
     </span>
    </p>
   </div>
   <div class='ocr_carea' id='block_1_16' title="bbox 405 1555 1985 1635">
    <p class='ocr_par' dir='ltr' id='par_1_16' title="bbox 405 1555 1985 1635">
     <span class='ocr_line' id='line_1_16' title="bbox 405 1555 1985 1635; baseline 0.008 -29"><span class='ocrx_word' id='word_1_85' title='bbox 405 1555 454 1607; x_wconf 89' lang='lat' dir='ltr'><strong>in</strong></span> <span class='ocrx_word' id='word_1_86' title='bbox 492 1556 735 1623; x_wconf 72' lang='lat' dir='ltr'><strong>przelium</strong></span> <span class='ocrx_word' id='word_1_87' title='bbox 771 1558 1020 1623; x_wconf 89' lang='lat' dir='ltr'><strong>redeant,</strong></span> <span class='ocrx_word' id='word_1_88' title='bbox 1054 1561 1385 1619; x_wconf 87' lang='lat' dir='ltr'><strong>adhortatur</strong></span> <span class='ocrx_word' id='word_1_89' title='bbox 1420 1583 1435 1619; x_wconf 91' lang='lat'><strong>:</strong></span> <span class='ocrx_word' id='word_1_90' title='bbox 1468 1566 1568 1620; x_wconf 90' lang='lat' dir='ltr'><strong>hos</strong></span> <span class='ocrx_word' id='word_1_91' title='bbox 1594 1564 1833 1635; x_wconf 62' lang='lat' dir='ltr'><strong>praemiis</strong></span> <span class='ocrx_word' id='word_1_92' title='bbox 1865 1566 1985 1618; x_wconf 88' lang='lat' dir='ltr'><strong>alli-</strong></span> 
     </span>
    </p>
   </div>
   <div class='ocr_carea' id='block_1_17' title="bbox 401 1648 1983 1727">
    <p class='ocr_par' dir='ltr' id='par_1_17' title="bbox 401 1648 1983 1727">
     <span class='ocr_line' id='line_1_17' title="bbox 401 1648 1983 1727; baseline 0.008 -30"><span class='ocrx_word' id='word_1_93' title='bbox 401 1651 497 1708; x_wconf 78' lang='lat' dir='ltr'><strong>cit,</strong></span> <span class='ocrx_word' id='word_1_94' title='bbox 555 1648 677 1706; x_wconf 90' lang='lat' dir='ltr'><strong>illos</strong></span> <span class='ocrx_word' id='word_1_95' title='bbox 730 1651 901 1707; x_wconf 88' lang='lat' dir='ltr'><strong>minis</strong></span> <span class='ocrx_word' id='word_1_96' title='bbox 947 1653 1212 1711; x_wconf 88' lang='lat' dir='ltr'><strong>deterret.</strong></span> <span class='ocrx_word' id='word_1_97' title='bbox 1251 1657 1599 1712; x_wconf 80' lang='lat' dir='ltr'><strong>instauratur</strong></span> <span class='ocrx_word' id='word_1_98' title='bbox 1652 1672 1719 1712; x_wconf 78' lang='lat' dir='ltr'><strong>ex</strong></span> <span class='ocrx_word' id='word_1_99' title='bbox 1770 1658 1983 1727; x_wconf 80' lang='lat' dir='ltr'><strong>integro</strong></span> 
     </span>
    </p>
   </div>
   <div class='ocr_carea' id='block_1_18' title="bbox 394 1741 1983 1823">
    <p class='ocr_par' dir='ltr' id='par_1_18' title="bbox 394 1741 1983 1823">
     <span class='ocr_line' id='line_1_18' title="bbox 394 1741 1983 1823; baseline 0.009 -36"><span class='ocrx_word' id='word_1_100' title='bbox 394 1746 726 1823; x_wconf 69' lang='lat' dir='ltr'><strong>certamen:</strong></span> <span class='ocrx_word' id='word_1_101' title='bbox 756 1741 948 1798; x_wconf 74' lang='lat' dir='ltr'><strong>Turca:</strong></span> <span class='ocrx_word' id='word_1_102' title='bbox 983 1759 1178 1802; x_wconf 87' lang='lat' dir='ltr'><strong>rursus</strong></span> <span class='ocrx_word' id='word_1_103' title='bbox 1219 1747 1487 1803; x_wconf 87' lang='lat' dir='ltr'><strong>subruere</strong></span> <span class='ocrx_word' id='word_1_104' title='bbox 1520 1762 1760 1809; x_wconf 89' lang='lat' dir='ltr'><strong>murum,</strong></span> <span class='ocrx_word' id='word_1_105' title='bbox 1794 1755 1983 1816; x_wconf 90' lang='lat' dir='ltr'><strong>portas</strong></span> 
     </span>
    </p>
   </div>
   <div class='ocr_carea' id='block_1_19' title="bbox 2083 548 3652 622">
    <p class='ocr_par' dir='ltr' id='par_1_19' title="bbox 2083 548 3652 622">
     <span class='ocr_line' id='line_1_19' title="bbox 2083 548 3652 622; baseline -0.001 -18"><span class='ocrx_word' id='word_1_106' title='bbox 2083 568 2159 616; x_wconf 86' lang='lat' dir='ltr'><strong>re,</strong></span> <span class='ocrx_word' id='word_1_107' title='bbox 2187 552 2382 622; x_wconf 78' lang='lat' dir='ltr'><strong>partim</strong></span> <span class='ocrx_word' id='word_1_108' title='bbox 2409 550 2729 605; x_wconf 85' lang='lat' dir='ltr'><strong>vulneribus</strong></span> <span class='ocrx_word' id='word_1_109' title='bbox 2763 564 2793 602; x_wconf 89' lang='lat' dir='ltr'><strong>a</strong></span> <span class='ocrx_word' id='word_1_110' title='bbox 2826 556 2978 617; x_wconf 83' lang='lat' dir='ltr'><strong>tergo</strong></span> <span class='ocrx_word' id='word_1_111' title='bbox 3013 548 3277 612; x_wconf 78' lang='lat' dir='ltr'><strong>confossi,</strong></span> <span class='ocrx_word' id='word_1_112' title='bbox 3299 548 3494 616; x_wconf 85' lang='lat' dir='ltr'><strong>partim</strong></span> <span class='ocrx_word' id='word_1_113' title='bbox 3514 564 3652 602; x_wconf 84' lang='lat' dir='ltr'><strong>cou-</strong></span> 
     </span>
    </p>
   </div>
   <div class='ocr_carea' id='block_1_20' title="bbox 2082 641 3652 712">
    <p class='ocr_par' dir='ltr' id='par_1_20' title="bbox 2082 641 3652 712">
     <span class='ocr_line' id='line_1_20' title="bbox 2082 641 3652 712; baseline -0.001 -18"><span class='ocrx_word' id='word_1_114' title='bbox 2082 644 2331 697; x_wconf 78' lang='lat' dir='ltr'><strong>versione</strong></span> <span class='ocrx_word' id='word_1_115' title='bbox 2357 644 2625 712; x_wconf 86' lang='lat' dir='ltr'><strong>oppressi.</strong></span> <span class='ocrx_word' id='word_1_116' title='bbox 2659 642 2857 709; x_wconf 90' lang='lat' dir='ltr'><strong>Etjam</strong></span> <span class='ocrx_word' id='word_1_117' title='bbox 2893 641 3071 696; x_wconf 89' lang='lat' dir='ltr'><strong>hostis</strong></span> <span class='ocrx_word' id='word_1_118' title='bbox 3137 641 3480 710; x_wconf 86' lang='lat' dir='ltr'><strong>superiorem</strong></span> <span class='ocrx_word' id='word_1_119' title='bbox 3530 657 3652 693; x_wconf 87' lang='lat' dir='ltr'><strong>mu-</strong></span> 
     </span>
    </p>
   </div>
   <div class='ocr_carea' id='block_1_21' title="bbox 2084 734 3655 804">
    <p class='ocr_par' dir='ltr' id='par_1_21' title="bbox 2084 734 3655 804">
     <span class='ocr_line' id='line_1_21' title="bbox 2084 734 3655 804; baseline 0 -17"><span class='ocrx_word' id='word_1_120' title='bbox 2084 752 2200 789; x_wconf 87' lang='lat' dir='ltr'><strong>rum</strong></span> <span class='ocrx_word' id='word_1_121' title='bbox 2236 734 2479 802; x_wconf 88' lang='lat' dir='ltr'><strong>tenebat,</strong></span> <span class='ocrx_word' id='word_1_122' title='bbox 2511 750 2755 804; x_wconf 81' lang='lat' dir='ltr'><strong>saxaque</strong></span> <span class='ocrx_word' id='word_1_123' title='bbox 2796 734 2849 787; x_wconf 92' lang='lat' dir='ltr'><strong>iu</strong></span> <span class='ocrx_word' id='word_1_124' title='bbox 2890 736 3044 789; x_wconf 78' lang='lat' dir='ltr'><strong>cives</strong></span> <span class='ocrx_word' id='word_1_125' title='bbox 3086 734 3403 799; x_wconf 82' lang='lat' dir='ltr'><strong>devofveus,</strong></span> <span class='ocrx_word' id='word_1_126' title='bbox 3471 734 3655 801; x_wconf 69' lang='lat' dir='ltr'><strong>ingre-</strong></span> 
     </span>
    </p>
   </div>
   <div class='ocr_carea' id='block_1_22' title="bbox 2079 830 2883 885">
    <p class='ocr_par' dir='ltr' id='par_1_22' title="bbox 2079 830 2883 885">
     <span class='ocr_line' id='line_1_22' title="bbox 2079 830 2883 885; baseline -0.002 -1"><span class='ocrx_word' id='word_1_127' title='bbox 2079 831 2355 885; x_wconf 88' lang='lat' dir='ltr'><strong>dientibus</strong></span> <span class='ocrx_word' id='word_1_128' title='bbox 2379 831 2496 885; x_wconf 83' lang='lat' dir='ltr'><strong>suis</strong></span> <span class='ocrx_word' id='word_1_129' title='bbox 2520 830 2725 884; x_wconf 74' lang='lat' dir='ltr'><strong>auxilio</strong></span> <span class='ocrx_word' id='word_1_130' title='bbox 2747 840 2883 883; x_wconf 75' lang='lat' dir='ltr'><strong>erat.</strong></span> 
     </span>
    </p>
   </div>
   <div class='ocr_carea' id='block_1_23' title="bbox 2154 920 3656 990">
    <p class='ocr_par' dir='ltr' id='par_1_23' title="bbox 2154 920 3656 990">
     <span class='ocr_line' id='line_1_23' title="bbox 2154 920 3656 990; baseline -0.001 -15"><span class='ocrx_word' id='word_1_131' title='bbox 2154 923 2265 977; x_wconf 87' lang='lat' dir='ltr'><strong>[loc</strong></span> <span class='ocrx_word' id='word_1_132' title='bbox 2302 924 2469 977; x_wconf 90' lang='lat' dir='ltr'><strong>modo</strong></span> <span class='ocrx_word' id='word_1_133' title='bbox 2501 930 2657 990; x_wconf 86' lang='lat' dir='ltr'><strong>capta</strong></span> <span class='ocrx_word' id='word_1_134' title='bbox 2690 923 2846 985; x_wconf 88' lang='lat' dir='ltr'><strong>urbe,</strong></span> <span class='ocrx_word' id='word_1_135' title='bbox 2879 921 3037 976; x_wconf 70' lang='lat' dir='ltr'><strong>caesis</strong></span> <span class='ocrx_word' id='word_1_136' title='bbox 3088 920 3346 975; x_wconf 89' lang='lat' dir='ltr'><strong>omnibus</strong></span> <span class='ocrx_word' id='word_1_137' title='bbox 3375 920 3469 989; x_wconf 85' lang='lat' dir='ltr'><strong>qui</strong></span> <span class='ocrx_word' id='word_1_138' title='bbox 3521 921 3656 973; x_wconf 87' lang='lat' dir='ltr'><strong>resi-</strong></span> 
     </span>
    </p>
   </div>
   <div class='ocr_carea' id='block_1_24' title="bbox 2082 1013 3654 1082">
    <p class='ocr_par' dir='ltr' id='par_1_24' title="bbox 2082 1013 3654 1082">
     <span class='ocr_line' id='line_1_24' title="bbox 2082 1013 3654 1082; baseline -0.004 -13"><span class='ocrx_word' id='word_1_139' title='bbox 2082 1025 2226 1069; x_wconf 86' lang='lat' dir='ltr'><strong>stere</strong></span> <span class='ocrx_word' id='word_1_140' title='bbox 2259 1016 2375 1069; x_wconf 89' lang='lat' dir='ltr'><strong>ausi</strong></span> <span class='ocrx_word' id='word_1_141' title='bbox 2410 1024 2555 1075; x_wconf 89' lang='lat' dir='ltr'><strong>sunt,</strong></span> <span class='ocrx_word' id='word_1_142' title='bbox 2598 1016 2649 1067; x_wconf 91' lang='lat' dir='ltr'><strong>in</strong></span> <span class='ocrx_word' id='word_1_143' title='bbox 2682 1014 2903 1082; x_wconf 84' lang='lat' dir='ltr'><strong>rapinas</strong></span> <span class='ocrx_word' id='word_1_144' title='bbox 2949 1013 3275 1067; x_wconf 88' lang='lat' dir='ltr'><strong>catervatim</strong></span> <span class='ocrx_word' id='word_1_145' title='bbox 3341 1020 3424 1065; x_wconf 91' lang='lat' dir='ltr'><strong>est</strong></span> <span class='ocrx_word' id='word_1_146' title='bbox 3489 1013 3654 1064; x_wconf 91' lang='lat' dir='ltr'><strong>itum.</strong></span> 
     </span>
    </p>
   </div>
   <div class='ocr_carea' id='block_1_25' title="bbox 2084 1101 3652 1171">
    <p class='ocr_par' dir='ltr' id='par_1_25' title="bbox 2084 1101 3652 1171">
     <span class='ocr_line' id='line_1_25' title="bbox 2084 1101 3652 1171; baseline -0.004 -12"><span class='ocrx_word' id='word_1_147' title='bbox 2084 1106 2209 1159; x_wconf 83' lang='lat' dir='ltr'><strong>Erat</strong></span> <span class='ocrx_word' id='word_1_148' title='bbox 2244 1105 2508 1159; x_wconf 87' lang='lat' dir='ltr'><strong>victormn</strong></span> <span class='ocrx_word' id='word_1_149' title='bbox 2530 1104 2777 1158; x_wconf 89' lang='lat' dir='ltr'><strong>infinitus</strong></span> <span class='ocrx_word' id='word_1_150' title='bbox 2801 1118 2967 1171; x_wconf 84' lang='lat' dir='ltr'><strong>prope</strong></span> <span class='ocrx_word' id='word_1_151' title='bbox 2987 1118 3271 1167; x_wconf 89' lang='lat' dir='ltr'><strong>numerus,</strong></span> <span class='ocrx_word' id='word_1_152' title='bbox 3295 1102 3347 1155; x_wconf 91' lang='lat' dir='ltr'><strong>in</strong></span> <span class='ocrx_word' id='word_1_153' title='bbox 3369 1101 3652 1156; x_wconf 90' lang='lat' dir='ltr'><strong>libidinem</strong></span> 
     </span>
    </p>
   </div>
   <div class='ocr_carea' id='block_1_26' title="bbox 2082 1195 3653 1265">
    <p class='ocr_par' dir='ltr' id='par_1_26' title="bbox 2082 1195 3653 1265">
     <span class='ocr_line' id='line_1_26' title="bbox 2082 1195 3653 1265; baseline -0.002 -16"><span class='ocrx_word' id='word_1_154' title='bbox 2082 1207 2137 1249; x_wconf 76' lang='lat' dir='ltr'><strong>ct</strong></span> <span class='ocrx_word' id='word_1_155' title='bbox 2172 1196 2434 1251; x_wconf 80' lang='lat' dir='ltr'><strong>saevitiam</strong></span> <span class='ocrx_word' id='word_1_156' title='bbox 2470 1196 2780 1265; x_wconf 88' lang='lat' dir='ltr'><strong>corruptior</strong></span> <span class='ocrx_word' id='word_1_157' title='bbox 2814 1213 2827 1250; x_wconf 92' lang='lat'><strong>:</strong></span> <span class='ocrx_word' id='word_1_158' title='bbox 2888 1210 2997 1249; x_wconf 90' lang='lat' dir='ltr'><strong>non</strong></span> <span class='ocrx_word' id='word_1_159' title='bbox 3027 1195 3286 1265; x_wconf 80' lang='lat' dir='ltr'><strong>dignitas,</strong></span> <span class='ocrx_word' id='word_1_160' title='bbox 3324 1210 3430 1247; x_wconf 92' lang='lat' dir='ltr'><strong>non</strong></span> <span class='ocrx_word' id='word_1_161' title='bbox 3498 1203 3653 1257; x_wconf 68' lang='lat' dir='ltr'><strong>tetas,</strong></span> 
     </span>
    </p>
   </div>
   <div class='ocr_carea' id='block_1_27' title="bbox 2082 1286 3655 1358">
    <p class='ocr_par' dir='ltr' id='par_1_27' title="bbox 2082 1286 3655 1358">
     <span class='ocr_line' id='line_1_27' title="bbox 2082 1286 3655 1358; baseline -0.004 -13"><span class='ocrx_word' id='word_1_162' title='bbox 2082 1308 2189 1345; x_wconf 89' lang='lat' dir='ltr'><strong>non</strong></span> <span class='ocrx_word' id='word_1_163' title='bbox 2215 1306 2380 1346; x_wconf 82' lang='lat' dir='ltr'><strong>sexus</strong></span> <span class='ocrx_word' id='word_1_164' title='bbox 2408 1305 2739 1358; x_wconf 88' lang='lat' dir='ltr'><strong>quemquam</strong></span> <span class='ocrx_word' id='word_1_165' title='bbox 2774 1289 3115 1358; x_wconf 79' lang='lat' dir='ltr'><strong>protegebat.</strong></span> <span class='ocrx_word' id='word_1_166' title='bbox 3161 1286 3362 1355; x_wconf 91' lang='lat' dir='ltr'><strong>Stupra</strong></span> <span class='ocrx_word' id='word_1_167' title='bbox 3393 1288 3655 1347; x_wconf 62' lang='lat' dir='ltr'><strong>cardibus,</strong></span> 
     </span>
    </p>
   </div>
   <div class='ocr_carea' id='block_1_28' title="bbox 2083 1379 3657 1449">
    <p class='ocr_par' dir='ltr' id='par_1_28' title="bbox 2083 1379 3657 1449">
     <span class='ocr_line' id='line_1_28' title="bbox 2083 1379 3657 1449; baseline -0.002 -13"><span class='ocrx_word' id='word_1_168' title='bbox 2083 1382 2256 1436; x_wconf 66' lang='lat' dir='ltr'><strong>caules</strong></span> <span class='ocrx_word' id='word_1_169' title='bbox 2287 1382 2497 1449; x_wconf 88' lang='lat' dir='ltr'><strong>stupris</strong></span> <span class='ocrx_word' id='word_1_170' title='bbox 2534 1381 2927 1435; x_wconf 76' lang='lat' dir='ltr'><strong>miscebantur.</strong></span> <span class='ocrx_word' id='word_1_171' title='bbox 2997 1379 3169 1435; x_wconf 87' lang='lat' dir='ltr'><strong>Senes</strong></span> <span class='ocrx_word' id='word_1_172' title='bbox 3224 1389 3416 1435; x_wconf 80' lang='lat' dir='ltr'><strong>exacta</strong></span> <span class='ocrx_word' id='word_1_173' title='bbox 3477 1389 3657 1441; x_wconf 58' lang='lat' dir='ltr'><strong>aetate.</strong></span> 
     </span>
    </p>
   </div>
   <div class='ocr_carea' id='block_1_29' title="bbox 2085 1472 3658 1542">
    <p class='ocr_par' dir='ltr' id='par_1_29' title="bbox 2085 1472 3658 1542">
     <span class='ocr_line' id='line_1_29' title="bbox 2085 1472 3658 1542; baseline 0 -14"><span class='ocrx_word' id='word_1_174' title='bbox 2085 1475 2314 1530; x_wconf 82' lang='lat' dir='ltr'><strong>feminas</strong></span> <span class='ocrx_word' id='word_1_175' title='bbox 2343 1474 2479 1528; x_wconf 83' lang='lat' dir='ltr'><strong>viles</strong></span> <span class='ocrx_word' id='word_1_176' title='bbox 2507 1474 2571 1527; x_wconf 89' lang='lat' dir='ltr'><strong>ad</strong></span> <span class='ocrx_word' id='word_1_177' title='bbox 2608 1474 2844 1542; x_wconf 72' lang='lat' dir='ltr'><strong>praedam</strong></span> <span class='ocrx_word' id='word_1_178' title='bbox 2882 1473 2933 1527; x_wconf 88' lang='lat' dir='ltr'><strong>in</strong></span> <span class='ocrx_word' id='word_1_179' title='bbox 2976 1472 3273 1527; x_wconf 81' lang='lat' dir='ltr'><strong>ludibrium</strong></span> <span class='ocrx_word' id='word_1_180' title='bbox 3323 1474 3613 1527; x_wconf 90' lang='lat' dir='ltr'><strong>trahebant</strong></span> <span class='ocrx_word' id='word_1_181' title='bbox 3644 1490 3658 1529; x_wconf 91' lang='lat'><strong>:</strong></span> 
     </span>
    </p>
   </div>
   <div class='ocr_carea' id='block_1_30' title="bbox 2084 1563 3662 1633">
    <p class='ocr_par' dir='ltr' id='par_1_30' title="bbox 2084 1563 3662 1633">
     <span class='ocr_line' id='line_1_30' title="bbox 2084 1563 3662 1633; baseline -0.001 -14"><span class='ocrx_word' id='word_1_182' title='bbox 2084 1565 2175 1619; x_wconf 90' lang='lat' dir='ltr'><strong>ubi</strong></span> <span class='ocrx_word' id='word_1_183' title='bbox 2201 1565 2387 1619; x_wconf 89' lang='lat' dir='ltr'><strong>adulta</strong></span> <span class='ocrx_word' id='word_1_184' title='bbox 2426 1564 2602 1629; x_wconf 76' lang='lat' dir='ltr'><strong>virgo,</strong></span> <span class='ocrx_word' id='word_1_185' title='bbox 2646 1573 2741 1619; x_wconf 90' lang='lat' dir='ltr'><strong>aut</strong></span> <span class='ocrx_word' id='word_1_186' title='bbox 2776 1565 2899 1633; x_wconf 86' lang='lat' dir='ltr'><strong>quis</strong></span> <span class='ocrx_word' id='word_1_187' title='bbox 2937 1563 3114 1619; x_wconf 87' lang='lat' dir='ltr'><strong>forma</strong></span> <span class='ocrx_word' id='word_1_188' title='bbox 3139 1564 3472 1632; x_wconf 87' lang='lat' dir='ltr'><strong>conspicuus</strong></span> <span class='ocrx_word' id='word_1_189' title='bbox 3523 1564 3662 1617; x_wconf 88' lang='lat' dir='ltr'><strong>inci-</strong></span> 
     </span>
    </p>
   </div>
   <div class='ocr_carea' id='block_1_31' title="bbox 2083 1655 3658 1725">
    <p class='ocr_par' dir='ltr' id='par_1_31' title="bbox 2083 1655 3658 1725">
     <span class='ocr_line' id='line_1_31' title="bbox 2083 1655 3658 1725; baseline -0.002 -14"><span class='ocrx_word' id='word_1_190' title='bbox 2083 1657 2251 1712; x_wconf 88' lang='lat' dir='ltr'><strong>disset</strong></span> <span class='ocrx_word' id='word_1_191' title='bbox 2273 1658 2326 1708; x_wconf 92' lang='lat' dir='ltr'><strong>in</strong></span> <span class='ocrx_word' id='word_1_192' title='bbox 2353 1671 2548 1710; x_wconf 87' lang='lat' dir='ltr'><strong>manus</strong></span> <span class='ocrx_word' id='word_1_193' title='bbox 2583 1655 2930 1724; x_wconf 88' lang='lat' dir='ltr'><strong>rapientium,</strong></span> <span class='ocrx_word' id='word_1_194' title='bbox 2970 1656 3215 1711; x_wconf 81' lang='lat' dir='ltr'><strong>divulsus</strong></span> <span class='ocrx_word' id='word_1_195' title='bbox 3265 1657 3411 1725; x_wconf 83' lang='lat' dir='ltr'><strong>ipsos</strong></span> <span class='ocrx_word' id='word_1_196' title='bbox 3446 1663 3658 1723; x_wconf 89' lang='lat' dir='ltr'><strong>postre-</strong></span> 
     </span>
    </p>
   </div>
   <div class='ocr_carea' id='block_1_32' title="bbox 2087 1748 3660 1819">
    <p class='ocr_par' dir='ltr' id='par_1_32' title="bbox 2087 1748 3660 1819">
     <span class='ocr_line' id='line_1_32' title="bbox 2087 1748 3660 1819; baseline -0.003 -17"><span class='ocrx_word' id='word_1_197' title='bbox 2087 1766 2174 1803; x_wconf 91' lang='lat' dir='ltr'><strong>mo</strong></span> <span class='ocrx_word' id='word_1_198' title='bbox 2207 1750 2519 1819; x_wconf 89' lang='lat' dir='ltr'><strong>direptores</strong></span> <span class='ocrx_word' id='word_1_199' title='bbox 2551 1748 2604 1803; x_wconf 92' lang='lat' dir='ltr'><strong>in</strong></span> <span class='ocrx_word' id='word_1_200' title='bbox 2629 1759 2875 1803; x_wconf 88' lang='lat' dir='ltr'><strong>mutuam</strong></span> <span class='ocrx_word' id='word_1_201' title='bbox 2910 1750 3210 1818; x_wconf 73' lang='lat' dir='ltr'><strong>perniciem</strong></span> <span class='ocrx_word' id='word_1_202' title='bbox 3247 1748 3466 1817; x_wconf 82' lang='lat' dir='ltr'><strong>agebat.</strong></span> <span class='ocrx_word' id='word_1_203' title='bbox 3524 1749 3660 1801; x_wconf 90' lang='lat' dir='ltr'><strong>Dum</strong></span> 
     </span>
    </p>
   </div>
   <div class='ocr_carea' id='block_1_33' title="bbox 406 1823 3662 1912">
    <p class='ocr_par' dir='ltr' id='par_1_33' title="bbox 406 1823 3662 1912">
     <span class='ocr_line' id='line_1_33' title="bbox 406 1823 3662 1912; baseline 0.002 -30"><span class='ocrx_word' id='word_1_204' title='bbox 406 1841 656 1899; x_wconf 85' lang='lat' dir='ltr'><strong>quatere,</strong></span> <span class='ocrx_word' id='word_1_205' title='bbox 688 1832 863 1888; x_wconf 81' lang='lat' dir='ltr'><strong>innixi</strong></span> <span class='ocrx_word' id='word_1_206' title='bbox 888 1834 1157 1903; x_wconf 85' lang='lat' dir='ltr'><strong>humeris,</strong></span> <span class='ocrx_word' id='word_1_207' title='bbox 1193 1847 1248 1893; x_wconf 86' lang='lat' dir='ltr'><strong>et</strong></span> <span class='ocrx_word' id='word_1_208' title='bbox 1281 1854 1447 1910; x_wconf 88' lang='lat' dir='ltr'><strong>super</strong></span> <span class='ocrx_word' id='word_1_209' title='bbox 1470 1839 1718 1894; x_wconf 86' lang='lat' dir='ltr'><strong>iteratam</strong></span> <span class='ocrx_word' id='word_1_210' title='bbox 1750 1838 1982 1895; x_wconf 64' lang='lat' dir='ltr'><strong>testttdi«</strong></span> <span class='ocrx_word' id='word_1_211' title='bbox 2016 1823 2056 1875; x_wconf 67' lang='grc' dir='ltr'><strong>Β</strong></span> <span class='ocrx_word' id='word_1_212' title='bbox 2089 1844 2398 1911; x_wconf 87' lang='lat' dir='ltr'><strong>pecuniam,</strong></span> <span class='ocrx_word' id='word_1_213' title='bbox 2427 1843 2510 1898; x_wconf 88' lang='lat' dir='ltr'><strong>vel</strong></span> <span class='ocrx_word' id='word_1_214' title='bbox 2542 1842 2728 1912; x_wconf 79' lang='lat' dir='ltr'><strong>gravia</strong></span> <span class='ocrx_word' id='word_1_215' title='bbox 2758 1842 3083 1910; x_wconf 87' lang='lat' dir='ltr'><strong>templorum</strong></span> <span class='ocrx_word' id='word_1_216' title='bbox 3119 1842 3260 1894; x_wconf 88' lang='lat' dir='ltr'><strong>dona</strong></span> <span class='ocrx_word' id='word_1_217' title='bbox 3289 1840 3392 1895; x_wconf 79' lang='lat' dir='ltr'><strong>sibi</strong></span> <span class='ocrx_word' id='word_1_218' title='bbox 3428 1841 3662 1907; x_wconf 85' lang='lat' dir='ltr'><strong>quisque</strong></span> 
     </span>
    </p>
   </div>
   <div class='ocr_carea' id='block_1_34' title="bbox 408 1926 2005 2002">
    <p class='ocr_par' dir='ltr' id='par_1_34' title="bbox 408 1926 2005 2002">
     <span class='ocr_line' id='line_1_34' title="bbox 408 1926 2005 2002; baseline 0.009 -28"><span class='ocrx_word' id='word_1_219' title='bbox 408 1939 529 1978; x_wconf 88' lang='lat' dir='ltr'><strong>nem</strong></span> <span class='ocrx_word' id='word_1_220' title='bbox 556 1926 887 1985; x_wconf 89' lang='lat' dir='ltr'><strong>scandentes</strong></span> <span class='ocrx_word' id='word_1_221' title='bbox 917 1944 1181 1999; x_wconf 88' lang='lat' dir='ltr'><strong>prensare</strong></span> <span class='ocrx_word' id='word_1_222' title='bbox 1210 1933 1452 1989; x_wconf 74' lang='lat' dir='ltr'><strong>hosﬁum</strong></span> <span class='ocrx_word' id='word_1_223' title='bbox 1487 1933 1592 1989; x_wconf 75' lang='lat' dir='ltr'><strong>tela</strong></span> <span class='ocrx_word' id='word_1_224' title='bbox 1644 1933 2005 2002; x_wconf 85' lang='lat' dir='ltr'><strong>brachiaque.</strong></span> 
     </span>
    </p>
   </div>
   <div class='ocr_carea' id='block_1_35' title="bbox 408 2018 1984 2095">
    <p class='ocr_par' dir='ltr' id='par_1_35' title="bbox 408 2018 1984 2095">
     <span class='ocr_line' id='line_1_35' title="bbox 408 2018 1984 2095; baseline 0.008 -27"><span class='ocrx_word' id='word_1_225' title='bbox 408 2018 711 2075; x_wconf 78' lang='lat' dir='ltr'><strong>nituntur:</strong></span> <span class='ocrx_word' id='word_1_226' title='bbox 745 2022 943 2077; x_wconf 88' lang='lat' dir='ltr'><strong>iterum</strong></span> <span class='ocrx_word' id='word_1_227' title='bbox 999 2023 1200 2095; x_wconf 78' lang='lat' dir='ltr'><strong>integri</strong></span> <span class='ocrx_word' id='word_1_228' title='bbox 1251 2041 1376 2082; x_wconf 89' lang='lat' dir='ltr'><strong>cum</strong></span> <span class='ocrx_word' id='word_1_229' title='bbox 1427 2028 1660 2090; x_wconf 87' lang='lat' dir='ltr'><strong>sauciis,</strong></span> <span class='ocrx_word' id='word_1_230' title='bbox 1720 2026 1984 2083; x_wconf 85' lang='lat' dir='ltr'><strong>semiani-</strong></span> 
     </span>
    </p>
   </div>
   <div class='ocr_carea' id='block_1_36' title="bbox 374 2115 1983 2184">
    <p class='ocr_par' dir='ltr' id='par_1_36' title="bbox 374 2115 1983 2184">
     <span class='ocr_line' id='line_1_36' title="bbox 374 2115 1983 2184; baseline 0.006 -21"><span class='ocrx_word' id='word_1_231' title='bbox 374 2178 379 2181; x_wconf 94' lang='grc' dir='ltr'><strong> </strong></span> <span class='ocrx_word' id='word_1_232' title='bbox 407 2129 522 2170; x_wconf 87' lang='lat' dir='ltr'><strong>mes</strong></span> <span class='ocrx_word' id='word_1_233' title='bbox 555 2129 678 2168; x_wconf 90' lang='lat' dir='ltr'><strong>cum</strong></span> <span class='ocrx_word' id='word_1_234' title='bbox 708 2115 1118 2184; x_wconf 82' lang='lat' dir='ltr'><strong>exspirantibus</strong></span> <span class='ocrx_word' id='word_1_235' title='bbox 1154 2120 1508 2176; x_wconf 84' lang='lat' dir='ltr'><strong>evolvuntur.</strong></span> <span class='ocrx_word' id='word_1_236' title='bbox 1546 2118 1805 2174; x_wconf 88' lang='lat' dir='ltr'><strong>Cernitur</strong></span> <span class='ocrx_word' id='word_1_237' title='bbox 1834 2118 1983 2173; x_wconf 89' lang='lat' dir='ltr'><strong>varia</strong></span> 
     </span>
    </p>
   </div>
   <div class='ocr_carea' id='block_1_37' title="bbox 402 2206 1812 2282">
    <p class='ocr_par' dir='ltr' id='par_1_37' title="bbox 402 2206 1812 2282">
     <span class='ocr_line' id='line_1_37' title="bbox 402 2206 1812 2282; baseline 0.009 -28"><span class='ocrx_word' id='word_1_238' title='bbox 402 2207 753 2273; x_wconf 85' lang='lat' dir='ltr'><strong>pereuntium</strong></span> <span class='ocrx_word' id='word_1_239' title='bbox 787 2206 985 2276; x_wconf 88' lang='lat' dir='ltr'><strong>forma,</strong></span> <span class='ocrx_word' id='word_1_240' title='bbox 1021 2219 1075 2264; x_wconf 91' lang='lat' dir='ltr'><strong>et</strong></span> <span class='ocrx_word' id='word_1_241' title='bbox 1106 2210 1345 2281; x_wconf 88' lang='lat' dir='ltr'><strong>plurima</strong></span> <span class='ocrx_word' id='word_1_242' title='bbox 1388 2214 1583 2267; x_wconf 89' lang='lat' dir='ltr'><strong>mortis</strong></span> <span class='ocrx_word' id='word_1_243' title='bbox 1608 2212 1812 2282; x_wconf 88' lang='lat' dir='ltr'><strong>imago.</strong></span> 
     </span>
    </p>
   </div>
   <div class='ocr_carea' id='block_1_38' title="bbox 475 2295 1987 2373">
    <p class='ocr_par' dir='ltr' id='par_1_38' title="bbox 475 2295 1987 2373">
     <span class='ocr_line' id='line_1_38' title="bbox 475 2295 1987 2373; baseline 0.006 -25"><span class='ocrx_word' id='word_1_244' title='bbox 475 2295 618 2352; x_wconf 89' lang='lat' dir='ltr'><strong>Inter</strong></span> <span class='ocrx_word' id='word_1_245' title='bbox 646 2299 759 2353; x_wconf 68' lang='lat' dir='ltr'><strong>haec</strong></span> <span class='ocrx_word' id='word_1_246' title='bbox 782 2298 1024 2357; x_wconf 80' lang='lat' dir='ltr'><strong>Joannes</strong></span> <span class='ocrx_word' id='word_1_247' title='bbox 1048 2302 1419 2371; x_wconf 82' lang='lat' dir='ltr'><strong>Justinianus,</strong></span> <span class='ocrx_word' id='word_1_248' title='bbox 1450 2304 1589 2373; x_wconf 85' lang='lat' dir='ltr'><strong>apud</strong></span> <span class='ocrx_word' id='word_1_249' title='bbox 1618 2302 1865 2359; x_wconf 89' lang='lat' dir='ltr'><strong>Genuam</strong></span> <span class='ocrx_word' id='word_1_250' title='bbox 1897 2302 1987 2357; x_wconf 84' lang='lat' dir='ltr'><strong>Li—</strong></span> 
     </span>
    </p>
   </div>
   <div class='ocr_carea' id='block_1_39' title="bbox 403 2392 1987 2463">
    <p class='ocr_par' dir='ltr' id='par_1_39' title="bbox 403 2392 1987 2463">
     <span class='ocr_line' id='line_1_39' title="bbox 403 2392 1987 2463; baseline 0.004 -23"><span class='ocrx_word' id='word_1_251' title='bbox 403 2403 600 2457; x_wconf 85' lang='lat' dir='ltr'><strong>gurum</strong></span> <span class='ocrx_word' id='word_1_252' title='bbox 626 2392 977 2461; x_wconf 89' lang='lat' dir='ltr'><strong>metr0polim</strong></span> <span class='ocrx_word' id='word_1_253' title='bbox 1001 2392 1174 2447; x_wconf 86' lang='lat' dir='ltr'><strong>nobili</strong></span> <span class='ocrx_word' id='word_1_254' title='bbox 1215 2393 1337 2449; x_wconf 91' lang='lat' dir='ltr'><strong>loco</strong></span> <span class='ocrx_word' id='word_1_255' title='bbox 1370 2402 1556 2459; x_wconf 87' lang='lat' dir='ltr'><strong>natus,</strong></span> <span class='ocrx_word' id='word_1_256' title='bbox 1605 2393 1700 2463; x_wconf 88' lang='lat' dir='ltr'><strong>qui</strong></span> <span class='ocrx_word' id='word_1_257' title='bbox 1732 2396 1987 2462; x_wconf 88' lang='lat' dir='ltr'><strong>superio-</strong></span> 
     </span>
    </p>
   </div>
   <div class='ocr_carea' id='block_1_40' title="bbox 405 2480 1985 2549">
    <p class='ocr_par' dir='ltr' id='par_1_40' title="bbox 405 2480 1985 2549">
     <span class='ocr_line' id='line_1_40' title="bbox 405 2480 1985 2549; baseline 0.003 -16"><span class='ocrx_word' id='word_1_258' title='bbox 405 2480 560 2537; x_wconf 90' lang='lat' dir='ltr'><strong>r.bus</strong></span> <span class='ocrx_word' id='word_1_259' title='bbox 598 2482 795 2539; x_wconf 68' lang='lat' dir='ltr'><strong>diebus</strong></span> <span class='ocrx_word' id='word_1_260' title='bbox 840 2486 992 2541; x_wconf 90' lang='lat' dir='ltr'><strong>solus</strong></span> <span class='ocrx_word' id='word_1_261' title='bbox 1044 2486 1239 2540; x_wconf 88' lang='lat' dir='ltr'><strong>urbem</strong></span> <span class='ocrx_word' id='word_1_262' title='bbox 1300 2484 1985 2549; x_wconf 29' lang='lat' dir='ltr'><strong>defendissevvidebatur,</strong></span> 
     </span>
    </p>
   </div>
   <div class='ocr_carea' id='block_1_41' title="bbox 406 2573 1985 2644">
    <p class='ocr_par' dir='ltr' id='par_1_41' title="bbox 406 2573 1985 2644">
     <span class='ocr_line' id='line_1_41' title="bbox 406 2573 1985 2644; baseline 0.003 -20"><span class='ocrx_word' id='word_1_263' title='bbox 406 2573 644 2639; x_wconf 67' lang='lat' dir='ltr'><strong>graviter</strong></span> <span class='ocrx_word' id='word_1_264' title='bbox 677 2577 1018 2641; x_wconf 85' lang='lat' dir='ltr'><strong>vulneratus,</strong></span> <span class='ocrx_word' id='word_1_265' title='bbox 1047 2576 1138 2631; x_wconf 91' lang='lat' dir='ltr'><strong>ttbi</strong></span> <span class='ocrx_word' id='word_1_266' title='bbox 1180 2575 1399 2631; x_wconf 87' lang='lat' dir='ltr'><strong>fluitare</strong></span> <span class='ocrx_word' id='word_1_267' title='bbox 1446 2574 1775 2644; x_wconf 87' lang='lat' dir='ltr'><strong>sanguinem</strong></span> <span class='ocrx_word' id='word_1_268' title='bbox 1823 2590 1985 2629; x_wconf 92' lang='lat' dir='ltr'><strong>suum</strong></span> 
     </span>
    </p>
   </div>
   <div class='ocr_carea' id='block_1_42' title="bbox 404 2664 1986 2730">
    <p class='ocr_par' dir='ltr' id='par_1_42' title="bbox 404 2664 1986 2730">
     <span class='ocr_line' id='line_1_42' title="bbox 404 2664 1986 2730; baseline 0.003 -15"><span class='ocrx_word' id='word_1_269' title='bbox 404 2664 819 2726; x_wconf 86' lang='lat' dir='ltr'><strong>animadvertit,</strong></span> <span class='ocrx_word' id='word_1_270' title='bbox 881 2683 950 2722; x_wconf 91' lang='lat' dir='ltr'><strong>ne</strong></span> <span class='ocrx_word' id='word_1_271' title='bbox 1004 2676 1234 2723; x_wconf 74' lang='lat' dir='ltr'><strong>cteteros</strong></span> <span class='ocrx_word' id='word_1_272' title='bbox 1294 2668 1619 2730; x_wconf 87' lang='lat' dir='ltr'><strong>deterreret,</strong></span> <span class='ocrx_word' id='word_1_273' title='bbox 1679 2666 1986 2721; x_wconf 87' lang='lat' dir='ltr'><strong>remedium</strong></span> 
     </span>
    </p>
   </div>
   <div class='ocr_carea' id='block_1_43' title="bbox 407 2757 1993 2830">
    <p class='ocr_par' dir='ltr' id='par_1_43' title="bbox 407 2757 1993 2830">
     <span class='ocr_line' id='line_1_43' title="bbox 407 2757 1993 2830; baseline -0.001 -23"><span class='ocrx_word' id='word_1_274' title='bbox 407 2772 677 2825; x_wconf 60' lang='lat' dir='ltr'><strong>quaerens,</strong></span> <span class='ocrx_word' id='word_1_275' title='bbox 707 2757 846 2812; x_wconf 89' lang='lat' dir='ltr'><strong>clam</strong></span> <span class='ocrx_word' id='word_1_276' title='bbox 866 2775 988 2816; x_wconf 90' lang='lat' dir='ltr'><strong>sese</strong></span> <span class='ocrx_word' id='word_1_277' title='bbox 1016 2775 1211 2830; x_wconf 69' lang='lat' dir='ltr'><strong>pugna:</strong></span> <span class='ocrx_word' id='word_1_278' title='bbox 1240 2760 1522 2816; x_wconf 86' lang='lat' dir='ltr'><strong>subduxit.</strong></span> <span class='ocrx_word' id='word_1_279' title='bbox 1566 2757 1672 2813; x_wconf 87' lang='lat' dir='ltr'><strong>Sed</strong></span> <span class='ocrx_word' id='word_1_280' title='bbox 1722 2758 1993 2813; x_wconf 67' lang='lat' dir='ltr'><strong>Constant.</strong></span> 
     </span>
    </p>
   </div>
   <div class='ocr_carea' id='block_1_44' title="bbox 408 2850 1986 2922">
    <p class='ocr_par' dir='ltr' id='par_1_44' title="bbox 408 2850 1986 2922">
     <span class='ocr_line' id='line_1_44' title="bbox 408 2850 1986 2922; baseline -0.002 -19"><span class='ocrx_word' id='word_1_281' title='bbox 408 2856 559 2907; x_wconf 86' lang='lat' dir='ltr'><strong>tinus</strong></span> <span class='ocrx_word' id='word_1_282' title='bbox 599 2852 919 2922; x_wconf 88' lang='lat' dir='ltr'><strong>imperator,</strong></span> <span class='ocrx_word' id='word_1_283' title='bbox 952 2862 1010 2907; x_wconf 91' lang='lat' dir='ltr'><strong>ut</strong></span> <span class='ocrx_word' id='word_1_284' title='bbox 1040 2854 1235 2909; x_wconf 87' lang='lat' dir='ltr'><strong>abesse</strong></span> <span class='ocrx_word' id='word_1_285' title='bbox 1281 2850 1657 2907; x_wconf 76' lang='lat' dir='ltr'><strong>Iustinianum</strong></span> <span class='ocrx_word' id='word_1_286' title='bbox 1708 2850 1986 2921; x_wconf 86' lang='lat' dir='ltr'><strong>cognovit,</strong></span> 
     </span>
    </p>
   </div>
   <div class='ocr_carea' id='block_1_45' title="bbox 409 2944 1992 3017">
    <p class='ocr_par' dir='ltr' id='par_1_45' title="bbox 409 2944 1992 3017">
     <span class='ocr_line' id='line_1_45' title="bbox 409 2944 1992 3017; baseline 0 -19"><span class='ocrx_word' id='word_1_287' title='bbox 409 2959 520 3014; x_wconf 84' lang='lat' dir='ltr'><strong>quo</strong></span> <span class='ocrx_word' id='word_1_288' title='bbox 552 2946 676 3001; x_wconf 89' lang='lat' dir='ltr'><strong>ierit</strong></span> <span class='ocrx_word' id='word_1_289' title='bbox 699 2946 1103 3017; x_wconf 79' lang='lat' dir='ltr'><strong>percontatur?</strong></span> <span class='ocrx_word' id='word_1_290' title='bbox 1141 2944 1446 3011; x_wconf 83' lang='lat' dir='ltr'><strong>Proditum,</strong></span> <span class='ocrx_word' id='word_1_291' title='bbox 1479 2961 1543 2999; x_wconf 87' lang='lat' dir='ltr'><strong>ac</strong></span> <span class='ocrx_word' id='word_1_292' title='bbox 1572 2945 1880 3010; x_wconf 88' lang='lat' dir='ltr'><strong>inventum,</strong></span> <span class='ocrx_word' id='word_1_293' title='bbox 1922 2959 1992 2998; x_wconf 89' lang='lat' dir='ltr'><strong>ne</strong></span> 
     </span>
    </p>
   </div>
   <div class='ocr_carea' id='block_1_46' title="bbox 413 3035 1992 3108">
    <p class='ocr_par' dir='ltr' id='par_1_46' title="bbox 413 3035 1992 3108">
     <span class='ocr_line' id='line_1_46' title="bbox 413 3035 1992 3108; baseline -0.001 -19"><span class='ocrx_word' id='word_1_294' title='bbox 413 3052 643 3107; x_wconf 87' lang='lat' dir='ltr'><strong>pugnam</strong></span> <span class='ocrx_word' id='word_1_295' title='bbox 667 3038 907 3104; x_wconf 88' lang='lat' dir='ltr'><strong>deserat,</strong></span> <span class='ocrx_word' id='word_1_296' title='bbox 926 3038 1087 3093; x_wconf 81' lang='lat' dir='ltr'><strong>enixe</strong></span> <span class='ocrx_word' id='word_1_297' title='bbox 1101 3047 1276 3108; x_wconf 84' lang='lat' dir='ltr'><strong>rogat.</strong></span> <span class='ocrx_word' id='word_1_298' title='bbox 1300 3037 1395 3093; x_wconf 83' lang='lat' dir='ltr'><strong>ille</strong></span> <span class='ocrx_word' id='word_1_299' title='bbox 1412 3038 1582 3093; x_wconf 87' lang='lat' dir='ltr'><strong>nihilo</strong></span> <span class='ocrx_word' id='word_1_300' title='bbox 1602 3037 1774 3106; x_wconf 89' lang='lat' dir='ltr'><strong>magis</strong></span> <span class='ocrx_word' id='word_1_301' title='bbox 1797 3035 1992 3099; x_wconf 88' lang='lat' dir='ltr'><strong>flexus,</strong></span> 
     </span>
    </p>
   </div>
   <div class='ocr_carea' id='block_1_47' title="bbox 409 3126 1982 3201">
    <p class='ocr_par' dir='ltr' id='par_1_47' title="bbox 409 3126 1982 3201">
     <span class='ocr_line' id='line_1_47' title="bbox 409 3126 1982 3201; baseline -0.002 -18"><span class='ocrx_word' id='word_1_302' title='bbox 409 3129 607 3197; x_wconf 75' lang='lat' dir='ltr'><strong>aperiri</strong></span> <span class='ocrx_word' id='word_1_303' title='bbox 655 3140 864 3201; x_wconf 88' lang='lat' dir='ltr'><strong>portam</strong></span> <span class='ocrx_word' id='word_1_304' title='bbox 926 3129 1105 3198; x_wconf 78' lang='lat' dir='ltr'><strong>jubet,</strong></span> <span class='ocrx_word' id='word_1_305' title='bbox 1166 3145 1273 3199; x_wconf 91' lang='lat' dir='ltr'><strong>qua</strong></span> <span class='ocrx_word' id='word_1_306' title='bbox 1333 3141 1628 3184; x_wconf 85' lang='lat' dir='ltr'><strong>curaturus</strong></span> <span class='ocrx_word' id='word_1_307' title='bbox 1680 3127 1877 3182; x_wconf 87' lang='lat' dir='ltr'><strong>vulnus</strong></span> <span class='ocrx_word' id='word_1_308' title='bbox 1927 3126 1982 3180; x_wconf 90' lang='lat' dir='ltr'><strong>in</strong></span> 
     </span>
    </p>
   </div>
   <div class='ocr_carea' id='block_1_48' title="bbox 412 3218 1977 3289">
    <p class='ocr_par' dir='ltr' id='par_1_48' title="bbox 412 3218 1977 3289">
     <span class='ocr_line' id='line_1_48' title="bbox 412 3218 1977 3289; baseline 0.006 -18"><span class='ocrx_word' id='word_1_309' title='bbox 412 3218 597 3273; x_wconf 86' lang='lat' dir='ltr'><strong>urbem</strong></span> <span class='ocrx_word' id='word_1_310' title='bbox 626 3221 829 3275; x_wconf 86' lang='lat' dir='ltr'><strong>redeat.</strong></span> <span class='ocrx_word' id='word_1_311' title='bbox 873 3221 1042 3275; x_wconf 78' lang='lat' dir='ltr'><strong>Erant</strong></span> <span class='ocrx_word' id='word_1_312' title='bbox 1097 3222 1245 3277; x_wconf 90' lang='lat' dir='ltr'><strong>enim</strong></span> <span class='ocrx_word' id='word_1_313' title='bbox 1301 3222 1569 3277; x_wconf 70' lang='lat' dir='ltr'><strong>obserata:</strong></span> <span class='ocrx_word' id='word_1_314' title='bbox 1601 3220 1750 3275; x_wconf 70' lang='lat' dir='ltr'><strong>urb?s</strong></span> <span class='ocrx_word' id='word_1_315' title='bbox 1776 3220 1977 3289; x_wconf 62' lang='lat' dir='ltr'><strong>jauuw.</strong></span> 
     </span>
    </p>
   </div>
   <div class='ocr_carea' id='block_1_49' title="bbox 410 3309 1991 3384">
    <p class='ocr_par' dir='ltr' id='par_1_49' title="bbox 410 3309 1991 3384">
     <span class='ocr_line' id='line_1_49' title="bbox 410 3309 1991 3384; baseline 0 -21"><span class='ocrx_word' id='word_1_316' title='bbox 410 3314 609 3380; x_wconf 80' lang='lat' dir='ltr'><strong>quibus</strong></span> <span class='ocrx_word' id='word_1_317' title='bbox 634 3314 701 3369; x_wconf 85' lang='lat' dir='ltr'><strong>ad</strong></span> <span class='ocrx_word' id='word_1_318' title='bbox 729 3315 1096 3370; x_wconf 89' lang='lat' dir='ltr'><strong>antetnuralia</strong></span> <span class='ocrx_word' id='word_1_319' title='bbox 1130 3315 1355 3384; x_wconf 85' lang='lat' dir='ltr'><strong>patebat</strong></span> <span class='ocrx_word' id='word_1_320' title='bbox 1389 3314 1517 3378; x_wconf 86' lang='lat' dir='ltr'><strong>iter,</strong></span> <span class='ocrx_word' id='word_1_321' title='bbox 1545 3330 1612 3367; x_wconf 88' lang='lat' dir='ltr'><strong>ne</strong></span> <span class='ocrx_word' id='word_1_322' title='bbox 1643 3329 1749 3381; x_wconf 89' lang='lat' dir='ltr'><strong>qua</strong></span> <span class='ocrx_word' id='word_1_323' title='bbox 1781 3309 1991 3379; x_wconf 85' lang='lat' dir='ltr'><strong>fugien-</strong></span> 
     </span>
    </p>
   </div>
   <div class='ocr_carea' id='block_1_50' title="bbox 411 3402 1991 3477">
    <p class='ocr_par' dir='ltr' id='par_1_50' title="bbox 411 3402 1991 3477">
     <span class='ocr_line' id='line_1_50' title="bbox 411 3402 1991 3477; baseline -0.003 -17"><span class='ocrx_word' id='word_1_324' title='bbox 411 3407 462 3459; x_wconf 90' lang='lat' dir='ltr'><strong>di</strong></span> <span class='ocrx_word' id='word_1_325' title='bbox 495 3407 726 3462; x_wconf 86' lang='lat' dir='ltr'><strong>facultas</strong></span> <span class='ocrx_word' id='word_1_326' title='bbox 759 3408 918 3462; x_wconf 80' lang='grc' dir='ltr'><strong>ιιιίιίιί</strong></span> <span class='ocrx_word' id='word_1_327' title='bbox 948 3416 1120 3471; x_wconf 87' lang='lat' dir='ltr'><strong>esset,</strong></span> <span class='ocrx_word' id='word_1_328' title='bbox 1165 3424 1228 3462; x_wconf 90' lang='lat' dir='ltr'><strong>ac</strong></span> <span class='ocrx_word' id='word_1_329' title='bbox 1261 3415 1553 3477; x_wconf 86' lang='lat' dir='ltr'><strong>propterea</strong></span> <span class='ocrx_word' id='word_1_330' title='bbox 1602 3406 1802 3460; x_wconf 85' lang='lat' dir='ltr'><strong>fortius</strong></span> <span class='ocrx_word' id='word_1_331' title='bbox 1848 3402 1991 3457; x_wconf 87' lang='lat' dir='ltr'><strong>hosti</strong></span> 
     </span>
    </p>
   </div>
   <div class='ocr_carea' id='block_1_51' title="bbox 414 3494 1989 3564">
    <p class='ocr_par' dir='ltr' id='par_1_51' title="bbox 414 3494 1989 3564">
     <span class='ocr_line' id='line_1_51' title="bbox 414 3494 1989 3564; baseline 0.001 -13"><span class='ocrx_word' id='word_1_332' title='bbox 414 3520 451 3551; x_wconf 55' lang='lat' dir='ltr'><strong>r.</strong></span> <span class='ocrx_word' id='word_1_333' title='bbox 474 3502 692 3556; x_wconf 82' lang='lat' dir='ltr'><strong>sisteret</strong></span> <span class='ocrx_word' id='word_1_334' title='bbox 730 3518 743 3555; x_wconf 87' lang='lat'><strong>:</strong></span> <span class='ocrx_word' id='word_1_335' title='bbox 785 3503 843 3555; x_wconf 85' lang='lat' dir='ltr'><strong>fit</strong></span> <span class='ocrx_word' id='word_1_336' title='bbox 887 3502 1099 3556; x_wconf 78' lang='lat' dir='ltr'><strong>interra</strong></span> <span class='ocrx_word' id='word_1_337' title='bbox 1158 3500 1444 3556; x_wconf 83' lang='lat' dir='ltr'><strong>remissior</strong></span> <span class='ocrx_word' id='word_1_338' title='bbox 1505 3497 1774 3562; x_wconf 78' lang='lat' dir='ltr'><strong>defensio,</strong></span> <span class='ocrx_word' id='word_1_339' title='bbox 1844 3494 1989 3564; x_wconf 82' lang='lat' dir='ltr'><strong>quod</strong></span> 
     </span>
    </p>
   </div>
   <div class='ocr_carea' id='block_1_52' title="bbox 413 3590 1991 3657">
    <p class='ocr_par' dir='ltr' id='par_1_52' title="bbox 413 3590 1991 3657">
     <span class='ocr_line' id='line_1_52' title="bbox 413 3590 1991 3657; baseline -0.002 -11"><span class='ocrx_word' id='word_1_340' title='bbox 413 3594 605 3649; x_wconf 73' lang='lat' dir='ltr'><strong>Turcze</strong></span> <span class='ocrx_word' id='word_1_341' title='bbox 645 3596 1018 3657; x_wconf 83' lang='lat' dir='ltr'><strong>advertentes,</strong></span> <span class='ocrx_word' id='word_1_342' title='bbox 1071 3594 1309 3649; x_wconf 75' lang='lat' dir='ltr'><strong>instante</strong></span> <span class='ocrx_word' id='word_1_343' title='bbox 1364 3592 1601 3646; x_wconf 84' lang='lat' dir='ltr'><strong>maxime</strong></span> <span class='ocrx_word' id='word_1_344' title='bbox 1664 3590 1991 3655; x_wconf 86' lang='lat' dir='ltr'><strong>Mahumete,</strong></span> 
     </span>
    </p>
   </div>
   <div class='ocr_carea' id='block_1_53' title="bbox 412 3684 1995 3757">
    <p class='ocr_par' dir='ltr' id='par_1_53' title="bbox 412 3684 1995 3757">
     <span class='ocr_line' id='line_1_53' title="bbox 412 3684 1995 3757; baseline -0.003 -17"><span class='ocrx_word' id='word_1_345' title='bbox 412 3687 595 3741; x_wconf 84' lang='lat' dir='ltr'><strong>acrius</strong></span> <span class='ocrx_word' id='word_1_346' title='bbox 628 3687 975 3742; x_wconf 73' lang='lat' dir='ltr'><strong>incumbunt.</strong></span> <span class='ocrx_word' id='word_1_347' title='bbox 1013 3687 1075 3741; x_wconf 82' lang='lat' dir='ltr'><strong>Et</strong></span> <span class='ocrx_word' id='word_1_348' title='bbox 1106 3687 1362 3757; x_wconf 89' lang='lat' dir='ltr'><strong>quoniam</strong></span> <span class='ocrx_word' id='word_1_349' title='bbox 1389 3701 1516 3755; x_wconf 88' lang='lat' dir='ltr'><strong>pars</strong></span> <span class='ocrx_word' id='word_1_350' title='bbox 1560 3688 1699 3738; x_wconf 90' lang='lat' dir='ltr'><strong>muri</strong></span> <span class='ocrx_word' id='word_1_351' title='bbox 1736 3684 1848 3753; x_wconf 87' lang='lat' dir='ltr'><strong>jam</strong></span> <span class='ocrx_word' id='word_1_352' title='bbox 1884 3693 1995 3736; x_wconf 87' lang='lat' dir='ltr'><strong>tor-</strong></span> 
     </span>
    </p>
   </div>
   <div class='ocr_carea' id='block_1_54' title="bbox 417 3778 1995 3848">
    <p class='ocr_par' dir='ltr' id='par_1_54' title="bbox 417 3778 1995 3848">
     <span class='ocr_line' id='line_1_54' title="bbox 417 3778 1995 3848; baseline -0.001 -18"><span class='ocrx_word' id='word_1_353' title='bbox 417 3782 613 3834; x_wconf 77' lang='lat' dir='ltr'><strong>utentis</strong></span> <span class='ocrx_word' id='word_1_354' title='bbox 682 3781 855 3836; x_wconf 78' lang='lat' dir='ltr'><strong>amcis</strong></span> <span class='ocrx_word' id='word_1_355' title='bbox 912 3779 1165 3848; x_wconf 72' lang='lat' dir='ltr'><strong>disiecta,</strong></span> <span class='ocrx_word' id='word_1_356' title='bbox 1222 3778 1423 3835; x_wconf 82' lang='lat' dir='ltr'><strong>fossam</strong></span> <span class='ocrx_word' id='word_1_357' title='bbox 1486 3792 1680 3847; x_wconf 82' lang='lat' dir='ltr'><strong>magna</strong></span> <span class='ocrx_word' id='word_1_358' title='bbox 1726 3791 1793 3831; x_wconf 78' lang='lat' dir='ltr'><strong>ex</strong></span> <span class='ocrx_word' id='word_1_359' title='bbox 1838 3784 1995 3845; x_wconf 88' lang='lat' dir='ltr'><strong>parte</strong></span> 
     </span>
    </p>
   </div>
   <div class='ocr_carea' id='block_1_55' title="bbox 412 3866 1996 3943">
    <p class='ocr_par' dir='ltr' id='par_1_55' title="bbox 412 3866 1996 3943">
     <span class='ocr_line' id='line_1_55' title="bbox 412 3866 1996 3943; baseline -0.003 -20"><span class='ocrx_word' id='word_1_360' title='bbox 412 3873 750 3943; x_wconf 86' lang='lat' dir='ltr'><strong>oppleverat,</strong></span> <span class='ocrx_word' id='word_1_361' title='bbox 770 3886 868 3941; x_wconf 90' lang='lat' dir='ltr'><strong>per</strong></span> <span class='ocrx_word' id='word_1_362' title='bbox 898 3872 1086 3926; x_wconf 87' lang='lat' dir='ltr'><strong>ruinas</strong></span> <span class='ocrx_word' id='word_1_363' title='bbox 1109 3872 1256 3939; x_wconf 81' lang='lat' dir='ltr'><strong>ipsas</strong></span> <span class='ocrx_word' id='word_1_364' title='bbox 1281 3871 1632 3930; x_wconf 85' lang='lat' dir='ltr'><strong>scandentes.</strong></span> <span class='ocrx_word' id='word_1_365' title='bbox 1654 3866 1996 3922; x_wconf 88' lang='lat' dir='ltr'><strong>antemurale</strong></span> 
     </span>
    </p>
   </div>
   <div class='ocr_carea' id='block_1_56' title="bbox 415 3959 1994 4033">
    <p class='ocr_par' dir='ltr' id='par_1_56' title="bbox 415 3959 1994 4033">
     <span class='ocr_line' id='line_1_56' title="bbox 415 3959 1994 4033; baseline -0.004 -15"><span class='ocrx_word' id='word_1_366' title='bbox 415 3966 816 4029; x_wconf 87' lang='lat' dir='ltr'><strong>conscendunt,</strong></span> <span class='ocrx_word' id='word_1_367' title='bbox 872 3964 1204 4033; x_wconf 62' lang='lat' dir='ltr'><strong>(iraa-osque</strong></span> <span class='ocrx_word' id='word_1_368' title='bbox 1259 3963 1579 4033; x_wconf 88' lang='lat' dir='ltr'><strong>perterritos</strong></span> <span class='ocrx_word' id='word_1_369' title='bbox 1620 3961 1742 4016; x_wconf 86' lang='lat' dir='ltr'><strong>loco</strong></span> <span class='ocrx_word' id='word_1_370' title='bbox 1800 3959 1994 4014; x_wconf 83' lang='lat' dir='ltr'><strong>detur-</strong></span> 
     </span>
    </p>
   </div>
   <div class='ocr_carea' id='block_1_57' title="bbox 417 4050 1999 4128">
    <p class='ocr_par' dir='ltr' id='par_1_57' title="bbox 417 4050 1999 4128">
     <span class='ocr_line' id='line_1_57' title="bbox 417 4050 1999 4128; baseline -0.004 -17"><span class='ocrx_word' id='word_1_371' title='bbox 417 4061 567 4114; x_wconf 79' lang='lat' dir='ltr'><strong>bant.</strong></span> <span class='ocrx_word' id='word_1_372' title='bbox 590 4059 773 4118; x_wconf 86' lang='lat' dir='ltr'><strong>Porta,</strong></span> <span class='ocrx_word' id='word_1_373' title='bbox 793 4073 912 4128; x_wconf 74' lang='lat' dir='ltr'><strong>qua:</strong></span> <span class='ocrx_word' id='word_1_374' title='bbox 929 4056 1238 4112; x_wconf 79' lang='lat' dir='ltr'><strong>Justiniano</strong></span> <span class='ocrx_word' id='word_1_375' title='bbox 1257 4056 1723 4124; x_wconf 79' lang='lat' dir='ltr'><strong>sauciopatuerat,</strong></span> <span class='ocrx_word' id='word_1_376' title='bbox 1742 4050 1999 4105; x_wconf 91' lang='lat' dir='ltr'><strong>omnibus</strong></span> 
     </span>
    </p>
   </div>
   <div class='ocr_carea' id='block_1_58' title="bbox 416 4141 1997 4217">
    <p class='ocr_par' dir='ltr' id='par_1_58' title="bbox 416 4141 1997 4217">
     <span class='ocr_line' id='line_1_58' title="bbox 416 4141 1997 4217; baseline -0.003 -20"><span class='ocrx_word' id='word_1_377' title='bbox 416 4158 601 4215; x_wconf 81' lang='lat' dir='ltr'><strong>aperta</strong></span> <span class='ocrx_word' id='word_1_378' title='bbox 641 4147 820 4217; x_wconf 81' lang='lat' dir='ltr'><strong>fugam</strong></span> <span class='ocrx_word' id='word_1_379' title='bbox 873 4147 1238 4216; x_wconf 89' lang='lat' dir='ltr'><strong>profusiorem</strong></span> <span class='ocrx_word' id='word_1_380' title='bbox 1288 4143 1486 4200; x_wconf 89' lang='lat' dir='ltr'><strong>reddit.</strong></span> <span class='ocrx_word' id='word_1_381' title='bbox 1525 4144 1681 4197; x_wconf 86' lang='lat' dir='ltr'><strong>Tunc</strong></span> <span class='ocrx_word' id='word_1_382' title='bbox 1725 4141 1997 4196; x_wconf 84' lang='lat' dir='ltr'><strong>Constan-</strong></span> 
     </span>
    </p>
   </div>
   <div class='ocr_carea' id='block_1_59' title="bbox 417 4234 1998 4309">
    <p class='ocr_par' dir='ltr' id='par_1_59' title="bbox 417 4234 1998 4309">
     <span class='ocr_line' id='line_1_59' title="bbox 417 4234 1998 4309; baseline -0.001 -18"><span class='ocrx_word' id='word_1_383' title='bbox 417 4243 589 4307; x_wconf 89' lang='lat' dir='ltr'><strong>tinus,</strong></span> <span class='ocrx_word' id='word_1_384' title='bbox 622 4254 730 4293; x_wconf 90' lang='lat' dir='ltr'><strong>nou</strong></span> <span class='ocrx_word' id='word_1_385' title='bbox 768 4247 827 4292; x_wconf 94' lang='lat' dir='ltr'><strong>ut</strong></span> <span class='ocrx_word' id='word_1_386' title='bbox 858 4241 1247 4309; x_wconf 86' lang='lat' dir='ltr'><strong>imperatorem</strong></span> <span class='ocrx_word' id='word_1_387' title='bbox 1307 4238 1515 4301; x_wconf 88' lang='lat' dir='ltr'><strong>decuit,</strong></span> <span class='ocrx_word' id='word_1_388' title='bbox 1544 4235 1855 4304; x_wconf 87' lang='lat' dir='ltr'><strong>pugnando,</strong></span> <span class='ocrx_word' id='word_1_389' title='bbox 1900 4234 1998 4289; x_wconf 79' lang='lat' dir='ltr'><strong>sed</strong></span> 
     </span>
    </p>
   </div>
   <div class='ocr_carea' id='block_1_60' title="bbox 420 4326 1994 4403">
    <p class='ocr_par' dir='ltr' id='par_1_60' title="bbox 420 4326 1994 4403">
     <span class='ocr_line' id='line_1_60' title="bbox 420 4326 1994 4403; baseline -0.005 -17"><span class='ocrx_word' id='word_1_390' title='bbox 420 4334 634 4403; x_wconf 84' lang='lat' dir='ltr'><strong>fugiens</strong></span> <span class='ocrx_word' id='word_1_391' title='bbox 694 4332 747 4386; x_wconf 93' lang='lat' dir='ltr'><strong>in</strong></span> <span class='ocrx_word' id='word_1_392' title='bbox 793 4331 930 4401; x_wconf 89' lang='lat' dir='ltr'><strong>ipsis</strong></span> <span class='ocrx_word' id='word_1_393' title='bbox 978 4338 1150 4399; x_wconf 65' lang='lat' dir='ltr'><strong>porta:</strong></span> <span class='ocrx_word' id='word_1_394' title='bbox 1182 4330 1476 4400; x_wconf 87' lang='lat' dir='ltr'><strong>angustiis,</strong></span> <span class='ocrx_word' id='word_1_395' title='bbox 1520 4344 1645 4382; x_wconf 89' lang='lat' dir='ltr'><strong>cum</strong></span> <span class='ocrx_word' id='word_1_396' title='bbox 1682 4326 1994 4391; x_wconf 89' lang='lat' dir='ltr'><strong>cecidisset,</strong></span> 
     </span>
    </p>
   </div>
   <div class='ocr_carea' id='block_1_61' title="bbox 418 4420 1997 4499">
    <p class='ocr_par' dir='ltr' id='par_1_61' title="bbox 418 4420 1997 4499">
     <span class='ocr_line' id='line_1_61' title="bbox 418 4420 1997 4499; baseline -0.003 -22"><span class='ocrx_word' id='word_1_397' title='bbox 418 4426 823 4497; x_wconf 65' lang='lat' dir='ltr'><strong>trumpentium</strong></span> <span class='ocrx_word' id='word_1_398' title='bbox 870 4422 1217 4499; x_wconf 88' lang='lat' dir='ltr'><strong>multitudine</strong></span> <span class='ocrx_word' id='word_1_399' title='bbox 1273 4435 1587 4490; x_wconf 82' lang='lat' dir='ltr'><strong>Oppressus,</strong></span> <span class='ocrx_word' id='word_1_400' title='bbox 1644 4420 1997 4488; x_wconf 84' lang='lat' dir='ltr'><strong>ralcatusque</strong></span> 
     </span>
    </p>
   </div>
   <div class='ocr_carea' id='block_1_62' title="bbox 2008 3186 2051 3240">
    <p class='ocr_par' dir='ltr' id='par_1_62' title="bbox 2008 3186 2051 3240">
     <span class='ocr_line' id='line_1_62' title="bbox 2008 3186 2051 3240; baseline 0 0"><span class='ocrx_word' id='word_1_401' title='bbox 2008 3186 2051 3240; x_wconf 90' lang='lat' dir='ltr'><strong>C</strong></span> 
     </span>
    </p>
   </div>
   <div class='ocr_carea' id='block_1_63' title="bbox 2086 1933 3662 2006">
    <p class='ocr_par' dir='ltr' id='par_1_63' title="bbox 2086 1933 3662 2006">
     <span class='ocr_line' id='line_1_63' title="bbox 2086 1933 3662 2006; baseline -0.001 -17"><span class='ocrx_word' id='word_1_402' title='bbox 2086 1936 2348 2002; x_wconf 87' lang='lat' dir='ltr'><strong>traheret,</strong></span> <span class='ocrx_word' id='word_1_403' title='bbox 2383 1936 2595 2006; x_wconf 83' lang='lat' dir='ltr'><strong>majore</strong></span> <span class='ocrx_word' id='word_1_404' title='bbox 2617 1938 2851 1991; x_wconf 84' lang='lat' dir='ltr'><strong>aliorum</strong></span> <span class='ocrx_word' id='word_1_405' title='bbox 2887 1936 2937 1989; x_wconf 79' lang='lat' dir='ltr'><strong>vi</strong></span> <span class='ocrx_word' id='word_1_406' title='bbox 2994 1935 3372 1991; x_wconf 81' lang='lat' dir='ltr'><strong>truncabatttr.</strong></span> <span class='ocrx_word' id='word_1_407' title='bbox 3414 1933 3662 2003; x_wconf 88' lang='lat' dir='ltr'><strong>Cumque</strong></span> 
     </span>
    </p>
   </div>
   <div class='ocr_carea' id='block_1_64' title="bbox 2086 2027 3662 2095">
    <p class='ocr_par' dir='ltr' id='par_1_64' title="bbox 2086 2027 3662 2095">
     <span class='ocr_line' id='line_1_64' title="bbox 2086 2027 3662 2095; baseline 0 -14"><span class='ocrx_word' id='word_1_408' title='bbox 2086 2027 2139 2081; x_wconf 91' lang='lat' dir='ltr'><strong>in</strong></span> <span class='ocrx_word' id='word_1_409' title='bbox 2166 2028 2412 2085; x_wconf 81' lang='lat' dir='ltr'><strong>exercitu</strong></span> <span class='ocrx_word' id='word_1_410' title='bbox 2437 2029 2679 2083; x_wconf 80' lang='lat' dir='ltr'><strong>maximo</strong></span> <span class='ocrx_word' id='word_1_411' title='bbox 2715 2044 2779 2085; x_wconf 90' lang='lat' dir='ltr'><strong>ac</strong></span> <span class='ocrx_word' id='word_1_412' title='bbox 2806 2030 3058 2095; x_wconf 88' lang='lat' dir='ltr'><strong>dissono,</strong></span> <span class='ocrx_word' id='word_1_413' title='bbox 3109 2047 3177 2085; x_wconf 80' lang='lat' dir='ltr'><strong>ex</strong></span> <span class='ocrx_word' id='word_1_414' title='bbox 3235 2031 3449 2085; x_wconf 89' lang='lat' dir='ltr'><strong>civibus</strong></span> <span class='ocrx_word' id='word_1_415' title='bbox 3499 2029 3662 2085; x_wconf 76' lang='lat' dir='ltr'><strong>seriis</strong></span> 
     </span>
    </p>
   </div>
   <div class='ocr_carea' id='block_1_65' title="bbox 2084 2121 3663 2192">
    <p class='ocr_par' dir='ltr' id='par_1_65' title="bbox 2084 2121 3663 2192">
     <span class='ocr_line' id='line_1_65' title="bbox 2084 2121 3663 2192; baseline 0.001 -17"><span class='ocrx_word' id='word_1_416' title='bbox 2084 2130 2249 2191; x_wconf 89' lang='lat' dir='ltr'><strong>atque</strong></span> <span class='ocrx_word' id='word_1_417' title='bbox 2269 2121 2513 2178; x_wconf 78' lang='lat' dir='ltr'><strong>externis</strong></span> <span class='ocrx_word' id='word_1_418' title='bbox 2534 2121 2785 2191; x_wconf 78' lang='lat' dir='ltr'><strong>conflato,</strong></span> <span class='ocrx_word' id='word_1_419' title='bbox 2818 2123 3050 2178; x_wconf 72' lang='lat' dir='ltr'><strong>diversa:</strong></span> <span class='ocrx_word' id='word_1_420' title='bbox 3073 2124 3293 2192; x_wconf 79' lang='lat' dir='ltr'><strong>linguze,</strong></span> <span class='ocrx_word' id='word_1_421' title='bbox 3322 2124 3459 2178; x_wconf 88' lang='lat' dir='ltr'><strong>varii</strong></span> <span class='ocrx_word' id='word_1_422' title='bbox 3484 2137 3663 2176; x_wconf 82' lang='lat' dir='ltr'><strong>mores</strong></span> 
     </span>
    </p>
   </div>
   <div class='ocr_carea' id='block_1_66' title="bbox 2086 2212 3658 2285">
    <p class='ocr_par' dir='ltr' id='par_1_66' title="bbox 2086 2212 3658 2285">
     <span class='ocr_line' id='line_1_66' title="bbox 2086 2212 3658 2285; baseline 0.001 -19"><span class='ocrx_word' id='word_1_423' title='bbox 2086 2223 2248 2283; x_wconf 88' lang='lat' dir='ltr'><strong>atque</strong></span> <span class='ocrx_word' id='word_1_424' title='bbox 2285 2212 2571 2283; x_wconf 85' lang='lat' dir='ltr'><strong>cupidines</strong></span> <span class='ocrx_word' id='word_1_425' title='bbox 2604 2223 2809 2282; x_wconf 88' lang='lat' dir='ltr'><strong>essent,</strong></span> <span class='ocrx_word' id='word_1_426' title='bbox 2849 2215 2997 2270; x_wconf 91' lang='lat' dir='ltr'><strong>aliud</strong></span> <span class='ocrx_word' id='word_1_427' title='bbox 3026 2217 3223 2285; x_wconf 90' lang='lat' dir='ltr'><strong>cuique</strong></span> <span class='ocrx_word' id='word_1_428' title='bbox 3249 2218 3333 2271; x_wconf 86' lang='lat' dir='ltr'><strong>fas</strong></span> <span class='ocrx_word' id='word_1_429' title='bbox 3368 2215 3658 2283; x_wconf 85' lang='lat' dir='ltr'><strong>nefasque,</strong></span> 
     </span>
    </p>
   </div>
   <div class='ocr_carea' id='block_1_67' title="bbox 2088 2304 3660 2379">
    <p class='ocr_par' dir='ltr' id='par_1_67' title="bbox 2088 2304 3660 2379">
     <span class='ocr_line' id='line_1_67' title="bbox 2088 2304 3660 2379; baseline 0.004 -23"><span class='ocrx_word' id='word_1_430' title='bbox 2088 2305 2223 2359; x_wconf 84' lang='lat' dir='ltr'><strong>nihil</strong></span> <span class='ocrx_word' id='word_1_431' title='bbox 2267 2304 2517 2379; x_wconf 88' lang='lat' dir='ltr'><strong>illicitum</strong></span> <span class='ocrx_word' id='word_1_432' title='bbox 2572 2315 2687 2360; x_wconf 91' lang='lat' dir='ltr'><strong>toto</strong></span> <span class='ocrx_word' id='word_1_433' title='bbox 2745 2305 2931 2361; x_wconf 91' lang='lat' dir='ltr'><strong>triduo</strong></span> <span class='ocrx_word' id='word_1_434' title='bbox 2989 2308 3479 2376; x_wconf 86' lang='lat' dir='ltr'><strong>Constantinopoli</strong></span> <span class='ocrx_word' id='word_1_435' title='bbox 3536 2307 3660 2362; x_wconf 90' lang='lat' dir='ltr'><strong>fuit.</strong></span> 
     </span>
    </p>
   </div>
   <div class='ocr_carea' id='block_1_68' title="bbox 2089 2396 3661 2469">
    <p class='ocr_par' dir='ltr' id='par_1_68' title="bbox 2089 2396 3661 2469">
     <span class='ocr_line' id='line_1_68' title="bbox 2089 2396 3661 2469; baseline 0.002 -19"><span class='ocrx_word' id='word_1_436' title='bbox 2089 2396 2374 2466; x_wconf 84' lang='lat' dir='ltr'><strong>Templum</strong></span> <span class='ocrx_word' id='word_1_437' title='bbox 2412 2398 2654 2466; x_wconf 67' lang='lat' dir='ltr'><strong>Sophiaa,</strong></span> <span class='ocrx_word' id='word_1_438' title='bbox 2687 2397 2987 2455; x_wconf 71' lang='lat' dir='ltr'><strong>Iustiniani</strong></span> <span class='ocrx_word' id='word_1_439' title='bbox 3044 2400 3281 2455; x_wconf 69' lang='lat' dir='ltr'><strong>Caesaris</strong></span> <span class='ocrx_word' id='word_1_440' title='bbox 3342 2416 3503 2469; x_wconf 83' lang='lat' dir='ltr'><strong>opus,</strong></span> <span class='ocrx_word' id='word_1_441' title='bbox 3547 2407 3661 2453; x_wconf 90' lang='lat' dir='ltr'><strong>toto</strong></span> 
     </span>
    </p>
   </div>
   <div class='ocr_carea' id='block_1_69' title="bbox 2087 2491 3664 2561">
    <p class='ocr_par' dir='ltr' id='par_1_69' title="bbox 2087 2491 3664 2561">
     <span class='ocr_line' id='line_1_69' title="bbox 2087 2491 3664 2561; baseline -0.002 -17"><span class='ocrx_word' id='word_1_442' title='bbox 2087 2491 2222 2545; x_wconf 91' lang='lat' dir='ltr'><strong>orbe</strong></span> <span class='ocrx_word' id='word_1_443' title='bbox 2271 2491 2651 2556; x_wconf 88' lang='lat' dir='ltr'><strong>decantatum,</strong></span> <span class='ocrx_word' id='word_1_444' title='bbox 2698 2500 2753 2545; x_wconf 91' lang='lat' dir='ltr'><strong>et</strong></span> <span class='ocrx_word' id='word_1_445' title='bbox 2800 2491 2887 2545; x_wconf 91' lang='lat' dir='ltr'><strong>cui</strong></span> <span class='ocrx_word' id='word_1_446' title='bbox 2950 2491 3262 2561; x_wconf 90' lang='lat' dir='ltr'><strong>comparari</strong></span> <span class='ocrx_word' id='word_1_447' title='bbox 3314 2491 3545 2543; x_wconf 87' lang='lat' dir='ltr'><strong>alterum</strong></span> <span class='ocrx_word' id='word_1_448' title='bbox 3597 2504 3664 2542; x_wconf 90' lang='lat' dir='ltr'><strong>eo</strong></span> 
     </span>
    </p>
   </div>
   <div class='ocr_carea' id='block_1_70' title="bbox 2090 2581 3665 2655">
    <p class='ocr_par' dir='ltr' id='par_1_70' title="bbox 2090 2581 3665 2655">
     <span class='ocr_line' id='line_1_70' title="bbox 2090 2581 3665 2655; baseline -0.004 -16"><span class='ocrx_word' id='word_1_449' title='bbox 2090 2596 2332 2655; x_wconf 88' lang='lat' dir='ltr'><strong>tempore</strong></span> <span class='ocrx_word' id='word_1_450' title='bbox 2368 2600 2477 2639; x_wconf 90' lang='lat' dir='ltr'><strong>non</strong></span> <span class='ocrx_word' id='word_1_451' title='bbox 2523 2586 2720 2654; x_wconf 88' lang='lat' dir='ltr'><strong>potttit,</strong></span> <span class='ocrx_word' id='word_1_452' title='bbox 2768 2587 3032 2639; x_wconf 89' lang='lat' dir='ltr'><strong>nudatum</strong></span> <span class='ocrx_word' id='word_1_453' title='bbox 3097 2599 3253 2639; x_wconf 82' lang='lat' dir='ltr'><strong>sacra</strong></span> <span class='ocrx_word' id='word_1_454' title='bbox 3314 2581 3665 2653; x_wconf 77' lang='lat' dir='ltr'><strong>supellectili,</strong></span> 
     </span>
    </p>
   </div>
   <div class='ocr_carea' id='block_1_71' title="bbox 2090 2677 3668 2748">
    <p class='ocr_par' dir='ltr' id='par_1_71' title="bbox 2090 2677 3668 2748">
     <span class='ocr_line' id='line_1_71' title="bbox 2090 2677 3668 2748; baseline -0.003 -15"><span class='ocrx_word' id='word_1_455' title='bbox 2090 2680 2157 2733; x_wconf 86' lang='lat' dir='ltr'><strong>ad</strong></span> <span class='ocrx_word' id='word_1_456' title='bbox 2186 2693 2380 2733; x_wconf 90' lang='lat' dir='ltr'><strong>omnes</strong></span> <span class='ocrx_word' id='word_1_457' title='bbox 2412 2678 2709 2747; x_wconf 74' lang='lat' dir='ltr'><strong>spurcitiae</strong></span> <span class='ocrx_word' id='word_1_458' title='bbox 2739 2679 2916 2748; x_wconf 89' lang='lat' dir='ltr'><strong>patuit</strong></span> <span class='ocrx_word' id='word_1_459' title='bbox 2947 2697 2961 2735; x_wconf 88' lang='lat'><strong>:</strong></span> <span class='ocrx_word' id='word_1_460' title='bbox 3000 2694 3236 2748; x_wconf 89' lang='lat' dir='ltr'><strong>namque</strong></span> <span class='ocrx_word' id='word_1_461' title='bbox 3281 2677 3405 2732; x_wconf 92' lang='lat' dir='ltr'><strong>illuc</strong></span> <span class='ocrx_word' id='word_1_462' title='bbox 3428 2678 3475 2729; x_wconf 91' lang='lat' dir='ltr'><strong>vi</strong></span> <span class='ocrx_word' id='word_1_463' title='bbox 3544 2691 3668 2745; x_wconf 88' lang='lat' dir='ltr'><strong>pcr-</strong></span> 
     </span>
    </p>
   </div>
   <div class='ocr_carea' id='block_1_72' title="bbox 2093 2769 3668 2842">
    <p class='ocr_par' dir='ltr' id='par_1_72' title="bbox 2093 2769 3668 2842">
     <span class='ocr_line' id='line_1_72' title="bbox 2093 2769 3668 2842; baseline -0.003 -16"><span class='ocrx_word' id='word_1_464' title='bbox 2093 2781 2277 2826; x_wconf 66' lang='lat' dir='ltr'><strong>tractaa</strong></span> <span class='ocrx_word' id='word_1_465' title='bbox 2314 2772 2548 2841; x_wconf 72' lang='lat' dir='ltr'><strong>captiva:</strong></span> <span class='ocrx_word' id='word_1_466' title='bbox 2578 2773 2817 2842; x_wconf 86' lang='lat' dir='ltr'><strong>virgines</strong></span> <span class='ocrx_word' id='word_1_467' title='bbox 2840 2786 3013 2827; x_wconf 75' lang='lat' dir='ltr'><strong>sacrae</strong></span> <span class='ocrx_word' id='word_1_468' title='bbox 3044 2781 3210 2840; x_wconf 90' lang='lat' dir='ltr'><strong>atque</strong></span> <span class='ocrx_word' id='word_1_469' title='bbox 3265 2770 3530 2841; x_wconf 65' lang='lat' dir='ltr'><strong>profanae,</strong></span> <span class='ocrx_word' id='word_1_470' title='bbox 3585 2769 3668 2822; x_wconf 86' lang='lat' dir='ltr'><strong>vi-</strong></span> 
     </span>
    </p>
   </div>
   <div class='ocr_carea' id='block_1_73' title="bbox 2090 2862 3665 2934">
    <p class='ocr_par' dir='ltr' id='par_1_73' title="bbox 2090 2862 3665 2934">
     <span class='ocr_line' id='line_1_73' title="bbox 2090 2862 3665 2934; baseline -0.002 -16"><span class='ocrx_word' id='word_1_471' title='bbox 2090 2865 2213 2918; x_wconf 74' lang='lat' dir='ltr'><strong>duae</strong></span> <span class='ocrx_word' id='word_1_472' title='bbox 2232 2874 2397 2934; x_wconf 89' lang='lat' dir='ltr'><strong>atque</strong></span> <span class='ocrx_word' id='word_1_473' title='bbox 2431 2873 2714 2929; x_wconf 71' lang='lat' dir='ltr'><strong>matronze,</strong></span> <span class='ocrx_word' id='word_1_474' title='bbox 2753 2865 3028 2918; x_wconf 87' lang='lat' dir='ltr'><strong>decennes</strong></span> <span class='ocrx_word' id='word_1_475' title='bbox 3060 2865 3228 2917; x_wconf 76' lang='lat' dir='ltr'><strong>etiam</strong></span> <span class='ocrx_word' id='word_1_476' title='bbox 3289 2862 3443 2931; x_wconf 82' lang='lat' dir='ltr'><strong>pueri</strong></span> <span class='ocrx_word' id='word_1_477' title='bbox 3499 2870 3665 2930; x_wconf 87' lang='lat' dir='ltr'><strong>atque</strong></span> 
     </span>
    </p>
   </div>
   <div class='ocr_carea' id='block_1_74' title="bbox 2092 2954 3671 3027">
    <p class='ocr_par' dir='ltr' id='par_1_74' title="bbox 2092 2954 3671 3027">
     <span class='ocr_line' id='line_1_74' title="bbox 2092 2954 3671 3027; baseline -0.003 -16"><span class='ocrx_word' id='word_1_478' title='bbox 2092 2955 2640 3027; x_wconf 74' lang='lat' dir='ltr'><strong>puellae,inexplcbili</strong></span> <span class='ocrx_word' id='word_1_479' title='bbox 2673 2955 3162 3022; x_wconf 90' lang='lat' dir='ltr'><strong>spurcissimorum</strong></span> <span class='ocrx_word' id='word_1_480' title='bbox 3198 2969 3398 3008; x_wconf 87' lang='lat' dir='ltr'><strong>canum</strong></span> <span class='ocrx_word' id='word_1_481' title='bbox 3456 2954 3671 3007; x_wconf 88' lang='lat' dir='ltr'><strong>libidini</strong></span> 
     </span>
    </p>
   </div>
   <div class='ocr_carea' id='block_1_75' title="bbox 2093 3035 3669 3111">
    <p class='ocr_par' dir='ltr' id='par_1_75' title="bbox 2093 3035 3669 3111">
     <span class='ocr_line' id='line_1_75' title="bbox 2093 3035 3669 3111; baseline -0.002 -11"><span class='ocrx_word' id='word_1_482' title='bbox 2093 3055 2148 3100; x_wconf 84' lang='lat' dir='ltr'><strong>et</strong></span> <span class='ocrx_word' id='word_1_483' title='bbox 2174 3046 2419 3111; x_wconf 66' lang='lat' dir='ltr'><strong>luxuriae,</strong></span> <span class='ocrx_word' id='word_1_484' title='bbox 2449 3048 2623 3099; x_wconf 88' lang='lat' dir='ltr'><strong>donec</strong></span> <span class='ocrx_word' id='word_1_485' title='bbox 2646 3044 2893 3100; x_wconf 77' lang='lat' dir='ltr'><strong>efﬂarent</strong></span> <span class='ocrx_word' id='word_1_486' title='bbox 2939 3047 3171 3107; x_wconf 89' lang='lat' dir='ltr'><strong>animas,</strong></span> <span class='ocrx_word' id='word_1_487' title='bbox 3211 3035 3480 3099; x_wconf 79' lang='lat' dir='ltr'><strong>inservire</strong></span> <span class='ocrx_word' id='word_1_488' title='bbox 3536 3054 3669 3099; x_wconf 88' lang='lat' dir='ltr'><strong>sunt</strong></span> 
     </span>
    </p>
   </div>
   <div class='ocr_carea' id='block_1_76' title="bbox 2095 3137 3673 3207">
    <p class='ocr_par' dir='ltr' id='par_1_76' title="bbox 2095 3137 3673 3207">
     <span class='ocr_line' id='line_1_76' title="bbox 2095 3137 3673 3207; baseline -0.002 -14"><span class='ocrx_word' id='word_1_489' title='bbox 2095 3152 2315 3193; x_wconf 68' lang='lat' dir='ltr'><strong>coactae.</strong></span> <span class='ocrx_word' id='word_1_490' title='bbox 2342 3138 2478 3193; x_wconf 87' lang='lat' dir='ltr'><strong>Ossa</strong></span> <span class='ocrx_word' id='word_1_491' title='bbox 2517 3147 2837 3207; x_wconf 87' lang='lat' dir='ltr'><strong>martyrum,</strong></span> <span class='ocrx_word' id='word_1_492' title='bbox 2869 3154 2991 3207; x_wconf 43' lang='lat' dir='ltr'><strong>qua:</strong></span> <span class='ocrx_word' id='word_1_493' title='bbox 3046 3138 3265 3191; x_wconf 88' lang='lat' dir='ltr'><strong>fuerant</strong></span> <span class='ocrx_word' id='word_1_494' title='bbox 3300 3138 3353 3191; x_wconf 91' lang='lat' dir='ltr'><strong>in</strong></span> <span class='ocrx_word' id='word_1_495' title='bbox 3395 3137 3485 3191; x_wconf 90' lang='lat' dir='ltr'><strong>illa</strong></span> <span class='ocrx_word' id='word_1_496' title='bbox 3535 3139 3673 3190; x_wconf 87' lang='lat' dir='ltr'><strong>urbe</strong></span> 
     </span>
    </p>
   </div>
   <div class='ocr_carea' id='block_1_77' title="bbox 2094 3230 3668 3300">
    <p class='ocr_par' dir='ltr' id='par_1_77' title="bbox 2094 3230 3668 3300">
     <span class='ocr_line' id='line_1_77' title="bbox 2094 3230 3668 3300; baseline -0.001 -18"><span class='ocrx_word' id='word_1_497' title='bbox 2094 3232 2505 3300; x_wconf 79' lang='lat' dir='ltr'><strong>pretiosissima,</strong></span> <span class='ocrx_word' id='word_1_498' title='bbox 2542 3231 2772 3285; x_wconf 88' lang='lat' dir='ltr'><strong>canibus</strong></span> <span class='ocrx_word' id='word_1_499' title='bbox 2789 3231 2997 3298; x_wconf 85' lang='lat' dir='ltr'><strong>objecta</strong></span> <span class='ocrx_word' id='word_1_500' title='bbox 3022 3241 3073 3283; x_wconf 88' lang='lat' dir='ltr'><strong>et</strong></span> <span class='ocrx_word' id='word_1_501' title='bbox 3105 3230 3316 3285; x_wconf 89' lang='lat' dir='ltr'><strong>suibus.</strong></span> <span class='ocrx_word' id='word_1_502' title='bbox 3342 3230 3668 3284; x_wconf 81' lang='lat' dir='ltr'><strong>Sanctorum</strong></span> 
     </span>
    </p>
   </div>
   <div class='ocr_carea' id='block_1_78' title="bbox 2094 3319 3662 3389">
    <p class='ocr_par' dir='ltr' id='par_1_78' title="bbox 2094 3319 3662 3389">
     <span class='ocr_line' id='line_1_78' title="bbox 2094 3319 3662 3389; baseline 0 -16"><span class='ocrx_word' id='word_1_503' title='bbox 2094 3322 2356 3389; x_wconf 80' lang='lat' dir='ltr'><strong>imagines</strong></span> <span class='ocrx_word' id='word_1_504' title='bbox 2383 3331 2476 3373; x_wconf 91' lang='lat' dir='ltr'><strong>aut</strong></span> <span class='ocrx_word' id='word_1_505' title='bbox 2503 3321 2615 3373; x_wconf 92' lang='lat' dir='ltr'><strong>luto</strong></span> <span class='ocrx_word' id='word_1_506' title='bbox 2647 3319 2865 3375; x_wconf 67' lang='lat' dir='ltr'><strong>ftedatte</strong></span> <span class='ocrx_word' id='word_1_507' title='bbox 2898 3329 2990 3372; x_wconf 88' lang='lat' dir='ltr'><strong>aut</strong></span> <span class='ocrx_word' id='word_1_508' title='bbox 3028 3320 3175 3373; x_wconf 87' lang='lat' dir='ltr'><strong>ferro</strong></span> <span class='ocrx_word' id='word_1_509' title='bbox 3216 3321 3428 3384; x_wconf 64' lang='lat' dir='ltr'><strong>deletae,</strong></span> <span class='ocrx_word' id='word_1_510' title='bbox 3467 3323 3662 3375; x_wconf 83' lang='lat' dir='ltr'><strong>altaria</strong></span> 
     </span>
    </p>
   </div>
   <div class='ocr_carea' id='block_1_79' title="bbox 2093 3412 3671 3482">
    <p class='ocr_par' dir='ltr' id='par_1_79' title="bbox 2093 3412 3671 3482">
     <span class='ocr_line' id='line_1_79' title="bbox 2093 3412 3671 3482; baseline 0 -15"><span class='ocrx_word' id='word_1_511' title='bbox 2093 3414 2275 3467; x_wconf 90' lang='lat' dir='ltr'><strong>diruta</strong></span> <span class='ocrx_word' id='word_1_512' title='bbox 2302 3422 2466 3482; x_wconf 88' lang='lat' dir='ltr'><strong>atque</strong></span> <span class='ocrx_word' id='word_1_513' title='bbox 2488 3428 2703 3467; x_wconf 87' lang='lat' dir='ltr'><strong>eversa.</strong></span> <span class='ocrx_word' id='word_1_514' title='bbox 2743 3412 2797 3465; x_wconf 91' lang='lat' dir='ltr'><strong>ln</strong></span> <span class='ocrx_word' id='word_1_515' title='bbox 2834 3413 3302 3481; x_wconf 83' lang='lat' dir='ltr'><strong>reliquistetuplis</strong></span> <span class='ocrx_word' id='word_1_516' title='bbox 3358 3424 3449 3466; x_wconf 89' lang='lat' dir='ltr'><strong>aut</strong></span> <span class='ocrx_word' id='word_1_517' title='bbox 3512 3416 3671 3482; x_wconf 88' lang='lat' dir='ltr'><strong>lupa-</strong></span> 
     </span>
    </p>
   </div>
   <div class='ocr_carea' id='block_1_80' title="bbox 2094 3502 3667 3573">
    <p class='ocr_par' dir='ltr' id='par_1_80' title="bbox 2094 3502 3667 3573">
     <span class='ocr_line' id='line_1_80' title="bbox 2094 3502 3667 3573; baseline -0.001 -14"><span class='ocrx_word' id='word_1_518' title='bbox 2094 3504 2249 3559; x_wconf 90' lang='lat' dir='ltr'><strong>naria</strong></span> <span class='ocrx_word' id='word_1_519' title='bbox 2276 3503 2631 3557; x_wconf 88' lang='lat' dir='ltr'><strong>meretricum</strong></span> <span class='ocrx_word' id='word_1_520' title='bbox 2693 3502 2859 3569; x_wconf 85' lang='lat' dir='ltr'><strong>facta,</strong></span> <span class='ocrx_word' id='word_1_521' title='bbox 2906 3514 3001 3559; x_wconf 90' lang='lat' dir='ltr'><strong>aut</strong></span> <span class='ocrx_word' id='word_1_522' title='bbox 3028 3520 3297 3573; x_wconf 87' lang='lat' dir='ltr'><strong>equorum</strong></span> <span class='ocrx_word' id='word_1_523' title='bbox 3335 3504 3572 3559; x_wconf 87' lang='lat' dir='ltr'><strong>stabula.</strong></span> <span class='ocrx_word' id='word_1_524' title='bbox 3606 3506 3667 3559; x_wconf 85' lang='lat' dir='ltr'><strong>lu</strong></span> 
     </span>
    </p>
   </div>
   <div class='ocr_carea' id='block_1_81' title="bbox 2095 3594 3674 3665">
    <p class='ocr_par' dir='ltr' id='par_1_81' title="bbox 2095 3594 3674 3665">
     <span class='ocr_line' id='line_1_81' title="bbox 2095 3594 3674 3665; baseline 0 -14"><span class='ocrx_word' id='word_1_525' title='bbox 2095 3605 2339 3651; x_wconf 90' lang='lat' dir='ltr'><strong>sacratos</strong></span> <span class='ocrx_word' id='word_1_526' title='bbox 2380 3594 2489 3650; x_wconf 92' lang='lat' dir='ltr'><strong>Deo</strong></span> <span class='ocrx_word' id='word_1_527' title='bbox 2528 3596 2677 3651; x_wconf 88' lang='lat' dir='ltr'><strong>viros</strong></span> <span class='ocrx_word' id='word_1_528' title='bbox 2705 3636 2719 3659; x_wconf 93' lang='lat'><strong>,</strong></span> <span class='ocrx_word' id='word_1_529' title='bbox 2782 3596 3068 3665; x_wconf 84' lang='lat' dir='ltr'><strong>religiosos</strong></span> <span class='ocrx_word' id='word_1_530' title='bbox 3112 3612 3175 3650; x_wconf 88' lang='lat' dir='ltr'><strong>ac</strong></span> <span class='ocrx_word' id='word_1_531' title='bbox 3226 3598 3543 3653; x_wconf 85' lang='lat' dir='ltr'><strong>sacerdotes</strong></span> <span class='ocrx_word' id='word_1_532' title='bbox 3604 3600 3674 3652; x_wconf 90' lang='lat' dir='ltr'><strong>ita</strong></span> 
     </span>
    </p>
   </div>
   <div class='ocr_carea' id='block_1_82' title="bbox 2097 3689 3677 3761">
    <p class='ocr_par' dir='ltr' id='par_1_82' title="bbox 2097 3689 3677 3761">
     <span class='ocr_line' id='line_1_82' title="bbox 2097 3689 3677 3761; baseline 0.002 -19"><span class='ocrx_word' id='word_1_533' title='bbox 2097 3689 2239 3743; x_wconf 77' lang='lat' dir='ltr'><strong>fmde</strong></span> <span class='ocrx_word' id='word_1_534' title='bbox 2264 3689 2507 3743; x_wconf 82' lang='lat' dir='ltr'><strong>saevitum</strong></span> <span class='ocrx_word' id='word_1_535' title='bbox 2539 3698 2644 3752; x_wconf 91' lang='lat' dir='ltr'><strong>est,</strong></span> <span class='ocrx_word' id='word_1_536' title='bbox 2672 3701 2728 3741; x_wconf 90' lang='lat' dir='ltr'><strong>ut</strong></span> <span class='ocrx_word' id='word_1_537' title='bbox 2775 3689 2971 3744; x_wconf 84' lang='lat' dir='ltr'><strong>modus</strong></span> <span class='ocrx_word' id='word_1_538' title='bbox 3034 3690 3391 3752; x_wconf 84' lang='lat' dir='ltr'><strong>detestabilis,</strong></span> <span class='ocrx_word' id='word_1_539' title='bbox 3441 3706 3550 3761; x_wconf 89' lang='lat' dir='ltr'><strong>quo</strong></span> <span class='ocrx_word' id='word_1_540' title='bbox 3586 3707 3677 3745; x_wconf 89' lang='lat' dir='ltr'><strong>ve-</strong></span> 
     </span>
    </p>
   </div>
   <div class='ocr_carea' id='block_1_83' title="bbox 2096 3782 3669 3850">
    <p class='ocr_par' dir='ltr' id='par_1_83' title="bbox 2096 3782 3669 3850">
     <span class='ocr_line' id='line_1_83' title="bbox 2096 3782 3669 3850; baseline 0.001 -17"><span class='ocrx_word' id='word_1_541' title='bbox 2096 3782 2204 3835; x_wconf 79' lang='lat' dir='ltr'><strong>xati</strong></span> <span class='ocrx_word' id='word_1_542' title='bbox 2241 3793 2408 3850; x_wconf 86' lang='lat' dir='ltr'><strong>atque</strong></span> <span class='ocrx_word' id='word_1_543' title='bbox 2436 3783 2611 3836; x_wconf 82' lang='lat' dir='ltr'><strong>enecti</strong></span> <span class='ocrx_word' id='word_1_544' title='bbox 2657 3791 2806 3846; x_wconf 91' lang='lat' dir='ltr'><strong>sunt,</strong></span> <span class='ocrx_word' id='word_1_545' title='bbox 2844 3782 3156 3850; x_wconf 72' lang='lat' dir='ltr'><strong>tit-utiquam</strong></span> <span class='ocrx_word' id='word_1_546' title='bbox 3189 3783 3417 3836; x_wconf 82' lang='lat' dir='ltr'><strong>honeste</strong></span> <span class='ocrx_word' id='word_1_547' title='bbox 3475 3783 3669 3837; x_wconf 82' lang='lat' dir='ltr'><strong>referri</strong></span> 
     </span>
    </p>
   </div>
   <div class='ocr_carea' id='block_1_84' title="bbox 2097 3873 3676 3943">
    <p class='ocr_par' dir='ltr' id='par_1_84' title="bbox 2097 3873 3676 3943">
     <span class='ocr_line' id='line_1_84' title="bbox 2097 3873 3676 3943; baseline 0 -16"><span class='ocrx_word' id='word_1_548' title='bbox 2097 3882 2282 3943; x_wconf 91' lang='lat' dir='ltr'><strong>queat.</strong></span> <span class='ocrx_word' id='word_1_549' title='bbox 2338 3873 2420 3926; x_wconf 80' lang='lat' dir='ltr'><strong>Ad</strong></span> <span class='ocrx_word' id='word_1_550' title='bbox 2472 3875 2587 3928; x_wconf 62' lang='lat' dir='ltr'><strong>haec</strong></span> <span class='ocrx_word' id='word_1_551' title='bbox 2649 3875 2829 3927; x_wconf 85' lang='lat' dir='ltr'><strong>adacti</strong></span> <span class='ocrx_word' id='word_1_552' title='bbox 2882 3885 3010 3928; x_wconf 87' lang='lat' dir='ltr'><strong>sunt</strong></span> <span class='ocrx_word' id='word_1_553' title='bbox 3074 3876 3213 3929; x_wconf 90' lang='lat' dir='ltr'><strong>servi</strong></span> <span class='ocrx_word' id='word_1_554' title='bbox 3244 3875 3566 3930; x_wconf 83' lang='lat' dir='ltr'><strong>verberibus</strong></span> <span class='ocrx_word' id='word_1_555' title='bbox 3592 3885 3676 3927; x_wconf 87' lang='lat' dir='ltr'><strong>at-</strong></span> 
     </span>
    </p>
   </div>
   <div class='ocr_carea' id='block_1_85' title="bbox 2098 3962 3673 4031">
    <p class='ocr_par' dir='ltr' id='par_1_85' title="bbox 2098 3962 3673 4031">
     <span class='ocr_line' id='line_1_85' title="bbox 2098 3962 3673 4031; baseline 0.001 -17"><span class='ocrx_word' id='word_1_556' title='bbox 2098 3978 2203 4031; x_wconf 88' lang='lat' dir='ltr'><strong>que</strong></span> <span class='ocrx_word' id='word_1_557' title='bbox 2225 3964 2533 4027; x_wconf 86' lang='lat' dir='ltr'><strong>tormentis,</strong></span> <span class='ocrx_word' id='word_1_558' title='bbox 2553 3962 2896 4015; x_wconf 79' lang='lat' dir='ltr'><strong>tlontinormn</strong></span> <span class='ocrx_word' id='word_1_559' title='bbox 2920 3965 3098 4017; x_wconf 87' lang='lat' dir='ltr'><strong>abdita</strong></span> <span class='ocrx_word' id='word_1_560' title='bbox 3117 3966 3350 4019; x_wconf 86' lang='lat' dir='ltr'><strong>scrutari</strong></span> <span class='ocrx_word' id='word_1_561' title='bbox 3373 3980 3435 4018; x_wconf 87' lang='lat' dir='ltr'><strong>ac</strong></span> <span class='ocrx_word' id='word_1_562' title='bbox 3459 3980 3673 4030; x_wconf 84' lang='lat' dir='ltr'><strong>eruere;</strong></span> 
     </span>
    </p>
   </div>
   <div class='ocr_carea' id='block_1_86' title="bbox 2099 4055 3673 4126">
    <p class='ocr_par' dir='ltr' id='par_1_86' title="bbox 2099 4055 3673 4126">
     <span class='ocr_line' id='line_1_86' title="bbox 2099 4055 3673 4126; baseline 0.001 -19"><span class='ocrx_word' id='word_1_563' title='bbox 2099 4055 2308 4109; x_wconf 88' lang='lat' dir='ltr'><strong>inventi</strong></span> <span class='ocrx_word' id='word_1_564' title='bbox 2339 4056 2439 4108; x_wconf 86' lang='lat' dir='ltr'><strong>hac</strong></span> <span class='ocrx_word' id='word_1_565' title='bbox 2472 4065 2589 4108; x_wconf 87' lang='lat' dir='ltr'><strong>arte</strong></span> <span class='ocrx_word' id='word_1_566' title='bbox 2608 4055 2827 4108; x_wconf 71' lang='lat' dir='ltr'><strong>maximi</strong></span> <span class='ocrx_word' id='word_1_567' title='bbox 2863 4057 3129 4119; x_wconf 84' lang='lat' dir='ltr'><strong>thesauri,</strong></span> <span class='ocrx_word' id='word_1_568' title='bbox 3155 4073 3292 4125; x_wconf 89' lang='lat' dir='ltr'><strong>quos</strong></span> <span class='ocrx_word' id='word_1_569' title='bbox 3315 4059 3368 4110; x_wconf 91' lang='lat' dir='ltr'><strong>in</strong></span> <span class='ocrx_word' id='word_1_570' title='bbox 3398 4058 3518 4126; x_wconf 85' lang='lat' dir='ltr'><strong>ipso</strong></span> <span class='ocrx_word' id='word_1_571' title='bbox 3546 4056 3673 4110; x_wconf 82' lang='lat' dir='ltr'><strong>belli</strong></span> 
     </span>
    </p>
   </div>
   <div class='ocr_carea' id='block_1_87' title="bbox 2100 4146 3677 4214">
    <p class='ocr_par' dir='ltr' id='par_1_87' title="bbox 2100 4146 3677 4214">
     <span class='ocr_line' id='line_1_87' title="bbox 2100 4146 3677 4214; baseline 0.003 -18"><span class='ocrx_word' id='word_1_572' title='bbox 2100 4146 2372 4214; x_wconf 83' lang='lat' dir='ltr'><strong>principio</strong></span> <span class='ocrx_word' id='word_1_573' title='bbox 2409 4147 2664 4200; x_wconf 84' lang='lat' dir='ltr'><strong>infelices</strong></span> <span class='ocrx_word' id='word_1_574' title='bbox 2696 4146 3048 4202; x_wconf 74' lang='lat' dir='ltr'><strong>suti&#39;oderunt</strong></span> <span class='ocrx_word' id='word_1_575' title='bbox 3101 4151 3272 4204; x_wconf 83' lang='lat' dir='ltr'><strong>cives.</strong></span> <span class='ocrx_word' id='word_1_576' title='bbox 3339 4149 3572 4214; x_wconf 85' lang='lat' dir='ltr'><strong>Quibus,</strong></span> <span class='ocrx_word' id='word_1_577' title='bbox 3629 4150 3677 4202; x_wconf 90' lang='lat' dir='ltr'><strong>si</strong></span> 
     </span>
    </p>
   </div>
   <div class='ocr_carea' id='block_1_88' title="bbox 2100 4235 3678 4307">
    <p class='ocr_par' dir='ltr' id='par_1_88' title="bbox 2100 4235 3678 4307">
     <span class='ocr_line' id='line_1_88' title="bbox 2100 4235 3678 4307; baseline 0.003 -16"><span class='ocrx_word' id='word_1_578' title='bbox 2100 4252 2198 4307; x_wconf 89' lang='lat' dir='ltr'><strong>pro</strong></span> <span class='ocrx_word' id='word_1_579' title='bbox 2225 4235 2543 4292; x_wconf 85' lang='lat' dir='ltr'><strong>defensione</strong></span> <span class='ocrx_word' id='word_1_580' title='bbox 2578 4239 2731 4294; x_wconf 90' lang='lat' dir='ltr'><strong>urbis</strong></span> <span class='ocrx_word' id='word_1_581' title='bbox 2753 4240 2837 4293; x_wconf 89' lang='lat' dir='ltr'><strong>usi</strong></span> <span class='ocrx_word' id='word_1_582' title='bbox 2872 4238 3124 4303; x_wconf 88' lang='lat' dir='ltr'><strong>fuissent,</strong></span> <span class='ocrx_word' id='word_1_583' title='bbox 3151 4256 3305 4295; x_wconf 88' lang='lat' dir='ltr'><strong>suam</strong></span> <span class='ocrx_word' id='word_1_584' title='bbox 3347 4242 3489 4294; x_wconf 85' lang='lat' dir='ltr'><strong>haud</strong></span> <span class='ocrx_word' id='word_1_585' title='bbox 3512 4242 3678 4295; x_wconf 85' lang='lat' dir='ltr'><strong>dubie</strong></span> 
     </span>
    </p>
   </div>
   <div class='ocr_carea' id='block_1_89' title="bbox 2100 4328 3676 4399">
    <p class='ocr_par' dir='ltr' id='par_1_89' title="bbox 2100 4328 3676 4399">
     <span class='ocr_line' id='line_1_89' title="bbox 2100 4328 3676 4399; baseline 0.003 -17"><span class='ocrx_word' id='word_1_586' title='bbox 2100 4329 2288 4394; x_wconf 91' lang='lat' dir='ltr'><strong>vitam,</strong></span> <span class='ocrx_word' id='word_1_587' title='bbox 2325 4328 2516 4399; x_wconf 84' lang='lat' dir='ltr'><strong>patriae</strong></span> <span class='ocrx_word' id='word_1_588' title='bbox 2543 4329 2846 4384; x_wconf 87' lang='lat' dir='ltr'><strong>libertatem</strong></span> <span class='ocrx_word' id='word_1_589' title='bbox 2897 4341 3233 4386; x_wconf 87' lang='lat' dir='ltr'><strong>servassent.</strong></span> <span class='ocrx_word' id='word_1_590' title='bbox 3279 4330 3384 4385; x_wconf 87' lang='lat' dir='ltr'><strong>Sed</strong></span> <span class='ocrx_word' id='word_1_591' title='bbox 3430 4347 3596 4386; x_wconf 89' lang='lat' dir='ltr'><strong>avaro</strong></span> <span class='ocrx_word' id='word_1_592' title='bbox 3625 4334 3676 4387; x_wconf 92' lang='lat' dir='ltr'><strong>in</strong></span> 
     </span>
    </p>
   </div>
   <div class='ocr_carea' id='block_1_90' title="bbox 2102 4420 3680 4491">
    <p class='ocr_par' dir='ltr' id='par_1_90' title="bbox 2102 4420 3680 4491">
     <span class='ocr_line' id='line_1_90' title="bbox 2102 4420 3680 4491; baseline 0.004 -19"><span class='ocrx_word' id='word_1_593' title='bbox 2102 4435 2296 4474; x_wconf 87' lang='lat' dir='ltr'><strong>aurum</strong></span> <span class='ocrx_word' id='word_1_594' title='bbox 2326 4420 2471 4474; x_wconf 89' lang='lat' dir='ltr'><strong>nulla</strong></span> <span class='ocrx_word' id='word_1_595' title='bbox 2496 4429 2759 4489; x_wconf 86' lang='lat' dir='ltr'><strong>potestas.</strong></span> <span class='ocrx_word' id='word_1_596' title='bbox 2781 4421 2889 4491; x_wconf 88' lang='lat' dir='ltr'><strong>Ipsi</strong></span> <span class='ocrx_word' id='word_1_597' title='bbox 2922 4423 3131 4477; x_wconf 89' lang='lat' dir='ltr'><strong>interea</strong></span> <span class='ocrx_word' id='word_1_598' title='bbox 3162 4438 3298 4477; x_wconf 87' lang='lat' dir='ltr'><strong>auro</strong></span> <span class='ocrx_word' id='word_1_599' title='bbox 3323 4424 3587 4487; x_wconf 86' lang='lat' dir='ltr'><strong>emuncti,</strong></span> <span class='ocrx_word' id='word_1_600' title='bbox 3616 4441 3680 4478; x_wconf 87' lang='lat' dir='ltr'><strong>ac</strong></span> 
     </span>
    </p>
   </div>
   <div class='ocr_carea' id='block_1_91' title="bbox 422 4512 3679 4585">
    <p class='ocr_par' dir='ltr' id='par_1_91' title="bbox 422 4512 3679 4585">
     <span class='ocr_line' id='line_1_91' title="bbox 422 4512 3679 4585; baseline 0.001 -16"><span class='ocrx_word' id='word_1_601' title='bbox 422 4517 654 4574; x_wconf 80' lang='lat' dir='ltr'><strong>interiit.</strong></span> <span class='ocrx_word' id='word_1_602' title='bbox 686 4517 743 4570; x_wconf 91' lang='lat' dir='ltr'><strong>lu</strong></span> <span class='ocrx_word' id='word_1_603' title='bbox 769 4525 916 4570; x_wconf 88' lang='lat' dir='ltr'><strong>tanta</strong></span> <span class='ocrx_word' id='word_1_604' title='bbox 954 4516 1309 4571; x_wconf 86' lang='lat' dir='ltr'><strong>multitudine</strong></span> <span class='ocrx_word' id='word_1_605' title='bbox 1339 4521 1699 4583; x_wconf 85' lang='lat' dir='ltr'><strong>pugnatorum</strong></span> <span class='ocrx_word' id='word_1_606' title='bbox 1744 4512 1854 4565; x_wconf 91' lang='lat' dir='ltr'><strong>duo</strong></span> <span class='ocrx_word' id='word_1_607' title='bbox 1884 4522 2001 4565; x_wconf 89' lang='lat' dir='ltr'><strong>tan—</strong></span> <span class='ocrx_word' id='word_1_608' title='bbox 2025 4520 2079 4581; x_wconf 78' lang='grc' dir='ltr'><strong>υ</strong></span> <span class='ocrx_word' id='word_1_609' title='bbox 2108 4528 2261 4568; x_wconf 90' lang='lat' dir='ltr'><strong>more</strong></span> <span class='ocrx_word' id='word_1_610' title='bbox 2294 4528 2547 4582; x_wconf 90' lang='lat' dir='ltr'><strong>pecorum</strong></span> <span class='ocrx_word' id='word_1_611' title='bbox 2581 4513 2636 4567; x_wconf 94' lang='lat' dir='ltr'><strong>in</strong></span> <span class='ocrx_word' id='word_1_612' title='bbox 2669 4522 2849 4568; x_wconf 90' lang='lat' dir='ltr'><strong>castra</strong></span> <span class='ocrx_word' id='word_1_613' title='bbox 2877 4517 3163 4585; x_wconf 89' lang='lat' dir='ltr'><strong>protracti,</strong></span> <span class='ocrx_word' id='word_1_614' title='bbox 3200 4527 3325 4585; x_wconf 90' lang='lat' dir='ltr'><strong>post</strong></span> <span class='ocrx_word' id='word_1_615' title='bbox 3356 4517 3589 4571; x_wconf 85' lang='lat' dir='ltr'><strong>ludibria</strong></span> <span class='ocrx_word' id='word_1_616' title='bbox 3612 4520 3679 4571; x_wconf 86' lang='lat' dir='ltr'><strong>ad</strong></span> 
     </span>
    </p>
   </div>
   <div class='ocr_carea' id='block_1_92' title="bbox 422 4603 2002 4681">
    <p class='ocr_par' dir='ltr' id='par_1_92' title="bbox 422 4603 2002 4681">
     <span class='ocr_line' id='line_1_92' title="bbox 422 4603 2002 4681; baseline -0.003 -18"><span class='ocrx_word' id='word_1_617' title='bbox 422 4626 535 4665; x_wconf 80' lang='lat' dir='ltr'><strong>nun</strong></span> <span class='ocrx_word' id='word_1_618' title='bbox 580 4610 784 4681; x_wconf 88' lang='lat' dir='ltr'><strong>reperti</strong></span> <span class='ocrx_word' id='word_1_619' title='bbox 821 4619 970 4673; x_wconf 88' lang='lat' dir='ltr'><strong>sunt,</strong></span> <span class='ocrx_word' id='word_1_620' title='bbox 1018 4609 1112 4678; x_wconf 91' lang='lat' dir='ltr'><strong>qui</strong></span> <span class='ocrx_word' id='word_1_621' title='bbox 1162 4624 1223 4661; x_wconf 85' lang='lat' dir='ltr'><strong>se</strong></span> <span class='ocrx_word' id='word_1_622' title='bbox 1262 4608 1411 4661; x_wconf 88' lang='lat' dir='ltr'><strong>viros</strong></span> <span class='ocrx_word' id='word_1_623' title='bbox 1455 4604 1827 4669; x_wconf 85' lang='lat' dir='ltr'><strong>ostenderint,</strong></span> <span class='ocrx_word' id='word_1_624' title='bbox 1864 4603 2002 4659; x_wconf 88' lang='lat' dir='ltr'><strong>alter</strong></span> 
     </span>
    </p>
   </div>
   <div class='ocr_carea' id='block_1_93' title="bbox 422 4694 2003 4767">
    <p class='ocr_par' dir='ltr' id='par_1_93' title="bbox 422 4694 2003 4767">
     <span class='ocr_line' id='line_1_93' title="bbox 422 4694 2003 4767; baseline -0.008 -9"><span class='ocrx_word' id='word_1_625' title='bbox 422 4704 667 4767; x_wconf 63' lang='lat' dir='ltr'><strong>Graecus,</strong></span> <span class='ocrx_word' id='word_1_626' title='bbox 702 4703 840 4756; x_wconf 90' lang='lat' dir='ltr'><strong>alter</strong></span> <span class='ocrx_word' id='word_1_627' title='bbox 871 4700 1136 4765; x_wconf 84' lang='lat' dir='ltr'><strong>Dalmata,</strong></span> <span class='ocrx_word' id='word_1_628' title='bbox 1177 4696 1516 4767; x_wconf 89' lang='lat' dir='ltr'><strong>Theophilus</strong></span> <span class='ocrx_word' id='word_1_629' title='bbox 1559 4694 1919 4763; x_wconf 68' lang='lat' dir='ltr'><strong>Palmologus,</strong></span> <span class='ocrx_word' id='word_1_630' title='bbox 1949 4700 2003 4747; x_wconf 90' lang='lat' dir='ltr'><strong>et</strong></span> 
     </span>
    </p>
   </div>
   <div class='ocr_carea' id='block_1_94' title="bbox 421 4786 2001 4862">
    <p class='ocr_par' dir='ltr' id='par_1_94' title="bbox 421 4786 2001 4862">
     <span class='ocr_line' id='line_1_94' title="bbox 421 4786 2001 4862; baseline -0.006 -15"><span class='ocrx_word' id='word_1_631' title='bbox 421 4795 663 4851; x_wconf 81' lang='lat' dir='ltr'><strong>Joannes</strong></span> <span class='ocrx_word' id='word_1_632' title='bbox 706 4794 961 4857; x_wconf 87' lang='lat' dir='ltr'><strong>Sclavus,</strong></span> <span class='ocrx_word' id='word_1_633' title='bbox 1007 4794 1100 4862; x_wconf 91' lang='lat' dir='ltr'><strong>qui</strong></span> <span class='ocrx_word' id='word_1_634' title='bbox 1136 4790 1324 4861; x_wconf 81' lang='lat' dir='ltr'><strong>fugere</strong></span> <span class='ocrx_word' id='word_1_635' title='bbox 1366 4801 1522 4859; x_wconf 84' lang='lat' dir='ltr'><strong>turpe</strong></span> <span class='ocrx_word' id='word_1_636' title='bbox 1554 4786 1828 4851; x_wconf 90' lang='lat' dir='ltr'><strong>arbitrati,</strong></span> <span class='ocrx_word' id='word_1_637' title='bbox 1876 4799 2001 4840; x_wconf 88' lang='lat' dir='ltr'><strong>cum</strong></span> 
     </span>
    </p>
   </div>
   <div class='ocr_carea' id='block_1_95' title="bbox 424 4876 2003 4954">
    <p class='ocr_par' dir='ltr' id='par_1_95' title="bbox 424 4876 2003 4954">
     <span class='ocr_line' id='line_1_95' title="bbox 424 4876 2003 4954; baseline -0.007 -12"><span class='ocrx_word' id='word_1_638' title='bbox 424 4889 520 4942; x_wconf 90' lang='lat' dir='ltr'><strong>diu</strong></span> <span class='ocrx_word' id='word_1_639' title='bbox 562 4886 869 4947; x_wconf 85' lang='lat' dir='ltr'><strong>incredibili</strong></span> <span class='ocrx_word' id='word_1_640' title='bbox 922 4886 1113 4954; x_wconf 86' lang='lat' dir='ltr'><strong>vigore</strong></span> <span class='ocrx_word' id='word_1_641' title='bbox 1155 4885 1465 4939; x_wconf 83' lang='lat' dir='ltr'><strong>Turcarum</strong></span> <span class='ocrx_word' id='word_1_642' title='bbox 1521 4880 1785 4949; x_wconf 88' lang='lat' dir='ltr'><strong>impetum</strong></span> <span class='ocrx_word' id='word_1_643' title='bbox 1836 4876 2003 4932; x_wconf 88' lang='lat' dir='ltr'><strong>susti-</strong></span> 
     </span>
    </p>
   </div>
   <div class='ocr_carea' id='block_1_96' title="bbox 427 4971 1999 5046">
    <p class='ocr_par' dir='ltr' id='par_1_96' title="bbox 427 4971 1999 5046">
     <span class='ocr_line' id='line_1_96' title="bbox 427 4971 1999 5046; baseline -0.007 -14"><span class='ocrx_word' id='word_1_644' title='bbox 427 4980 699 5045; x_wconf 87' lang='lat' dir='ltr'><strong>nuissent,</strong></span> <span class='ocrx_word' id='word_1_645' title='bbox 754 4977 1071 5046; x_wconf 88' lang='lat' dir='ltr'><strong>multosque</strong></span> <span class='ocrx_word' id='word_1_646' title='bbox 1120 4975 1573 5035; x_wconf 78' lang='lat' dir='ltr'><strong>obtruncasScnt,</strong></span> <span class='ocrx_word' id='word_1_647' title='bbox 1605 4971 1841 5038; x_wconf 87' lang='lat' dir='ltr'><strong>denique</strong></span> <span class='ocrx_word' id='word_1_648' title='bbox 1890 4983 1999 5023; x_wconf 93' lang='lat' dir='ltr'><strong>non</strong></span> 
     </span>
    </p>
   </div>
   <div class='ocr_carea' id='block_1_97' title="bbox 426 5062 1998 5141">
    <p class='ocr_par' dir='ltr' id='par_1_97' title="bbox 426 5062 1998 5141">
     <span class='ocr_line' id='line_1_97' title="bbox 426 5062 1998 5141; baseline -0.008 -14"><span class='ocrx_word' id='word_1_649' title='bbox 426 5084 538 5127; x_wconf 87' lang='lat' dir='ltr'><strong>tam</strong></span> <span class='ocrx_word' id='word_1_650' title='bbox 568 5071 699 5127; x_wconf 86' lang='lat' dir='ltr'><strong>victi</strong></span> <span class='ocrx_word' id='word_1_651' title='bbox 726 5084 888 5141; x_wconf 88' lang='lat' dir='ltr'><strong>quant</strong></span> <span class='ocrx_word' id='word_1_652' title='bbox 940 5069 1210 5123; x_wconf 88' lang='lat' dir='ltr'><strong>vincendo</strong></span> <span class='ocrx_word' id='word_1_653' title='bbox 1265 5065 1475 5134; x_wconf 84' lang='lat' dir='ltr'><strong>fatigati</strong></span> <span class='ocrx_word' id='word_1_654' title='bbox 1527 5064 1674 5117; x_wconf 88' lang='lat' dir='ltr'><strong>inter</strong></span> <span class='ocrx_word' id='word_1_655' title='bbox 1726 5062 1998 5115; x_wconf 90' lang='lat' dir='ltr'><strong>cadavera</strong></span> 
     </span>
    </p>
   </div>
   <div class='ocr_carea' id='block_1_98' title="bbox 428 5152 2004 5223">
    <p class='ocr_par' dir='ltr' id='par_1_98' title="bbox 428 5152 2004 5223">
     <span class='ocr_line' id='line_1_98' title="bbox 428 5152 2004 5223; baseline -0.008 -7"><span class='ocrx_word' id='word_1_656' title='bbox 428 5164 671 5219; x_wconf 90' lang='lat' dir='ltr'><strong>hostium</strong></span> <span class='ocrx_word' id='word_1_657' title='bbox 737 5162 1069 5218; x_wconf 89' lang='lat' dir='ltr'><strong>occubuere.</strong></span> <span class='ocrx_word' id='word_1_658' title='bbox 1130 5158 1473 5213; x_wconf 82' lang='lat' dir='ltr'><strong>Justinianus</strong></span> <span class='ocrx_word' id='word_1_659' title='bbox 1520 5156 1576 5210; x_wconf 93' lang='lat' dir='ltr'><strong>in</strong></span> <span class='ocrx_word' id='word_1_660' title='bbox 1629 5152 1819 5223; x_wconf 79' lang='lat' dir='ltr'><strong>Peram</strong></span> <span class='ocrx_word' id='word_1_661' title='bbox 1859 5166 2004 5221; x_wconf 65' lang='lat' dir='ltr'><strong>aegre</strong></span> 
     </span>
    </p>
   </div>
   <div class='ocr_carea' id='block_1_99' title="bbox 427 5246 2000 5321">
    <p class='ocr_par' dir='ltr' id='par_1_99' title="bbox 427 5246 2000 5321">
     <span class='ocr_line' id='line_1_99' title="bbox 427 5246 2000 5321; baseline -0.007 -13"><span class='ocrx_word' id='word_1_662' title='bbox 427 5256 716 5321; x_wconf 74' lang='lat' dir='ltr'><strong>eluctatus,</strong></span> <span class='ocrx_word' id='word_1_663' title='bbox 749 5268 876 5308; x_wconf 92' lang='lat' dir='ltr'><strong>cum</strong></span> <span class='ocrx_word' id='word_1_664' title='bbox 908 5250 1232 5305; x_wconf 88' lang='lat' dir='ltr'><strong>tumultibus</strong></span> <span class='ocrx_word' id='word_1_665' title='bbox 1267 5248 1582 5317; x_wconf 88' lang='lat' dir='ltr'><strong>perturbata</strong></span> <span class='ocrx_word' id='word_1_666' title='bbox 1627 5246 1839 5309; x_wconf 89' lang='lat' dir='ltr'><strong>omnia,</strong></span> <span class='ocrx_word' id='word_1_667' title='bbox 1876 5259 2000 5308; x_wconf 88' lang='lat' dir='ltr'><strong>nec,</strong></span> 
     </span>
    </p>
   </div>
   <div class='ocr_carea' id='block_1_100' title="bbox 428 5336 2004 5418">
    <p class='ocr_par' dir='ltr' id='par_1_100' title="bbox 428 5336 2004 5418">
     <span class='ocr_line' id='line_1_100' title="bbox 428 5336 2004 5418; baseline -0.008 -15"><span class='ocrx_word' id='word_1_668' title='bbox 428 5362 591 5418; x_wconf 84' lang='lat' dir='ltr'><strong>quem</strong></span> <span class='ocrx_word' id='word_1_669' title='bbox 617 5347 853 5401; x_wconf 80' lang='lat' dir='ltr'><strong>maxime</strong></span> <span class='ocrx_word' id='word_1_670' title='bbox 875 5343 1169 5415; x_wconf 59' lang='lat' dir='ltr'><strong>quaerebat,</strong></span> <span class='ocrx_word' id='word_1_671' title='bbox 1196 5342 1464 5395; x_wconf 81' lang='lat' dir='ltr'><strong>medicum</strong></span> <span class='ocrx_word' id='word_1_672' title='bbox 1492 5337 1846 5397; x_wconf 90' lang='lat' dir='ltr'><strong>invenissset,</strong></span> <span class='ocrx_word' id='word_1_673' title='bbox 1877 5336 2004 5391; x_wconf 90' lang='lat' dir='ltr'><strong>inde</strong></span> 
     </span>
    </p>
   </div>
   <div class='ocr_carea' id='block_1_101' title="bbox 426 5429 2002 5508">
    <p class='ocr_par' dir='ltr' id='par_1_101' title="bbox 426 5429 2002 5508">
     <span class='ocr_line' id='line_1_101' title="bbox 426 5429 2002 5508; baseline -0.008 -14"><span class='ocrx_word' id='word_1_674' title='bbox 426 5440 623 5494; x_wconf 82' lang='lat' dir='ltr'><strong>Chium</strong></span> <span class='ocrx_word' id='word_1_675' title='bbox 655 5438 952 5508; x_wconf 87' lang='lat' dir='ltr'><strong>navigavit,</strong></span> <span class='ocrx_word' id='word_1_676' title='bbox 1004 5436 1192 5505; x_wconf 85' lang='lat' dir='ltr'><strong>ibique</strong></span> <span class='ocrx_word' id='word_1_677' title='bbox 1236 5449 1331 5490; x_wconf 91' lang='lat' dir='ltr'><strong>seu</strong></span> <span class='ocrx_word' id='word_1_678' title='bbox 1384 5447 1449 5485; x_wconf 84' lang='lat' dir='ltr'><strong>ex</strong></span> <span class='ocrx_word' id='word_1_679' title='bbox 1498 5430 1742 5484; x_wconf 88' lang='lat' dir='ltr'><strong>vulneris</strong></span> <span class='ocrx_word' id='word_1_680' title='bbox 1791 5429 2002 5482; x_wconf 87' lang='lat' dir='ltr'><strong>acerbi-</strong></span> 
     </span>
    </p>
   </div>
   <div class='ocr_carea' id='block_1_102' title="bbox 430 5521 2003 5594">
    <p class='ocr_par' dir='ltr' id='par_1_102' title="bbox 430 5521 2003 5594">
     <span class='ocr_line' id='line_1_102' title="bbox 430 5521 2003 5594; baseline -0.004 -15"><span class='ocrx_word' id='word_1_681' title='bbox 430 5538 560 5594; x_wconf 88' lang='lat' dir='ltr'><strong>tate,</strong></span> <span class='ocrx_word' id='word_1_682' title='bbox 598 5546 695 5585; x_wconf 81' lang='lat' dir='ltr'><strong>seu</strong></span> <span class='ocrx_word' id='word_1_683' title='bbox 730 5545 793 5584; x_wconf 79' lang='lat' dir='ltr'><strong>ex</strong></span> <span class='ocrx_word' id='word_1_684' title='bbox 851 5528 1022 5582; x_wconf 89' lang='lat' dir='ltr'><strong>animi</strong></span> <span class='ocrx_word' id='word_1_685' title='bbox 1058 5526 1320 5581; x_wconf 70' lang='lat' dir='ltr'><strong>mmstitia</strong></span> <span class='ocrx_word' id='word_1_686' title='bbox 1353 5523 1408 5575; x_wconf 90' lang='lat' dir='ltr'><strong>in</strong></span> <span class='ocrx_word' id='word_1_687' title='bbox 1447 5524 1693 5575; x_wconf 89' lang='lat' dir='ltr'><strong>morbum</strong></span> <span class='ocrx_word' id='word_1_688' title='bbox 1733 5521 2003 5585; x_wconf 88' lang='lat' dir='ltr'><strong>incidens,</strong></span> 
     </span>
    </p>
   </div>
   <div class='ocr_carea' id='block_1_103' title="bbox 434 5616 2005 5690">
    <p class='ocr_par' dir='ltr' id='par_1_103' title="bbox 434 5616 2005 5690">
     <span class='ocr_line' id='line_1_103' title="bbox 434 5616 2005 5690; baseline -0.004 -17"><span class='ocrx_word' id='word_1_689' title='bbox 434 5621 696 5690; x_wconf 81' lang='lat' dir='ltr'><strong>inglorius</strong></span> <span class='ocrx_word' id='word_1_690' title='bbox 731 5622 895 5674; x_wconf 87' lang='lat' dir='ltr'><strong>vitam</strong></span> <span class='ocrx_word' id='word_1_691' title='bbox 936 5620 1104 5687; x_wconf 77' lang='lat' dir='ltr'><strong>finivit</strong></span> <span class='ocrx_word' id='word_1_692' title='bbox 1144 5637 1157 5672; x_wconf 85' lang='lat'><strong>:</strong></span> <span class='ocrx_word' id='word_1_693' title='bbox 1194 5616 1321 5671; x_wconf 76' lang='lat' dir='ltr'><strong>felix</strong></span> <span class='ocrx_word' id='word_1_694' title='bbox 1364 5616 1609 5686; x_wconf 84' lang='lat' dir='ltr'><strong>profecto</strong></span> <span class='ocrx_word' id='word_1_695' title='bbox 1664 5617 2005 5680; x_wconf 86' lang='lat' dir='ltr'><strong>multumque</strong></span> 
     </span>
    </p>
   </div>
   <div class='ocr_carea' id='block_1_104' title="bbox 432 5706 1996 5781">
    <p class='ocr_par' dir='ltr' id='par_1_104' title="bbox 432 5706 1996 5781">
     <span class='ocr_line' id='line_1_104' title="bbox 432 5706 1996 5781; baseline -0.004 -15"><span class='ocrx_word' id='word_1_696' title='bbox 432 5713 757 5778; x_wconf 88' lang='lat' dir='ltr'><strong>landamlus,</strong></span> <span class='ocrx_word' id='word_1_697' title='bbox 796 5715 842 5767; x_wconf 91' lang='lat' dir='ltr'><strong>si</strong></span> <span class='ocrx_word' id='word_1_698' title='bbox 880 5713 933 5765; x_wconf 93' lang='lat' dir='ltr'><strong>in</strong></span> <span class='ocrx_word' id='word_1_699' title='bbox 968 5713 1098 5781; x_wconf 84' lang='lat' dir='ltr'><strong>ipsis</strong></span> <span class='ocrx_word' id='word_1_700' title='bbox 1128 5717 1457 5779; x_wconf 83' lang='lat' dir='ltr'><strong>oppugnatae</strong></span> <span class='ocrx_word' id='word_1_701' title='bbox 1517 5706 1669 5759; x_wconf 88' lang='lat' dir='ltr'><strong>urbis</strong></span> <span class='ocrx_word' id='word_1_702' title='bbox 1718 5707 1996 5760; x_wconf 78' lang='lat' dir='ltr'><strong>moenibus</strong></span> 
     </span>
    </p>
   </div>
   <div class='ocr_carea' id='block_1_105' title="bbox 436 5798 2003 5870">
    <p class='ocr_par' dir='ltr' id='par_1_105' title="bbox 436 5798 2003 5870">
     <span class='ocr_line' id='line_1_105' title="bbox 436 5798 2003 5870; baseline -0.003 -10"><span class='ocrx_word' id='word_1_703' title='bbox 436 5805 675 5862; x_wconf 82' lang='lat' dir='ltr'><strong>animam</strong></span> <span class='ocrx_word' id='word_1_704' title='bbox 709 5805 1036 5863; x_wconf 72' lang='lat' dir='ltr'><strong>exhalasset.</strong></span> <span class='ocrx_word' id='word_1_705' title='bbox 1074 5803 1131 5859; x_wconf 87' lang='lat' dir='ltr'><strong>lu</strong></span> <span class='ocrx_word' id='word_1_706' title='bbox 1180 5803 1429 5870; x_wconf 77' lang='lat' dir='ltr'><strong>ingressu</strong></span> <span class='ocrx_word' id='word_1_707' title='bbox 1505 5811 1676 5868; x_wconf 59' lang='lat' dir='ltr'><strong>portae</strong></span> <span class='ocrx_word' id='word_1_708' title='bbox 1712 5798 2003 5870; x_wconf 65' lang='lat' dir='ltr'><strong>oet-ingenti</strong></span> 
     </span>
    </p>
   </div>
   <div class='ocr_carea' id='block_1_106' title="bbox 2105 4606 3677 4677">
    <p class='ocr_par' dir='ltr' id='par_1_106' title="bbox 2105 4606 3677 4677">
     <span class='ocr_line' id='line_1_106' title="bbox 2105 4606 3677 4677; baseline 0.001 -17"><span class='ocrx_word' id='word_1_709' title='bbox 2105 4621 2274 4660; x_wconf 91' lang='lat' dir='ltr'><strong>unum</strong></span> <span class='ocrx_word' id='word_1_710' title='bbox 2309 4620 2503 4661; x_wconf 87' lang='lat' dir='ltr'><strong>omnes</strong></span> <span class='ocrx_word' id='word_1_711' title='bbox 2528 4606 2679 4659; x_wconf 86' lang='lat' dir='ltr'><strong>vario</strong></span> <span class='ocrx_word' id='word_1_712' title='bbox 2712 4606 2903 4661; x_wconf 91' lang='lat' dir='ltr'><strong>mortis</strong></span> <span class='ocrx_word' id='word_1_713' title='bbox 2936 4622 3135 4677; x_wconf 80' lang='lat' dir='ltr'><strong>genere</strong></span> <span class='ocrx_word' id='word_1_714' title='bbox 3184 4608 3460 4663; x_wconf 79' lang='lat' dir='ltr'><strong>interfecti</strong></span> <span class='ocrx_word' id='word_1_715' title='bbox 3529 4623 3677 4663; x_wconf 89' lang='lat' dir='ltr'><strong>sunt.</strong></span> 
     </span>
    </p>
   </div>
   <div class='ocr_carea' id='block_1_107' title="bbox 2106 4695 3678 4767">
    <p class='ocr_par' dir='ltr' id='par_1_107' title="bbox 2106 4695 3678 4767">
     <span class='ocr_line' id='line_1_107' title="bbox 2106 4695 3678 4767; baseline 0.002 -15"><span class='ocrx_word' id='word_1_716' title='bbox 2106 4697 2473 4752; x_wconf 82' lang='lat' dir='ltr'><strong>Simulacrum</strong></span> <span class='ocrx_word' id='word_1_717' title='bbox 2496 4695 2781 4760; x_wconf 81' lang='lat' dir='ltr'><strong>Crucilixi,</strong></span> <span class='ocrx_word' id='word_1_718' title='bbox 2845 4713 3006 4767; x_wconf 87' lang='lat' dir='ltr'><strong>quem</strong></span> <span class='ocrx_word' id='word_1_719' title='bbox 3071 4698 3327 4767; x_wconf 86' lang='lat' dir='ltr'><strong>colimus,</strong></span> <span class='ocrx_word' id='word_1_720' title='bbox 3388 4710 3444 4755; x_wconf 90' lang='lat' dir='ltr'><strong>et</strong></span> <span class='ocrx_word' id='word_1_721' title='bbox 3491 4716 3678 4755; x_wconf 90' lang='lat' dir='ltr'><strong>verum</strong></span> 
     </span>
    </p>
   </div>
   <div class='ocr_carea' id='block_1_108' title="bbox 2104 4787 3678 4861">
    <p class='ocr_par' dir='ltr' id='par_1_108' title="bbox 2104 4787 3678 4861">
     <span class='ocr_line' id='line_1_108' title="bbox 2104 4787 3678 4861; baseline 0.003 -22"><span class='ocrx_word' id='word_1_722' title='bbox 2104 4787 2273 4842; x_wconf 87' lang='lat' dir='ltr'><strong>Deum</strong></span> <span class='ocrx_word' id='word_1_723' title='bbox 2296 4803 2416 4843; x_wconf 81' lang='lat' dir='ltr'><strong>esse</strong></span> <span class='ocrx_word' id='word_1_724' title='bbox 2447 4787 2708 4854; x_wconf 86' lang='lat' dir='ltr'><strong>fatentur,</strong></span> <span class='ocrx_word' id='word_1_725' title='bbox 2742 4787 3099 4856; x_wconf 88' lang='lat' dir='ltr'><strong>(horrendum</strong></span> <span class='ocrx_word' id='word_1_726' title='bbox 3136 4791 3310 4857; x_wconf 89' lang='lat' dir='ltr'><strong>dictu,</strong></span> <span class='ocrx_word' id='word_1_727' title='bbox 3348 4800 3514 4861; x_wconf 88' lang='lat' dir='ltr'><strong>atque</strong></span> <span class='ocrx_word' id='word_1_728' title='bbox 3580 4809 3678 4847; x_wconf 85' lang='lat' dir='ltr'><strong>au-</strong></span> 
     </span>
    </p>
   </div>
   <div class='ocr_carea' id='block_1_109' title="bbox 2104 4881 3679 4952">
    <p class='ocr_par' dir='ltr' id='par_1_109' title="bbox 2104 4881 3679 4952">
     <span class='ocr_line' id='line_1_109' title="bbox 2104 4881 3679 4952; baseline -0.001 -16"><span class='ocrx_word' id='word_1_729' title='bbox 2104 4881 2243 4951; x_wconf 91' lang='lat' dir='ltr'><strong>ditu)</strong></span> <span class='ocrx_word' id='word_1_730' title='bbox 2276 4881 2424 4935; x_wconf 91' lang='lat' dir='ltr'><strong>tubis</strong></span> <span class='ocrx_word' id='word_1_731' title='bbox 2446 4896 2510 4934; x_wconf 91' lang='lat' dir='ltr'><strong>ac</strong></span> <span class='ocrx_word' id='word_1_732' title='bbox 2566 4883 2841 4949; x_wconf 86' lang='lat' dir='ltr'><strong>tympanis</strong></span> <span class='ocrx_word' id='word_1_733' title='bbox 2890 4882 3287 4950; x_wconf 67' lang='lat' dir='ltr'><strong>praeeuntibus,</strong></span> <span class='ocrx_word' id='word_1_734' title='bbox 3356 4894 3569 4952; x_wconf 87' lang='lat' dir='ltr'><strong>raptum</strong></span> <span class='ocrx_word' id='word_1_735' title='bbox 3612 4899 3679 4936; x_wconf 74' lang='lat' dir='ltr'><strong>ex</strong></span> 
     </span>
    </p>
   </div>
   <div class='ocr_carea' id='block_1_110' title="bbox 2107 4971 3682 5043">
    <p class='ocr_par' dir='ltr' id='par_1_110' title="bbox 2107 4971 3682 5043">
     <span class='ocr_line' id='line_1_110' title="bbox 2107 4971 3682 5043; baseline 0.001 -17"><span class='ocrx_word' id='word_1_736' title='bbox 2107 4972 2242 5026; x_wconf 88' lang='lat' dir='ltr'><strong>urbe</strong></span> <span class='ocrx_word' id='word_1_737' title='bbox 2264 4973 2456 5027; x_wconf 89' lang='lat' dir='ltr'><strong>hostes</strong></span> <span class='ocrx_word' id='word_1_738' title='bbox 2488 4972 2554 5024; x_wconf 90' lang='lat' dir='ltr'><strong>ad</strong></span> <span class='ocrx_word' id='word_1_739' title='bbox 2614 4972 2850 5025; x_wconf 89' lang='lat' dir='ltr'><strong>tentoria</strong></span> <span class='ocrx_word' id='word_1_740' title='bbox 2902 4971 3175 5035; x_wconf 86' lang='lat' dir='ltr'><strong>deferunt.</strong></span> <span class='ocrx_word' id='word_1_741' title='bbox 3240 4982 3404 5043; x_wconf 91' lang='lat' dir='ltr'><strong>sputo</strong></span> <span class='ocrx_word' id='word_1_742' title='bbox 3459 4976 3682 5042; x_wconf 79' lang='lat' dir='ltr'><strong>lutoque</strong></span> 
     </span>
    </p>
   </div>
   <div class='ocr_carea' id='block_1_111' title="bbox 2108 5062 3676 5133">
    <p class='ocr_par' dir='ltr' id='par_1_111' title="bbox 2108 5062 3676 5133">
     <span class='ocr_line' id='line_1_111' title="bbox 2108 5062 3676 5133; baseline 0.002 -16"><span class='ocrx_word' id='word_1_743' title='bbox 2108 5063 2339 5125; x_wconf 81' lang='lat' dir='ltr'><strong>foedant,</strong></span> <span class='ocrx_word' id='word_1_744' title='bbox 2374 5070 2428 5115; x_wconf 93' lang='lat' dir='ltr'><strong>et</strong></span> <span class='ocrx_word' id='word_1_745' title='bbox 2456 5062 2523 5116; x_wconf 89' lang='lat' dir='ltr'><strong>ad</strong></span> <span class='ocrx_word' id='word_1_746' title='bbox 2567 5073 2767 5117; x_wconf 72' lang='lat' dir='ltr'><strong>nostra:</strong></span> <span class='ocrx_word' id='word_1_747' title='bbox 2786 5064 3075 5133; x_wconf 85' lang='lat' dir='ltr'><strong>religionis</strong></span> <span class='ocrx_word' id='word_1_748' title='bbox 3102 5064 3417 5119; x_wconf 89' lang='lat' dir='ltr'><strong>irrisiouem</strong></span> <span class='ocrx_word' id='word_1_749' title='bbox 3476 5066 3676 5120; x_wconf 90' lang='lat' dir='ltr'><strong>iterum</strong></span> 
     </span>
    </p>
   </div>
   <div class='ocr_carea' id='block_1_112' title="bbox 2105 5152 3685 5222">
    <p class='ocr_par' dir='ltr' id='par_1_112' title="bbox 2105 5152 3685 5222">
     <span class='ocr_line' id='line_1_112' title="bbox 2105 5152 3685 5222; baseline -0.002 -15"><span class='ocrx_word' id='word_1_750' title='bbox 2105 5152 2256 5207; x_wconf 83' lang='lat' dir='ltr'><strong>etuci</strong></span> <span class='ocrx_word' id='word_1_751' title='bbox 2295 5153 2559 5222; x_wconf 81' lang='lat' dir='ltr'><strong>afligunt:</strong></span> <span class='ocrx_word' id='word_1_752' title='bbox 2591 5152 2717 5205; x_wconf 82' lang='lat' dir='ltr'><strong>exin</strong></span> <span class='ocrx_word' id='word_1_753' title='bbox 2748 5153 2910 5221; x_wconf 91' lang='lat' dir='ltr'><strong>pileo,</strong></span> <span class='ocrx_word' id='word_1_754' title='bbox 2943 5168 3106 5221; x_wconf 86' lang='lat' dir='ltr'><strong>quem</strong></span> <span class='ocrx_word' id='word_1_755' title='bbox 3134 5153 3409 5207; x_wconf 83' lang='lat' dir='ltr'><strong>sartulum</strong></span> <span class='ocrx_word' id='word_1_756' title='bbox 3460 5169 3685 5221; x_wconf 59' lang='lat' dir='ltr'><strong>vocant,</strong></span> 
     </span>
    </p>
   </div>
   <div class='ocr_carea' id='block_1_113' title="bbox 2106 5242 3681 5314">
    <p class='ocr_par' dir='ltr' id='par_1_113' title="bbox 2106 5242 3681 5314">
     <span class='ocr_line' id='line_1_113' title="bbox 2106 5242 3681 5314; baseline 0 -16"><span class='ocrx_word' id='word_1_757' title='bbox 2106 5246 2273 5313; x_wconf 84' lang='lat' dir='ltr'><strong>capiti</strong></span> <span class='ocrx_word' id='word_1_758' title='bbox 2304 5244 2426 5312; x_wconf 82' lang='lat' dir='ltr'><strong>ejus</strong></span> <span class='ocrx_word' id='word_1_759' title='bbox 2453 5242 2733 5314; x_wconf 87' lang='lat' dir='ltr'><strong>imposito,</strong></span> <span class='ocrx_word' id='word_1_760' title='bbox 2766 5258 2967 5298; x_wconf 90' lang='lat' dir='ltr'><strong>corona</strong></span> <span class='ocrx_word' id='word_1_761' title='bbox 3004 5243 3245 5311; x_wconf 91' lang='lat' dir='ltr'><strong>undique</strong></span> <span class='ocrx_word' id='word_1_762' title='bbox 3274 5244 3415 5297; x_wconf 89' lang='lat' dir='ltr'><strong>facta</strong></span> <span class='ocrx_word' id='word_1_763' title='bbox 3466 5245 3681 5300; x_wconf 83' lang='lat' dir='ltr'><strong>Succla-</strong></span> 
     </span>
    </p>
   </div>
   <div class='ocr_carea' id='block_1_114' title="bbox 2107 5332 3681 5405">
    <p class='ocr_par' dir='ltr' id='par_1_114' title="bbox 2107 5332 3681 5405">
     <span class='ocr_line' id='line_1_114' title="bbox 2107 5332 3681 5405; baseline 0 -16"><span class='ocrx_word' id='word_1_764' title='bbox 2107 5347 2258 5389; x_wconf 70' lang='lat' dir='ltr'><strong>maut</strong></span> <span class='ocrx_word' id='word_1_765' title='bbox 2287 5352 2301 5391; x_wconf 92' lang='lat'><strong>:</strong></span> <span class='ocrx_word' id='word_1_766' title='bbox 2337 5334 2434 5389; x_wconf 82' lang='lat' dir='ltr'><strong>Hic</strong></span> <span class='ocrx_word' id='word_1_767' title='bbox 2459 5347 2535 5389; x_wconf 78' lang='lat' dir='ltr'><strong>est</strong></span> <span class='ocrx_word' id='word_1_768' title='bbox 2566 5334 2994 5389; x_wconf 79' lang='lat' dir='ltr'><strong>Christianorum</strong></span> <span class='ocrx_word' id='word_1_769' title='bbox 3042 5332 3184 5386; x_wconf 77' lang='lat' dir='ltr'><strong>Deus</strong></span> <span class='ocrx_word' id='word_1_770' title='bbox 3211 5349 3229 5397; x_wconf 88' lang='lat'><em>;</em></span> <span class='ocrx_word' id='word_1_771' title='bbox 3281 5342 3392 5387; x_wconf 90' lang='lat' dir='ltr'><strong>tum</strong></span> <span class='ocrx_word' id='word_1_772' title='bbox 3448 5335 3681 5405; x_wconf 84' lang='lat' dir='ltr'><strong>lapides,</strong></span> 
     </span>
    </p>
   </div>
   <div class='ocr_carea' id='block_1_115' title="bbox 2112 5424 3741 5503">
    <p class='ocr_par' dir='ltr' id='par_1_115' title="bbox 2112 5424 3741 5503">
     <span class='ocr_line' id='line_1_115' title="bbox 2112 5424 3741 5503; baseline 0 -22"><span class='ocrx_word' id='word_1_773' title='bbox 2112 5430 2393 5496; x_wconf 70' lang='lat' dir='ltr'><strong>lutumque</strong></span> <span class='ocrx_word' id='word_1_774' title='bbox 2429 5426 2699 5495; x_wconf 77' lang='lat' dir='ltr'><strong>jactautcs</strong></span> <span class='ocrx_word' id='word_1_775' title='bbox 2760 5425 2913 5479; x_wconf 88' lang='lat' dir='ltr'><strong>miris</strong></span> <span class='ocrx_word' id='word_1_776' title='bbox 2946 5424 3309 5480; x_wconf 72' lang='lat' dir='ltr'><strong>dehonestent</strong></span> <span class='ocrx_word' id='word_1_777' title='bbox 3346 5427 3543 5481; x_wconf 90' lang='lat' dir='ltr'><strong>modis.</strong></span> <span class='ocrx_word' id='word_1_778' title='bbox 3578 5428 3687 5481; x_wconf 67' lang='lat' dir='ltr'><strong>Sed</strong></span> <span class='ocrx_word' id='word_1_779' title='bbox 3730 5492 3741 5503; x_wconf 37' lang='lat'><strong>,</strong></span> 
     </span>
    </p>
   </div>
   <div class='ocr_carea' id='block_1_116' title="bbox 2111 5515 3684 5590">
    <p class='ocr_par' dir='ltr' id='par_1_116' title="bbox 2111 5515 3684 5590">
     <span class='ocr_line' id='line_1_116' title="bbox 2111 5515 3684 5590; baseline 0.001 -17"><span class='ocrx_word' id='word_1_780' title='bbox 2111 5520 2247 5573; x_wconf 85' lang='lat' dir='ltr'><strong>nihil</strong></span> <span class='ocrx_word' id='word_1_781' title='bbox 2280 5521 2392 5572; x_wconf 66' lang='lat' dir='ltr'><strong>haec</strong></span> <span class='ocrx_word' id='word_1_782' title='bbox 2425 5518 2626 5571; x_wconf 83' lang='lat' dir='ltr'><strong>obsunt</strong></span> <span class='ocrx_word' id='word_1_783' title='bbox 2658 5515 2769 5570; x_wconf 89' lang='lat' dir='ltr'><strong>Deo</strong></span> <span class='ocrx_word' id='word_1_784' title='bbox 2806 5528 2995 5571; x_wconf 89' lang='lat' dir='ltr'><strong>nostro</strong></span> <span class='ocrx_word' id='word_1_785' title='bbox 3032 5518 3227 5571; x_wconf 76' lang='lat' dir='ltr'><strong>ccelum</strong></span> <span class='ocrx_word' id='word_1_786' title='bbox 3256 5519 3482 5586; x_wconf 86' lang='lat' dir='ltr'><strong>tenenti,</strong></span> <span class='ocrx_word' id='word_1_787' title='bbox 3508 5519 3684 5590; x_wconf 90' lang='lat' dir='ltr'><strong>inquit</strong></span> 
     </span>
    </p>
   </div>
   <div class='ocr_carea' id='block_1_117' title="bbox 2109 5607 3683 5682">
    <p class='ocr_par' dir='ltr' id='par_1_117' title="bbox 2109 5607 3683 5682">
     <span class='ocr_line' id='line_1_117' title="bbox 2109 5607 3683 5682; baseline 0.003 -18"><span class='ocrx_word' id='word_1_788' title='bbox 2109 5613 2210 5664; x_wconf 87' lang='lat' dir='ltr'><strong>hoc</strong></span> <span class='ocrx_word' id='word_1_789' title='bbox 2244 5613 2361 5663; x_wconf 82' lang='lat' dir='ltr'><strong>loco</strong></span> <span class='ocrx_word' id='word_1_790' title='bbox 2396 5607 2600 5661; x_wconf 59' lang='lat' dir='ltr'><strong>(lineas</strong></span> <span class='ocrx_word' id='word_1_791' title='bbox 2627 5607 2869 5675; x_wconf 75' lang='lat' dir='ltr'><strong>Sylvius,</strong></span> <span class='ocrx_word' id='word_1_792' title='bbox 2906 5610 3362 5677; x_wconf 87' lang='lat' dir='ltr'><strong>necmajestatem</strong></span> <span class='ocrx_word' id='word_1_793' title='bbox 3395 5612 3512 5680; x_wconf 85' lang='lat' dir='ltr'><strong>ejus</strong></span> <span class='ocrx_word' id='word_1_794' title='bbox 3547 5629 3683 5682; x_wconf 82' lang='lat' dir='ltr'><strong>quo-</strong></span> 
     </span>
    </p>
   </div>
   <div class='ocr_carea' id='block_1_118' title="bbox 2109 5700 3680 5774">
    <p class='ocr_par' dir='ltr' id='par_1_118' title="bbox 2109 5700 3680 5774">
     <span class='ocr_line' id='line_1_118' title="bbox 2109 5700 3680 5774; baseline -0.006 -20"><span class='ocrx_word' id='word_1_795' title='bbox 2109 5702 2399 5771; x_wconf 87' lang='lat' dir='ltr'><strong>quomodo</strong></span> <span class='ocrx_word' id='word_1_796' title='bbox 2442 5700 2765 5754; x_wconf 84' lang='lat' dir='ltr'><strong>itumiuuete</strong></span> <span class='ocrx_word' id='word_1_797' title='bbox 2830 5710 3078 5767; x_wconf 84' lang='lat' dir='ltr'><strong>possunt,</strong></span> <span class='ocrx_word' id='word_1_798' title='bbox 3132 5703 3288 5771; x_wconf 83' lang='lat' dir='ltr'><strong>cujus</strong></span> <span class='ocrx_word' id='word_1_799' title='bbox 3352 5719 3416 5759; x_wconf 71' lang='lat' dir='ltr'><strong>ea</strong></span> <span class='ocrx_word' id='word_1_800' title='bbox 3459 5707 3680 5774; x_wconf 58' lang='grc' dir='ltr'><strong>θείειο.</strong></span> 
     </span>
    </p>
   </div>
   <div class='ocr_carea' id='block_1_119' title="bbox 2110 5791 3681 5869">
    <p class='ocr_par' dir='ltr' id='par_1_119' title="bbox 2110 5791 3681 5869">
     <span class='ocr_line' id='line_1_119' title="bbox 2110 5791 3681 5869; baseline 0.001 -18"><span class='ocrx_word' id='word_1_801' title='bbox 2110 5796 2208 5863; x_wconf 76' lang='lat' dir='ltr'><strong>tia,</strong></span> <span class='ocrx_word' id='word_1_802' title='bbox 2247 5810 2308 5850; x_wconf 81' lang='lat' dir='ltr'><strong>ca</strong></span> <span class='ocrx_word' id='word_1_803' title='bbox 2340 5791 2668 5859; x_wconf 77' lang='lat' dir='ltr'><strong>sublimitas,</strong></span> <span class='ocrx_word' id='word_1_804' title='bbox 2701 5808 2763 5848; x_wconf 84' lang='lat' dir='ltr'><strong>ea</strong></span> <span class='ocrx_word' id='word_1_805' title='bbox 2797 5793 3151 5851; x_wconf 65' lang='lat' dir='ltr'><strong>beatitudinis</strong></span> <span class='ocrx_word' id='word_1_806' title='bbox 3178 5796 3462 5869; x_wconf 73' lang='lat' dir='ltr'><strong>perfectio,</strong></span> <span class='ocrx_word' id='word_1_807' title='bbox 3497 5810 3551 5854; x_wconf 90' lang='lat' dir='ltr'><strong>ut</strong></span> <span class='ocrx_word' id='word_1_808' title='bbox 3581 5814 3681 5859; x_wconf 79' lang='lat' dir='ltr'><strong>nec</strong></span> 
     </span>
    </p>
   </div>
  </div>
