4022 6196
309 279 409 344 951

1300 288 1669 379 ismonus
1705 293 1746 353 s
1814 294 1885 354 Β.
1934 294 1997 357 Ε.
2044 296 2510 363 CARDINALIS

3464 303 3572 370 952

313 407 850 472 laudibus-humanis
874 418 1083 483 extolli,
1141 436 1240 475 nec
1277 420 1561 476 humiliari
1610 425 1893 495 vituperiis
1926 411 1971 467 Α
2001 409 2311 466 “Graiorum
2339 428 2622 467 "umerum
2657 413 2971 477 ίηίῐιθηίιδο
2995 428 3224 485 corpora
3260 416 3567 487 Passimia'

316 518 611 572 pravorum
637 511 827 578 possit.
844 508 952 564 Nos
974 511 1078 565 ista
1095 511 1193 567 lzed
1204 523 1318 578 unt,
1342 525 1506 584 atque
1525 518 1890 581 confundunt.

324 596 417 664 qui
454 612 550 665 per
578 597 846 666 ignaviam
883 610 1047 669 atque
1105 603 1395 673 desidiam,
1441 608 1570 662 dum
1614 611 1725 665 veri
1798 611 1889 667 Dei

318 690 521 743 cultum
559 692 732 760 perire
759 692 1019 757 sinimus,
1054 706 1105 751 et
1133 697 1187 751 in
1212 692 1313 752 hcc
1347 700 1549 754 sarculo
1578 700 1777 757 bonum
1798 720 1893 759 no-

318 798 460 847 men,
485 784 613 835 etin
642 783 811 837 altero
829 799 977 853 spem
999 788 1196 842 salutis
1220 791 1545 847 amittimus.
1568 793 1707 858 Quin
1730 794 1894 862 igitur

314 887 362 939 ρ’
385 874 509 929 sitis
536 873 695 931 bellis
725 887 989 933 coeuntes
1024 880 1318 937 Christiani
1342 883 1481 939 hanc
1512 892 1716 939 tantam
1754 888 1891 957 inju-

236 990 250 1017 κ
314 967 448 1020 riatn
488 968 873 1025 vindicamus?

381 1056 517 1111 Post
544 1057 657 1113 haec
686 1060 1010 1117 convivatus
1039 1061 1399 1131 Mahumetes,
1423 1082 1545 1121 cum
1581 1067 1742 1122 solito
1772 1070 1891 1138 plus

310 1150 422 1203 vini
444 1150 808 1219 adhibuisset,
839 1162 898 1208 ut
915 1157 1232 1224 sanguinem
1251 1160 1765 1228 truculentusmero
1790 1162 1890 1214 ad-

314 1242 489 1309 deret,
506 1244 782 1315 principes
798 1247 1200 1319 optimatesque
1221 1251 1464 1305 civitatis
1486 1264 1694 1321 captos,
1730 1253 1891 1324 inque

312 1344 665 1404 conspectum
708 1338 983 1394 admissos
1015 1351 1301 1411 postquam
1324 1346 1492 1412 probe
1535 1346 1643 1400 illis
1684 1346 1893 1403 illusis-

312 1433 414 1491 set,
437 1427 677 1484 crudelis
707 1440 759 1485 et
803 1433 1192 1502 sanguinarius
1224 1434 1468 1490 carnifex
1497 1436 1641 1492 ﬁnde
1665 1437 1891 1495 misere-

313 1518 679 1589 quejugulari
708 1522 895 1590 jussit.
935 1524 1213 1581 Sirelucas
1258 1528 1510 1598 princeps
1538 1530 1633 1584 alti
1666 1533 1891 1602 sangui-

314 1612 421 1675 nis,
444 1612 535 1680 qui
563 1614 703 1682 apud
733 1614 1147 1671 Constantinum
1175 1619 1468 1687 plurimum
1491 1630 1725 1690 poterat,
1752 1637 1891 1677 caeso

317 1707 443 1753 ante
470 1701 660 1755 oculos
690 1703 883 1773 majori
915 1707 1048 1771 ﬁlio,
1080 1708 1274 1774 altero,
1311 1711 1456 1778 quod
1487 1712 1769 1779 speciosus
1800 1728 1892 1768 es-

314 1799 422 1855 set,
448 1790 514 1845 ad
544 1792 767 1849 illicitos
790 1812 924 1851 usus
947 1809 1247 1865 reservato,
1276 1802 1454 1856 securi
1478 1816 1767 1871 percussus
1788 1815 1889 1858 est.

320 1883 435 1937 lluo
470 1885 592 1953 ejus
630 1886 720 1941 alii
751 1888 843 1942 ﬁlii
894 1890 1282 1947 occiderantin
1323 1894 1484 1950 bello.
1515 1893 1751 1951 Uxorem
1780 1896 1891 1949 im-

315 1976 595 2039 peratoris
619 1976 990 2044 Constantini,
1012 1982 1165 2049 ﬁlias,
1198 1984 1515 2054 primasque
1553 1986 1692 2042 aulae
1730 1987 1895 2057 virgi-

317 2082 435 2134 nes,
475 2083 539 2123 ac
570 2080 851 2127 matronas
883 2073 1157 2144 principes
1183 2074 1636 2147 jussittyrannus
1688 2080 1740 2132 in
1764 2094 1895 2133 con-

313 2158 518 2212 vivium
548 2162 767 2217 adduci.
787 2163 865 2219 ibi
892 2166 1127 2234 primum
1164 2168 1232 2222 ab
1255 2169 1369 2237 ipso
1382 2169 1729 2234 Mahumetc,
1748 2172 1895 2225 aliis-

314 2265 418 2312 que
448 2252 694 2318 ejusdem
731 2258 970 2326 satrapis
1034 2269 1425 2329 constupratae,
1460 2264 1688 2329 posmac
1752 2263 1891 2316 nihil

316 2338 626 2396 valentibus
672 2344 925 2412 precibus
960 2350 1012 2399 in
1046 2345 1219 2401 frusta
1259 2348 1508 2405 dissectze
1536 2361 1688 2405 sunt.
1717 2350 1895 2420 Caput

321 2429 665 2488 Constantini
686 2435 753 2487 ab
773 2437 996 2491 invento
1012 2438 1277 2495 cadavere
1298 2440 1598 2509 desectum,
1617 2442 1894 2513 hastaeque

323 2525 568 2593 afﬁxum,
585 2537 647 2583 ut
661 2530 918 2585 omnibus
940 2531 1174 2587 ludibrio
1191 2542 1357 2598 esset,
1375 2550 1470 2603 per
1488 2535 1640 2591 urbis
1656 2539 1893 2606 compita

316 2629 367 2670 et
394 2629 573 2674 castra
606 2622 841 2675 maximo
866 2639 988 2676 cum
1016 2627 1217 2693 probro
1252 2627 1632 2682 circumlatum
1666 2638 1769 2682 est.
1794 2628 1894 2682 Fe-

321 2719 467 2775 runt,
488 2712 577 2779 qui
608 2716 794 2782 cupias
812 2714 1139 2770 Mahumetis
1163 2726 1470 2787 compertas
1495 2720 1757 2784 habuere,
1785 2728 1896 2773 tre-

319 2810 473 2855 centa
512 2801 679 2858 fuisse
728 2806 897 2859 millia
940 2816 1323 2875 pugnatorum,
1355 2810 1448 2880 qui
1482 2812 1670 2866 urbem
1731 2813 1890 2866 nobi-

318 2894 583 2949 lissimam
641 2912 670 2950 a
728 2908 877 2952 terra
918 2901 1315 2969 Oppugnarint;
1372 2917 1400 2956 a
1466 2904 1602 2958 mari
1667 2904 1889 2975 triginta

321 2986 513 3054 millia,
562 2990 823 3043 trecentis
876 2991 1009 3047 velis
1053 2993 1343 3047 aduotatis.
1394 2994 1572 3065 Atque
1604 2996 1677 3050 ita
1713 3010 1889 3065 expu-

1927 1759 1965 1811 Β

1996 503 2170 558 centia
2199 505 2577 575 explorabant,
2601 507 2812 579 iagentj
2843 508 2970 562 elati
3002 509 3199 579 gaudio
3223 521 3566 579 repererunt,

1994 606 2049 650 et
2073 598 2316 667 ejusdem
2344 598 2634 667 praecisum
2654 610 2818 669 caput
2875 614 3038 655 roseo
3067 609 3384 656 contectum
3420 604 3563 669 pileo

1997 689 2162 743 hastae
2194 688 2440 761 inﬁgunt;
2472 705 2534 745 ac
2561 691 2830 747 clamante
2860 708 3129 763 prrecone,
3152 694 3297 750 Illud
3331 713 3442 751 esse
3475 692 3566 751 ca-

1992 790 2088 849 put
2126 782 2422 835 cardinalis
2448 782 2693 852 Rutheni,
2721 798 2815 853 per
2854 797 3026 855 captae
3058 786 3295 853 civitatis
3325 791 3563 860 compita

1995 873 2218 942 viasque
2250 875 2419 929 multa
2461 889 2584 929 cum
2621 874 2877 931 irrisione
2916 877 3332 934 circumferunt.
3362 880 3565 936 illein-

1995 965 2153 1017 terim
2180 965 2334 1019 vivus
2359 965 2500 1034 apud
2535 966 2836 1021 Turcarum
2869 969 3171 1038 principem
3204 972 3438 1027 sordidis
3462 974 3567 1028 de-

1994 1061 2228 1115 srinatus
2251 1061 2570 1117 ministeriis
2594 1062 2815 1120 latebat.
2842 1066 2960 1132 Qua
2978 1066 3245 1123 servitute
3269 1083 3375 1123 non
3399 1071 3572 1124 multo

1995 1158 2115 1217 post
2168 1150 2334 1220 (quod
2372 1151 2496 1206 vilis
2524 1152 2823 1208 homuncio
2864 1156 3220 1225 crederetur)
3281 1160 3572 1229 persolutis

1996 1241 2259 1297 trecentis
2309 1244 2522 1311 asperis
2574 1254 2880 1314 exemptus,
2915 1258 3226 1304 transverso
3262 1265 3425 1305 cursu
3459 1252 3570 1307 Ro-

1996 1345 2140 1383 mam
2174 1333 2442 1399 pervenit.
2477 1333 2579 1388 Ubi
2605 1348 2632 1387 a
2667 1333 2894 1390 Nicolao
2919 1338 2964 1392 ν
3000 1336 3156 1394 Pont.
3193 1338 3337 1394 Max.
3386 1343 3571 1397 multis

1997 1422 2314 1477 muneribus
2368 1424 2421 1477 in
2456 1424 2631 1479 vicem
2661 1426 2911 1481 laborum
2942 1429 3200 1497 donatus,
3262 1433 3403 1487 trino
3447 1449 3573 1489 scn‘

1995 1510 2096 1564 sim
2126 1512 2463 1581 episcopatu,
2491 1516 2749 1571 nimirum
2778 1517 3094 1585 Sabinensi,
3128 1521 3478 1592 Corphicnsi,
3508 1542 3573 1580 ac

1997 1603 2323 1670 Nicasiensi,
2345 1617 2540 1664 auctus
2570 1620 2654 1664 est
2682 1627 2696 1661 :
2734 1612 2936 1680 quibus
2977 1629 3100 1668 cum
3136 1630 3327 1672 novem
3355 1616 3573 1672 circiter

1996 1698 2155 1751 annis
2200 1714 2412 1754 summa
2444 1701 2566 1756 vitae
2602 1702 2911 1772 integritate
2932 1714 3096 1775 atque
3123 1709 3413 1776 prudentia
3434 1725 3571 1779 prte-

1998 1788 2210 1855 l'uisset,
2250 1792 2466 1847 tandem
2507 1808 2650 1848 anno
2680 1796 2838 1862 1463,
2874 1797 2957 1852 die
2980 1797 3050 1852 27
3103 1799 3309 1868 Aprilis
3357 1810 3564 1856 naturae

1954 1925 1967 1937 .
1999 1880 2240 1936 debitum
2268 1885 2451 1939 Rome
2477 1888 2731 1952 exsolvit,
2762 1903 2959 1959 magno
2993 1893 3237 1946 omnium
3269 1893 3414 1947 luctu
3444 1904 3567 1963 post

1997 1976 2204 2029 obitum
2244 1979 2500 2032 conditus
2533 1978 2600 2033 ad
2640 1980 2901 2035 Sanctum
2940 1982 3160 2037 Petrum
3189 1984 3243 2037 in
3281 1983 3567 2041 Vaticano.

2071 2066 2144 2122 De
2181 2069 2397 2125 lsidoro
2425 2072 2704 2129 cardinale
2727 2089 2895 2143 agens
2918 2073 3194 2132 Laonicus
3221 2075 3572 2152 Cltalcondy-

2000 2162 2079 2216 las
2100 2163 2213 2216 hare
2244 2166 2403 2220 habet
2432 2181 2447 2224 :
2487 2164 2555 2220 In
2593 2168 2689 2220 hac
2718 2184 2894 2222 rerum
2948 2170 3103 2224 turba
3127 2172 3417 2225 miserabili
3448 2174 3570 2239 (Ιο-

1997 2256 2185 2323 quitur
2240 2257 2309 2311 de
2358 2258 2512 2313 urbis
2564 2260 3200 2331 Constantinopolitame
3234 2265 3571 2335 direptione)

1997 2359 2178 2415 raptus
2209 2358 2283 2403 est
2320 2350 2611 2403 cardinalis
2644 2350 2887 2407 Isidorus
2926 2352 3301 2408 Sarmatarum
3328 2357 3570 2419 antistes,

1991 2440 2085 2509 qui
2105 2444 2291 2494 ductus
2318 2444 2368 2495 in
2394 2442 2667 2496 Galatiam
2706 2446 2883 2499 urbem
2916 2447 3160 2500 venditus
3192 2456 3291 2511 est,
3328 2449 3417 2500 sed
3444 2466 3575 2501 con-

1996 2546 2184 2583 scensa
2216 2533 2337 2585 navi
2367 2534 2601 2604 profugit
2630 2536 2684 2588 in
2716 2534 3153 2605 Peloponnesum.
3172 2538 3234 2592 Si
3258 2555 3347 2591 rex
3375 2539 3575 2591 Tarra-

1997 2639 2114 2675 rum
2148 2624 2315 2676 virum
2341 2628 2479 2679 hunc
2513 2628 2757 2689 novisset.
2805 2629 3048 2683 videlicet
3094 2631 3233 2701 quod
3280 2631 3572 2685 cari/inalis

1996 2724 2147 2780 esset,
2181 2728 2316 2770 certe
2344 2734 2460 2772 eum
2487 2720 2867 2787 interfecisset;
2894 2738 3010 2774 cum
3041 2738 3157 2775 eum
3186 2723 3325 2775 inter
3354 2730 3574 2776 cetera:

1997 2809 2225 2862 occisum
2251 2819 2459 2874 putaret
2488 2853 2500 2872 ,
2530 2811 2733 2874 nullam
2771 2812 2883 2880 ejus
2923 2814 3178 2866 rationem
3236 2813 3474 2867 habebat.
3510 2814 3575 2867 in

1998 2900 2236 2956 concilio
2264 2900 2581 2958 Florentino
2612 2906 2715 2958 sub
2763 2904 3005 2971 Eugenio
3037 2904 3101 2961 IV
3124 2905 3414 2969 celebrato,
3445 2920 3577 2973 pro-

1998 2993 2235 3048 cessioni
2269 2992 2506 3064 Spiritus
2534 2996 2708 3051 sancti
2765 3011 2829 3050 ex
2857 2995 3017 3049 Patre
3056 3004 3109 3049 ct
3146 2996 3307 3060 Filio,
3372 2997 3573 3051 tertius

317 3086 476 3147 gnata
503 3069 958 3150 quinquagesimo
989 3093 1144 3136 sexto
1185 3084 1254 3138 ab
1293 3084 1579 3140 obsidione
1617 3088 1706 3141 die
1750 3086 1894 3141 Con—
1922 3092 1963 3147 C
1998 3094 2118 3155 post
2155 3085 2543 3155 imperatorem
2575 3087 2891 3143 Graecorum
2916 3103 3013 3157 pro
3042 3087 3316 3142 Dorothco
3339 3090 3577 3155 patriar-

317 3172 699 3242 Stantinopoli,
720 3175 1007 3244 imperium
1027 3176 1465 3231 Christianorum
1498 3178 1890 3246 imperatorum

320 3268 373 3320 in
396 3266 617 3324 Oriente
645 3284 793 3325 anno
827 3272 1021 3327 salutis
1054 3272 1199 3326 4453
1224 3274 1462 3337 ﬁnitmn,
1498 3276 1679 3330 nobile
1714 3286 1768 3331 et
1793 3293 1890 3330 an-

323 3365 685 3432 inuissiinum
723 3382 738 3418 :
776 3366 921 3435 quod
966 3368 1071 3422 sub
1119 3377 1388 3436 potestate
1434 3368 1674 3424 ﬁdelium
1734 3371 1894 3425 annis

320 3454 613 3507 duraverat
645 3455 939 3524 nonaginta
968 3464 1022 3510 et
1046 3470 1153 3510 uno
1184 3472 1356 3526 supra
1381 3468 1602 3511 centum
1636 3466 1692 3512 et
1722 3458 1892 3513 mille.

321 3546 379 3597 Et
406 3548 547 3614 quod
582 3553 775 3598 notatu
802 3545 1211 3615 dignissimum,
1238 3547 1634 3603 Constantinus
1665 3549 1894 3613 Magnus

324 3637 537 3692 llclcna:
557 3636 719 3700 ﬁlius,
740 3637 949 3706 primus
974 3638 1101 3692 illud
1132 3638 1403 3702 fundavit,
1435 3650 1489 3693 et
1514 3641 1689 3694 erexit
1719 3657 1732 3693 :
1758 3641 1895 3694 alter

328 3744 453 3784 vero
501 3729 898 3785 Constantinus
950 3729 1386 3799 XVimpcrator,
1438 3730 1623 3786 itidem
1679 3730 1897 3785 Helena:

324 3823 495 3889 titius,
534 3822 664 3877 illud
696 3823 880 3876 amisit
909 3840 921 3875 :
955 3831 1014 3878 ut
1042 3823 1256 3877 initium
1285 3823 1377 3876 lini
1404 3823 1785 3878 concordaret.

396 3916 454 3969 lu
478 3916 579 3969 hac
600 3916 931 3978 calamitate,
953 3924 1005 3968 et
1026 3915 1245 3984 publico
1267 3915 1619 3970 nobilissimae
1637 3916 1788 3972 urbis
1806 3932 1895 3972 ex-

325 4009 470 4063 cidio
497 4007 736 4063 Isidorus
758 4009 1070 4074 cardinalis,
1121 4008 1441 4077 pontilicius
1470 4025 1533 4061 ea
1566 4018 1891 4079 tempestate

325 4103 388 4154 ad
418 4100 838 4156 Constantinum
869 4101 1096 4166 legatus,
1125 4115 1153 4152 a
1184 4100 1442 4154 Barbaris
1462 4100 1728 4155 adnccem
1752 4118 1898 4171 quac-

323 4196 606 4263 situs,quo
631 4208 697 4248 se
719 4193 1161 4261 praesentissima:
1195 4191 1335 4246 cladi
1371 4193 1631 4261 eriperet,
1654 4193 1898 4247 lervente

324 4286 557 4339 tumultu
580 4286 801 4339 mutatis
834 4299 1065 4354 propere
1107 4300 1230 4338 cum
1251 4284 1489 4353 jacentis
1520 4285 1785 4339 cadavere
1810 4300 1898 4340 ve-

272 4378 277 4385 ’
322 4381 521 4445 stihus,
546 4395 610 4433 ac
634 4378 955 4447 fugientium
991 4378 1161 4432 turbae
1195 4377 1468 4432 imtnistus
1495 4376 1628 4430 urbe
1655 4377 1896 4431 excessit

324 4471 634 4528 incolumis.
674 4471 894 4533 Verum,
929 4470 1026 4539 qui
1050 4470 1314 4523 emcntito
1366 4469 1515 4521 cultu
1552 4476 1781 4522 mortem
1818 4468 1898 4523 ei—
1927 4445 1977 4504 Β

325 4569 557 4634 fugerat,
581 4563 720 4616 haud
748 4562 864 4632 pari
889 4561 1105 4617 fortuna
1139 4561 1457 4614 servitutem
1479 4559 1657 4614 evasit
1682 4575 1695 4611 :
1725 4560 1895 4629 siqui-

323 4656 447 4709 dem
484 4654 553 4707 ab
588 4653 1007 4723 insequentibus
1068 4651 1369 4705 victoribus
1418 4660 1634 4719 captus,
1682 4660 1737 4705 et
1767 4653 1893 4720 quis

326 4754 468 4800 (2938‘
498 4746 568 4800 ob
593 4760 772 4800 rasum
800 4752 1041 4797 mentum
1070 4752 1389 4812 vestemque
1415 4744 1756 4812 pcregrinam
1790 4759 1895 4797 non

328 4838 572 4907 agnitus.
623 4836 983 4891 nihilominus
1016 4836 1068 4889 in
1101 4835 1421 4889 servitutem
1478 4835 1745 4891 abductus
1790 4844 1896 4892 est.

330 4931 534 4986 Interea
554 4930 816 4997 cadaver,
842 4928 986 5000 quod
1005 4936 1359 4998 purpuratum
1393 4926 1653 4981 Ecclesia
1673 4937 1896 4983 senato-

331 5038 442 5078 rem
479 5037 543 5078 ex
574 5019 771 5091 injecta
802 5021 991 5077 lsidori
1029 5027 1177 5073 veste
1209 5016 1596 5083 mentiebatur,
1630 5020 1724 5088 qui
1755 5020 1898 5075 desi-

2001 3178 2102 3231 cha
2155 3176 2606 3232 Antiochenoliis
2666 3179 2852 3233 verbis
2899 3178 3225 3246 subscripsit
3270 3195 3284 3233 :
3326 3177 3576 3246 Isidorus

2003 3269 2337 3337 metropolita
2371 3268 2684 3322 'Kioviensis
2750 3269 3013 3339 totiusque
3046 3268 3281 3336 Βατείας,
3320 3283 3369 3327 et
3398 3272 3576 3326 locum

2005 3375 2181 3416 tenens
2204 3361 2509 3430 apostolica:
2541 3362 2678 3415 sedis
2699 3362 3021 3415 sanctissimi
3047 3363 3370 3430 patriarcha:
3398 3365 3576 3418 domi-

2003 3453 2057 3505 ni
2091 3452 2343 3507 Dorotlrei
2364 3454 2496 3506 satis
2531 3452 2724 3507 habens
2759 3453 3065 3522 subscripsi.
3094 3454 3150 3508 in
3187 3456 3375 3510 eadem
3404 3472 3580 3526 synoo

2002 3545 2073 3597 do
2107 3544 2314 3614 pluries
2359 3545 2553 3599 lsidori
2592 3547 2798 3601 mentio
2860 3547 3167 3618 ingeritur;
3207 3548 3453 3603 sessione
3484 3550 3582 3614 25,

2003 3650 2126 3689 cum
2162 3635 2231 3691 de
2257 3638 2608 3706 processione
2626 3636 2867 3708 Spiritus
2892 3640 3067 3693 sancti
3098 3650 3373 3706 ageretur,
3405 3640 3585 3696 Isido-

2006 3743 2097 3782 rus
2127 3737 2252 3784 ante
2287 3728 2667 3784 Bcssarionem
2698 3731 2837 3784 dixit
2872 3748 2887 3787 :
2924 3731 3165 3785 Dicimus
3198 3731 3429 3798 Spiritus
3453 3751 3584 3788 san-

2005 3820 2077 3871 cti
2102 3820 2481 3887 processionem
2514 3819 2660 3874 Filio
2686 3837 2886 3891 quoque
2908 3823 3066 3875 tribui
3096 3835 3199 3877 non
3218 3826 3391 3877 solum
3415 3842 3448 3877 a
3474 3824 3587 3878 Pa-

2007 3912 2172 3966 tribus
2200 3910 2649 3978 Occidentalibus,
2680 3912 2768 3966 sed
2792 3915 2953 3965 etiam
2990 3912 3377 3967 Orientalibus.
3424 3914 3581 3979 Qua-

2003 4016 2217 4076 propter
2255 4023 2461 4075 wquum
2486 4016 2585 4071 est,
2615 4014 2672 4059 ut
2699 4016 2908 4060 sanctos
2934 4013 3138 4060 nostros
3166 4017 3435 4075 sequentes
3462 4024 3585 4061 cum

2003 4098 2242 4153 Romana
2274 4098 2511 4156 Ecclesia
2542 4099 2947 4170 conjungamur.

2075 4194 2206 4248 Erat
2238 4202 2417 4246 autem
2466 4193 2707 4247 Isidorus
2751 4188 3055 4248 cardinalis
3082 4193 3170 4247 vir
3212 4193 3584 4259 undecunque

2005 4285 2376 4350 doctissimus,
2399 4284 2684 4353 theologus
2706 4286 3014 4341 Graecorum
3037 4288 3287 4358 insignis.
3310 4287 3363 4340 in
3381 4284 3585 4340 divinis

2006 4376 2303 4446 Scripturis
2323 4376 2567 4446 apprime
2591 4385 2865 4438 versatus,
2882 4378 3103 4447 ingenio
3126 4377 3340 4432 subtilis
3357 4386 3411 4431 et
3431 4391 3583 4441 acer,

2006 4467 2060 4521 in
2093 4467 2324 4521 dicendo
2348 4481 2617 4521 nervosus
2639 4475 2691 4521 et
2725 4467 2945 4535 gravis:
2984 4467 3103 4536 ejus
3128 4466 3584 4521 lacundiamtan-

2005 4574 2167 4629 quam
2197 4575 2262 4612 ex
2293 4572 2474 4629 ungue
2501 4558 2715 4612 leonem
2749 4596 2766 4622 ,
2795 4573 2862 4613 ex
2894 4558 3279 4628 epistola.qua
3314 4559 3369 4611 in
3397 4558 3580 4611 Thra-

2004 4652 2086 4706 cia
2118 4650 2363 4721 Byzantii
2392 4650 2757 4719 direptionem
2796 4657 2850 4703 et
2895 4648 3152 4705 acerbum
3216 4649 3382 4703 furius
3418 4648 3582 4710 luxit,

2006 4740 2206 4796 Paulus
2237 4739 2522 4795 Cortesius
2543 4738 2609 4793 de
2629 4739 2971 4794 cardinalatu
2999 4747 3338 4808 perspectam
3369 4737 3582 4790 habuit.

2009 4836 2193 4890 Dictus
2239 4834 2443 4891 alicubi
2494 4833 2759 4903 facundus
2799 4831 3105 4888 ercorum
3136 4834 3343 4896 doctor,
3379 4841 3429 4884 et
3461 4845 3586 4899 gen-

2009 4932 2074 4985 tis
2104 4929 2280 4983 derus.
2354 4969 2371 4980 ς
