4022 6196
334 358 337 361 .
372 293 479 356 953

1256 313 1355 371 AD
1398 315 2048 387 CHRISTtFlDELES
2092 330 2185 389 DE
2228 330 2458 393 CAPTA
2497 335 2735 400 CPOLI.

3529 352 3626 413 eu

1666 641 2329 762 ISlDORUS
2387 732 2395 739 -

1004 853 1481 920 CARDINALIS
1525 863 1985 943 RUTHENUS,
2016 871 2442 939 EPISCOPUS
2500 880 2958 948 SABINEN‘SIS

1586 985 1835 1045 LEGAT
1848 989 1940 1048 US
1973 990 2430 1068 PONTIFICIS,

1308 1133 1759 1199 UNIVERSIS
1830 1140 2668 1216 CHRISTIFIDELIBUS.

1526 1297 1824 1362 (Reussner,
1877 1304 1960 1355 ubi
2001 1319 2147 1370 supra
2163 1310 2189 1369 ,³
2218 1322 2266 1372 p.
2314 1310 2447 1376 105.)

417 1590 635 1661 Audite,
662 1605 854 1648 omnes
875 1605 1085 1663 gemes,
1110 1574 1295 1651 audite
1317 1606 1371 1654 et
1394 1600 1620 1660 auribus
1650 1603 1906 1674 percipite

2012 1651 2015 1659 _
2052 1589 2245 1648 Turcae
2278 1598 2625 1655 contumeliis
2657 1610 2999 1674 opportunas
3035 1622 3300 1677 personas
3334 1624 3395 1668 ut
3437 1632 3614 1674 mere-

357 1682 448 1751 qui
483 1680 743 1737 habitatis
776 1683 963 1739 orbem
997 1685 1039 1738 ¹.
1071 1686 1271 1742 Audite
1296 1689 1410 1744 haec
1437 1693 1643 1759 omnia,
1671 1696 1763 1763 qui
1799 1695 1931 1751 ﬁde-

358 1770 462 1823 lem
497 1774 646 1827 orbis
697 1784 907 1844 partem
962 1777 1224 1850 incolitis,
1274 1785 1533 1854 ministri,
1580 1802 1830 1857 pastores
1871 1799 1927 1847 et.

358 1862 634 1931 principes
674 1870 916 1921 omnium
970 1871 1339 1930 Ecclesiarum
1378 1879 1579 1936 Christi
1616 1901 1630 1937 :
1683 1886 1925 1942 universi

353 1970 575 2024 quoque
608 1972 763 2028 reges
794 1974 858 2013 ac
894 1961 1175 2032 principes
1206 1963 1569 2031 Christicolae,
1610 1983 1675 2023 ac
1708 1970 1901 2026 univer

352 2063 448 2104 sus
476 2048 691 2105 Domini
726 2051 956 2121 populus
985 2068 1109 2108 cum
1143 2056 1409 2126 religiosis
1438 2062 1672 2117 cunctis.
1698 2063 1921 2131 Audite,

353 2138 601 2207 inquam,
628 2151 683 2196 et
714 2152 901 2196 notum
942 2143 1013 2198 sit
1048 2143 1227 2210 vobis,
1282 2148 1426 2216 quod
1467 2166 1777 2219 praecursor
1807 2153 1921 2208 veri

350 2228 706 2297 Antichristi,
728 2230 1041 2289 Turcorum
1070 2236 1324 2308 princeps
1339 2249 1395 2295 et
1414 2240 1693 2302 dominus.
1729 2259 1922 2301 servus

350 2332 530 2375 autem
558 2329 637 2376 tot
658 2322 1071 2392 daemoniorum,
1117 2341 1250 2398 quot
1294 2331 1575 2391 vitiorum.
1623 2335 1783 2403 cuius
1809 2353 1920 2393 no-

352 2427 476 2467 men
523 2422 606 2468 est
656 2413 959 2482 Mahumet,
996 2417 1255 2476 inimicus
1280 2425 1463 2479 crucis
1484 2424 1715 2493 Christi,
1748 2428 1921 2485 haeres

346 2502 424 2556 rei
450 2510 502 2557 et
526 2505 765 2585 nominis
791 2509 937 2564 illius
970 2512 1145 2578 primi‘
1178 2514 1669 2585 pseudopropheta:
1702 2558 1719 2582 ,
1760 2529 1813 2576 ct
1844 2522 1921 2576 la-

348 2590 489 2642 toris
528 2581 663 2662 legis
695 2592 1064 2662 spurcissimte
1094 2581 1491 2672 Agarenorum,
1531 2606 1674 2663 [ilius
1705 2608 1918 2666 Satanae

348 2679 597 2733 omnium
634 2681 1096 2751 ﬂagitiosissimus
1121 2708 1135 2745 :
1161 2692 1252 2760 qui
1287 2692 1446 2748 furiis
1480 2696 1727 2753 invectus
1756 2710 1809 2754 et
1836 2701 1917 2755 iu-

342 2771 515 2834 sania.
535 2772 861 2846 sanguinem
886 2778 1328 2839 Christianorum
1360 2786 1479 2841 sine
1510 2788 1915 2850 intermissione

339 2864 491 2931 sitit;
530 2881 631 2922 nec
661 2868 936 2941 exstingui
964 2872 1105 2927 valet
1135 2874 1256 2944 ejus
1290 2877 1414 2932 sitis
1443 2891 1571 2949 post
1607 2898 1794 2938 eorum
1827 2885 1913 2939 in-

342 2972 595 3012 numeras
628 2960 840 3027 caedes;
874 2970 1135 3035 tantoque
1168 2968 1297 3023 odio
1322 2980 1511 3025 contra
1543 2972 1820 3029 Christum
1852 2987 1908 3033 et

339 3049 576 3102 membra
611 3052 730 3121 ejus
765 3066 1016 3110 movetur
1038 3097 1052 3119 ,
1087 3067 1146 3112 ut
1188 3061 1411 3117 eradere
1445 3079 1644 3121 nomen
1678 3068 1797 3136 ejus
1842 3074 1907 3124 de

337 3147 481 3191 terra
516 3141 719 3197 nitatur
743 3161 756 3208 ;
781 3153 835 3199 et
865 3146 1110 3215 inspecto
1133 3150 1317 3221 aliquo
1339 3153 1655 3212 Christiano
1687 3159 1789 3213 sibi
1812 3162 1907 3215 ob-

338 3232 516 3286 riante
556 3249 614 3287 se
666 3236 791 3292 inde
850 3239 1130 3296 existimat
1175 3244 1539 3312 sordidatum,
1593 3260 1652 3303 ut
1712 3251 1904 3307 oculos

332 3323 534 3388 abluat,
575 3330 629 3378 et
667 3340 751 3387 os,
816 3327 1156 3384 immundum
1192 3346 1249 3385 se
1283 3334 1548 3402 proﬁtens
1575 3335 1750 3403 prius.
1786 3336 1902 3392 lloc

334 3411 500 3477 igitur
529 3422 637 3469 tam
676 3417 919 3473 terribile
961 3431 1015 3475 et
1055 3422 1390 3477 horrendum
1427 3436 1757 3491 monstrum,
1789 3430 1904 3483 exi-

332 3506 584 3572 gentibus
610 3509 891 3567 demeritis
929 3511 1387 3582 Christianormn,
1441 3518 1594 3588 justo
1638 3519 1900 3591 Dcijudi-

332 3594 440 3662 oio,
470 3597 524 3652 in
558 3615 651 3655 eos
685 3602 877 3656 saevire
909 3617 971 3658 ac
988 3607 1227 3675 grassari
1263 3609 1587 3677 permissus,
1622 3612 1897 3668 civitatem

332 3690 665 3757 imperialem
722 3695 928 3749 Novam
994 3696 1255 3765 Romam,
1307 3701 1433 3755 olim
1498 3702 1897 3773 felicissimam,

333 3796 477 3835 nunc
511 3782 896 3851 miserrimam,
936 3794 992 3840 et
1018 3790 1166 3841 omni
1199 3789 1513 3846 calamitate
1547 3807 1891 3864 oppressam,

330 3873 885 3944 Constantinopolim,
939 3878 1031 3932 diu
1086 3880 1366 3937 obsessam
1409 3884 1574 3953 cepit,
1613 3901 1896 3958 expugna-

328 3966 426 4031 vit,
454 3966 710 4034 spoliavit
742 3969 997 4026 omnibus
1030 3973 1209 4035 bonis,
1238 3984 1291 4027 et
1316 3990 1451 4044 pene
1484 3975 1718 4031 delevit.

398 4057 532 4124 Quis
580 4068 762 4115 autem
829 4064 913 4132 (ut
958 4065 1136 4119 verbis
1193 4074 1312 4119 utar
1353 4069 1697 4139 prepbetm')
1747 4074 1898 4129 dabit

327 4150 497 4219 capiti
526 4167 648 4207 meo
678 4168 899 4222 aquam,
935 4165 986 4208 et
1021 4156 1197 4211 oculis
1224 4159 1358 4214 meis
1386 4159 1589 4215 fontem
1632 4163 1898 4235 lacryma-

2053 1682 2276 1739 triculas
2306 1696 2361 1741 et
2400 1689 2455 1743 in
2486 1691 2736 1762 lupanari
2764 1700 3086 1763 prostitutas
3120 1705 3446 1776 trahebant;
3485 1714 3611 1766 talia

2032 1780 2103 1847 let
2136 1782 2282 1830 tanta
2316 1791 2508 1835 contra
2537 1797 2630 1838 eas
2656 1786 2909 1853 agebant,
2939 1803 3142 1851 quanta
3178 1796 3245 1851 de
3283 1799 3459 1857 brutis
3488 1806 3616 1858 ani—

2036 1859 2289 1923 malibus.
2336 1875 2391 1919 et
2440 1868 2623 1935 qualia
2677 1876 2798 1927 sine
2840 1876 3041 1930 rubore
3086 1875 3191 1932 fari
3228 1882 3453 1939 minime
3479 1888 3609 1957 quis

2032 1949 2244 2006 valeat:
2268 1954 2706 2016 adolescentulos
2730 1962 3017 2035 utriusque
3042 1982 3212 2026 sexus
3238 1986 3267 2026 a
3287 1978 3607 2042 parentibus

2031 2045 2412 2115 segregabam,
2436 2051 2721 2107 etdivisim
2746 2054 2815 2110 de
2835 2056 2914 2112 eis
2937 2060 3115 2127 pretio
3138 2064 3562 2134 negotiabantur
3588 2089 3603 2124 :

2030 2130 2268 2194 infantes
2339 2154 2532 2196 coram
2612 2148 2958 2213 genitoribus
3022 2153 3141 2209 suis
3208 2164 3268 2211 ut
3319 2161 3605 2228 agniculos

2029 2228 2374 2296 mactabaut;
2437 2243 2640 2291 matres
2705 2237 2856 2306 ﬁliis,
2919 2250 2975 2296 et
3034 2244 3202 2313 geniti
3242 2250 3604 2318 genitricihus

2027 2320 2387 2395 privabantur
2417 2342 2434 2381 :
2463 2332 2709 2397 germani
2752 2348 2782 2388 a
2822 2335 2977 2391 fratri
2990 2337 3116 2403 bus,
3143 2356 3348 2398 uxores
3375 2359 3407 2399 a
3438 2346 3596 2409 viris,

2026 2429 2199 2470 nurus
2234 2431 2263 2470 a
2294 2421 2568 2477 socrubus
2595 2423 2912 2494 lugentibus
2951 2437 3008 2484 et
3047 2431 3391 2491 ululantibus
3414 2448 3601 2507 segre-

2022 2504 2335 2574 gabantur:
2379 2510 2646 2581 disjuncti
2681 2519 3077 2588 consanguinei
3118 2530 3173 2579 et
3210 2524 3374 2580 amici
3417 2504 3598 2581 invdi-

2022 2597 2193 2652 versis
2212 2599 2527 2667 regionibus
2551 2609 2690 2662 servi
2732 2611 2937 2665 venditi
2970 2615 3309 2672 ducebantur
3325 2657 3340 2670 .
3364 2617 3409 2674 Ο
3432 2634 3595 2687 quam

2020 2704 2217 2745 amara:
2264 2693 2553 2765 lacrymze!
2592 2714 2623 2755 ο
2655 2710 2863 2770 quanta
2904 2707 3185 2776 suspiria!
3242 2724 3275 2762 o
3314 2718 3450 2778 quot
3473 2711 3593 2765 cla-

2020 2787 2157 2838 mosi
2199 2786 2473 2858 singultus
2524 2792 2668 2849 inter
2717 2799 2925 2853 amicos
2957 2808 3012 2855 et
3046 2810 3236 2867 notos,
3267 2819 3389 2872 quas
3429 2805 3595 2860 mise-

2021 2875 2221 2934 rabiles
2281 2896 2443 2939 voces
2498 2887 2894 2943 emittebantur
2943 2891 3087 2945 inter
3144 2902 3329 2948 tantas
3392 2897 3591 2960 caedes,

2018 2970 2333 3037 servitutes.
2365 2978 2719 3045 expulsiones
2749 2990 2803 3035 et
2834 2985 3234 3040 contumelias!
3274 2987 3579 3056 Principes,

2014 3059 2251 3117 barones
2290 3074 2344 3119 et
2376 3066 2606 3135 domini,
2645 3071 3032 3140 bubulcorum,
3066 3077 3462 3145 porcariornm,
3494 3079 3593 3133 ho-

2015 3153 2366 3210 muncionum
2415 3158 2595 3214 effecti
2645 3172 2773 3216 sunt
2817 3165 3045 3231 famuli;
3082 3166 3223 3221 intra
3256 3168 3586 3224 decennium

2013 3257 2213 3306 pueros
2299 3248 2367 3301 ad
2432 3249 2571 3305 ritus
2635 3266 2747 3306 suae
2799 3255 3018 3322 pertidte
3085 3266 3245 3311 sectm
3294 3261 3587 3328 compelle.

2012 3333 2157 3387 bant.

2079 3505 2220 3561 lleu!
2265 3511 2543 3575 quomodo
2573 3512 2931 3572 obscuratum
2963 3528 3049 3574 est
3079 3533 3274 3575 aurum
3310 3520 3584 3593 fulgidum

2007 3598 2288 3667 sapientiae
2332 3617 2429 3671 per
2480 3606 2735 3661 tenebras
2775 3608 3132 3679 ignorantia:
3168 3630 3366 3668 aurum
3399 3615 3579 3685 digni-

2004 3692 2134 3746 tatis
2187 3708 2284 3761 per
2332 3695 2733 3766 ignobilitatem
2794 3704 3418 3774 servitutislquomodo
3456 3723 3581 3761 mu-

2007 3791 2150 3839 tatus
2196 3794 2280 3841 est
2321 3789 2474 3844 color
2505 3790 2744 3858 optimus
2768 3792 2969 3849 Graecae
2997 3797 3323 3867 eloquentiae
3355 3801 3411 3853 in
3439 3801 3573 3855 bar-

2004 3874 2209 3931 bariem
2255 3875 2508 3934 Turcizel
2564 3879 2797 3951 Lapides
2844 3889 3161 3956 sanctuarii,
3196 3892 3243 3947 si
3289 3894 3579 3962 quierant

2001 3978 2319 4025 constantes
2356 3971 2408 4024 in
2443 3971 2570 4041 ﬁde,
2600 3972 2833 4043 dispersi
2865 3990 2997 4033 sunt
3029 3982 3082 4034 in
3119 3984 3299 4053 capite
3326 3985 3575 4042 omnium

2004 4061 2213 4112 viarum
2246 4058 2492 4126 jacentes
2544 4066 2823 4132 prostrati.
2885 4068 2960 4124 De
3015 4075 3227 4129 caeteris
3266 4085 3571 4143 taceamus,

2003 4165 2122 4215 qua:
2165 4154 2399 4202 humana
2430 4162 2581 4217 snnt,
2615 4155 2708 4207 sed
2751 4156 2818 4210 de
2846 4157 3086 4227 injuriis,
3116 4164 3568 4223 subsannationi-

330 4256 451 4294 rum
479 4285 494 4307 ,
545 4256 604 4296 ut
642 4245 858 4313 plorare
906 4248 1113 4302 valeam
1147 4249 1235 4303 die
1267 4266 1331 4306 ac
1371 4262 1531 4308 nocte
1573 4232 1895 4313 interfectos
1927 4295 1968 4348 ο
2007 4232 2869 4348 ligas:.ffilﬂ’iﬁ‘fiijfa‘opﬁmbriis
2920 4247 3163 4348 εόεξίθειίξ
3219 4268 3345 4324 θΓ8³
3385 4257 3567 4312 (“Vina

326 4334 512 4400 populi
575 4334 746 4398 illius,
799 4345 854 4390 et
920 4339 1339 4395 sceleratissima
1402 4344 1692 4414 sacrilegia
1737 4350 1790 4400 in
1836 4363 1901 4403 ea

326 4433 553 4492 captura
578 4435 882 4494 perpetrata
901 4428 924 4480 ?
940 4428 1077 4494 Quis
1102 4428 1262 4498 hujus
1282 4432 1668 4491 Itorribilitatis
1690 4452 1903 4491 memor

326 4532 435 4570 non
487 4516 883 4586 Obstupescat?
922 4535 1030 4573 non
1080 4520 1419 4592 lethargicus
1471 4526 1606 4580 ﬁat?
1643 4542 1751 4582 non
1789 4544 1902 4598 prae

324 4607 511 4663 dolore
540 4609 884 4665 Obmutescat
910 4612 933 4664 ?
962 4611 1071 4667 Nec
1096 4622 1277 4668 tamen
1312 4624 1509 4671 cuncta
1532 4619 1779 4675 enormia
1806 4637 1901 4676 ex-

325 4700 564 4769 plicabo,
609 4715 680 4755 ne
732 4701 831 4769 pia:
880 4717 1043 4758 aures
1094 4705 1289 4760 audire
1331 4706 1644 4777 refugiant:
1683 4712 1778 4766 sed
1834 4729 1900 4768 ex

323 4790 677 4856 paucissimis
727 4792 913 4848 relatis
953 4796 1266 4864 cOgitentur
1300 4798 1429 4853 alia.
1496 4798 1595 4855 Hic
1627 4802 1901 4859 nefandus

318 4890 594 4949 tyrannus
642 4883 957 4939 nominibus
1007 4886 1361 4956 blasphemia:
1413 4890 1633 4959 plenus,
1670 4897 1895 4953 civitate

325 4982 563 5041 recepta,
608 4985 735 5044 post
790 4977 1260 5047 _decapitationem
1325 4981 1670 5051 imperatoris
1702 5031 1720 5062 ,
1771 5006 1892 5045 cum

325 5062 476 5118 omni
520 5078 619 5118 sua
659 5066 917 5135 progenie
942 5078 996 5121 et
1029 5069 1348 5138 nobilitate,
1398 5076 1670 5142 plurimos
1705 5080 1899 5138 ferreis

327 5154 560 5210 manicis
603 5165 660 5210 et
710 5158 1068 5226 compedibus
1121 5160 1393 5230 alligatos,
1422 5182 1485 5220 ac
1515 5169 1673 5225 collis
1704 5186 1893 5226 eorum

324 5243 548 5300 funibus
579 5248 797 5313 cinctis,
825 5259 978 5305 extra
1019 5252 1207 5305 urbem
1242 5253 1468 5312 deduxit
1498 5277 1512 5313 :
1550 5261 1751 5319 milites
1778 5266 1898 5336 ejus

326 5338 559 5401 nobiles,
586 5340 852 5409 plebeios,
884 5345 1185 5399 monachos
1214 5355 1268 5400 et
1310 5352 1817 5419 monacbas,mares
1846 5370 1899 5414 et

340 5426 593 5494 feminas,
626 5431 826 5487 virtute
844 5442 898 5486 et
929 5435 1241 5491 conditione
1274 5443 1589 5508 praeclaros.
1627 5449 1897 5518 vitupera-

327 5516 508 5571 biliter
538 5521 840 5588 detractos,
874 5524 1061 5579 multis
1099 5525 1318 5595 injuriis
1450 5528 1639 5591 aﬂ'ecit.
1744 5516 1758 5518 _
1792 5539 1891 5596 Ubi

1734 5648 1761 5657 .-

401 5714 576 5772 ‘Jocl.
608 5720 723 5784 [Α.
802 5722 821 5751 ²
852 5719 1049 5775 Jcrcm.
1091 5738 1165 5790 rx,
1198 5724 1251 5777 2.

2006 4337 2121 4390 qua:
2140 4324 2321 4392 lingua
2336 4326 2512 4382 valeat
2532 4333 2837 4399 explicare?
2862 4338 2987 4405 quis
3008 4338 3315 4398 intellectus
3339 4364 3533 4416 capere
3549 4353 3577 4404 Ῥ

2005 4432 2123 4484 quae
2146 4432 2302 4472 aures
2328 4419 2599 4488 patienter
2621 4426 2852 4481 audire?
2882 4428 2941 4481 Ni
2970 4429 3149 4498 fallor,
3174 4450 3468 4505 numquam
3496 4442 3570 4495 ita

2008 4508 2366 4568 inhunoratus
2396 4513 2561 4570 Deus.
2594 4515 2753 4581 Deus,
2788 4530 3052 4576 venerunt
3094 4538 3284 4596 gentes
3312 4530 3576 4600 gebcnme

2000 4604 2196 4658 dedita:
2228 4606 2279 4657 in
2321 4605 2694 4662 bmreditatem
2732 4620 2901 4677 tuam,
2933 4628 3055 4682 qua:
3100 4617 3270 4672 Israel
3300 4632 3381 4674 est
3409 4631 3459 4676 te
3486 4623 3568 4675 vi—

2000 4697 2133 4751 dens
2159 4713 2255 4767 per
2276 4699 2458 4754 (idem.
2487 4701 2805 4757 Polluerunt
2826 4706 3085 4775 templum
3106 4720 3356 4766 sanetum
3393 4722 3570 4779 ttmm,

2000 4790 2294 4844 ecclesiam
2337 4790 2737 4848 nobilissimam
2774 4793 2831 4849 S.
2864 4794 3082 4867 Sophim
3114 4816 3222 4855 una
3251 4818 3375 4857 cum
3409 4806 3568 4859 aliis:

2002 4880 2261 4951 imagines
2320 4881 2533 4935 Domini
2597 4884 2766 4938 nostri
2825 4884 2954 4943 Iesu
3002 4890 3242 4959 Christi,
3286 4904 3343 4950 et
3378 4895 3569 4951 Matris

2000 4972 2138 5041 ejus,
2171 4972 2409 5043 Virginis
2439 4974 2713 5042 gloriosae,
2728 4984 2781 5030 et
2806 4990 3124 5036 sanctorum
3156 4999 3220 5038 ac
3251 4994 3567 5041 sanctarum

1989 5066 2111 5133 Dei,
2149 5066 2386 5137 insignia
2412 5067 2639 5123 viviﬁcae
2688 5071 2871 5126 crucis
2903 5085 3297 5143 conspuentes,
3326 5077 3570 5133 confrin-

1998 5166 2209 5226 gentes,
2238 5157 2628 5213 conculcantes
2658 5177 2672 5226 ;
2714 5173 3068 5216 sacrosancta
3095 5163 3413 5233 Evangelia,
3439 5167 3571 5227 Mis-

1998 5248 2131 5302 salia
2175 5259 2229 5303 et
2277 5248 2516 5318 reliquos
2564 5250 2809 5306 ecclesia:
2856 5251 3025 5306 libros
3057 5254 3444 5323 dilacerantes,
3479 5257 3571 5312 de-

1999 5346 2301 5408 turpantes,
2333 5340 2751 5404 comburentes;
2774 5354 2962 5395 sacras
2982 5352 3163 5397 vestes
3192 5343 3565 5411 sacerdotum,

1999 5429 2319 5500 reliquaque
2365 5439 2689 5486 ornamenta
2734 5432 2981 5487 ecclesiae
3020 5433 3355 5502 scindentes,
3385 5436 3450 5489 ad
3484 5436 3567 5490 in.

1997 5506 2315 5577 dumeutuut
2378 5540 2536 5579 suum
2591 5533 2646 5577 ct
2704 5533 2958 5578 ornatum
3017 5534 3314 5594 sumentes,
3344 5527 3427 5583 vel
3464 5545 3564 5597 pro

1996 5612 2088 5665 vili
2120 5614 2295 5683 pretio
2320 5613 2667 5669 conferentes
2699 5632 2714 5683 ;
2750 5631 2877 5671 vasa
2907 5616 3117 5672 Domini
3150 5626 3204 5673 et
3232 5619 3354 5689 ejus
3390 5622 3560 5674 cultui
