4022 6196
420 333 529 398 955

422 536 683 603 conﬂata,
727 540 793 593 ad
826 539 1086 609 profanos
1121 557 1256 598 usus
1285 543 1709 602 transferentes.

496 628 804 684 Posuerunt
845 629 1081 701 denique
1125 647 1322 689 carnes
1375 645 1698 693 sanctorum
1748 650 1990 705 tuorum,

424 722 715 776 morticina
762 736 1044 779 servorum
1108 735 1351 793 tuorum,
1403 731 1666 801 reliquias
1707 733 1990 791 beatorum

422 810 742 880 corporum,
809 827 966 870 escas
1019 815 1338 874 Volatilibus
1382 822 1553 876 caeli:
1606 824 1993 894 dispergentes

422 900 552 954 hinc
579 901 705 956 inde
763 918 963 960 carnes
1023 917 1343 965 sanctorum
1393 920 1635 981 tuorum,
1675 930 1816 984 quos
1850 920 1998 973 occi-

424 992 649 1061 dobant,
690 995 884 1052 bestiis
915 1007 1075 1055 terra:
1105 1018 1119 1055 :
1152 1016 1259 1055 non
1291 1012 1433 1070 erat,
1467 1006 1561 1074 qui
1593 1008 1870 1077 sepeliret.
1903 1010 1995 1064 Al-

424 1085 564 1139 taria
612 1085 976 1152 suﬂ‘oderunt,
1007 1090 1331 1149 invocantes
1361 1110 1555 1150 nomen
1579 1097 1852 1154 maledicti
1884 1100 1994 1156 Ma-

422 1179 648 1243 bometi,
704 1180 989 1237 laudantes
1022 1198 1145 1238 eum
1182 1188 1247 1240 de
1276 1187 1527 1244 victoria.

492 1269 699 1325 Omitto
727 1288 838 1343 pra:
867 1275 1096 1344 pudore,
1133 1278 1275 1344 quod
1302 1279 1640 1349 mingebant,
1662 1285 1993 1343 stercoriza-

421 1360 575 1426 bant,
624 1364 808 1418 omnia
866 1366 1248 1435 vituperabilia
1294 1374 1626 1428 exercebant
1660 1375 1710 1428 in
1747 1377 1990 1447 templis,

423 1450 755 1520 imaginibus
812 1462 866 1509 et
920 1458 1168 1528 reliquiis
1214 1462 1475 1530 sanctis;
1525 1478 1714 1520 sancta
1763 1469 1992 1525 canibus

423 1542 662 1605 dabant;
710 1548 1036 1613 margaritas
1085 1563 1560 1608 sacramentorum
1610 1566 1735 1611 ante
1785 1574 1984 1627 porcos

425 1629 812 1697 proﬁciebant.
876 1633 1012 1690 Dum
1057 1637 1172 1691 litae
1216 1642 1421 1704 recolo,
1467 1654 1613 1699 t0tus
1658 1663 1721 1700 ex
1761 1649 1991 1707 horrore

419 1725 824 1780 contremisco:
873 1743 975 1782 nec
1006 1731 1232 1785 ulterius
1263 1734 1398 1803 stylo
1430 1750 1655 1792 exarare
1695 1758 1836 1811 queo
1869 1745 1991 1800 illo-

1478 337 1776 401 ISIDORI
1817 342 1919 402 AD
1958 342 2611 408 CHRISTIFIDELES

421 444 696 513 dedicata,
720 446 771 502 in
794 447 874 504 eis
901 447 1247 504 comedentes
1269 458 1323 506 et
1346 448 1615 518 bibentes,
1649 454 1701 508 in
1733 454 2001 524 reliquum
2030 468 2080 527 Α

3568 350 3677 414 956

2188 456 2286 514 llis
2327 460 2695 517 atrocissnmis
2726 461 2893 518 rebus
2924 476 3033 518 non
3066 470 3359 519 contentus
3401 463 3684 522 callidissi-

2102 565 2226 606 mus
2265 560 2320 606 et
2349 554 2779 610 cruentissimus
2810 554 3179 622 Mahometus,
3216 554 3677 612 Christicolarum

2098 657 2354 699 summus
2401 643 2703 709 inimicus,
2757 646 2823 701 ad
2874 647 3139 703 ulteriora
3186 662 3246 704 se
3295 648 3583 704 extendit:
3624 661 3684 704 et

2100 734 2353 790 triremes
2378 735 2524 789 inter
2541 751 2765 806 magnas
2786 746 2840 793 et
2864 752 3063 808 parvas
3080 738 3192 807 jam
3212 747 3432 794 centum
3458 749 3683 808 septua—

2096 825 2243 894 ginta
2272 828 2595 897 prmparavit
2622 869 2637 895 ,
2659 837 2713 882 et
2744 827 2810 883 ad
2844 845 2994 885 mare
3029 829 3277 899 Algaum
3313 830 3464 887 misit
3493 834 3559 886 ad
3589 836 3679 886 in-

2095 915 2245 970 sulas
2275 916 2545 986 Cycladas
2579 916 2683 973 sibi
2720 918 3110 989 subjiciendas.

2168 1006 2383 1064 Exinde
2437 1025 2498 1065 se
2567 1020 2842 1081 praeparat
2906 1027 3030 1066 cum
3087 1013 3302 1067 inﬁnito
3330 1015 3574 1068 exercitu
3605 1015 3676 1069 ad

2096 1105 2207 1152 tres
2266 1097 2433 1153 urbes
2475 1100 2748 1155 notabiles
2782 1110 2835 1155 et
2864 1110 3117 1169 potentes
3147 1118 3315 1172 prope
3366 1102 3677 1158 Danubium

2095 1186 2233 1245 sitas
2296 1191 2730 1261 transmigrare,
2800 1208 3009 1261 easque
3084 1210 3434 1263 expugnare:
3506 1212 3675 1251 unam

2095 1294 2260 1351 quam
2310 1279 2562 1337 Periston
2625 1299 3033 1354 uuncupamus,
3073 1285 3303 1339 alteram
3351 1285 3675 1352 Forabium,

2091 1372 2306 1427 tertiam
2355 1372 2780 1445 Bellogradum,
2838 1376 3132 1432 intendens
3176 1388 3300 1447 post
3345 1387 3514 1433 totam
3549 1396 3677 1448 pcr-

2092 1476 2316 1517 currere
2366 1460 2660 1534 Ungariam
2694 1503 2711 1531 ,
2765 1480 2999 1534 eamque
3039 1467 3298 1536 spoliare.
3356 1468 3671 1533 devastare,

2091 1564 2416 1610 conterere:
2463 1566 2522 1611 ut
2553 1558 2826 1612 neminem
2863 1568 3013 1613 retro
3045 1574 3105 1614 se
3129 1559 3371 1615 dimittat
3401 1561 3670 1628 impedire

2094 1647 2159 1699 ad
2185 1646 2292 1700 alia
2327 1646 2446 1702 loca
2480 1648 2758 1717 proﬁcisci
2788 1649 3086 1705 volentem.
3113 1650 3256 1717 Quin
3285 1652 3447 1705 etiam
3476 1654 3541 1707 ad
3568 1650 3677 1709 Ita-

2092 1738 2218 1791 liam
2262 1754 2425 1807 quam
2458 1740 2623 1795 citius
2664 1742 3056 1812 transmigrarc
3087 1743 3370 1798 contendit
3399 1785 3414 1809 ,
3466 1760 3671 1815 praepa-

425 1832 545 1871 rum
572 1818 809 1884 piacula,
846 1828 901 1875 et
940 1822 1065 1876 ﬁdei
1099 1821 1429 1880 Christiana:
1456 1830 1738 1899 religionis
1768 1834 1993 1889 irrisio-

2100 1842 2224 1881 rare
2260 1844 2481 1898 quoque
2518 1840 2753 1885 conatur
2777 1832 2959 1900 galeas
2992 1848 3220 1902 magnas
3253 1842 3305 1888 Pl
3338 1850 3533 1901 parvas
3567 1846 3673 1891 tre-

419 1925 520 1967 nes
539 1924 591 1966 et
607 1913 875 1969 dedecora
898 1913 1117 1984 injecta.
1137 1916 1463 1975 Monasteria
1483 1933 1590 1976 tam
1610 1927 1997 1983 monachorum

422 2020 588 2072 quam
625 2008 941 2061 monialiutn
968 2010 1291 2068 invadentes
1314 2016 1497 2069 omnia
1515 2016 1870 2087 diripiebant,
1900 2023 2000 2092 eji-

418 2098 626 2153 cientcs
648 2098 768 2154 illos
790 2099 854 2153 de
872 2100 1298 2160 habitationibus
1320 2106 1456 2174 suis,
1486 2110 1821 2166 xenodocbia
1846 2112 1998 2167 inﬁr-

429 2201 639 2242 morum
659 2190 1033 2246 destruebant.
1059 2194 1168 2249 Etsi
1188 2197 1256 2251 de
1275 2198 1456 2255 multis
1473 2210 1526 2254 et
1544 2202 1751 2277 magnis
1768 2204 1995 2260 excidiis

432 2293 498 2330 ac
560 2284 901 2338 exterminiis
982 2286 1266 2342 civitatum
1339 2290 1771 2364 bistoriographi
1828 2299 1991 2351 ctiam

421 2372 710 2435 gentilium
769 2375 1028 2443 referant,
1082 2380 1195 2437 fere
1241 2383 1390 2438 nulla
1439 2398 1629 2454 posset
1658 2388 1988 2447 desolationi

421 2463 587 2533 hujus
622 2469 924 2536 coaequari.
978 2469 1202 2527 Nullum
1237 2474 1469 2530 incolam
1497 2478 1641 2534 intra
1678 2481 1866 2537 urbem
1899 2500 1990 2539 re—

418 2554 737 2623 liquerunt:
779 2575 889 2615 non
943 2561 1218 2632 Cra-cum,
1260 2583 1371 2623 non
1411 2566 1690 2639 Latinum,
1735 2591 1844 2630 non
1890 2577 1990 2630 Ar-

418 2650 682 2715 menium,
717 2666 825 2706 non
855 2654 1102 2711 Judmum
1132 2674 1147 2725 ;
1192 2660 1382 2715 urbem
1425 2664 1598 2737 ipsam
1627 2666 1741 2723 suis
1775 2668 1989 2726 civibus

415 2740 704 2809 nudatam,
745 2746 901 2813 quasi
951 2750 1230 2805 desertam
1262 2752 1613 2825 ell‘ecerunt;
1648 2757 1767 2828 ipse
1796 2775 1987 2816 eorum

415 2842 569 2887 actus
595 2842 648 2888 et
678 2850 843 2904 opera
879 2842 1116 2909 propriis
1143 2846 1318 2899 oculis
1354 2848 1484 2916 vidi,
1543 2862 1593 2904 et
1626 2866 1751 2906 cum
1793 2854 1991 2924 aliqui-

414 2921 517 2975 bus
552 2928 1019 2985 constantissimis
1048 2933 1184 2988 viris
1215 2951 1319 2989 una
1358 2938 1509 3006 plura
1541 2955 1833 3012 perpessus
1864 2961 1984 3000 sum

414 3016 553 3069 mala
585 3024 636 3071 et
666 3019 912 3086 pericula
940 3038 955 3076 :
991 3022 1114 3080 licet
1144 3027 1211 3082 de
1255 3032 1510 3087 manibus
1541 3050 1728 3090 eorum
1770 3054 1855 3093 me
1879 3039 1989 3095 eri-

411 3108 594 3175 puerit
637 3110 800 3176 Deus,
830 3123 888 3167 ut
911 3112 1104 3171 Ionam
1131 3118 1199 3174 de
1232 3136 1420 3179 ventre
1450 3126 1555 3180 ceti
1582 3168 1596 3182 .

2101 1927 2312 1984 centas,
2338 1934 2503 1974 naves
2536 1934 2757 1989 magnas
2791 1920 3006 1988 viginti,
3035 1921 3369 1990 pedestrium
3396 1934 3449 1976 et
3479 1938 3675 1992 eques-

2101 2010 2265 2063 trium
2320 2011 2658 2065 exercituum
2714 2012 2856 2065 ultra
2902 2023 3120 2067 centum
3169 2013 3387 2068 millia:
3434 2023 3489 2069 et
3520 2015 3598 2071 sic
3641 2030 3671 2069 a

2102 2099 2440 2173 Dyrrhachio
2488 2101 2861 2159 Brundusium
2921 2105 3155 2161 transire
3203 2106 3507 2174 contendit,
3550 2125 3673 2179 qua:

2096 2191 2297 2246 civitas
2329 2191 2434 2246 sita
2465 2202 2550 2247 est
2581 2192 2635 2246 in
2670 2207 2841 2262 regno
2868 2193 3095 2263 Apuliaz.

2167 2282 2511 2353 Quapropter
2557 2285 2843 2357 deprecor,
2875 2301 3045 2342 exoro
3078 2299 3242 2357 atquc
3271 2289 3535 2345 exhortor
3572 2308 3672 2347 vos

2093 2389 2290 2431 omnes
2312 2376 2697 2440 Christicolas,
2732 2386 2792 2433 ut
2822 2379 2939 2433 zelo
2979 2379 3103 2435 ﬁdei
3134 2391 3188 2436 et
3218 2379 3550 2440 Christiana:
3581 2401 3671 2441 rc-

2096 2466 2318 2538 ligionis
2370 2482 2472 2538 pro
2532 2479 2714 2524 vestra
2784 2469 3038 2527 libertate
3097 2473 3276 2543 gladio
3308 2475 3671 2547 accingamini

2091 2568 2279 2613 contra
2337 2567 2445 2614 tam
2501 2560 2653 2617 diros
2702 2560 2890 2618 hostes
2929 2562 3101 2619 divini
3150 2565 3331 2622 cultus
3359 2606 3373 2630 ,
3404 2576 3461 2622 ct
3490 2572 3671 2637 omnis

2090 2651 2486 2717 sanctimoniae,
2529 2661 2585 2709 et
2630 2654 2754 2709 vita:
2805 2655 3079 2711 moralis:
3131 2665 3186 2712 et
3240 2660 3419 2730 primo
3447 2662 3668 2731 quidem

2089 2742 2416 2813 abjicientcs
2451 2738 2672 2801 omnem
2725 2746 3129 2806 dissensionem
3167 2759 3335 2822 atque
3369 2754 3673 2814 aemulatio-

2088 2851 2237 2899 nem.
2281 2838 2623 2895 remittentes
2663 2839 2896 2897 invicem
2928 2843 3202 2910 oll‘ensas,
3247 2845 3390 2901 sicut
3421 2856 3475 2903 et
3503 2847 3670 2904 Chri-

2087 2933 2205 2982 stus
2237 2927 2468 2983 donavit
2503 2932 2783 2997 omnibus,
2814 2949 3004 3003 pacem
3034 2946 3086 2991 et
3110 2938 3371 2993 unionem
3410 2957 3667 2996 sumtuo-

2086 3033 2217 3087 pere
2261 3020 2408 3075 inter
2426 3038 2525 3077 vos
2553 3024 2965 3093 amplectamini
2995 3046 3009 3083 :
3052 3039 3110 3084 ut
3144 3032 3280 3086 uniti
3315 3043 3370 3088 et
3402 3033 3669 3090 fortiores

2094 3110 2221 3165 inde
2298 3110 2498 3179 ell'ecti,
2559 3117 2903 3174 conﬁdentes
2954 3119 3008 3174 in
3060 3123 3336 3193 adiutorio
3388 3125 3672 3182 Altissimi

485 3200 808 3270 Expuguata
862 3206 1341 3281 Constantinopoli
1392 3216 1582 3272 Peram
1616 3236 1722 3275 non
1753 3224 1982 3280 multum

2096 3203 2273 3271 (cujus
2322 3212 2408 3259 est
2442 3205 2675 3263 victoria
2727 3219 2781 3264 et
2849 3211 3053 3267 bellum
3077 3253 3093 3277 ,
3126 3230 3235 3269 non
3266 3218 3669 3291 multitudinis)

415 3291 543 3346 inde
574 3295 869 3353 distantem
900 3315 1244 3372 occuparunt
1276 3324 1290 3361 :
1322 3311 1523 3365 mtenia
1557 3314 1677 3382 ejus
1711 3317 1779 3371 ad
1805 3319 1982 3376 solum

412 3398 586 3453 usque
620 3387 975 3447 deducentes.
1027 3394 1104 3448 Ex
1130 3404 1414 3468 campanis
1436 3406 1799 3463 ecclesiarum
1829 3411 1988 3467 bom-

414 3480 612 3536 Iiardas
665 3483 1091 3541 conflaverant:
1140 3505 1384 3559 crucem,
1420 3512 1540 3564 qua:
1578 3501 1775 3554 eratin
1816 3519 1979 3558 cacu-

414 3569 562 3624 mine
586 3575 754 3628 turris
776 3576 917 3643 ejus,
945 3593 1066 3632 cum
1093 3582 1205 3649 ipsa
1235 3587 1369 3640 turri
1394 3591 1806 3648 contriverunt:
1835 3612 1981 3650 rctn-

421 3662 695 3730 publicam
728 3665 795 3719 ad
826 3669 1055 3725 nihilum
1086 3675 1722 3750 reduxerunt;judicem
1754 3696 1807 3741 et
1839 3691 1989 3756 priu-

422 3753 598 3820 cipem
670 3757 792 3825 ejus
869 3760 1107 3818 Turcum
1187 3778 1651 3841 constituentes;
1715 3753 1987 3852 pedagia,

422 3844 701 3914 quidagia,
753 3850 1135 3920 impositiones
1190 3868 1243 3912 et
1289 3866 1604 3931 gravamina
1654 3844 1767 3925 illic
1816 3844 1990 3944 appli;

422 3937 675 3993 cautibus
729 3942 809 3996 vel
858 3950 1303 4012 pcrmaucntibus
1345 3964 1542 4026 suapte
1580 3937 1864 4021 voluntate
1884 3937 1993 4023 sta-

419 4034 665 4082 luerunt.
1220 4042 1221 4045 “

2092 3293 2270 3363 ipsum
2314 3295 2575 3353 Satanam
2629 3316 2752 3355 cum
2790 3304 3123 3362 satellitibus
3147 3310 3264 3363 suis
3297 3310 3400 3366 sub
3431 3312 3671 3381 pedibus

2089 3388 2285 3441 vestris
2325 3398 2607 3445 conterere
2642 3393 2870 3450 valeatis
2893 3435 2907 3450 .
2951 3397 3100 3453 Licet
3130 3401 3274 3455 enim
3306 3403 3359 3456 in
3400 3407 3668 3461 multitu-

2091 3476 2219 3531 dine
2256 3480 2517 3543 conlldat,
2564 3493 2616 3537 et
2667 3484 2880 3540 feritate
2931 3503 3200 3554 suorum,
3250 3495 3437 3562 plures
3481 3508 3669 3553 tamen

2092 3580 2243 3634 sunt,
2280 3572 2372 3639 qui
2415 3574 2703 3630 uobiscum
2749 3589 2872 3632 suul
2912 3598 2925 3635 :
2957 3582 3064 3636 imo
3109 3584 3374 3643 Dominus
3406 3591 3523 3659 ipse
3560 3592 3671 3645 mi-

2092 3655 2330 3712 litiarum
2357 3699 2374 3725 ,
2421 3677 2517 3730 pro
2553 3665 2711 3733 cujus
2746 3667 2851 3723 llde
2891 3679 2943 3724 et
2978 3674 3246 3744 religione
3273 3655 3561 3747 pugnatis,
3588 3682 3666 3735 ita

2095 3758 2155 3803 ut
2185 3761 2402 3805 rentum
2448 3770 2512 3808 ex
2560 3758 2722 3814 vobis
2776 3765 3027 3833 persequi
3067 3775 3120 3818 et
3156 3783 3420 3839 superare
3446 3751 3674 3829 valeant

2097 3841 2247 3896 mille
2274 3859 2336 3897 ex
2372 3843 2501 3911 illis,
2521 3857 2574 3902 et
2602 3849 2751 3904 mille
2780 3867 2846 3906 ex
2886 3855 3040 3911 Vobis
3060 3858 3247 3914 decem
3282 3863 3476 3917 millia.
3508 3864 3672 3938 lgna-

2094 3933 2179 3988 via
2214 3935 2359 3989 enim
2391 3945 2444 3991 et
2480 3938 2752 4009 imperitia
2786 3945 2910 3998 belli
2944 3948 3023 4004 eis
3059 3950 3273 4041 innata.

2164 4026 2344 4095 Perm;
2380 4043 2522 4084 anno
2554 4031 2759 4089 Christi
2796 4037 2953 4094 H52.
