4022 6196
362 351 2274 393 W
987 383 1365 393 _.__.______
1678 378 2273 393 mg...“

356 655 1553 869 JOANNES
1728 657 3691 919 PLUSIADENUS.

1078 1272 1297 1335 POST
1356 1268 1875 1331 SUSCEPTAM
1929 1268 2531 1332 EPISCOPALEM
2587 1270 2905 1344 CURAM,
2989 1262 2995 1268 ’

445 1524 1286 1759 JOSllPIIIIS
1370 1526 1961 1757 ΜΕΤΗο

2067 1526 2526 1758 llNSlS
2612 1530 3513 1763 EPISCOPUS

1733 2174 2244 2283 NOTI'I'IA

1258 2403 1496 2469 (Fabricii
1527 2403 1764 2456 Biblioth.
1801 2404 1878 2455 6r.
1912 2402 1993 2454 ed.
2020 2402 2219 2463 Harios,
2245 2410 2368 2454 tum.
2403 2402 2485 2464 XI,
2514 2418 2560 2466 p.
2589 2403 2723 2468 558.)

436 2810 675 2864 Joannes
740 2808 1125 2871 Plusiadcntts,
1161 2806 1623 2877 archipresbyter,
1691 2822 1801 2863 non
1837 2809 1929 2871 diu
1967 2817 2007 2873 Α
2111 2809 2383 2869 Hieidem
2424 2810 2719 2882 episcopus
2789 2808 2990 2867 deinde
3040 2809 3433 2878 Methonensis,
3500 2818 3625 2883 post

369 2912 489 2971 post
515 2901 801 2956 concilium
832 2898 1207 2952 Florentinum
1237 2913 1328 2952 an.
1352 2898 1489 2954 1439
1509 2898 1752 2952 habitum
1788 2913 1937 2955 cont-

370 2996 551 3064 pnsuit
583 2994 860 3063 Dialogum
889 2992 952 3046 de
1003 2992 1317 3061 differentiis
1360 2994 1495 3046 inter
1518 2991 1731 3048 Greco:
1759 3001 1811 3047 et
1835 2991 1943 3049 La-

370 3090 507 3143 tinos
525 3098 569 3142 et
606 3104 700 3157 pro
727 3087 951 3141 concilio
978 3084 1311 3141 Florentino.
1332 3085 1412 3141 Ex
1441 3099 1508 3139 eo
1532 3085 1688 3155 plura
1707 3085 1943 3143 Allatius

373 3198 428 3250 p.
457 3181 581 3244 617,
605 3180 708 3235 753
738 3194 853 3248 seq.
881 3177 1020 3232 1106
1043 3192 1161 3247 seq.
1188 3178 1255 3232 de
1284 3192 1559 3233 consensu
1591 3194 1606 3243 ;
1638 3186 1692 3234 et
1719 3179 1788 3234 de
1812 3195 1944 3250 pur-

371 3272 604 3341 gatorio.
642 3286 695 3341 p.
726 3270 817 3333 27,
841 3271 931 3336 78,
954 3278 1063 3329 etc.
1122 3270 1403 3339 lntegrum
1434 3284 1501 3323 ex
1524 3270 1655 3325 bibl.
1714 3270 1946 3327 Ambro-

372 3363 540 3417 siante
564 3363 751 3418 codice
782 3362 953 3418 edidit
978 3361 1167 3416 Graece
1200 3371 1253 3414 et
1274 3358 1468 3414 Latine
1494 3367 1628 3415 tom.
1658 3359 1700 3415 1.
1731 3359 1950 3417 Graecia

376 3457 719 3521 Ortltotloxw,
757 3472 810 3526 p.
846 3454 1105 3511 585-654.
1130 3451 1686 3521 Colloquuntanins
1713 3453 1831 3509 sive
1848 3453 1950 3508 Ca-

375 3551 631 3614 tholicus,
663 3547 879 3603 Manuel
914 3546 1185 3617 Mongus;
1225 3545 1585 3616 thaccndyta,
1638 3544 1903 3616 Bulgarcs
1933 3562 1949 3613 ;

375 3643 703 3711 publicanus,
734 3641 982 3701 Joannes
1013 3641 1389 3702 Damasaenus.
1415 3648 1471 3694 et
1505 3655 1639 3692 unus
1670 3655 1697 3693 ε
1761 3638 1953 3692 duode-

378 3738 477 3791 cim
492 3734 852 3790 sacerdotibus
881 3733 970 3803 qui
1001 3733 1246 3786 unionem
1278 3731 1509 3800 amplexi
1548 3728 1954 3800 fuerantJoan-

380 3841 479 3881 nes
534 3824 923 3888 Plusiadenus,
989 3821 1356 3892 prmsentibus
1418 3822 1663 3875 auditore
1719 3821 1955 3891 Georgio

382 3916 654 3981 Phaliero,
686 3925 813 3971 teste
844 3913 1059 3969 Joanne
1080 3912 1375 3968 Tcurdune
1403 3919 1457 3968 et
1510 3914 1820 3969 dica'ocrita
1849 3912 1957 3968 An-

384 4010 534 4064 tonio
566 4009 843 4081 Sagredo’
861 4007 1059 4075 Incipit
1088 4024 1102 4061 :
1134 4005 1195 4059 '0
1218 4005 1312 4059 τοῦ
1344 4004 1479 4059 Θεοῦ
1506 4005 1669 4073 φόϐος
1690 4006 1955 4076 ἔγκειται.

384 4102 651 4172 (Fuluia)
683 4099 840 4155 Gonf.
872 4098 937 4154 il.
977 4097 1269 4153 Warthon.
1305 4098 1490 4168 suppl.
1524 4102 1591 4153 ad
1612 4098 1775 4154 Cavei
1807 4100 1955 4154 Hist.

385 4196 469 4248 lit.
496 4194 596 4249 SS.
622 4192 753 4248 εστι.
788 4207 844 4262 p.
877 4191 1000 4257 16⁸7,
1026 4191 1093 4245 ad
1128 4206 1262 4245 ann.
1294 4189 1454 4255 1450,
1507 4189 1600 4259 qui
1632 4190 1955 4256 arbitratur,

384 4288 583 4342 Joann.
606 4285 992 4341 Plusiadennm
1017 4283 1293 4339 diversum
1344 4297 1469 4338 esse
1498 4298 1527 4337 a
1550 4282 1787 4353 Josepbo
1855 4282 1961 4338 Me-

387 4380 676 4445 thonensi;
702 4393 863 4434 secus
882 4378 1049 4432 sentit
1066 4375 1266 4433 Oudin.
1292 4376 1347 4432 in
1374 4375 1589 4432 Comm.
1619 4376 1688 4433 de
1708 4377 1805 4436 SS.
1831 4378 1967 4433 eecl.

389 4485 525 4531 tom.
558 4473 647 4537 111,
672 4489 727 4543 p.
757 4471 902 4526 2422
934 4486 1022 4540 sq.
1058 4470 1125 4525 ad
1158 4484 1209 4525 a.
1236 4468 1399 4534 1440,
1424 4486 1452 4524 a
1485 4484 1596 4540 quo
1620 4469 1822 4527 dicitur
1874 4471 1972 4526 Joo

391 4568 597 4636 sephus
655 4563 1028 4620 Methonensis
1093 4560 1683 4632 episcOpns.-—Joan.
1726 4560 1969 4620 Plusiad.

392 4660 557 4730 epist.
596 4657 803 4713 inedita
843 4657 920 4710 De
954 4656 1215 4710 charitate
1244 4696 1259 4722 ,
1301 4654 1478 4710 Paris.
1522 4658 1575 4711 in
1635 4655 1769 4712 bibl.
1820 4655 1972 4727 pubi.

397 4750 523 4807 cod.
585 4749 748 4815 2500,
780 4765 837 4805 n.
900 4748 1085 4805 10.--η
1126 4747 1309 4803 Conon
1347 4749 1568 4805 concilii
1650 4748 1974 4818 Elorentini,

394 4839 575 4899 Oxon.
602 4843 655 4894 in
685 4839 821 4895 bibl.
841 4838 1045 4895 Bodlei.
1066 4839 1192 4895 cod.
1215 4838 1443 4895 Barocc.
1472 4840 1574 4895 145
1602 4857 1617 4903 ς
1647 4838 1874 4895 Taurini
1922 4842 1976 4896 in

396 4934 645 5001 cod.reg.
675 4932 798 4987 cod.
831 4930 934 4986 186
965 4939 1019 4986 et
1050 4930 1107 4986 in
1140 4930 1265 4990 cod.
1320 4931 1451 4987 cod.
1502 4933 1872 5003 synaxarium.
1909 4931 1977 4987 ν.

392 5023 512 5081 Cat.
534 5025 697 5079 codd.
726 5024 822 5080 Gr.
854 5023 1022 5080 Taur.
1046 5040 1101 5096 p.
1132 5025 1259 5080 275.
1292 5040 1418 5096 sqq.
1450 5026 1542 5081 ubi
1562 5043 1732 5082 canon
1756 5042 1805 5081 s.
1828 5029 1981 5098 bym-

394 5134 498 5175 nus
528 5120 582 5172 in
647 5126 898 5172 octavam
975 5116 1248 5189 synodum
1280 5117 1569 5175 Florentiae
1591 5119 1858 5185 habitam,
1880 5119 1979 5181 Gr.

395 5228 520 5266 cum
558 5210 677 5265 Lat.
711 5211 985 5280 versione,
1025 5220 1156 5283 etp.
1216 5210 1344 5279 277,
1406 5227 1530 5285 sqq.
1593 5214 1979 5285 Synaxarium:

397 5323 442 5361 s.
476 5306 659 5361 brevis
684 5305 929 5360 narratio
961 5319 1153 5361 eorum
1183 5320 1305 5373 quae
1353 5304 1409 5361 in
1457 5306 1695 5362 concilio
1751 5306 1981 5362 Floren-

398 5398 514 5451 tino
541 5411 594 5451 a.
618 5395 917 5467 1459gesta
945 5403 1095 5461 sunt,
1123 5397 1359 5465 primum
1387 5397 1705 5466 prodierunt
1732 5398 1785 5452 in
1803 5398 1981 5454 lucem

2045 2912 2359 2972 susceptum
2387 2904 2764 2972 episcopatum
2797 2900 3023 2969 Iosephi
3053 2917 3249 2957 nomen
3273 2902 3379 2957 sibi
3410 2902 3629 2965 ascivit,

2046 3006 2104 3052 ut
2135 3003 2290 3050 notat
2317 2993 2571 3057 Allatius,
2604 3010 2660 3065 p.
2690 2994 2798 3050 9'53
2830 2993 2905 3049 De
2934 3010 3211 3061 consensu,
3233 3001 3287 3049 et
3318 2994 3384 3048 ad
3420 2992 3628 3049 calcem

2047 3088 2177 3145 tomi
2215 3086 2234 3141 I
2284 3085 2505 3143 Gracia:
2540 3086 2864 3142 Orthodoxaz
2893 3125 2909 3153 ,
2951 3095 3188 3143 testatus
3255 3086 3356 3140 sub
3412 3086 3632 3141 nomine

2046 3182 2267 3252 Josephi
2301 3181 2640 3247 Plusiadcui,
2670 3182 2915 3251 episcopi
2948 3180 3350 3240 Methouensis.
3412 3188 3633 3234 exstare

2048 3276 2321 3329 conciones
2349 3271 2536 3327 indies
2586 3271 3085 3337 Quadragesimales
3130 3271 3348 3339 jejunii,
3397 3271 3634 3323 tlialerto

2050 3365 2365 3420 Grmcorum
2433 3363 2710 3418 communi
2772 3357 3143 3430 conscriptas
3186 3369 3240 3414 et
3302 3361 3635 3415 testimoniis

2054 3459 2374 3514 Latinorum
2402 3459 2622 3513 Patrum
2654 3456 2910 3513 refertas.
2943 3454 3122 3523 Hujus
3159 3452 3380 3523 Iosephi
3423 3452 3635 3506 Metho-

2056 3553 2240 3618 nensis
2263 3552 2630 3622 Apologeticus
2650 3566 2744 3619 pro
2779 3549 2979 3621 synodo
3013 3547 3333 3603 Florentina
3372 3545 3629 3599 adversus

2058 3646 2299 3703 Marcum
2324 3645 2627 3716 Ephesium,
2647 3659 2790 3714 smpe
2809 3644 2990 3698 editus
3008 3656 3130 3697 cum
3146 3638 3494 3711 CaryOphylli
3516 3654 3637 3692 vcr-

2057 3743 2207 3797 sione
2245 3741 2310 3795 ad
2336 3740 2539 3795 calcem
2572 3747 2814 3792 actormn
2840 3735 2991 3792 illius
3021 3734 3234 3804 synodi,
3269 3740 3331 3786 ut
3355 3738 3505 3785 tomo
3535 3729 3636 3784 ult.

2057 3833 2190 3887 edit.
2231 3832 2601 3887 Conciliorum
2633 3828 2875 3883 Biniante
2900 3841 2952 3895 p.
2985 3825 3107 3882 667.
3134 3843 3150 3892 ;
3182 3835 3237 3879 et
3268 3821 3468 3875 Lahbei
3502 3830 3634 3873 tom.

2056 3923 2196 3990 XIII,
2229 3940 2284 3994 p.
2311 3923 2416 3979 677
2442 3939 2459 3989 ;
2485 3930 2539 3977 et
2569 3921 2863 3985 Harduini,
2899 3928 3033 3974 tom.
3060 3916 3152 3972 IX.
3192 3934 3246 3986 p.
3288 3914 3413 3971 519.
3444 3913 3640 3980 Incipit

2070 4019 2131 4073 Ὀ
2164 4016 2442 4086 αἰδέσιμος
2474 4012 2629 4078 οὗτος
2661 4016 2821 4084 ἁνήρ.
2847 4012 2979 4082 Pag.
3007 4010 3130 4074 555,
3149 4008 3273 4074 559,
3307 4008 3439 4061 citat
3471 4006 3642 4059 Geor.

2062 4111 2206 4179 gium
2235 4108 2536 4163 Aristinum
2571 4106 2900 4162 historicum
2932 4121 2947 4170 ;
2982 4114 3034 4159 et
3065 4120 3118 4171 p.
3178 4101 3305 4167 558,
3349 4099 3475 4163 559,
3514 4096 3642 4158 565,

2072 4200 2308 4255 Marcum
2336 4197 2651 4265 Ephesium,
2674 4204 2878 4259 narrat,
2899 4210 2928 4249 a
2950 4194 3169 4251 Julinno
3198 4192 3257 4247 S.
3285 4190 3501 4245 Sabimr
3519 4204 3644 4242 car-

2072 4292 2240 4349 dinali
2267 4290 2633 4357 confutatum,
2686 4304 2784 4344 nec
2808 4304 2915 4343 non
2945 4303 3001 4356 p.
3030 4286 3158 4350 578,
3193 4300 3223 4339 a
3252 4284 3417 4338 fratre
3479 4280 3646 4334 Joan-

2074 4401 2161 4443 tte.
2188 4385 2319 4455 Pag.
2350 4382 2455 4439 570
2479 4391 2533 4439 et
2559 4380 2684 4447 575,
2713 4380 2838 4445 582,
2866 4379 2989 4440 599,
3026 4377 3149 4442 594,
3196 4373 3377 4446 arguit
3407 4371 3649 4425 Marcum

2075 4480 2396 4549 argumenta
2419 4490 2519 4531 sua
2560 4481 2752 4531 mutua
2774 4472 3081 4541 sumpsisse
3112 4485 3140 4522 a
3185 4465 3408 4529 Photin,
3443 4460 3655 4520 Pselln.

2074 4568 2343 4635 Phurnio,
2364 4567 2679 4630 Camatero,
2710 4563 3150 4632 Moschampare,
3181 4556 3463 4627 Bulgario.
3491 4551 3653 4605 Nico-7

2078 4660 2164 4715 lao
2198 4657 2584 4723 hiethonense,
2620 4652 2919 4718 Panareto,
2942 4648 3194 4705 Cahasila
3228 4641 3551 4730 et.Pal:lma,
3583 4643 3655 4691 et:

2078 4752 2349 4809 similibus
2405 4748 2799 4806 schismaticis.
2845 4744 3160 4800 Simeonem
3222 4732 3658 4803 Metaphrastem.

2080 4859 2279 4902 novum
2302 4842 2618 4912 theologum
2655 4838 2866 4903 laudat,
2899 4852 2954 4908 p.
2986 4834 3111 4899 576,
3151 4845 3206 4889 et
3233 4826 3449 4885 Tarasii
3478 4824 3657 4881 CPol..

2082 4936 2379 5007 Epistolam
2411 4934 2479 4991 ad
2505 4933 2805 5005 episcopos
2833 4929 3098 4992 Orientis,
3123 4940 3221 4981 nec
3255 4938 3364 4977 non
3424 4920 3651 4974 Anasta-

2081 5031 2149 5087 sii
2173 5029 2397 5086 Sinaiun
2430 5027 2751 5084 Sermonem
2783 5025 2852 5082 de
2876 5023 3038 5080 rectis
3067 5016 3338 5088 dogmatis
3373 5011 3659 5073 veritatis,

2082 5130 2285 5192 ϐιρδς.
2320 5120 2447 5185 585,
2479 5116 2751 5177 Scholarii
2796 5126 2909 5173 tres
2962 5109 3253 5169 Orationes
3304 5117 3404 5175 pro
3446 5100 3667 5155 unione

2083 5214 2463 5273 ecclesiastica
2494 5212 2563 5268 ad
2591 5208 3025 5268 conﬁrmandam
3051 5198 3240 5257 lsidori
3272 5192 3486 5251 [tussiat
3517 5205 3666 5262 pran-

2085 5308 2223 5365 sulis
2251 5306 2605 5371 sententiam,
2637 5314 2693 5360 et
2711 5297 3091 5358 Bessarionem
3119 5307 3174 5362 p.
3220 5290 3347 5345 587.
3367 5286 3475 5342 Sed
3511 5285 3658 5353 Αρος-

2089 5402 2230 5472 logia
2243 5417 2338 5471 pro
2358 5401 2587 5472 quinque
2614 5395 2870 5466 capitibus
2891 5384 3078 5460 synodi
3123 5380 3465 5444 Florentinw,
3480 5390 3669 5447 quam

398 5486 519 5539 -Ρ
523 5488 715 5542 (orent.
750 5488 805 5540 in
834 5486 967 5541 bibl.
996 5487 1315 5543 monasterii
1346 5488 1699 5544 Annuntiata:
1739 5487 2057 5559 Josephi,ﬂ
2090 5492 2383 5564 scripsisse
2448 5490 2721 5559 Josephus
2791 5498 2850 5539 se
2893 5477 3202 5551 proﬁtetur,
3272 5474 3456 5527 lucem
3541 5483 3659 5564 non

400 5580 639 5648 cpiscOpi
675 5578 976 5639 Methnnes,
1000 5578 1260 5648 Apologia
1296 5581 1361 5634 ad
1395 5580 1491 5635 lib.
1530 5580 1694 5635 Marci
1747 5580 1978 5653 Ephesi-

407 5672 502 5737 ui;
532 5667 596 5722 V.
623 5670 916 5726 Montiauc.
958 5670 1112 5724 Diur.
1146 5670 1278 5726 Ital.
1314 5687 1367 5742 p.
1395 5672 1518 5729 565.
1558 5672 1761 5743 (llarl).

2087 5558 2242 5641 vidii.
2277 5583 2527 5655 [Exstare
2556 5558 2739 5634 tamen
2768 5575 2937 5637 illam,
2979 5580 3034 5624 at
3078 5568 3237 5622 falso
3273 5564 3377 5620 sub
3427 5558 3655 5655 nomine

2086 5652 2348 5735 Gcnnadii
2396 5673 2621 5736 editam,
2680 5669 2795 5724 Lat.
2851 5664 3076 5733 Dilingse
3126 5658 3291 5724 1581,
3344 5656 3411 5721 8,
3468 5652 3656 5710 (ἰηιδευ
