4022 6196
326 248 427 313 961
633 308 643 313 _
1244 243 1747 308 DlSCEI’TATlO
1776 244 1925 304 PRO
1963 208 2178 302 (ποκα.
2215 240 2589 302 FLORENT.
3470 236 3579 300 eos

327 364 505 420 Εἰσὶν
544 356 656 417 οὖν
695 360 767 415 τὰ
814 362 1105 443 πρόσωπα
1145 360 1253 449 τῆς
1295 360 1620 426 διαλέξεως
1682 358 1906 426 ταύτης
1933 394 1979 449 Α

999 448 1206 486 ταυτα.

2346 356 2594 411 Personae
2624 353 2784 425 hujus
2811 352 3237 409 Dissertationis.

2064 536 2231 600 Pius,
2260 536 2482 591 Manus!
2506 532 2769 606 longum

2079 629 2455 700 Rhaccndyta,
2481 628 2764 698 Bulgares.

2079 719 2432 783 Publicanus,
2459 718 2696 774 Joannes
2724 719 3098 774 Damascum.

2082 812 2429 878 Dicaeocrita,
2462 812 2720 866 Antonius
2759 810 3053 883 Sagredus.

2080 903 2416 968 Catliolicns,
2448 904 2680 959 Joannes
2711 905 2962 960 sacerdos
2995 905 3373 962 Plusiadeuus.

2079 996 2331 1062 Auditor,
2367 995 2623 1067 Georgius
2659 995 2960 1053 Plialierus.

2084 1088 2281 1154 Testis,
2314 1088 2550 1145 Joannes
2581 1090 2906 1147 Tsurdunss.

2581 1183 2715 1239 Pius
2741 1185 3023 1255 praefatur.

400 546 693 615 Μανουὴλ
719 546 751 599 ὁ
785 547 1084 615 Μουγγὸς,
1109 545 1384 616 Εὑλαὸἠς.

412 640 467 690 Ὀ
498 637 871 706 Βουλγάρης,
909 636 1302 707 Ῥακενδύτης.

414 720 695 794 Ἰωάννης
725 729 759 781 ὁ
786 728 1193 796 Δαμασαίγης,
1223 726 1497 799 Τελώνης.

415 817 728 882 Ἀντώνιος
762 820 796 872 ό
824 818 1143 887 Σαγρέδος,
1181 820 1590 890 Δικαιοκρίτης.

414 910 701 977 Ἰωάννης
728 909 920 978 ἱερεὺς
954 913 986 963 ό
1032 912 1524 980 Πλουσιαδηνὸς,
1580 910 1905 973 Καϐολικός.

407 1001 698 1074 Γεώργιος
728 1004 762 1056 ὁ
785 1002 1102 1069 Φαλίερος,
1152 1003 1481 1073 ’Δκροατής.

405 1090 692 1160 Ἰωάννης
718 1094 751 1145 d
790 1089 1213 1160 Τζουρδούνης,
1242 1093 1492 1162 Μάρτυς.

796 1185 1078 1256 Εὑλαῢὴς
1100 1187 1453 1256 προλογιζὲι.

419 1279 505 1331 Ἐν
564 1279 662 1349 μιᾷ
710 1277 818 1331 τῶν
860 1276 1105 1348 ἡμερῶν,
1160 1277 1467 1349 καθήμενος
1510 1279 1673 1342 αὐτὸς
1734 1284 1792 1331 ἐν
1831 1277 1912 1348 τῷ

2087 1272 2183 1327 His
2214 1274 2410 1330 diebus
2457 1275 2656 1331 sedens
2691 1277 2810 1346 ipse
2844 1276 2899 1331 in
2928 1276 3145 1332 omcina
3187 1279 3335 1335 circa
3380 1293 3584 1335 secun—

340 1367 595 1438 ἐμπορίῳ
617 1367 746 1437 περὶ
786 1366 937 1437 ὥραν
995 1365 1126 1435 μίαν
1181 1367 1275 1418 καὶ
1301 1368 1472 1438 ἥμισυ
1534 1369 1634 1439 τῆς
1676 1369 1909 1440 ἡμέρας,

2035 1364 2140 1419 lam
2193 1375 2246 1420 et
2291 1366 2573 1421 dimidiam
2619 1368 2725 1422 diei
2760 1368 2974 1435 horam,
3002 1369 3354 1439 magistratus
3385 1385 3593 1440 praecoa

252 1449 273 1464 °
341 1457 522 1509 ἀκούω
552 1448 643 1509 τοῦ
680 1457 919 1528 κήρυκος
974 1461 1071 1529 τῆς
1122 1459 1371 1525 ἐξουσίας
1405 1460 1641 1527 βοῶντος
1700 1460 1912 1530 μεγάλῃ

2035 1471 2136 1509 rem
2192 1457 2458 1512 columnae
2520 1457 2768 1514 ecclesiae
2820 1457 3009 1513 Sancti
3063 1458 3265 1522 Marci,
3324 1469 3591 1517 consueto

344 1553 522 1622 φωνῇ,
557 1550 686 1621 περὶ
715 1551 806 1604 τὸν
838 1551 994 1605 κίονα
1045 1551 1281 1615 ἑστῶτος
1333 1552 1434 1621 τῆς
1490 1553 1785 1621 ἐκκλησίας
1816 1551 1911 1605 τοῦ

2035 1548 2225 1603 εοὶιίεοι
2276 1563 2589 1618 praeconum
2646 1550 2788 1614 loco,
2842 1550 3225 1615 inhaerentem,
3278 1560 3332 1607 et
3394 1568 3587 1623 magna

359 1644 546 1711 Ἀγίου
586 1643 840 1712 Μάρκου,
873 1644 932 1697 ἐν
967 1642 1043 1713 τῷ
1068 1644 1286 1714 συνήθει
1325 1644 1528 1714 δηλαδὴ
1553 1645 1645 1697 καὶ⁸
1673 1643 1915 1711 εἰθισμέ-

2035 1652 2151 1693 ιοςθ
2199 1639 2584 1694 inclamantem
2642 1641 2829 1707 audio,
2873 1641 3133 1712 videoque
3182 1642 3593 1698 multitudinem

343 1752 418 1806 νῳ
450 1735 619 1804 τόπῳ,
648 1736 741 1788 καὶ
764 1733 971 1804 πλῆθος
991 1735 1124 1789 λαοῦ
1158 1737 1510 1807 προσδραμὸν
1533 1737 1720 1807 ἤκουε.
1773 1736 1917 1805 Ἐγὼ

2035 1745 2215 1801 nagna
2274 1730 2585 1802 frequentia
2644 1734 3062 1789 circumfusam.
3115 1734 3230 1805 Ego
3298 1735 3589 1806 strepitum:

342 1828 399 1880 δὲ
437 1828 606 1897 μόνην
638 1826 821 1897 φωνὴν
845 1826 1080 1891 ἀκούων,
1139 1829 1377 1897 ἱστάμην
1413 1828 1647 1897 βλέπων.
1691 1828 1919 1899 [1).qu-

2035 1834 2234 1878 Lantum
2262 1824 2515 1889 audiens,
2549 1831 2810 1895 stansque
2836 1827 3387 1889 circumspectabam.
3418 1828 3594 1884 Abso-

345 1917 531 1987 Θείσης
589 1914 681 1969 οὖν
710 1918 811 1985 τῆς
855 1917 1161 1987 κηρύξεως,
1214 1912 1348 1988 ἦ).οἐ
1389 1935 1474 1981 τις
1521 1917 1659 1988 πρὸς
1714 1918 1917 1987 τούμὸν

344 2012 637 2079 ἐμπόριον,
670 2010 728 2061 ἐν
755 2003 799 2077 ᾧ
850 2009 1031 2063 εἰώθει
1064 2011 1269 2075 ἐκεῖνος
1321 2010 1610 2082 καθῆσθαι,
1660 2014 1755 2068 καὶ
1781 2010 1920 2080 λαμ-

345 2104 529 2156 6ἀνειν
558 2102 627 2157 τὰ
653 2103 810 2172 τέλη,
886 2100 1124 2173 τελώνης
1181 2103 1285 2172 γὰρ
1342 2099 1433 2173 ἦν,
1471 2103 1529 2156 ὃν
1586 2104 1820 2174 ἠρόμην,
1853 2105 1919 2157 Τί

347 2195 595 2263 βούλεται
648 2197 681 2265 ἡ
745 2194 904 2264 καινὴ
961 2192 1100 2265 αὕτη
1172 2195 1426 2265 κήρυξις,
1489 2196 1571 2248 ὅτι
1640 2198 1736 2251 καὶ
1778 2197 1917 2267 πλῆ-

345 2287 437 2347 Θος
466 2284 668 2356 ἔστηκε
704 2284 795 2337 τοῦ
852 2283 983 2337 λαοῦ
1013 2286 1116 2337 οὐκ
1141 2283 1320 2353 ὀλίγον
1367 2282 1561 2337 ἀκοῦον
1593 2301 1609 2351 ;
1644 2283 1768 2336 εἰπέ
1798 2300 1917 2353 μοι.

422 2374 716 2444 Tutin-11c.
757 2377 819 2429 Οἱ
846 2377 1054 2431 δώδεκα
1082 2376 1252 2447 ἱερεῖς
1294 2376 1344 2429 οἱ
1387 2375 1485 2448 τὴν
1506 2376 1670 2446 νῆσον
1704 2377 1797 2429 καὶ
1822 2377 1919 2446 τὴν

348 2469 502 2524 πόλιν
539 2472 721 2523 πᾶσαν
744 2469 1088 2541 συγχέοντες,
1124 2470 1219 2523 καὶ
1240 2468 1413 2524 ταῦτα
1438 2470 1704 2525 ποιοῦσιν.

416 2647 568 2704 Eia.
598 2646 665 2701 Τί
685 2647 747 2713 δή
769 2663 785 2713 ;

482 2650 504 2690 ’ν
552 2689 568 2704 .
598 2649 714 2701 Τίδ
769 2663 785 2713 ;

591 2649 755 2793 Αὑτέ
827 2739 1427 2810 Λατινοφρονήσαντες,
1489 2738 1765 2809 βιάζονται
1825 2755 1920 2792 και

346 2834 473 2896 τοὺς
504 2832 701 2897 ἄλλους
755 2831 984 2902 ποιῆσαι
1026 2832 1095 2886 τὰ
1156 2832 1265 2885 τῶν
1314 2830 1564 2887 Λατίνων
1619 2831 1917 2902 φρονῆσαι.

421 3019 570 3074 Εὐλ.
602 3016 773 3070 Τοῦτο
806 3015 856 3068 τί
881 3017 1035 3083 East;
1066 3015 1278 3085 Φράσον
1330 3032 1421 3085 μοι
1448 3016 1636 3087 τάχος.

2020 1916 2134 1971 luto
2166 1915 2382 1983 edicto,
2425 1919 2661 1973 accessit
2712 1917 2933 1988 quidam
2964 1919 3017 1973 in
3069 1919 3342 1976 ofﬁcinam
3390 1936 3591 1981 meam.

2020 2006 2076 2060 in
2100 2022 2206 2077 qua
2233 2007 2369 2063 alias
2402 2007 2494 2062 ille
2517 2007 2742 2072 morari,
2775 2023 2842 2065 ac
2863 2010 3145 2079 vectigalia
3179 2010 3396 2081 exigere
3419 2010 3597 2083 (nam-

2019 2113 2124 2166 que
2171 2105 2292 2152 erat
2339 2097 2700 2168 Publicanus)
2737 2109 3010 2156 sueverat.
3048 2100 3127 2155 Ex
3184 2115 3252 2157 eo
3305 2102 3598 2159 sciscitor:

2019 2187 2231 2243 Novum
2280 2188 2415 2244 illud
2467 2189 2709 2246 edictum
2738 2231 2754 2256 ,
2804 2191 2935 2262 quid
2966 2190 3115 2257 velit,
3181 2206 3306 2247 cum
3344 2192 3599 2263 frequens

2022 2280 2313 2336 multitudo
2344 2281 2411 2336 ad
2439 2282 2772 2339 audiendum
2809 2284 3140 2351 accurrerit,
3180 2284 3348 2341 dicito
3377 2284 3535 2340 mihi.

2094 2370 2438 2426 Publicanus.
2471 2370 2771 2429 Duodecim
2811 2376 3129 2429 sacerdotes
3153 2412 3170 2439 ,
3206 2375 3301 2444 qui
3338 2374 3597 2440 insulam,

2021 2474 2075 2519 et
2105 2464 2295 2521 urbem
2331 2466 2645 2521 universam
2702 2480 2910 2537 susque
2953 2466 3132 2537 deque
3161 2466 3421 2532 habuere,
3452 2466 3602 2523 illius

2020 2570 2187 2610 causa
2217 2566 2366 2610 sunt.

2093 2646 2245 2701 Pius.
2285 2648 2614 2713 Quomodo?

2091 2737 2249 2793 Publ.
2284 2738 2361 2794 Illi
2404 2754 2529 2794 cum
2576 2738 2903 2797 Latinorum
2948 2741 3193 2812 dogmati
3247 2743 3602 2810 adliaeserint,

2022 2839 2225 2901 cogunt
2254 2832 2511 2903 reliquos,
2545 2841 2605 2888 ut
2636 2848 2743 2888 uno
2766 2846 3045 2890 consensu
3077 2848 3201 2889 cum
3238 2832 3448 2889 Latinis
3474 2834 3609 2905 jun-'

2021 2932 2239 2994 gantur.

2094 3015 2250 3069 Pius.
2292 3014 2434 3081 Quid
2471 3014 2524 3070 id
2559 3016 2679 3071 est?
2704 3015 2970 3087 Expedita
3004 3030 3167 3087 quam
3196 3015 3477 3073 ocissime.

725 3066 798 3159 in}
948 3066 1129 3159 ᾆόἓεξό
1230 3066 1425 3176 ήὶήμιέτε
1435 3066 1694 3177 ροιῆἱῐυατέ
1705 3121 1796 3177 ρες
1824 3105 1921 3159 κιιὶ⁸

2097 3108 2257 3164 Publ.
2301 3108 2506 3167 florum
2557 3066 2890 3174 noxamfac
2936 3111 3240 3179 perniciem
3274 3112 3446 3167 nostri
3504 3126 3605 3182 pa—

352 3201 666 3257 διδάσκαλοι
696 3200 1074 3269 ἐννοήσαντες,
1106 3197 1352 3277 ἐδίδαξαν
1392 3197 1487 3252 τοῦ
1515 3196 1758 3275 Χριστοῦ
1789 3197 1927 3269 πρό-

354 3297 516 3360 6ατα,
579 3294 655 3366 μὴ
691 3294 1084 3363 συγκοινωνετν
1127 3293 1333 3359 αὐτοῖς,
1386 3292 1522 3362 μηδὲ
1574 3294 1653 3356 τίς
1707 3294 1805 3356 τὰς
1837 3295 1929 3346 ἐκ·

354 3388 580 3458 κλησίας
609 3376 805 3442 αὐτῶν
836 3385 1205 3457 εἱσέρχεσθαι,
1264 3385 1400 3453 μηδέ
1452 3383 1694 3455 χρῆσθαι
1740 3383 1926 3446 αὐτοῖς

352 3480 415 3535 τὸ
442 3480 700 3546 παράπαν
723 3478 796 3541 ὡς
820 3477 1051 3549 ἱερεῦσι.
1084 3476 1148 3531 Οἳ
1202 3476 1471 3547 μαθόντες
1515 3477 1778 3529 κατεῖπον
1832 3475 1926 3528 αὑ-

352 3572 464 3625 τῶν
491 3573 547 3623 ἐν
574 3572 640 3641 τῇ
675 3569 913 3639 ἐξουσίᾳ,
957 3568 1023 3620 Ἥ
1053 3567 1098 3621 δ’
1126 3566 1343 3632 ἐξουσία
1382 3565 1477 3619 νῦν
1500 3566 1798 3635 διωρίσατο
1826 3565 1926 3618 αὐ-

354 3666 469 3726 τοῖς
501 3662 591 3717 διὰ
626 3663 721 3715 τοῦ
750 3663 997 3732 κήρυκος
1017 3658 1124 3724 ἕως
1154 3658 1379 3731 ἡμερῶν
1406 3657 1551 3711 ὀκτὼ
1578 3657 1927 3727 ἐμφανισθῆ-

357 3772 449 3808 ναι
474 3757 541 3825 τῇ
566 3752 808 3823 ἐξουσίᾳο
840 3753 888 3805 si
921 3750 978 3805 δὲ
1016 3749 1113 3822 μὴ,
1146 3748 1268 3805 κατ’
1298 3748 1481 3803 αὐτῶν
1503 3744 1831 3816 ἁποφήναιτ’
1861 3746 1929 3800 ἂν

357 3851 391 3918 ἡ
432 3845 673 3910 ἐξουσία.
926 3828 927 3831 η

429 3939 574 3993 Εὺλ.
610 3934 766 3997 Τίνες
804 3933 944 3987 είσὶν
972 3932 1155 3999 οὖτοις

433 4027 570 4084 Tel.
630 4012 1013 4098 Μακρδίένης,
1071 4022 1477 4095 Ἀσπρογὲνης,
1547 4022 1643 4075 καὶ
1695 4020 1928 4085 Masta-

362 4120 621 4191 μοὺρδηςο

425 4216 575 4269 Εὐλ.
650 4211 983 4282 Ἐϐουλόμην
1044 4209 1241 4280 μαθεῖν
1319 4209 1374 4261 τί
1425 4206 1572 4262 οὗτοι
1627 4207 1930 4271 ἐδίδασκον,

358 4306 481 4360 ὅθεν
504 4308 539 4377 ἡ
562 4304 779 4369 ἐξουσία
799 4301 921 4356 κατ’
950 4303 1133 4357 αὐτῶν
1161 4303 1437 4373 ἀγορεύει.

437 4488 567 4539 Tel.
639 4484 949 4538 Ἐδίδασκον
1004 4483 1308 4552 ἀπέχεσθαι
1362 4482 1472 4535 τῶν
1514 4480 1937 4552 Λατινοφρόνων

2026 3208 2209 3255 rentes
2243 3211 2299 3254 et
2336 3200 2586 3271 magistri
2631 3200 3179 3269 comprehendentes,
3218 3202 3427 3258 Christi
3473 3216 3605 3259 oves

2029 3285 2402 3351 edocuerunt,
2435 3303 2503 3340 ne
2534 3301 2640 3342 una
2668 3302 2792 3342 cum
2829 3287 2911 3344 eis
2946 3289 3152 3355 vivant,
3180 3304 3362 3360 neque
3410 3292 3466 3347 in
3508 3308 3601 3348 ec-

2027 3378 2225 3433 clesias
2255 3393 2446 3432 eorum
2481 3379 2783 3445 introeant,
2804 3394 2980 3451 neque
3007 3382 3118 3439 illis
3140 3383 3312 3439 veluti
3347 3386 3607 3442 sacerdo-

2028 3471 2175 3527 tibus
2207 3478 2453 3526 utantur.
2492 3469 2588 3526 Rei
2624 3471 2803 3540 gnari,
2827 3472 2884 3527 in
2906 3472 2999 3544 jus
3029 3488 3125 3530 eos
3145 3474 3291 3546 apud
3316 3476 3606 3548 magistra-

2028 3574 2143 3620 tum
2174 3574 2463 3620 vocarunt.
2488 3564 2841 3636 Magistratus
2868 3582 3015 3623 nunc
3039 3567 3149 3624 illis
3172 3583 3275 3640 per
3292 3584 3601 3642 praeconem

2028 3658 2242 3714 dierum
2290 3669 2414 3715 octo
2464 3659 2755 3715 terminum
2810 3661 3170 3731 pmscripsit,
3221 3672 3282 3719 ut
3326 3679 3511 3720 coram
3547 3682 3611 3722 se

2030 3758 2418 3820 compareant;
2460 3752 2543 3807 sin
2585 3752 2768 3812 minus
2801 3753 2856 3809 in
2887 3770 2982 3811 eos
3004 3755 3275 3812 sententia
3302 3756 3561 3815 ferretur.

2103 3896 2259 3985 Pius.
2290 3928 2523 3995 Quinam
2560 3938 2694 3985 sunt
2729 3931 2826 3985 lii?

2102 4019 2264 4074 Psbt.
2298 4019 2689 4091 Longobarbus
2710 4060 2726 4087 ,
2761 4021 3107 4079 Albobarbus
3131 4066 3146 4091 ,
3179 4035 3232 4081 et
3277 4025 3611 4082 Matzamur—

2033 4112 2150 4168 des.

2110 4204 2259 4258 Pius.
2289 4204 2554 4274 Cuperem
2583 4206 2833 4272 equidem
2869 4209 3034 4268 scire.
3072 4225 3329 4280 quaenam
3367 4212 3457 4266 illa
3490 4211 3611 4265 fue-

2037 4297 2167 4361 rint,
2201 4310 2322 4363 quaa
2354 4296 2443 4349 isti
2480 4297 2711 4363 docent;
2741 4298 2812 4353 ob
2838 4315 2961 4369 quau
2983 4304 3153 4356 ctiam
3182 4304 3534 4373 magistratus
3559 4306 3615 4359 in

1972 4402 2018 4458 ι)
2046 4404 2140 4444 eos
2162 4389 2570 4445 animadvertit.

2114 4480 2270 4536 Publ.
2308 4482 2604 4545 Docebant,
2650 4484 2954 4539 cavendum
3000 4486 3155 4542 nobis
3198 4504 3324 4543 esse
3380 4491 3449 4544 ab
3494 4491 3618 4545 istis

361 4576 572 4631 τούτων
620 4574 832 4630 δώδεκα
892 4575 1103 4647 ἱερέων,
1162 4574 1238 4639 ὡς
1292 4574 1393 4645 τὴν
1430 4574 1714 4644 ἡμετέραν
1756 4571 1930 4624 πίστιν

2041 4573 2328 4627 duodecim
2355 4571 2752 4635 sacerdotibus,
2779 4576 2873 4643 qui
2906 4575 3132 4632 Latinos
3161 4578 3466 4644 imitantur,
3495 4590 3615 4634 tan-

360 4670 630 4740 ἀφέντων,
662 4669 755 4722 καὶ
778 4668 1093 4723 ἑνωθέντων
1124 4665 1403 4730 Λατίνοις.

436 4844 581 4901 Eia.
623 4846 699 4899 Οὐ
735 4845 972 4917 δύναμαι
1004 4844 1249 4899 συνιέναι
1298 4842 1407 4898 οὐδ’
1428 4840 1680 4896 ὁπωσοῦν
1709 4838 1819 4892 τῶν
1857 4838 1944 4890 λε-

363 4940 635 5007 γομένων.

440 5025 577 5082 Τελ.
621 5026 737 5079 Οὐκ
778 5020 829 5079 εἴ
855 5024 921 5078 σὺ
953 5026 1018 5078 ἐκ
1050 5026 1150 5097 τῆς
1178 5024 1389 5089 πόλεως
1416 5024 1657 5092 satisne;

436 5121 585 5174 eos.
646 5118 755 5173 Καὶ
786 5118 928 5172 πάνυ
964 5117 1067 5187 μὲν
1117 5116 1232 5172 οὖν.
1277 5119 1369 5173 Ἐν
1424 5116 1602 5188 ταύτῃ
1660 5114 1769 5185 γὰρ
1820 5115 1945 5169 ἀνε-

362 5213 602 5281 τράφην.

446 5309 574 5360 Tel.
612 5305 735 5369 Πῶς
783 5299 879 5359 οὖν
923 5304 1025 5358 οὐκ
1063 5303 1236 5372 ἔγνως
1284 5304 1351 5358 τὰ
1403 5306 1772 5375 πεπραγμένα
1814 5305 1946 5375 δῆλα

365 5400 479 5458 τοῖς
509 5399 683 5452 πᾶσιν
706 5396 834 5452 ὄντα
852 5416 868 5466 ;

440 5491 593 5545 Εὑλ.
634 5491 822 5561 ’ἱερεῖς
849 5490 961 5559 ἐγὼ
995 5492 1096 5543 οὐκ
1137 5490 1312 5558 ἔγνων
1334 5490 1491 5545 ἐᾶσαι
1526 5491 1623 5561 τὴν
1655 5492 1760 5543 τῶν
1782 5493 1946 5564 Γραι-

332 5626 335 5631 .
368 5579 480 5633 κῶν
510 5583 713 5645 πίστιν,
740 5586 836 5637 καὶ
859 5584 1129 5647 Λατίνους
1170 5583 1449 5652 γενέσθαι.
1495 5584 1565 5635 Σὺ
1592 5584 1647 5635 δέ
1706 5600 1794 5652 μοι
1833 5585 1946 5637 Λα-

367 5672 697 5742 τινόφρονας
715 5677 809 5729 καὶ
831 5664 931 5745 τὴν
958 5676 1241 5746 ἡμετέραν
1268 5676 1453 5729 πίστιν
1476 5676 1711 5738 ἀφέντας
1746 5676 1945 5743 λέγεις,

2042 4679 2205 4734 quam
2233 4663 2302 4719 ab
2329 4663 2435 4717 illis
2466 4664 2561 4734 qui
2604 4663 2765 4721 fidem
2800 4675 3045 4722 nostram
3078 4668 3447 4741 deseruerint,
3486 4688 3611 4727 cum

2042 4754 2254 4813 Latinis
2289 4756 2450 4811 uniti.

2115 4850 2272 4905 Pius.
2309 4849 2536 4907 Ponitus
2566 4865 2677 4905 non
2699 4852 2880 4923 capio,
2921 4866 3044 4923 quae
3078 4852 3196 4923 ipse
3226 4853 3388 4910 dicis.

2115 5029 2275 5085 Publ.
2307 5030 2502 5085 Nonne
2539 5045 2607 5086 es
2640 5029 2745 5086 hac
2781 5030 2918 5086 urbe
2954 5031 3062 5087 es?

2121 5123 2281 5178 Pius.
2319 5123 2388 5179 Et
2418 5122 2657 5179 maxime
2687 5123 2930 5193 quidem,
2958 5130 3013 5178 et
3042 5123 3097 5177 in
3134 5123 3252 5193 ipsa
3282 5124 3563 5179 educatus.

2123 5298 2279 5357 Publ.
2308 5300 2595 5367 Quomodo
2639 5302 2827 5371 itaque
2854 5315 2976 5367 quae
3004 5310 3178 5371 gesta,
3228 5312 3618 5373 compertaque

2048 5393 2298 5449 omnibus
2333 5401 2481 5458 sunt,
2514 5393 2778 5463 ignoras?

2119 5485 2268 5539 Pius.
2305 5484 2420 5538 Non
2458 5500 2696 5555 agnosco
2737 5485 2852 5553 ipse
2877 5485 3193 5541 sacerdores
3215 5528 3228 5548 ,
3264 5487 3356 5555 qui
3399 5487 3621 5542 Graaco-

2052 5594 2170 5631 rum
2208 5580 2313 5633 ﬁde
2366 5580 2580 5645 cjurata
2606 5576 2788 5631 Latini
2842 5576 2969 5632 facti
3002 5579 3148 5643 sint;
3181 5586 3237 5633 tu
3282 5594 3445 5649 porro
3479 5580 3617 5635 mihi

2052 5686 2167 5735 eos,
2215 5682 2261 5727 et
2309 5687 2431 5728 cum
2476 5670 2684 5726 Latinis
2714 5673 3033 5735 sentientes,
3065 5673 3391 5743 desertaque
3426 5678 3625 5735 nostra
