  <div class='ocr_page' id='page_1' title='image "/cluster/home/n/w/nwhite01/storage/ocr_20150623/159/hvd.32044073502684/529.png"; bbox 0 0 4022 6196; ppageno 0'>
   <div class='ocr_carea' id='block_1_1' title="bbox 412 238 2009 316">
    <p class='ocr_par' dir='ltr' id='par_1_1' title="bbox 412 242 2009 316">
     <span class='ocr_line' id='line_1_1' title="bbox 412 242 2009 316; baseline -0.009 -1"><span class='ocrx_word' id='word_1_1' title='bbox 412 254 514 316; x_wconf 68' lang='grc'><strong>953</strong></span> <span class='ocrx_word' id='word_1_2' title='bbox 1367 244 1683 309; x_wconf 80' lang='lat' dir='ltr'><strong>JOSEPIII</strong></span> <span class='ocrx_word' id='word_1_3' title='bbox 1726 242 2009 304; x_wconf 77' lang='grc' dir='ltr'><strong>ΜΕΤηοῖ</strong></span> 
     </span>
    </p>
   </div>
   <div class='ocr_carea' id='block_1_2' title="bbox 2120 238 3669 316">
    <p class='ocr_par' dir='ltr' id='par_1_2' title="bbox 2120 238 3669 304">
     <span class='ocr_line' id='line_1_2' title="bbox 2120 238 3669 304; baseline -0.001 -1"><span class='ocrx_word' id='word_1_4' title='bbox 2120 239 2280 303; x_wconf 68' lang='lat' dir='ltr'><strong>.‘iSIS</strong></span> <span class='ocrx_word' id='word_1_5' title='bbox 2326 238 2671 301; x_wconf 73' lang='lat' dir='ltr'><strong>EPISCOPI</strong></span> <span class='ocrx_word' id='word_1_6' title='bbox 2730 238 2735 241; x_wconf 76' lang='grc'>’</span> <span class='ocrx_word' id='word_1_7' title='bbox 3564 238 3669 304; x_wconf 68' lang='grc'><strong>964</strong></span> 
     </span>
    </p>
   </div>
   <div class='ocr_carea' id='block_1_3' title="bbox 415 359 2009 432">
    <p class='ocr_par' dir='ltr' id='par_1_3' title="bbox 415 360 1981 432">
     <span class='ocr_line' id='line_1_3' title="bbox 415 360 1981 432; baseline -0.006 -9"><span class='ocrx_word' id='word_1_8' title='bbox 415 368 521 424; x_wconf 85' lang='lat' dir='ltr'><strong>lide</strong></span> <span class='ocrx_word' id='word_1_9' title='bbox 563 365 774 421; x_wconf 87' lang='lat' dir='ltr'><strong>Latinis</strong></span> <span class='ocrx_word' id='word_1_10' title='bbox 820 367 1003 422; x_wconf 87' lang='lat' dir='ltr'><strong>unitos</strong></span> <span class='ocrx_word' id='word_1_11' title='bbox 1057 379 1177 421; x_wconf 80' lang='lat' dir='ltr'><strong>esse</strong></span> <span class='ocrx_word' id='word_1_12' title='bbox 1214 363 1415 420; x_wconf 81' lang='lat' dir='ltr'><strong>tradis.</strong></span> <span class='ocrx_word' id='word_1_13' title='bbox 1447 362 1561 418; x_wconf 90' lang='lat' dir='ltr'><strong>Hoc</strong></span> <span class='ocrx_word' id='word_1_14' title='bbox 1592 360 1853 432; x_wconf 77' lang='lat' dir='ltr'><strong>quidnam</strong></span> <span class='ocrx_word' id='word_1_15' title='bbox 1896 361 1981 414; x_wconf 88' lang='lat' dir='ltr'><strong>in-</strong></span> 
     </span>
    </p>
   </div>
   <div class='ocr_carea' id='block_1_4' title="bbox 2120 359 3671 432">
    <p class='ocr_par' dir='ltr' id='par_1_4' title="bbox 2120 359 3671 429">
     <span class='ocr_line' id='line_1_4' title="bbox 2120 359 3671 429; baseline 0 -18"><span class='ocrx_word' id='word_1_16' title='bbox 2120 361 2184 412; x_wconf 71' lang='lat' dir='ltr'><strong>;al</strong></span> <span class='ocrx_word' id='word_1_17' title='bbox 2218 359 2520 422; x_wconf 76' lang='grc' dir='ltr'>ἑνωθέντας</span> <span class='ocrx_word' id='word_1_18' title='bbox 2580 361 2851 421; x_wconf 83' lang='grc' dir='ltr'>Λατίνοις.</span> <span class='ocrx_word' id='word_1_19' title='bbox 2886 359 3055 412; x_wconf 75' lang='grc' dir='ltr'>Τοῦτο</span> <span class='ocrx_word' id='word_1_20' title='bbox 3081 360 3132 411; x_wconf 78' lang='grc' dir='ltr'><strong>τί</strong></span> <span class='ocrx_word' id='word_1_21' title='bbox 3180 359 3371 428; x_wconf 67' lang='grc' dir='ltr'>δηλοῦν</span> <span class='ocrx_word' id='word_1_22' title='bbox 3397 360 3671 429; x_wconf 73' lang='grc' dir='ltr'>βούλεται,</span> 
     </span>
    </p>
   </div>
   <div class='ocr_carea' id='block_1_5' title="bbox 382 440 2009 527">
    <p class='ocr_par' dir='ltr' id='par_1_5' title="bbox 382 440 1090 527">
     <span class='ocr_line' id='line_1_5' title="bbox 382 440 1090 527; baseline -0.003 -15"><span class='ocrx_word' id='word_1_23' title='bbox 382 440 397 451; x_wconf 69' lang='grc'><em>’</em></span> <span class='ocrx_word' id='word_1_24' title='bbox 418 471 573 525; x_wconf 86' lang='lat' dir='ltr'><strong>nuat,</strong></span> <span class='ocrx_word' id='word_1_25' title='bbox 605 476 714 515; x_wconf 91' lang='lat' dir='ltr'><strong>non</strong></span> <span class='ocrx_word' id='word_1_26' title='bbox 739 460 878 516; x_wconf 85' lang='lat' dir='ltr'><strong>satis</strong></span> <span class='ocrx_word' id='word_1_27' title='bbox 912 458 1090 527; x_wconf 87' lang='lat' dir='ltr'><strong>capio.</strong></span> 
     </span>
    </p>
   </div>
   <div class='ocr_carea' id='block_1_6' title="bbox 2120 440 2458 527">
    <p class='ocr_par' dir='ltr' id='par_1_6' title="bbox 2120 450 2458 518">
     <span class='ocr_line' id='line_1_6' title="bbox 2120 450 2458 518; baseline 0.018 -18"><span class='ocrx_word' id='word_1_28' title='bbox 2120 452 2155 503; x_wconf 74' lang='lat' dir='ltr'><strong>.u&#39;</strong></span> <span class='ocrx_word' id='word_1_29' title='bbox 2185 450 2458 518; x_wconf 80' lang='grc' dir='ltr'><strong>γινώσκω.</strong></span> 
     </span>
    </p>
   </div>
   <div class='ocr_carea' id='block_1_7' title="bbox 488 542 2009 613">
    <p class='ocr_par' dir='ltr' id='par_1_7' title="bbox 488 544 1995 610">
     <span class='ocr_line' id='line_1_7' title="bbox 488 544 1995 610; baseline -0.004 -6"><span class='ocrx_word' id='word_1_30' title='bbox 488 550 647 604; x_wconf 85' lang='lat' dir='ltr'><strong>Publ.</strong></span> <span class='ocrx_word' id='word_1_31' title='bbox 694 548 940 603; x_wconf 84' lang='lat' dir='ltr'><strong>Narrabo</strong></span> <span class='ocrx_word' id='word_1_32' title='bbox 970 546 1068 601; x_wconf 93' lang='lat' dir='ltr'><strong>tibi</strong></span> <span class='ocrx_word' id='word_1_33' title='bbox 1110 546 1297 601; x_wconf 85' lang='lat' dir='ltr'><strong>omnia</strong></span> <span class='ocrx_word' id='word_1_34' title='bbox 1350 546 1788 601; x_wconf 74' lang='lat' dir='ltr'><strong>accuratissime.</strong></span> <span class='ocrx_word' id='word_1_35' title='bbox 1822 544 1995 610; x_wconf 85' lang='lat' dir='ltr'><strong>Quin-</strong></span> 
     </span>
    </p>
   </div>
   <div class='ocr_carea' id='block_1_8' title="bbox 2120 542 3677 613">
    <p class='ocr_par' dir='ltr' id='par_1_8' title="bbox 2174 542 3677 613">
     <span class='ocr_line' id='line_1_8' title="bbox 2174 542 3677 613; baseline -0.003 -15"><span class='ocrx_word' id='word_1_36' title='bbox 2174 547 2305 601; x_wconf 75' lang='grc' dir='ltr'><strong>Τελ.</strong></span> <span class='ocrx_word' id='word_1_37' title='bbox 2358 542 2500 613; x_wconf 85' lang='grc' dir='ltr'>Ἐγώ</span> <span class='ocrx_word' id='word_1_38' title='bbox 2551 560 2634 596; x_wconf 92' lang='grc' dir='ltr'><strong>σοι</strong></span> <span class='ocrx_word' id='word_1_39' title='bbox 2666 542 2779 612; x_wconf 85' lang='grc' dir='ltr'>ὲρῶ</span> <span class='ocrx_word' id='word_1_40' title='bbox 2829 542 2892 595; x_wconf 84' lang='grc' dir='ltr'><strong>τὺ</strong></span> <span class='ocrx_word' id='word_1_41' title='bbox 2927 544 3035 596; x_wconf 82' lang='grc' dir='ltr'><strong>πᾶν</strong></span> <span class='ocrx_word' id='word_1_42' title='bbox 3102 542 3371 612; x_wconf 77' lang='grc' dir='ltr'>ἀκριϐῶς.</span> <span class='ocrx_word' id='word_1_43' title='bbox 3408 542 3587 596; x_wconf 81' lang='grc' dir='ltr'>Πλείω</span> <span class='ocrx_word' id='word_1_44' title='bbox 3641 544 3677 609; x_wconf 81' lang='grc' dir='ltr'><strong>ἦ</strong></span> 
     </span>
    </p>
   </div>
   <div class='ocr_carea' id='block_1_9' title="bbox 419 632 2009 714">
    <p class='ocr_par' dir='ltr' id='par_1_9' title="bbox 419 636 1998 714">
     <span class='ocr_line' id='line_1_9' title="bbox 419 636 1998 714; baseline -0.004 -15"><span class='ocrx_word' id='word_1_45' title='bbox 419 644 593 714; x_wconf 84' lang='lat' dir='ltr'><strong>genti,</strong></span> <span class='ocrx_word' id='word_1_46' title='bbox 620 650 674 697; x_wconf 91' lang='lat' dir='ltr'><strong>et</strong></span> <span class='ocrx_word' id='word_1_47' title='bbox 705 641 827 710; x_wconf 92' lang='lat' dir='ltr'><strong>plus</strong></span> <span class='ocrx_word' id='word_1_48' title='bbox 859 638 976 694; x_wconf 82' lang='lat' dir='ltr'><strong>fere</strong></span> <span class='ocrx_word' id='word_1_49' title='bbox 1002 638 1132 693; x_wconf 90' lang='lat' dir='ltr'><strong>anni</strong></span> <span class='ocrx_word' id='word_1_50' title='bbox 1160 645 1308 702; x_wconf 84' lang='lat' dir='ltr'><strong>sunt,</strong></span> <span class='ocrx_word' id='word_1_51' title='bbox 1340 652 1466 692; x_wconf 87' lang='lat' dir='ltr'><strong>cum</strong></span> <span class='ocrx_word' id='word_1_52' title='bbox 1503 638 1573 693; x_wconf 84' lang='lat' dir='ltr'><strong>ab</strong></span> <span class='ocrx_word' id='word_1_53' title='bbox 1605 637 1742 708; x_wconf 86' lang='lat' dir='ltr'><strong>ipsis</strong></span> <span class='ocrx_word' id='word_1_54' title='bbox 1786 636 1998 692; x_wconf 89' lang='lat' dir='ltr'><strong>Latinis</strong></span> 
     </span>
    </p>
   </div>
   <div class='ocr_carea' id='block_1_10' title="bbox 2120 632 3677 714">
    <p class='ocr_par' dir='ltr' id='par_1_10' title="bbox 2120 632 3677 709">
     <span class='ocr_line' id='line_1_10' title="bbox 2120 632 3677 709; baseline 0 -18"><span class='ocrx_word' id='word_1_55' title='bbox 2120 639 2434 693; x_wconf 67' lang='grc' dir='ltr'>πεντακόσια</span> <span class='ocrx_word' id='word_1_56' title='bbox 2478 637 2574 708; x_wconf 76' lang='grc' dir='ltr'>ἔτη</span> <span class='ocrx_word' id='word_1_57' title='bbox 2609 638 2797 709; x_wconf 86' lang='grc' dir='ltr'>σχεδόν</span> <span class='ocrx_word' id='word_1_58' title='bbox 2838 640 3000 703; x_wconf 86' lang='grc' dir='ltr'>είσιν,</span> <span class='ocrx_word' id='word_1_59' title='bbox 3053 638 3148 706; x_wconf 82' lang='grc' dir='ltr'><strong>ἀφ’</strong></span> <span class='ocrx_word' id='word_1_60' title='bbox 3179 632 3242 692; x_wconf 73' lang='grc' dir='ltr'><strong>οὗ</strong></span> <span class='ocrx_word' id='word_1_61' title='bbox 3274 638 3457 691; x_wconf 77' lang='grc' dir='ltr'>αὐτῶν</span> <span class='ocrx_word' id='word_1_62' title='bbox 3485 637 3677 709; x_wconf 80' lang='grc' dir='ltr'>ἐχωρί-</span> 
     </span>
    </p>
   </div>
   <div class='ocr_carea' id='block_1_11' title="bbox 349 723 2009 803">
    <p class='ocr_par' dir='ltr' id='par_1_11' title="bbox 349 723 1999 803">
     <span class='ocr_line' id='line_1_11' title="bbox 349 723 1999 803; baseline -0.004 -14"><span class='ocrx_word' id='word_1_63' title='bbox 349 723 355 729; x_wconf 77' lang='grc'><em>’</em></span> <span class='ocrx_word' id='word_1_64' title='bbox 421 732 662 803; x_wconf 80' lang='lat' dir='ltr'><strong>separati</strong></span> <span class='ocrx_word' id='word_1_65' title='bbox 702 732 1013 797; x_wconf 66' lang='lat' dir='ltr'><strong>sumus.gAt</strong></span> <span class='ocrx_word' id='word_1_66' title='bbox 1045 744 1193 785; x_wconf 82' lang='lat' dir='ltr'><strong>nunc</strong></span> <span class='ocrx_word' id='word_1_67' title='bbox 1245 744 1440 789; x_wconf 78' lang='lat' dir='ltr'><strong>recens</strong></span> <span class='ocrx_word' id='word_1_68' title='bbox 1484 729 1727 799; x_wconf 79' lang='lat' dir='ltr'><strong>synodus</strong></span> <span class='ocrx_word' id='word_1_69' title='bbox 1772 728 1827 783; x_wconf 86' lang='lat' dir='ltr'><strong>in</strong></span> <span class='ocrx_word' id='word_1_70' title='bbox 1860 728 1999 782; x_wconf 87' lang='lat' dir='ltr'><strong>urbe</strong></span> 
     </span>
    </p>
   </div>
   <div class='ocr_carea' id='block_1_12' title="bbox 2120 723 3679 803">
    <p class='ocr_par' dir='ltr' id='par_1_12' title="bbox 2120 727 3679 803">
     <span class='ocr_line' id='line_1_12' title="bbox 2120 727 3679 803; baseline 0.001 -22"><span class='ocrx_word' id='word_1_71' title='bbox 2120 730 2311 801; x_wconf 77' lang='grc' dir='ltr'>ςθημεν</span> <span class='ocrx_word' id='word_1_72' title='bbox 2338 730 2449 784; x_wconf 80' lang='grc' dir='ltr'><strong>τῶν</strong></span> <span class='ocrx_word' id='word_1_73' title='bbox 2477 730 2748 786; x_wconf 83' lang='grc' dir='ltr'>Λατίνων.</span> <span class='ocrx_word' id='word_1_74' title='bbox 2770 730 2887 783; x_wconf 80' lang='grc' dir='ltr'><strong>Νῦν</strong></span> <span class='ocrx_word' id='word_1_75' title='bbox 2924 730 2968 784; x_wconf 86' lang='grc' dir='ltr'>δ’</span> <span class='ocrx_word' id='word_1_76' title='bbox 3019 727 3253 803; x_wconf 76' lang='grc' dir='ltr'><strong>ἔναγχος</strong></span> <span class='ocrx_word' id='word_1_77' title='bbox 3314 729 3532 793; x_wconf 81' lang='grc' dir='ltr'>σύνοδος</span> <span class='ocrx_word' id='word_1_78' title='bbox 3582 729 3679 799; x_wconf 79' lang='grc' dir='ltr'>γέ-</span> 
     </span>
    </p>
   </div>
   <div class='ocr_carea' id='block_1_13' title="bbox 424 818 2009 895">
    <p class='ocr_par' dir='ltr' id='par_1_13' title="bbox 424 818 1997 890">
     <span class='ocr_line' id='line_1_13' title="bbox 424 818 1997 890; baseline -0.007 -10"><span class='ocrx_word' id='word_1_79' title='bbox 424 823 739 879; x_wconf 87' lang='lat' dir='ltr'><strong>Florentina</strong></span> <span class='ocrx_word' id='word_1_80' title='bbox 764 828 953 877; x_wconf 87' lang='lat' dir='ltr'><strong>coacta</strong></span> <span class='ocrx_word' id='word_1_81' title='bbox 980 830 1087 885; x_wconf 86' lang='lat' dir='ltr'><strong>cst,</strong></span> <span class='ocrx_word' id='word_1_82' title='bbox 1122 818 1488 890; x_wconf 70' lang='lat' dir='ltr'><strong>praesentibus</strong></span> <span class='ocrx_word' id='word_1_83' title='bbox 1519 818 1729 883; x_wconf 90' lang='lat' dir='ltr'><strong>multis,</strong></span> <span class='ocrx_word' id='word_1_84' title='bbox 1756 830 1860 873; x_wconf 88' lang='lat' dir='ltr'><strong>nec</strong></span> <span class='ocrx_word' id='word_1_85' title='bbox 1891 830 1997 871; x_wconf 86' lang='lat' dir='ltr'><strong>non</strong></span> 
     </span>
    </p>
   </div>
   <div class='ocr_carea' id='block_1_14' title="bbox 2120 818 3679 895">
    <p class='ocr_par' dir='ltr' id='par_1_14' title="bbox 2120 822 3679 895">
     <span class='ocr_line' id='line_1_14' title="bbox 2120 822 3679 895; baseline 0 -20"><span class='ocrx_word' id='word_1_86' title='bbox 2120 839 2261 891; x_wconf 69' lang='grc' dir='ltr'>τονεν</span> <span class='ocrx_word' id='word_1_87' title='bbox 2316 825 2373 876; x_wconf 76' lang='grc' dir='ltr'><strong>έν</strong></span> <span class='ocrx_word' id='word_1_88' title='bbox 2419 823 2736 895; x_wconf 77' lang='grc' dir='ltr'>Φλωρεντίᾳ</span> <span class='ocrx_word' id='word_1_89' title='bbox 2784 826 2851 893; x_wconf 78' lang='grc' dir='ltr'>τῇ</span> <span class='ocrx_word' id='word_1_90' title='bbox 2907 822 3083 887; x_wconf 83' lang='grc' dir='ltr'>πόλει,</span> <span class='ocrx_word' id='word_1_91' title='bbox 3118 824 3403 893; x_wconf 79' lang='grc' dir='ltr'><strong>παρόντων</strong></span> <span class='ocrx_word' id='word_1_92' title='bbox 3439 823 3679 885; x_wconf 82' lang='grc' dir='ltr'>πολλῶν,</span> 
     </span>
    </p>
   </div>
   <div class='ocr_carea' id='block_1_15' title="bbox 423 909 1996 991">
    <p class='ocr_par' dir='ltr' id='par_1_15' title="bbox 423 909 1996 991">
     <span class='ocr_line' id='line_1_15' title="bbox 423 909 1996 991; baseline -0.003 -22"><span class='ocrx_word' id='word_1_93' title='bbox 423 916 779 985; x_wconf 80' lang='lat' dir='ltr'><strong>imperatore,</strong></span> <span class='ocrx_word' id='word_1_94' title='bbox 807 914 1155 991; x_wconf 63' lang='lat' dir='ltr'><strong>patriarcha.</strong></span> <span class='ocrx_word' id='word_1_95' title='bbox 1195 911 1654 981; x_wconf 85' lang='lat' dir='ltr'><strong>archiepiscopis,</strong></span> <span class='ocrx_word' id='word_1_96' title='bbox 1701 909 1996 979; x_wconf 87' lang='lat' dir='ltr'><strong>episcopis,</strong></span> 
     </span>
    </p>
   </div>
   <div class='ocr_carea' id='block_1_16' title="bbox 423 997 2003 1068">
    <p class='ocr_par' dir='ltr' id='par_1_16' title="bbox 423 997 2003 1068">
     <span class='ocr_line' id='line_1_16' title="bbox 423 997 2003 1068; baseline -0.004 -11"><span class='ocrx_word' id='word_1_97' title='bbox 423 1004 738 1068; x_wconf 81' lang='lat' dir='ltr'><strong>abbatibus,</strong></span> <span class='ocrx_word' id='word_1_98' title='bbox 767 1001 1079 1058; x_wconf 82' lang='lat' dir='ltr'><strong>crueii‘eris.</strong></span> <span class='ocrx_word' id='word_1_99' title='bbox 1109 999 1167 1055; x_wconf 87' lang='lat' dir='ltr'><strong>in</strong></span> <span class='ocrx_word' id='word_1_100' title='bbox 1211 1015 1275 1056; x_wconf 91' lang='lat' dir='ltr'><strong>ea</strong></span> <span class='ocrx_word' id='word_1_101' title='bbox 1306 1000 1737 1064; x_wconf 85' lang='lat' dir='ltr'><strong>concordarunt,</strong></span> <span class='ocrx_word' id='word_1_102' title='bbox 1765 997 2003 1053; x_wconf 74' lang='lat' dir='ltr'><strong>aﬂirma-</strong></span> 
     </span>
    </p>
   </div>
   <div class='ocr_carea' id='block_1_17' title="bbox 422 1088 2005 1164">
    <p class='ocr_par' dir='ltr' id='par_1_17' title="bbox 422 1088 2005 1164">
     <span class='ocr_line' id='line_1_17' title="bbox 422 1088 2005 1164; baseline -0.004 -15"><span class='ocrx_word' id='word_1_103' title='bbox 422 1102 661 1164; x_wconf 89' lang='lat' dir='ltr'><strong>runtqne</strong></span> <span class='ocrx_word' id='word_1_104' title='bbox 690 1094 939 1158; x_wconf 91' lang='lat' dir='ltr'><strong>Latinos,</strong></span> <span class='ocrx_word' id='word_1_105' title='bbox 970 1107 1137 1163; x_wconf 87' lang='lat' dir='ltr'><strong>quam</strong></span> <span class='ocrx_word' id='word_1_106' title='bbox 1161 1100 1216 1148; x_wconf 90' lang='lat' dir='ltr'><strong>et</strong></span> <span class='ocrx_word' id='word_1_107' title='bbox 1243 1089 1420 1146; x_wconf 67' lang='lat' dir='ltr'><strong>Graeci</strong></span> <span class='ocrx_word' id='word_1_108' title='bbox 1453 1089 1679 1155; x_wconf 84' lang='lat' dir='ltr'><strong>habent,</strong></span> <span class='ocrx_word' id='word_1_109' title='bbox 1713 1088 1876 1144; x_wconf 82' lang='lat' dir='ltr'><strong>iidem</strong></span> <span class='ocrx_word' id='word_1_110' title='bbox 1908 1088 2005 1143; x_wconf 88' lang='lat' dir='ltr'><strong>ha-</strong></span> 
     </span>
    </p>
   </div>
   <div class='ocr_carea' id='block_1_18' title="bbox 420 1182 2007 1253">
    <p class='ocr_par' dir='ltr' id='par_1_18' title="bbox 420 1182 2007 1253">
     <span class='ocr_line' id='line_1_18' title="bbox 420 1182 2007 1253; baseline -0.004 -11"><span class='ocrx_word' id='word_1_111' title='bbox 420 1190 571 1242; x_wconf 87' lang='lat' dir='ltr'><strong>bere.</strong></span> <span class='ocrx_word' id='word_1_112' title='bbox 620 1184 730 1241; x_wconf 89' lang='lat' dir='ltr'><strong>Nos</strong></span> <span class='ocrx_word' id='word_1_113' title='bbox 770 1201 900 1241; x_wconf 88' lang='lat' dir='ltr'><strong>vero</strong></span> <span class='ocrx_word' id='word_1_114' title='bbox 958 1185 1195 1241; x_wconf 89' lang='lat' dir='ltr'><strong>dicimus</strong></span> <span class='ocrx_word' id='word_1_115' title='bbox 1243 1197 1338 1239; x_wconf 89' lang='lat' dir='ltr'><strong>eos</strong></span> <span class='ocrx_word' id='word_1_116' title='bbox 1410 1196 1591 1252; x_wconf 85' lang='lat' dir='ltr'><strong>neque</strong></span> <span class='ocrx_word' id='word_1_117' title='bbox 1630 1182 1801 1253; x_wconf 80' lang='lat' dir='ltr'><strong>juste,</strong></span> <span class='ocrx_word' id='word_1_118' title='bbox 1832 1196 2007 1252; x_wconf 82' lang='lat' dir='ltr'><strong>neque</strong></span> 
     </span>
    </p>
   </div>
   <div class='ocr_carea' id='block_1_19' title="bbox 421 1274 2007 1347">
    <p class='ocr_par' dir='ltr' id='par_1_19' title="bbox 421 1274 2007 1347">
     <span class='ocr_line' id='line_1_19' title="bbox 421 1274 2007 1347; baseline -0.004 -12"><span class='ocrx_word' id='word_1_119' title='bbox 421 1294 551 1335; x_wconf 84' lang='lat' dir='ltr'><strong>vere</strong></span> <span class='ocrx_word' id='word_1_120' title='bbox 578 1278 777 1347; x_wconf 83' lang='lat' dir='ltr'><strong>egisse.</strong></span> <span class='ocrx_word' id='word_1_121' title='bbox 820 1277 888 1334; x_wconf 82' lang='lat' dir='ltr'><strong>Hi</strong></span> <span class='ocrx_word' id='word_1_122' title='bbox 927 1278 1115 1346; x_wconf 80' lang='lat' dir='ltr'><strong>itaque</strong></span> <span class='ocrx_word' id='word_1_123' title='bbox 1146 1276 1233 1337; x_wconf 80' lang='lat' dir='ltr'><strong>ibi</strong></span> <span class='ocrx_word' id='word_1_124' title='bbox 1261 1284 1417 1346; x_wconf 81' lang='lat' dir='ltr'><strong>gesta</strong></span> <span class='ocrx_word' id='word_1_125' title='bbox 1460 1274 1878 1345; x_wconf 87' lang='lat' dir='ltr'><strong>amplectentes,</strong></span> <span class='ocrx_word' id='word_1_126' title='bbox 1914 1285 2007 1328; x_wconf 83' lang='lat' dir='ltr'><strong>er-</strong></span> 
     </span>
    </p>
   </div>
   <div class='ocr_carea' id='block_1_20' title="bbox 424 1368 1367 1425">
    <p class='ocr_par' dir='ltr' id='par_1_20' title="bbox 424 1368 1367 1425">
     <span class='ocr_line' id='line_1_20' title="bbox 424 1368 1367 1425; baseline -0.004 0"><span class='ocrx_word' id='word_1_127' title='bbox 424 1368 676 1425; x_wconf 67' lang='lat' dir='ltr'><strong>tbodoxaa</strong></span> <span class='ocrx_word' id='word_1_128' title='bbox 705 1369 832 1425; x_wconf 77' lang='lat' dir='ltr'><strong>fidei</strong></span> <span class='ocrx_word' id='word_1_129' title='bbox 872 1369 1183 1425; x_wconf 81' lang='lat' dir='ltr'><strong>desertores</strong></span> <span class='ocrx_word' id='word_1_130' title='bbox 1217 1375 1367 1423; x_wconf 83' lang='lat' dir='ltr'><strong>sunt.</strong></span> 
     </span>
    </p>
   </div>
   <div class='ocr_carea' id='block_1_21' title="bbox 497 1512 2010 1615">
    <p class='ocr_par' dir='ltr' id='par_1_21' title="bbox 497 1512 2010 1615">
     <span class='ocr_line' id='line_1_21' title="bbox 497 1512 2010 1615; baseline -0.002 -17"><span class='ocrx_word' id='word_1_131' title='bbox 497 1543 844 1611; x_wconf 71' lang='lat' dir='ltr'><strong>Pius.§Nunc,</strong></span> <span class='ocrx_word' id='word_1_132' title='bbox 868 1554 925 1598; x_wconf 89' lang='lat' dir='ltr'><strong>ut</strong></span> <span class='ocrx_word' id='word_1_133' title='bbox 945 1552 1188 1615; x_wconf 80' lang='lat' dir='ltr'><strong>apparet,</strong></span> <span class='ocrx_word' id='word_1_134' title='bbox 1206 1558 1274 1599; x_wconf 88' lang='lat' dir='ltr'><strong>ex</strong></span> <span class='ocrx_word' id='word_1_135' title='bbox 1300 1551 1456 1614; x_wconf 81' lang='lat' dir='ltr'><strong>parte</strong></span> <span class='ocrx_word' id='word_1_136' title='bbox 1479 1543 1548 1599; x_wconf 88' lang='lat' dir='ltr'><strong>ad</strong></span> <span class='ocrx_word' id='word_1_137' title='bbox 1564 1544 1831 1599; x_wconf 72' lang='lat' dir='ltr'><strong>dictorum</strong></span> <span class='ocrx_word' id='word_1_138' title='bbox 1852 1543 2010 1598; x_wconf 87' lang='lat' dir='ltr'><strong>intel-</strong></span> 
     </span>
    </p>
   </div>
   <div class='ocr_carea' id='block_1_22' title="bbox 2105 916 3682 988">
    <p class='ocr_par' dir='ltr' id='par_1_22' title="bbox 2105 916 3682 988">
     <span class='ocr_line' id='line_1_22' title="bbox 2105 916 3682 988; baseline 0.001 -19"><span class='ocrx_word' id='word_1_139' title='bbox 2105 917 2202 969; x_wconf 77' lang='grc' dir='ltr'>καὶ</span> <span class='ocrx_word' id='word_1_140' title='bbox 2220 916 2516 987; x_wconf 83' lang='grc' dir='ltr'>βασιλέως,</span> <span class='ocrx_word' id='word_1_141' title='bbox 2547 918 2643 973; x_wconf 81' lang='grc' dir='ltr'>καὶ</span> <span class='ocrx_word' id='word_1_142' title='bbox 2669 917 3034 988; x_wconf 77' lang='grc' dir='ltr'>πατριάρχου,</span> <span class='ocrx_word' id='word_1_143' title='bbox 3054 919 3151 970; x_wconf 80' lang='grc' dir='ltr'>καὶ</span> <span class='ocrx_word' id='word_1_144' title='bbox 3202 919 3682 987; x_wconf 83' lang='grc' dir='ltr'>ἁρχιεπισκόπων,</span> 
     </span>
    </p>
   </div>
   <div class='ocr_carea' id='block_1_23' title="bbox 2106 1006 3682 1081">
    <p class='ocr_par' dir='ltr' id='par_1_23' title="bbox 2106 1006 3682 1081">
     <span class='ocr_line' id='line_1_23' title="bbox 2106 1006 3682 1081; baseline 0.001 -20"><span class='ocrx_word' id='word_1_145' title='bbox 2106 1013 2206 1062; x_wconf 78' lang='grc' dir='ltr'>καὶ</span> <span class='ocrx_word' id='word_1_146' title='bbox 2258 1008 2605 1074; x_wconf 81' lang='grc' dir='ltr'>ἐπισκόπων,</span> <span class='ocrx_word' id='word_1_147' title='bbox 2635 1010 2731 1064; x_wconf 77' lang='grc' dir='ltr'>καὶ</span> <span class='ocrx_word' id='word_1_148' title='bbox 2763 1006 3110 1081; x_wconf 72' lang='grc' dir='ltr'>ἡγουμένων,</span> <span class='ocrx_word' id='word_1_149' title='bbox 3141 1010 3237 1063; x_wconf 68' lang='grc' dir='ltr'><strong>καὶ</strong></span> <span class='ocrx_word' id='word_1_150' title='bbox 3267 1009 3682 1080; x_wconf 65' lang='grc' dir='ltr'>σταυροιξόρων.</span> 
     </span>
    </p>
   </div>
   <div class='ocr_carea' id='block_1_24' title="bbox 2105 1091 3684 1174">
    <p class='ocr_par' dir='ltr' id='par_1_24' title="bbox 2105 1091 3684 1174">
     <span class='ocr_line' id='line_1_24' title="bbox 2105 1091 3684 1174; baseline 0 -22"><span class='ocrx_word' id='word_1_151' title='bbox 2105 1100 2164 1153; x_wconf 76' lang='grc' dir='ltr'>ὲν</span> <span class='ocrx_word' id='word_1_152' title='bbox 2192 1091 2227 1174; x_wconf 67' lang='grc' dir='ltr'><strong>ᾖ</strong></span> <span class='ocrx_word' id='word_1_153' title='bbox 2254 1099 2664 1171; x_wconf 72' lang='grc' dir='ltr'><strong>συνεφώνησαν,</strong></span> <span class='ocrx_word' id='word_1_154' title='bbox 2697 1106 2793 1158; x_wconf 74' lang='grc' dir='ltr'>καὶ</span> <span class='ocrx_word' id='word_1_155' title='bbox 2841 1107 3012 1155; x_wconf 80' lang='grc' dir='ltr'>εὶπον</span> <span class='ocrx_word' id='word_1_156' title='bbox 3063 1107 3147 1157; x_wconf 74' lang='grc' dir='ltr'>ὅτι</span> <span class='ocrx_word' id='word_1_157' title='bbox 3202 1103 3298 1156; x_wconf 74' lang='grc' dir='ltr'>καὶ</span> <span class='ocrx_word' id='word_1_158' title='bbox 3348 1103 3397 1155; x_wconf 76' lang='grc' dir='ltr'><strong>οἱ</strong></span> <span class='ocrx_word' id='word_1_159' title='bbox 3458 1104 3684 1156; x_wconf 69' lang='grc' dir='ltr'>Δατῖνο.</span> 
     </span>
    </p>
   </div>
   <div class='ocr_carea' id='block_1_25' title="bbox 2106 1190 3685 1265">
    <p class='ocr_par' dir='ltr' id='par_1_25' title="bbox 2106 1190 3685 1265">
     <span class='ocr_line' id='line_1_25' title="bbox 2106 1190 3685 1265; baseline 0.001 -21"><span class='ocrx_word' id='word_1_160' title='bbox 2106 1190 2206 1263; x_wconf 79' lang='grc' dir='ltr'>τὴν</span> <span class='ocrx_word' id='word_1_161' title='bbox 2232 1193 2405 1263; x_wconf 81' lang='grc' dir='ltr'>αὐτὴν</span> <span class='ocrx_word' id='word_1_162' title='bbox 2435 1193 2652 1264; x_wconf 77' lang='grc' dir='ltr'>ἔχουσιν</span> <span class='ocrx_word' id='word_1_163' title='bbox 2675 1195 2809 1265; x_wconf 74' lang='grc' dir='ltr'>ἡμῖν</span> <span class='ocrx_word' id='word_1_164' title='bbox 2850 1195 3060 1249; x_wconf 77' lang='grc' dir='ltr'>πίστιν.</span> <span class='ocrx_word' id='word_1_165' title='bbox 3111 1194 3308 1263; x_wconf 81' lang='grc' dir='ltr'><strong>Ἡμεῖς</strong></span> <span class='ocrx_word' id='word_1_166' title='bbox 3325 1193 3382 1247; x_wconf 78' lang='grc' dir='ltr'><strong>δὲ</strong></span> <span class='ocrx_word' id='word_1_167' title='bbox 3444 1194 3685 1262; x_wconf 79' lang='grc' dir='ltr'>λέγομεν</span> 
     </span>
    </p>
   </div>
   <div class='ocr_carea' id='block_1_26' title="bbox 2106 1282 3685 1358">
    <p class='ocr_par' dir='ltr' id='par_1_26' title="bbox 2106 1282 3685 1358">
     <span class='ocr_line' id='line_1_26' title="bbox 2106 1282 3685 1358; baseline 0.001 -22"><span class='ocrx_word' id='word_1_168' title='bbox 2106 1283 2191 1336; x_wconf 80' lang='grc' dir='ltr'>ὅτι</span> <span class='ocrx_word' id='word_1_169' title='bbox 2260 1284 2359 1337; x_wconf 88' lang='grc' dir='ltr'><strong>ούκ</strong></span> <span class='ocrx_word' id='word_1_170' title='bbox 2412 1283 2663 1353; x_wconf 74' lang='grc' dir='ltr'>ἱπραξαν</span> <span class='ocrx_word' id='word_1_171' title='bbox 2716 1285 2922 1353; x_wconf 85' lang='grc' dir='ltr'>δίκαια,</span> <span class='ocrx_word' id='word_1_172' title='bbox 2953 1286 3063 1340; x_wconf 81' lang='grc' dir='ltr'><strong>οὐδ’</strong></span> <span class='ocrx_word' id='word_1_173' title='bbox 3110 1284 3306 1358; x_wconf 68' lang='grc' dir='ltr'>ἀληθῆ.</span> <span class='ocrx_word' id='word_1_174' title='bbox 3365 1283 3527 1340; x_wconf 78' lang='grc' dir='ltr'>Οὗτοι</span> <span class='ocrx_word' id='word_1_175' title='bbox 3590 1282 3685 1339; x_wconf 80' lang='grc' dir='ltr'>οὖν</span> 
     </span>
    </p>
   </div>
   <div class='ocr_carea' id='block_1_27' title="bbox 2111 1374 3685 1449">
    <p class='ocr_par' dir='ltr' id='par_1_27' title="bbox 2111 1374 3685 1449">
     <span class='ocr_line' id='line_1_27' title="bbox 2111 1374 3685 1449; baseline 0.003 -23"><span class='ocrx_word' id='word_1_176' title='bbox 2111 1374 2435 1444; x_wconf 75' lang='grc' dir='ltr'><strong>στέργουσιν</strong></span> <span class='ocrx_word' id='word_1_177' title='bbox 2463 1376 2606 1447; x_wconf 81' lang='grc' dir='ltr'>ειπερ</span> <span class='ocrx_word' id='word_1_178' title='bbox 2632 1378 2753 1430; x_wconf 75' lang='grc' dir='ltr'><strong>ἐκεῖ</strong></span> <span class='ocrx_word' id='word_1_179' title='bbox 2796 1378 3077 1449; x_wconf 72' lang='grc' dir='ltr'>ἐπράχθη,</span> <span class='ocrx_word' id='word_1_180' title='bbox 3122 1378 3219 1432; x_wconf 76' lang='grc' dir='ltr'>καὶ</span> <span class='ocrx_word' id='word_1_181' title='bbox 3269 1378 3560 1447; x_wconf 81' lang='grc' dir='ltr'>γεγόνασιν</span> <span class='ocrx_word' id='word_1_182' title='bbox 3589 1377 3685 1445; x_wconf 69' lang='lat' dir='ltr'><strong>ap-</strong></span> 
     </span>
    </p>
   </div>
   <div class='ocr_carea' id='block_1_28' title="bbox 2110 1466 3087 1539">
    <p class='ocr_par' dir='ltr' id='par_1_28' title="bbox 2110 1466 3087 1539">
     <span class='ocr_line' id='line_1_28' title="bbox 2110 1466 3087 1539; baseline 0.007 -20"><span class='ocrx_word' id='word_1_183' title='bbox 2110 1466 2271 1539; x_wconf 75' lang='grc' dir='ltr'>νηταὶ</span> <span class='ocrx_word' id='word_1_184' title='bbox 2298 1468 2399 1538; x_wconf 83' lang='grc' dir='ltr'>τῆς</span> <span class='ocrx_word' id='word_1_185' title='bbox 2428 1468 2714 1536; x_wconf 79' lang='grc' dir='ltr'>όρθοδόξου</span> <span class='ocrx_word' id='word_1_186' title='bbox 2747 1469 3007 1534; x_wconf 79' lang='grc' dir='ltr'>πίστεως.</span> <span class='ocrx_word' id='word_1_187' title='bbox 3076 1490 3087 1507; x_wconf 62' lang='grc' dir='ltr'><strong>κ</strong></span> 
     </span>
    </p>
   </div>
   <div class='ocr_carea' id='block_1_29' title="bbox 2179 1555 3687 1631">
    <p class='ocr_par' dir='ltr' id='par_1_29' title="bbox 2179 1555 3687 1631">
     <span class='ocr_line' id='line_1_29' title="bbox 2179 1555 3687 1631; baseline 0.003 -20"><span class='ocrx_word' id='word_1_188' title='bbox 2179 1556 2331 1611; x_wconf 77' lang='grc' dir='ltr'><strong>Εὐλ.</strong></span> <span class='ocrx_word' id='word_1_189' title='bbox 2359 1557 2473 1610; x_wconf 84' lang='grc' dir='ltr'><strong>Νῦν</strong></span> <span class='ocrx_word' id='word_1_190' title='bbox 2500 1555 2592 1612; x_wconf 82' lang='grc' dir='ltr'>οὖν</span> <span class='ocrx_word' id='word_1_191' title='bbox 2622 1559 2901 1629; x_wconf 80' lang='grc' dir='ltr'>ἁνάγομαι</span> <span class='ocrx_word' id='word_1_192' title='bbox 2956 1561 3066 1613; x_wconf 80' lang='grc' dir='ltr'><strong>ἀπὸ</strong></span> <span class='ocrx_word' id='word_1_193' title='bbox 3104 1560 3307 1631; x_wconf 82' lang='grc' dir='ltr'><strong>μέρους</strong></span> <span class='ocrx_word' id='word_1_194' title='bbox 3359 1561 3565 1615; x_wconf 75' lang='grc' dir='ltr'>ἐννοεῖν</span> <span class='ocrx_word' id='word_1_195' title='bbox 3616 1563 3687 1615; x_wconf 72' lang='grc' dir='ltr'><strong>τὰ</strong></span> 
     </span>
    </p>
   </div>
   <div class='ocr_carea' id='block_1_30' title="bbox 424 1635 2009 1723">
    <p class='ocr_par' dir='ltr' id='par_1_30' title="bbox 424 1635 2009 1708">
     <span class='ocr_line' id='line_1_30' title="bbox 424 1635 2009 1708; baseline -0.001 -18"><span class='ocrx_word' id='word_1_196' title='bbox 424 1636 708 1708; x_wconf 85' lang='lat' dir='ltr'><strong>ligentiam</strong></span> <span class='ocrx_word' id='word_1_197' title='bbox 749 1635 945 1691; x_wconf 89' lang='lat' dir='ltr'><strong>ducor.</strong></span> <span class='ocrx_word' id='word_1_198' title='bbox 978 1636 1287 1706; x_wconf 82' lang='lat' dir='ltr'><strong>Antequam</strong></span> <span class='ocrx_word' id='word_1_199' title='bbox 1326 1650 1457 1691; x_wconf 88' lang='lat' dir='ltr'><strong>vero</strong></span> <span class='ocrx_word' id='word_1_200' title='bbox 1490 1650 1580 1691; x_wconf 87' lang='lat' dir='ltr'><strong>res</strong></span> <span class='ocrx_word' id='word_1_201' title='bbox 1612 1636 1666 1690; x_wconf 92' lang='lat' dir='ltr'><strong>in</strong></span> <span class='ocrx_word' id='word_1_202' title='bbox 1701 1650 1763 1690; x_wconf 90' lang='lat' dir='ltr'><strong>ea</strong></span> <span class='ocrx_word' id='word_1_203' title='bbox 1800 1636 2009 1705; x_wconf 83' lang='lat' dir='ltr'><strong>synodo</strong></span> 
     </span>
    </p>
   </div>
   <div class='ocr_carea' id='block_1_31' title="bbox 2120 1635 3687 1723">
    <p class='ocr_par' dir='ltr' id='par_1_31' title="bbox 2120 1647 3687 1723">
     <span class='ocr_line' id='line_1_31' title="bbox 2120 1647 3687 1723; baseline 0.004 -23"><span class='ocrx_word' id='word_1_204' title='bbox 2120 1647 2547 1719; x_wconf 64' lang='grc' dir='ltr'><strong>προλελεγμένων</strong></span> <span class='ocrx_word' id='word_1_205' title='bbox 2579 1650 2688 1721; x_wconf 85' lang='grc' dir='ltr'>πρὸ</span> <span class='ocrx_word' id='word_1_206' title='bbox 2716 1650 2774 1703; x_wconf 75' lang='grc' dir='ltr'><strong>δὲ</strong></span> <span class='ocrx_word' id='word_1_207' title='bbox 2802 1650 2897 1703; x_wconf 80' lang='grc' dir='ltr'><strong>τοῦ</strong></span> <span class='ocrx_word' id='word_1_208' title='bbox 2916 1650 3154 1722; x_wconf 74' lang='grc' dir='ltr'>ζητῆσαι</span> <span class='ocrx_word' id='word_1_209' title='bbox 3183 1652 3324 1704; x_wconf 74' lang='grc' dir='ltr'>κατὰ</span> <span class='ocrx_word' id='word_1_210' title='bbox 3353 1651 3542 1723; x_wconf 82' lang='grc' dir='ltr'>μέρος,</span> <span class='ocrx_word' id='word_1_211' title='bbox 3564 1653 3687 1707; x_wconf 85' lang='grc' dir='ltr'>τίνσ</span> 
     </span>
    </p>
   </div>
   <div class='ocr_carea' id='block_1_32' title="bbox 424 1721 2009 1816">
    <p class='ocr_par' dir='ltr' id='par_1_32' title="bbox 424 1726 2000 1799">
     <span class='ocr_line' id='line_1_32' title="bbox 424 1726 2000 1799; baseline -0.002 -16"><span class='ocrx_word' id='word_1_212' title='bbox 424 1738 580 1783; x_wconf 80' lang='lat' dir='ltr'><strong>actas</strong></span> <span class='ocrx_word' id='word_1_213' title='bbox 624 1726 936 1799; x_wconf 74' lang='lat' dir='ltr'><strong>singulatim</strong></span> <span class='ocrx_word' id='word_1_214' title='bbox 985 1729 1321 1798; x_wconf 85' lang='lat' dir='ltr'><strong>perquiram,</strong></span> <span class='ocrx_word' id='word_1_215' title='bbox 1356 1727 1697 1782; x_wconf 85' lang='lat' dir='ltr'><strong>tantumdem</strong></span> <span class='ocrx_word' id='word_1_216' title='bbox 1734 1735 1786 1781; x_wconf 90' lang='lat' dir='ltr'><strong>te</strong></span> <span class='ocrx_word' id='word_1_217' title='bbox 1832 1728 2000 1781; x_wconf 85' lang='lat' dir='ltr'><strong>inter-</strong></span> 
     </span>
    </p>
   </div>
   <div class='ocr_carea' id='block_1_33' title="bbox 2120 1721 3689 1816">
    <p class='ocr_par' dir='ltr' id='par_1_33' title="bbox 2120 1721 3689 1816">
     <span class='ocr_line' id='line_1_33' title="bbox 2120 1721 3689 1816; baseline 0.004 -23"><span class='ocrx_word' id='word_1_218' title='bbox 2120 1741 2216 1793; x_wconf 79' lang='grc' dir='ltr'>ιίσὶ</span> <span class='ocrx_word' id='word_1_219' title='bbox 2257 1741 2328 1796; x_wconf 76' lang='grc' dir='ltr'>τὰ</span> <span class='ocrx_word' id='word_1_220' title='bbox 2376 1742 2436 1795; x_wconf 81' lang='grc' dir='ltr'>ὲν</span> <span class='ocrx_word' id='word_1_221' title='bbox 2487 1742 2626 1814; x_wconf 81' lang='grc' dir='ltr'>αὐτῇ</span> <span class='ocrx_word' id='word_1_222' title='bbox 2684 1721 3074 1815; x_wconf 83' lang='grc' dir='ltr'>πεπραγμένα,</span> <span class='ocrx_word' id='word_1_223' title='bbox 3137 1744 3330 1814; x_wconf 78' lang='grc' dir='ltr'>ἐρωτῶ</span> <span class='ocrx_word' id='word_1_224' title='bbox 3356 1721 3422 1798; x_wconf 82' lang='grc' dir='ltr'>σε</span> <span class='ocrx_word' id='word_1_225' title='bbox 3462 1746 3689 1816; x_wconf 78' lang='grc' dir='ltr'>μικρόν.</span> 
     </span>
    </p>
   </div>
   <div class='ocr_carea' id='block_1_34' title="bbox 427 1817 2003 1889">
    <p class='ocr_par' dir='ltr' id='par_1_34' title="bbox 427 1817 2003 1889">
     <span class='ocr_line' id='line_1_34' title="bbox 427 1817 2003 1889; baseline 0.002 -18"><span class='ocrx_word' id='word_1_226' title='bbox 427 1832 605 1889; x_wconf 85' lang='lat' dir='ltr'><strong>rogo:</strong></span> <span class='ocrx_word' id='word_1_227' title='bbox 654 1817 932 1888; x_wconf 84' lang='lat' dir='ltr'><strong>Synodum</strong></span> <span class='ocrx_word' id='word_1_228' title='bbox 984 1817 1124 1873; x_wconf 87' lang='lat' dir='ltr'><strong>hanc</strong></span> <span class='ocrx_word' id='word_1_229' title='bbox 1163 1818 1295 1875; x_wconf 88' lang='lat' dir='ltr'><strong>hine</strong></span> <span class='ocrx_word' id='word_1_230' title='bbox 1336 1818 1648 1885; x_wconf 83' lang='lat' dir='ltr'><strong>duodecim,</strong></span> <span class='ocrx_word' id='word_1_231' title='bbox 1698 1834 1769 1873; x_wconf 88' lang='lat' dir='ltr'><strong>an</strong></span> <span class='ocrx_word' id='word_1_232' title='bbox 1816 1829 1867 1873; x_wconf 92' lang='lat' dir='ltr'><strong>et</strong></span> <span class='ocrx_word' id='word_1_233' title='bbox 1910 1819 2003 1874; x_wconf 86' lang='lat' dir='ltr'><strong>alii</strong></span> 
     </span>
    </p>
   </div>
   <div class='ocr_carea' id='block_1_35' title="bbox 427 1910 1655 1979">
    <p class='ocr_par' dir='ltr' id='par_1_35' title="bbox 427 1910 1655 1979">
     <span class='ocr_line' id='line_1_35' title="bbox 427 1910 1655 1979; baseline 0.001 -16"><span class='ocrx_word' id='word_1_234' title='bbox 427 1910 580 1964; x_wconf 87' lang='lat' dir='ltr'><strong>hisce</strong></span> <span class='ocrx_word' id='word_1_235' title='bbox 613 1910 784 1964; x_wconf 88' lang='lat' dir='ltr'><strong>multo</strong></span> <span class='ocrx_word' id='word_1_236' title='bbox 814 1910 1224 1979; x_wconf 64' lang='lat' dir='ltr'><strong>praestantiore:</strong></span> <span class='ocrx_word' id='word_1_237' title='bbox 1255 1910 1655 1967; x_wconf 84' lang='lat' dir='ltr'><strong>celebrarunt?</strong></span> 
     </span>
    </p>
   </div>
   <div class='ocr_carea' id='block_1_36' title="bbox 504 2000 2005 2074">
    <p class='ocr_par' dir='ltr' id='par_1_36' title="bbox 504 2000 2005 2074">
     <span class='ocr_line' id='line_1_36' title="bbox 504 2000 2005 2074; baseline 0.002 -19"><span class='ocrx_word' id='word_1_238' title='bbox 504 2000 664 2055; x_wconf 81' lang='lat' dir='ltr'><strong>Publ.</strong></span> <span class='ocrx_word' id='word_1_239' title='bbox 704 2001 798 2057; x_wconf 81' lang='lat' dir='ltr'><strong>llis</strong></span> <span class='ocrx_word' id='word_1_240' title='bbox 832 2003 1005 2058; x_wconf 86' lang='lat' dir='ltr'><strong>multo</strong></span> <span class='ocrx_word' id='word_1_241' title='bbox 1037 2003 1469 2072; x_wconf 72' lang='lat' dir='ltr'><strong>praestantiores,</strong></span> <span class='ocrx_word' id='word_1_242' title='bbox 1518 2003 1612 2072; x_wconf 87' lang='lat' dir='ltr'><strong>qui</strong></span> <span class='ocrx_word' id='word_1_243' title='bbox 1661 2016 1728 2057; x_wconf 89' lang='lat' dir='ltr'><strong>ne</strong></span> <span class='ocrx_word' id='word_1_244' title='bbox 1775 2017 2005 2074; x_wconf 76' lang='lat' dir='ltr'><strong>compa~</strong></span> 
     </span>
    </p>
   </div>
   <div class='ocr_carea' id='block_1_37' title="bbox 431 2094 1298 2163">
    <p class='ocr_par' dir='ltr' id='par_1_37' title="bbox 431 2094 1298 2163">
     <span class='ocr_line' id='line_1_37' title="bbox 431 2094 1298 2163; baseline 0.003 -16"><span class='ocrx_word' id='word_1_245' title='bbox 431 2094 585 2148; x_wconf 87' lang='lat' dir='ltr'><strong>randi</strong></span> <span class='ocrx_word' id='word_1_246' title='bbox 619 2094 842 2163; x_wconf 87' lang='lat' dir='ltr'><strong>quidem</strong></span> <span class='ocrx_word' id='word_1_247' title='bbox 881 2095 947 2147; x_wconf 85' lang='lat' dir='ltr'><strong>ad</strong></span> <span class='ocrx_word' id='word_1_248' title='bbox 989 2095 1113 2149; x_wconf 86' lang='lat' dir='ltr'><strong>illos</strong></span> <span class='ocrx_word' id='word_1_249' title='bbox 1146 2104 1298 2150; x_wconf 85' lang='lat' dir='ltr'><strong>sunt.</strong></span> 
     </span>
    </p>
   </div>
   <div class='ocr_carea' id='block_1_38' title="bbox 506 2183 2005 2258">
    <p class='ocr_par' dir='ltr' id='par_1_38' title="bbox 506 2183 2005 2258">
     <span class='ocr_line' id='line_1_38' title="bbox 506 2183 2005 2258; baseline 0.002 -21"><span class='ocrx_word' id='word_1_250' title='bbox 506 2184 655 2238; x_wconf 83' lang='lat' dir='ltr'><strong>Pius.</strong></span> <span class='ocrx_word' id='word_1_251' title='bbox 695 2183 759 2237; x_wconf 84' lang='lat' dir='ltr'><strong>Et</strong></span> <span class='ocrx_word' id='word_1_252' title='bbox 777 2185 845 2239; x_wconf 89' lang='lat' dir='ltr'><strong>de</strong></span> <span class='ocrx_word' id='word_1_253' title='bbox 875 2183 1031 2239; x_wconf 82' lang='lat' dir='ltr'><strong>hisce</strong></span> <span class='ocrx_word' id='word_1_254' title='bbox 1072 2186 1451 2242; x_wconf 73' lang='lat' dir='ltr'><strong>tantumnodo</strong></span> <span class='ocrx_word' id='word_1_255' title='bbox 1483 2186 1824 2256; x_wconf 85' lang='lat' dir='ltr'><strong>expostulas,</strong></span> <span class='ocrx_word' id='word_1_256' title='bbox 1862 2185 2005 2258; x_wconf 85' lang='lat' dir='ltr'><strong>quod</strong></span> 
     </span>
    </p>
   </div>
   <div class='ocr_carea' id='block_1_39' title="bbox 431 2276 1705 2345">
    <p class='ocr_par' dir='ltr' id='par_1_39' title="bbox 431 2276 1705 2345">
     <span class='ocr_line' id='line_1_39' title="bbox 431 2276 1705 2345; baseline 0.004 -17"><span class='ocrx_word' id='word_1_257' title='bbox 431 2291 490 2328; x_wconf 86' lang='lat' dir='ltr'><strong>se</strong></span> <span class='ocrx_word' id='word_1_258' title='bbox 532 2277 740 2331; x_wconf 82' lang='lat' dir='ltr'><strong>Latinis</strong></span> <span class='ocrx_word' id='word_1_259' title='bbox 767 2276 1129 2345; x_wconf 72' lang='lat' dir='ltr'><strong>subiecerint,</strong></span> <span class='ocrx_word' id='word_1_260' title='bbox 1163 2292 1234 2332; x_wconf 89' lang='lat' dir='ltr'><strong>an</strong></span> <span class='ocrx_word' id='word_1_261' title='bbox 1265 2278 1433 2333; x_wconf 87' lang='lat' dir='ltr'><strong>etiam</strong></span> <span class='ocrx_word' id='word_1_262' title='bbox 1459 2279 1526 2335; x_wconf 90' lang='lat' dir='ltr'><strong>de</strong></span> <span class='ocrx_word' id='word_1_263' title='bbox 1562 2279 1705 2336; x_wconf 78' lang='lat' dir='ltr'><strong>illis?</strong></span> 
     </span>
    </p>
   </div>
   <div class='ocr_carea' id='block_1_40' title="bbox 448 2366 1077 2439">
    <p class='ocr_par' dir='ltr' id='par_1_40' title="bbox 448 2366 1077 2439">
     <span class='ocr_line' id='line_1_40' title="bbox 448 2366 1077 2439; baseline 0.011 -22"><span class='ocrx_word' id='word_1_264' title='bbox 448 2434 454 2439; x_wconf 27' lang='grc' dir='ltr'><strong>η</strong></span> <span class='ocrx_word' id='word_1_265' title='bbox 503 2366 660 2421; x_wconf 78' lang='lat' dir='ltr'><strong>Publ.</strong></span> <span class='ocrx_word' id='word_1_266' title='bbox 689 2367 764 2421; x_wconf 88' lang='lat' dir='ltr'><strong>De</strong></span> <span class='ocrx_word' id='word_1_267' title='bbox 793 2367 1077 2423; x_wconf 84' lang='lat' dir='ltr'><strong>omnibus.</strong></span> 
     </span>
    </p>
   </div>
   <div class='ocr_carea' id='block_1_41' title="bbox 504 2457 2004 2535">
    <p class='ocr_par' dir='ltr' id='par_1_41' title="bbox 504 2457 2004 2535">
     <span class='ocr_line' id='line_1_41' title="bbox 504 2457 2004 2535; baseline 0.006 -25"><span class='ocrx_word' id='word_1_268' title='bbox 504 2457 652 2511; x_wconf 78' lang='lat' dir='ltr'><strong>Pius.</strong></span> <span class='ocrx_word' id='word_1_269' title='bbox 685 2457 800 2513; x_wconf 81' lang='lat' dir='ltr'><strong>Hoc</strong></span> <span class='ocrx_word' id='word_1_270' title='bbox 839 2474 971 2517; x_wconf 83' lang='lat' dir='ltr'><strong>vero</strong></span> <span class='ocrx_word' id='word_1_271' title='bbox 999 2470 1102 2522; x_wconf 83' lang='lat' dir='ltr'><strong>est,</strong></span> <span class='ocrx_word' id='word_1_272' title='bbox 1150 2463 1296 2531; x_wconf 86' lang='lat' dir='ltr'><strong>quod</strong></span> <span class='ocrx_word' id='word_1_273' title='bbox 1328 2463 1384 2518; x_wconf 95' lang='lat' dir='ltr'><strong>in</strong></span> <span class='ocrx_word' id='word_1_274' title='bbox 1423 2463 1694 2535; x_wconf 85' lang='lat' dir='ltr'><strong>principio</strong></span> <span class='ocrx_word' id='word_1_275' title='bbox 1735 2467 2004 2533; x_wconf 82' lang='lat' dir='ltr'><strong>dixeram,</strong></span> 
     </span>
    </p>
   </div>
   <div class='ocr_carea' id='block_1_42' title="bbox 432 2550 1314 2625">
    <p class='ocr_par' dir='ltr' id='par_1_42' title="bbox 432 2550 1314 2625">
     <span class='ocr_line' id='line_1_42' title="bbox 432 2550 1314 2625; baseline 0.011 -22"><span class='ocrx_word' id='word_1_276' title='bbox 432 2566 519 2603; x_wconf 89' lang='lat' dir='ltr'><strong>me</strong></span> <span class='ocrx_word' id='word_1_277' title='bbox 542 2550 685 2605; x_wconf 89' lang='lat' dir='ltr'><strong>dicta</strong></span> <span class='ocrx_word' id='word_1_278' title='bbox 718 2560 810 2605; x_wconf 88' lang='lat' dir='ltr'><strong>tua</strong></span> <span class='ocrx_word' id='word_1_279' title='bbox 844 2568 953 2609; x_wconf 89' lang='lat' dir='ltr'><strong>non</strong></span> <span class='ocrx_word' id='word_1_280' title='bbox 987 2555 1314 2625; x_wconf 78' lang='lat' dir='ltr'><strong>intelligere.</strong></span> 
     </span>
    </p>
   </div>
   <div class='ocr_carea' id='block_1_43' title="bbox 501 2643 1281 2711">
    <p class='ocr_par' dir='ltr' id='par_1_43' title="bbox 501 2643 1281 2711">
     <span class='ocr_line' id='line_1_43' title="bbox 501 2643 1281 2711; baseline 0.01 -14"><span class='ocrx_word' id='word_1_281' title='bbox 501 2643 661 2698; x_wconf 85' lang='lat' dir='ltr'><strong>Plub.</strong></span> <span class='ocrx_word' id='word_1_282' title='bbox 694 2643 940 2711; x_wconf 85' lang='lat' dir='ltr'><strong>Quanam</strong></span> <span class='ocrx_word' id='word_1_283' title='bbox 975 2661 1041 2702; x_wconf 84' lang='lat' dir='ltr'><strong>ex</strong></span> <span class='ocrx_word' id='word_1_284' title='bbox 1069 2650 1281 2705; x_wconf 83' lang='lat' dir='ltr'><strong>causa?</strong></span> 
     </span>
    </p>
   </div>
   <div class='ocr_carea' id='block_1_44' title="bbox 448 2736 2009 2813">
    <p class='ocr_par' dir='ltr' id='par_1_44' title="bbox 448 2736 2009 2813">
     <span class='ocr_line' id='line_1_44' title="bbox 448 2736 2009 2813; baseline 0.009 -23"><span class='ocrx_word' id='word_1_285' title='bbox 448 2804 455 2811; x_wconf 25' lang='grc' dir='ltr'>ν</span> <span class='ocrx_word' id='word_1_286' title='bbox 502 2736 651 2792; x_wconf 87' lang='lat' dir='ltr'><strong>Pius.</strong></span> <span class='ocrx_word' id='word_1_287' title='bbox 685 2738 842 2805; x_wconf 85' lang='lat' dir='ltr'><strong>Quod</strong></span> <span class='ocrx_word' id='word_1_288' title='bbox 876 2754 986 2795; x_wconf 90' lang='lat' dir='ltr'><strong>non</strong></span> <span class='ocrx_word' id='word_1_289' title='bbox 1016 2741 1085 2796; x_wconf 88' lang='lat' dir='ltr'><strong>de</strong></span> <span class='ocrx_word' id='word_1_290' title='bbox 1130 2742 1215 2798; x_wconf 91' lang='lat' dir='ltr'><strong>bis</strong></span> <span class='ocrx_word' id='word_1_291' title='bbox 1258 2742 1549 2800; x_wconf 89' lang='lat' dir='ltr'><strong>duodecim</strong></span> <span class='ocrx_word' id='word_1_292' title='bbox 1578 2746 1793 2813; x_wconf 72' lang='lat' dir='ltr'><strong>solum,</strong></span> <span class='ocrx_word' id='word_1_293' title='bbox 1816 2748 1911 2804; x_wconf 87' lang='lat' dir='ltr'><strong>sed</strong></span> <span class='ocrx_word' id='word_1_294' title='bbox 1943 2749 2009 2803; x_wconf 88' lang='lat' dir='ltr'><strong>de</strong></span> 
     </span>
    </p>
   </div>
   <div class='ocr_carea' id='block_1_45' title="bbox 432 2831 2009 2911">
    <p class='ocr_par' dir='ltr' id='par_1_45' title="bbox 432 2831 2009 2911">
     <span class='ocr_line' id='line_1_45' title="bbox 432 2831 2009 2911; baseline 0.006 -24"><span class='ocrx_word' id='word_1_295' title='bbox 432 2838 545 2887; x_wconf 82' lang='lat' dir='ltr'><strong>tota</strong></span> <span class='ocrx_word' id='word_1_296' title='bbox 578 2831 877 2887; x_wconf 79' lang='lat' dir='ltr'><strong>universali</strong></span> <span class='ocrx_word' id='word_1_297' title='bbox 906 2833 1118 2903; x_wconf 84' lang='lat' dir='ltr'><strong>synodo</strong></span> <span class='ocrx_word' id='word_1_298' title='bbox 1148 2837 1530 2905; x_wconf 86' lang='lat' dir='ltr'><strong>conquereris.</strong></span> <span class='ocrx_word' id='word_1_299' title='bbox 1559 2838 1626 2894; x_wconf 84' lang='lat' dir='ltr'><strong>Et</strong></span> <span class='ocrx_word' id='word_1_300' title='bbox 1660 2841 1915 2911; x_wconf 87' lang='lat' dir='ltr'><strong>quisnam</strong></span> <span class='ocrx_word' id='word_1_301' title='bbox 1950 2858 2009 2897; x_wconf 89' lang='lat' dir='ltr'><strong>es</strong></span> 
     </span>
    </p>
   </div>
   <div class='ocr_carea' id='block_1_46' title="bbox 431 2927 1871 3007">
    <p class='ocr_par' dir='ltr' id='par_1_46' title="bbox 431 2927 1871 3007">
     <span class='ocr_line' id='line_1_46' title="bbox 431 2927 1871 3007; baseline 0.006 -26"><span class='ocrx_word' id='word_1_302' title='bbox 431 2937 496 2981; x_wconf 89' lang='lat' dir='ltr'><strong>tu</strong></span> <span class='ocrx_word' id='word_1_303' title='bbox 519 2939 671 2991; x_wconf 77' lang='lat' dir='ltr'><strong>vero,</strong></span> <span class='ocrx_word' id='word_1_304' title='bbox 703 2927 795 2995; x_wconf 91' lang='lat' dir='ltr'><strong>qui</strong></span> <span class='ocrx_word' id='word_1_305' title='bbox 827 2927 1096 2998; x_wconf 85' lang='lat' dir='ltr'><strong>synodum</strong></span> <span class='ocrx_word' id='word_1_306' title='bbox 1128 2928 1490 3007; x_wconf 89' lang='lat' dir='ltr'><strong>universalem</strong></span> <span class='ocrx_word' id='word_1_307' title='bbox 1516 2931 1871 2989; x_wconf 80' lang='lat' dir='ltr'><strong>criminaris?</strong></span> 
     </span>
    </p>
   </div>
   <div class='ocr_carea' id='block_1_47' title="bbox 504 3016 1482 3083">
    <p class='ocr_par' dir='ltr' id='par_1_47' title="bbox 504 3016 1482 3083">
     <span class='ocr_line' id='line_1_47' title="bbox 504 3016 1482 3083; baseline 0.003 -11"><span class='ocrx_word' id='word_1_308' title='bbox 504 3016 666 3083; x_wconf 68' lang='lat' dir='ltr'><strong>Publ.</strong></span> <span class='ocrx_word' id='word_1_309' title='bbox 700 3018 893 3074; x_wconf 84' lang='lat' dir='ltr'><strong>Patres</strong></span> <span class='ocrx_word' id='word_1_310' title='bbox 921 3019 1028 3074; x_wconf 89' lang='lat' dir='ltr'><strong>mei</strong></span> <span class='ocrx_word' id='word_1_311' title='bbox 1063 3020 1180 3075; x_wconf 68' lang='lat' dir='ltr'><strong>haec</strong></span> <span class='ocrx_word' id='word_1_312' title='bbox 1209 3030 1482 3081; x_wconf 82' lang='lat' dir='ltr'><strong>asserunt.</strong></span> 
     </span>
    </p>
   </div>
   <div class='ocr_carea' id='block_1_48' title="bbox 502 3107 2011 3187">
    <p class='ocr_par' dir='ltr' id='par_1_48' title="bbox 502 3107 2011 3187">
     <span class='ocr_line' id='line_1_48' title="bbox 502 3107 2011 3187; baseline 0.007 -24"><span class='ocrx_word' id='word_1_313' title='bbox 502 3107 657 3165; x_wconf 88' lang='lat' dir='ltr'><strong>Pius.</strong></span> <span class='ocrx_word' id='word_1_314' title='bbox 685 3109 755 3164; x_wconf 81' lang='lat' dir='ltr'><strong>ld-</strong></span> <span class='ocrx_word' id='word_1_315' title='bbox 781 3110 947 3165; x_wconf 88' lang='lat' dir='ltr'><strong>anxie</strong></span> <span class='ocrx_word' id='word_1_316' title='bbox 975 3120 1027 3166; x_wconf 86' lang='lat' dir='ltr'><strong>et</strong></span> <span class='ocrx_word' id='word_1_317' title='bbox 1050 3111 1171 3182; x_wconf 82' lang='lat' dir='ltr'><strong>ipse</strong></span> <span class='ocrx_word' id='word_1_318' title='bbox 1195 3113 1382 3183; x_wconf 88' lang='lat' dir='ltr'><strong>cupio,</strong></span> <span class='ocrx_word' id='word_1_319' title='bbox 1414 3113 1606 3170; x_wconf 82' lang='lat' dir='ltr'><strong>Patres</strong></span> <span class='ocrx_word' id='word_1_320' title='bbox 1636 3114 1759 3171; x_wconf 90' lang='lat' dir='ltr'><strong>illos</strong></span> <span class='ocrx_word' id='word_1_321' title='bbox 1778 3131 2011 3187; x_wconf 81' lang='lat' dir='ltr'><strong>cognos-</strong></span> 
     </span>
    </p>
   </div>
   <div class='ocr_carea' id='block_1_49' title="bbox 430 3200 2013 3277">
    <p class='ocr_par' dir='ltr' id='par_1_49' title="bbox 430 3200 2013 3277">
     <span class='ocr_line' id='line_1_49' title="bbox 430 3200 2013 3277; baseline 0.006 -20"><span class='ocrx_word' id='word_1_322' title='bbox 430 3216 558 3257; x_wconf 87' lang='lat' dir='ltr'><strong>cere</strong></span> <span class='ocrx_word' id='word_1_323' title='bbox 576 3240 593 3266; x_wconf 88' lang='lat'><strong>,</strong></span> <span class='ocrx_word' id='word_1_324' title='bbox 617 3208 672 3258; x_wconf 85' lang='lat' dir='ltr'><strong>et</strong></span> <span class='ocrx_word' id='word_1_325' title='bbox 694 3203 765 3258; x_wconf 86' lang='lat' dir='ltr'><strong>ab</strong></span> <span class='ocrx_word' id='word_1_326' title='bbox 794 3200 903 3259; x_wconf 88' lang='lat' dir='ltr'><strong>illis</strong></span> <span class='ocrx_word' id='word_1_327' title='bbox 933 3202 1169 3272; x_wconf 84' lang='lat' dir='ltr'><strong>instrui,</strong></span> <span class='ocrx_word' id='word_1_328' title='bbox 1201 3205 1552 3277; x_wconf 87' lang='lat' dir='ltr'><strong>edocerique,</strong></span> <span class='ocrx_word' id='word_1_329' title='bbox 1579 3209 1858 3277; x_wconf 84' lang='lat' dir='ltr'><strong>quodnam</strong></span> <span class='ocrx_word' id='word_1_330' title='bbox 1894 3226 2013 3266; x_wconf 85' lang='lat' dir='ltr'><strong>ma-</strong></span> 
     </span>
    </p>
   </div>
   <div class='ocr_carea' id='block_1_50' title="bbox 431 3292 2011 3372">
    <p class='ocr_par' dir='ltr' id='par_1_50' title="bbox 431 3292 2011 3372">
     <span class='ocr_line' id='line_1_50' title="bbox 431 3292 2011 3372; baseline 0.008 -27"><span class='ocrx_word' id='word_1_331' title='bbox 431 3292 516 3361; x_wconf 82' lang='lat' dir='ltr'><strong>gis</strong></span> <span class='ocrx_word' id='word_1_332' title='bbox 564 3293 843 3362; x_wconf 75' lang='lat' dir='ltr'><strong>convenit,</strong></span> <span class='ocrx_word' id='word_1_333' title='bbox 890 3294 1192 3363; x_wconf 69' lang='lat' dir='ltr'><strong>adhaerere,</strong></span> <span class='ocrx_word' id='word_1_334' title='bbox 1239 3299 1721 3372; x_wconf 83' lang='lat' dir='ltr'><strong>appropinquare,</strong></span> <span class='ocrx_word' id='word_1_335' title='bbox 1764 3309 1817 3358; x_wconf 90' lang='lat' dir='ltr'><strong>et</strong></span> <span class='ocrx_word' id='word_1_336' title='bbox 1866 3302 2011 3357; x_wconf 85' lang='lat' dir='ltr'><strong>uniri</strong></span> 
     </span>
    </p>
   </div>
   <div class='ocr_carea' id='block_1_51' title="bbox 431 3383 1459 3452">
    <p class='ocr_par' dir='ltr' id='par_1_51' title="bbox 431 3383 1459 3452">
     <span class='ocr_line' id='line_1_51' title="bbox 431 3383 1459 3452; baseline 0.013 -13"><span class='ocrx_word' id='word_1_337' title='bbox 431 3383 711 3452; x_wconf 70' lang='lat' dir='ltr'><strong>Ecclesiae,</strong></span> <span class='ocrx_word' id='word_1_338' title='bbox 766 3400 835 3441; x_wconf 91' lang='lat' dir='ltr'><strong>an</strong></span> <span class='ocrx_word' id='word_1_339' title='bbox 870 3388 942 3443; x_wconf 89' lang='lat' dir='ltr'><strong>ab</strong></span> <span class='ocrx_word' id='word_1_340' title='bbox 997 3404 1064 3445; x_wconf 87' lang='lat' dir='ltr'><strong>ea</strong></span> <span class='ocrx_word' id='word_1_341' title='bbox 1094 3389 1354 3449; x_wconf 87' lang='lat' dir='ltr'><strong>discindi.</strong></span> <span class='ocrx_word' id='word_1_342' title='bbox 1393 3392 1459 3452; x_wconf 85' lang='lat'><strong>“.&#39;</strong></span> 
     </span>
    </p>
   </div>
   <div class='ocr_carea' id='block_1_52' title="bbox 504 3475 1244 3540">
    <p class='ocr_par' dir='ltr' id='par_1_52' title="bbox 504 3475 1244 3540">
     <span class='ocr_line' id='line_1_52' title="bbox 504 3475 1244 3540; baseline 0.012 -11"><span class='ocrx_word' id='word_1_343' title='bbox 504 3475 667 3534; x_wconf 84' lang='lat' dir='ltr'><strong>Publ.</strong></span> <span class='ocrx_word' id='word_1_344' title='bbox 697 3477 1057 3537; x_wconf 84' lang='lat' dir='ltr'><strong>Adducemus</strong></span> <span class='ocrx_word' id='word_1_345' title='bbox 1089 3496 1244 3540; x_wconf 80' lang='lat' dir='ltr'><strong>sane.</strong></span> 
     </span>
    </p>
   </div>
   <div class='ocr_carea' id='block_1_53' title="bbox 508 3568 2014 3650">
    <p class='ocr_par' dir='ltr' id='par_1_53' title="bbox 508 3568 2014 3650">
     <span class='ocr_line' id='line_1_53' title="bbox 508 3568 2014 3650; baseline 0.011 -29"><span class='ocrx_word' id='word_1_346' title='bbox 508 3568 663 3623; x_wconf 87' lang='lat' dir='ltr'><strong>Pius.</strong></span> <span class='ocrx_word' id='word_1_347' title='bbox 696 3568 1020 3641; x_wconf 73' lang='lat' dir='ltr'><strong>Pergratum</strong></span> <span class='ocrx_word' id='word_1_348' title='bbox 1051 3575 1188 3629; x_wconf 87' lang='lat' dir='ltr'><strong>mihi</strong></span> <span class='ocrx_word' id='word_1_349' title='bbox 1217 3575 1446 3646; x_wconf 73' lang='lat' dir='ltr'><strong>,feeeris,</strong></span> <span class='ocrx_word' id='word_1_350' title='bbox 1474 3578 1522 3634; x_wconf 87' lang='lat' dir='ltr'><strong>si</strong></span> <span class='ocrx_word' id='word_1_351' title='bbox 1556 3579 1739 3650; x_wconf 87' lang='lat' dir='ltr'><strong>ipsum</strong></span> <span class='ocrx_word' id='word_1_352' title='bbox 1771 3579 1883 3637; x_wconf 87' lang='lat' dir='ltr'><strong>huc</strong></span> <span class='ocrx_word' id='word_1_353' title='bbox 1915 3579 2014 3637; x_wconf 84' lang='lat' dir='ltr'><strong>ad-</strong></span> 
     </span>
    </p>
   </div>
   <div class='ocr_carea' id='block_1_54' title="bbox 434 3660 625 3715">
    <p class='ocr_par' dir='ltr' id='par_1_54' title="bbox 434 3660 625 3715">
     <span class='ocr_line' id='line_1_54' title="bbox 434 3660 625 3715; baseline 0 -1"><span class='ocrx_word' id='word_1_354' title='bbox 434 3660 625 3715; x_wconf 86' lang='lat' dir='ltr'><strong>ducas.</strong></span> 
     </span>
    </p>
   </div>
   <div class='ocr_carea' id='block_1_55' title="bbox 506 3753 1419 3828">
    <p class='ocr_par' dir='ltr' id='par_1_55' title="bbox 506 3753 1419 3828">
     <span class='ocr_line' id='line_1_55' title="bbox 506 3753 1419 3828; baseline 0.011 -22"><span class='ocrx_word' id='word_1_355' title='bbox 506 3753 670 3809; x_wconf 86' lang='lat' dir='ltr'><strong>Publ.</strong></span> <span class='ocrx_word' id='word_1_356' title='bbox 709 3753 989 3814; x_wconf 79' lang='lat' dir='ltr'><strong>Adducam</strong></span> <span class='ocrx_word' id='word_1_357' title='bbox 1026 3756 1205 3828; x_wconf 88' lang='lat' dir='ltr'><strong>ipsum</strong></span> <span class='ocrx_word' id='word_1_358' title='bbox 1237 3772 1419 3816; x_wconf 85' lang='lat' dir='ltr'><strong>mane.</strong></span> 
     </span>
    </p>
   </div>
   <div class='ocr_carea' id='block_1_56' title="bbox 504 3846 2013 3927">
    <p class='ocr_par' dir='ltr' id='par_1_56' title="bbox 504 3846 2013 3927">
     <span class='ocr_line' id='line_1_56' title="bbox 504 3846 2013 3927; baseline 0.011 -27"><span class='ocrx_word' id='word_1_359' title='bbox 504 3846 751 3902; x_wconf 82' lang='lat' dir='ltr'><strong>Auditor.</strong></span> <span class='ocrx_word' id='word_1_360' title='bbox 772 3846 1027 3905; x_wconf 86' lang='lat' dir='ltr'><strong>Fecimus</strong></span> <span class='ocrx_word' id='word_1_361' title='bbox 1054 3849 1107 3906; x_wconf 91' lang='lat' dir='ltr'><strong>id</strong></span> <span class='ocrx_word' id='word_1_362' title='bbox 1136 3851 1282 3921; x_wconf 87' lang='lat' dir='ltr'><strong>quod</strong></span> <span class='ocrx_word' id='word_1_363' title='bbox 1305 3853 1474 3908; x_wconf 86' lang='lat' dir='ltr'><strong>semel</strong></span> <span class='ocrx_word' id='word_1_364' title='bbox 1503 3855 1833 3927; x_wconf 89' lang='lat' dir='ltr'><strong>recepimus.</strong></span> <span class='ocrx_word' id='word_1_365' title='bbox 1855 3858 2013 3917; x_wconf 84' lang='lat' dir='ltr'><strong>Mane</strong></span> 
     </span>
    </p>
   </div>
   <div class='ocr_carea' id='block_1_57' title="bbox 434 3939 2013 4009">
    <p class='ocr_par' dir='ltr' id='par_1_57' title="bbox 434 3939 2013 4009">
     <span class='ocr_line' id='line_1_57' title="bbox 434 3939 2013 4009; baseline 0.009 -19"><span class='ocrx_word' id='word_1_366' title='bbox 434 3939 789 3994; x_wconf 88' lang='lat' dir='ltr'><strong>convenimus</strong></span> <span class='ocrx_word' id='word_1_367' title='bbox 825 3940 879 3995; x_wconf 90' lang='lat' dir='ltr'><strong>in</strong></span> <span class='ocrx_word' id='word_1_368' title='bbox 923 3939 1232 4009; x_wconf 76' lang='lat' dir='ltr'><strong>omcinam,</strong></span> <span class='ocrx_word' id='word_1_369' title='bbox 1272 3952 1326 3999; x_wconf 89' lang='lat' dir='ltr'><strong>et</strong></span> <span class='ocrx_word' id='word_1_370' title='bbox 1369 3943 1623 4002; x_wconf 84' lang='lat' dir='ltr'><strong>sedentes</strong></span> <span class='ocrx_word' id='word_1_371' title='bbox 1653 3945 2013 4005; x_wconf 85' lang='lat' dir='ltr'><strong>Publicanum</strong></span> 
     </span>
    </p>
   </div>
   <div class='ocr_carea' id='block_1_58' title="bbox 432 4032 2017 4109">
    <p class='ocr_par' dir='ltr' id='par_1_58' title="bbox 432 4032 2017 4109">
     <span class='ocr_line' id='line_1_58' title="bbox 432 4032 2017 4109; baseline 0.011 -26"><span class='ocrx_word' id='word_1_372' title='bbox 432 4034 903 4101; x_wconf 86' lang='lat' dir='ltr'><strong>exspectabamus,</strong></span> <span class='ocrx_word' id='word_1_373' title='bbox 958 4043 1017 4090; x_wconf 89' lang='lat' dir='ltr'><strong>ut</strong></span> <span class='ocrx_word' id='word_1_374' title='bbox 1040 4048 1166 4090; x_wconf 89' lang='lat' dir='ltr'><strong>cum</strong></span> <span class='ocrx_word' id='word_1_375' title='bbox 1203 4032 1386 4102; x_wconf 87' lang='lat' dir='ltr'><strong>Patre,</strong></span> <span class='ocrx_word' id='word_1_376' title='bbox 1424 4038 1502 4093; x_wconf 90' lang='lat' dir='ltr'><strong>uti</strong></span> <span class='ocrx_word' id='word_1_377' title='bbox 1530 4042 1882 4109; x_wconf 89' lang='lat' dir='ltr'><strong>promiserat,</strong></span> <span class='ocrx_word' id='word_1_378' title='bbox 1916 4038 2017 4100; x_wconf 82' lang='lat' dir='ltr'><strong>ad-</strong></span> 
     </span>
    </p>
   </div>
   <div class='ocr_carea' id='block_1_59' title="bbox 435 4119 2013 4189">
    <p class='ocr_par' dir='ltr' id='par_1_59' title="bbox 435 4119 2013 4189">
     <span class='ocr_line' id='line_1_59' title="bbox 435 4119 2013 4189; baseline 0.013 -19"><span class='ocrx_word' id='word_1_379' title='bbox 435 4119 666 4173; x_wconf 83' lang='lat' dir='ltr'><strong>veniret.</strong></span> <span class='ocrx_word' id='word_1_380' title='bbox 706 4120 772 4173; x_wconf 84' lang='lat' dir='ltr'><strong>Et</strong></span> <span class='ocrx_word' id='word_1_381' title='bbox 801 4122 948 4177; x_wconf 90' lang='lat' dir='ltr'><strong>circa</strong></span> <span class='ocrx_word' id='word_1_382' title='bbox 997 4123 1106 4180; x_wconf 91' lang='lat' dir='ltr'><strong>diei</strong></span> <span class='ocrx_word' id='word_1_383' title='bbox 1159 4124 1349 4180; x_wconf 89' lang='lat' dir='ltr'><strong>horam</strong></span> <span class='ocrx_word' id='word_1_384' title='bbox 1401 4130 1700 4185; x_wconf 89' lang='lat' dir='ltr'><strong>secundam</strong></span> <span class='ocrx_word' id='word_1_385' title='bbox 1743 4148 1850 4188; x_wconf 91' lang='lat' dir='ltr'><strong>una</strong></span> <span class='ocrx_word' id='word_1_386' title='bbox 1889 4149 2013 4189; x_wconf 88' lang='lat' dir='ltr'><strong>cum</strong></span> 
     </span>
    </p>
   </div>
   <div class='ocr_carea' id='block_1_60' title="bbox 432 4209 2013 4295">
    <p class='ocr_par' dir='ltr' id='par_1_60' title="bbox 432 4209 2013 4295">
     <span class='ocr_line' id='line_1_60' title="bbox 432 4209 2013 4295; baseline 0.013 -34"><span class='ocrx_word' id='word_1_387' title='bbox 432 4223 497 4262; x_wconf 90' lang='lat' dir='ltr'><strong>eu</strong></span> <span class='ocrx_word' id='word_1_388' title='bbox 538 4209 749 4266; x_wconf 84' lang='lat' dir='ltr'><strong>accedit</strong></span> <span class='ocrx_word' id='word_1_389' title='bbox 781 4209 1134 4283; x_wconf 78' lang='lat' dir='ltr'><strong>Rhacendyta</strong></span> <span class='ocrx_word' id='word_1_390' title='bbox 1188 4215 1410 4286; x_wconf 82' lang='lat' dir='ltr'><strong>quidam</strong></span> <span class='ocrx_word' id='word_1_391' title='bbox 1442 4257 1459 4285; x_wconf 92' lang='lat'><strong>,</strong></span> <span class='ocrx_word' id='word_1_392' title='bbox 1502 4219 1709 4292; x_wconf 77' lang='lat' dir='ltr'><strong>ingenti</strong></span> <span class='ocrx_word' id='word_1_393' title='bbox 1762 4238 2013 4295; x_wconf 86' lang='lat' dir='ltr'><strong>corpore,</strong></span> 
     </span>
    </p>
   </div>
   <div class='ocr_carea' id='block_1_61' title="bbox 435 4300 2013 4383">
    <p class='ocr_par' dir='ltr' id='par_1_61' title="bbox 435 4300 2013 4383">
     <span class='ocr_line' id='line_1_61' title="bbox 435 4300 2013 4383; baseline 0.012 -31"><span class='ocrx_word' id='word_1_394' title='bbox 435 4311 666 4356; x_wconf 83' lang='lat' dir='ltr'><strong>venusta</strong></span> <span class='ocrx_word' id='word_1_395' title='bbox 709 4300 869 4369; x_wconf 80' lang='lat' dir='ltr'><strong>facie,</strong></span> <span class='ocrx_word' id='word_1_396' title='bbox 901 4318 966 4359; x_wconf 89' lang='lat' dir='ltr'><strong>ac</strong></span> <span class='ocrx_word' id='word_1_397' title='bbox 1013 4303 1239 4371; x_wconf 89' lang='lat' dir='ltr'><strong>decora,</strong></span> <span class='ocrx_word' id='word_1_398' title='bbox 1272 4308 1367 4363; x_wconf 91' lang='lat' dir='ltr'><strong>sed</strong></span> <span class='ocrx_word' id='word_1_399' title='bbox 1402 4324 1508 4365; x_wconf 92' lang='lat' dir='ltr'><strong>non</strong></span> <span class='ocrx_word' id='word_1_400' title='bbox 1556 4313 1785 4383; x_wconf 77' lang='lat' dir='ltr'><strong>integris</strong></span> <span class='ocrx_word' id='word_1_401' title='bbox 1819 4316 2013 4371; x_wconf 91' lang='lat' dir='ltr'><strong>oculis.</strong></span> 
     </span>
    </p>
   </div>
   <div class='ocr_carea' id='block_1_62' title="bbox 2106 1835 3689 1912">
    <p class='ocr_par' dir='ltr' id='par_1_62' title="bbox 2106 1835 3689 1912">
     <span class='ocr_line' id='line_1_62' title="bbox 2106 1835 3689 1912; baseline 0.004 -25"><span class='ocrx_word' id='word_1_402' title='bbox 2106 1835 2331 1907; x_wconf 79' lang='grc' dir='ltr'><strong>Ταύτην</strong></span> <span class='ocrx_word' id='word_1_403' title='bbox 2375 1838 2479 1911; x_wconf 78' lang='grc' dir='ltr'>τὴν</span> <span class='ocrx_word' id='word_1_404' title='bbox 2538 1840 2759 1893; x_wconf 85' lang='grc' dir='ltr'>σύνοδον</span> <span class='ocrx_word' id='word_1_405' title='bbox 2793 1841 2843 1894; x_wconf 79' lang='lat' dir='ltr'><strong>oi</strong></span> <span class='ocrx_word' id='word_1_406' title='bbox 2902 1840 3113 1894; x_wconf 81' lang='grc' dir='ltr'>δώδεκα</span> <span class='ocrx_word' id='word_1_407' title='bbox 3151 1840 3417 1912; x_wconf 77' lang='grc' dir='ltr'>ἔπραξαν,</span> <span class='ocrx_word' id='word_1_408' title='bbox 3470 1841 3504 1911; x_wconf 84' lang='grc' dir='ltr'>ἦ</span> <span class='ocrx_word' id='word_1_409' title='bbox 3535 1841 3689 1894; x_wconf 80' lang='grc' dir='ltr'>ἄλλοι</span> 
     </span>
    </p>
   </div>
   <div class='ocr_carea' id='block_1_63' title="bbox 2105 1928 2791 1997">
    <p class='ocr_par' dir='ltr' id='par_1_63' title="bbox 2105 1928 2791 1997">
     <span class='ocr_line' id='line_1_63' title="bbox 2105 1928 2791 1997; baseline 0.012 -19"><span class='ocrx_word' id='word_1_410' title='bbox 2105 1928 2250 1990; x_wconf 75' lang='grc' dir='ltr'>τινὲς</span> <span class='ocrx_word' id='word_1_411' title='bbox 2300 1928 2551 1997; x_wconf 77' lang='grc' dir='ltr'>μείζονες</span> <span class='ocrx_word' id='word_1_412' title='bbox 2579 1931 2791 1986; x_wconf 84' lang='grc' dir='ltr'>τούτων</span> 
     </span>
    </p>
   </div>
   <div class='ocr_carea' id='block_1_64' title="bbox 2182 2019 3230 2093">
    <p class='ocr_par' dir='ltr' id='par_1_64' title="bbox 2182 2019 3230 2093">
     <span class='ocr_line' id='line_1_64' title="bbox 2182 2019 3230 2093; baseline 0.005 -21"><span class='ocrx_word' id='word_1_413' title='bbox 2182 2022 2317 2074; x_wconf 56' lang='lat' dir='ltr'><strong>Tel.</strong></span> <span class='ocrx_word' id='word_1_414' title='bbox 2342 2019 2611 2085; x_wconf 79' lang='grc' dir='ltr'>Μείζονες</span> <span class='ocrx_word' id='word_1_415' title='bbox 2643 2021 2823 2076; x_wconf 79' lang='grc' dir='ltr'>αὐτῶν</span> <span class='ocrx_word' id='word_1_416' title='bbox 2849 2023 3230 2093; x_wconf 84' lang='grc' dir='ltr'>ἀσυγκρίτως.</span> 
     </span>
    </p>
   </div>
   <div class='ocr_carea' id='block_1_65' title="bbox 2181 2197 3687 2274">
    <p class='ocr_par' dir='ltr' id='par_1_65' title="bbox 2181 2197 3687 2274">
     <span class='ocr_line' id='line_1_65' title="bbox 2181 2197 3687 2274; baseline 0.005 -23"><span class='ocrx_word' id='word_1_417' title='bbox 2181 2197 2328 2253; x_wconf 66' lang='grc' dir='ltr'>Ιτῖὺλ.</span> <span class='ocrx_word' id='word_1_418' title='bbox 2362 2200 2475 2253; x_wconf 71' lang='grc' dir='ltr'>Καὶ</span> <span class='ocrx_word' id='word_1_419' title='bbox 2515 2201 2728 2266; x_wconf 82' lang='grc' dir='ltr'><strong>τούτοις</strong></span> <span class='ocrx_word' id='word_1_420' title='bbox 2764 2203 2947 2272; x_wconf 82' lang='grc' dir='ltr'>μόνοις</span> <span class='ocrx_word' id='word_1_421' title='bbox 2999 2202 3253 2270; x_wconf 78' lang='grc' dir='ltr'><strong>ἐγκαλεῖς</strong></span> <span class='ocrx_word' id='word_1_422' title='bbox 3277 2203 3352 2266; x_wconf 78' lang='grc' dir='ltr'><strong>ὡς</strong></span> <span class='ocrx_word' id='word_1_423' title='bbox 3384 2204 3687 2274; x_wconf 78' lang='grc' dir='ltr'>ὑποταγένο</span> 
     </span>
    </p>
   </div>
   <div class='ocr_carea' id='block_1_66' title="bbox 2109 2291 2848 2364">
    <p class='ocr_par' dir='ltr' id='par_1_66' title="bbox 2109 2291 2848 2364">
     <span class='ocr_line' id='line_1_66' title="bbox 2109 2291 2848 2364; baseline 0.009 -22"><span class='ocrx_word' id='word_1_424' title='bbox 2109 2304 2206 2356; x_wconf 79' lang='grc' dir='ltr'><strong>τας</strong></span> <span class='ocrx_word' id='word_1_425' title='bbox 2237 2291 2443 2358; x_wconf 78' lang='grc' dir='ltr'>αὐτοῖς,</span> <span class='ocrx_word' id='word_1_426' title='bbox 2478 2293 2510 2364; x_wconf 81' lang='grc' dir='ltr'>ἢ</span> <span class='ocrx_word' id='word_1_427' title='bbox 2538 2295 2848 2362; x_wconf 80' lang='grc' dir='ltr'>κάκείνοις;</span> 
     </span>
    </p>
   </div>
   <div class='ocr_carea' id='block_1_67' title="bbox 2184 2380 3044 2452">
    <p class='ocr_par' dir='ltr' id='par_1_67' title="bbox 2184 2380 3044 2452">
     <span class='ocr_line' id='line_1_67' title="bbox 2184 2380 3044 2452; baseline 0.003 -14"><span class='ocrx_word' id='word_1_428' title='bbox 2184 2385 2316 2440; x_wconf 70' lang='grc' dir='ltr'><strong>Τελ.</strong></span> <span class='ocrx_word' id='word_1_429' title='bbox 2348 2384 2459 2438; x_wconf 76' lang='grc' dir='ltr'><strong>Καὶ</strong></span> <span class='ocrx_word' id='word_1_430' title='bbox 2476 2380 2712 2450; x_wconf 81' lang='grc' dir='ltr'><strong>τούτοις,</strong></span> <span class='ocrx_word' id='word_1_431' title='bbox 2753 2386 3044 2452; x_wconf 74' lang='grc' dir='ltr'>κάκείνοις.</span> 
     </span>
    </p>
   </div>
   <div class='ocr_carea' id='block_1_68' title="bbox 2182 2474 3690 2555">
    <p class='ocr_par' dir='ltr' id='par_1_68' title="bbox 2182 2474 3690 2555">
     <span class='ocr_line' id='line_1_68' title="bbox 2182 2474 3690 2555; baseline 0.007 -28"><span class='ocrx_word' id='word_1_432' title='bbox 2182 2474 2333 2531; x_wconf 77' lang='grc' dir='ltr'><strong>Εὑλ.</strong></span> <span class='ocrx_word' id='word_1_433' title='bbox 2365 2476 2540 2533; x_wconf 75' lang='grc' dir='ltr'>Τοῦτό</span> <span class='ocrx_word' id='word_1_434' title='bbox 2575 2478 2750 2546; x_wconf 73' lang='grc' dir='ltr'>ἐστιν,</span> <span class='ocrx_word' id='word_1_435' title='bbox 2778 2481 2918 2550; x_wconf 84' lang='grc' dir='ltr'>ὅπερ</span> <span class='ocrx_word' id='word_1_436' title='bbox 2952 2481 3140 2549; x_wconf 77' lang='grc' dir='ltr'>ἔλεγον</span> <span class='ocrx_word' id='word_1_437' title='bbox 3169 2484 3476 2555; x_wconf 83' lang='grc' dir='ltr'>καταρχὰς,</span> <span class='ocrx_word' id='word_1_438' title='bbox 3508 2485 3593 2538; x_wconf 82' lang='grc' dir='ltr'>ὅτι</span> <span class='ocrx_word' id='word_1_439' title='bbox 3625 2488 3690 2538; x_wconf 83' lang='grc' dir='ltr'><strong>ού</strong></span> 
     </span>
    </p>
   </div>
   <div class='ocr_carea' id='block_1_69' title="bbox 2109 2567 3123 2645">
    <p class='ocr_par' dir='ltr' id='par_1_69' title="bbox 2109 2567 3123 2645">
     <span class='ocr_line' id='line_1_69' title="bbox 2109 2567 3123 2645; baseline 0.011 -26"><span class='ocrx_word' id='word_1_440' title='bbox 2109 2567 2346 2636; x_wconf 78' lang='grc' dir='ltr'>δύναμαι</span> <span class='ocrx_word' id='word_1_441' title='bbox 2377 2570 2601 2637; x_wconf 87' lang='grc' dir='ltr'>γνῶναι,</span> <span class='ocrx_word' id='word_1_442' title='bbox 2628 2571 2771 2642; x_wconf 74' lang='grc' dir='ltr'>ἅπερ</span> <span class='ocrx_word' id='word_1_443' title='bbox 2798 2590 2889 2642; x_wconf 87' lang='grc' dir='ltr'><strong>μοι</strong></span> <span class='ocrx_word' id='word_1_444' title='bbox 2922 2574 3123 2645; x_wconf 82' lang='grc' dir='ltr'>λέγεις.</span> 
     </span>
    </p>
   </div>
   <div class='ocr_carea' id='block_1_70' title="bbox 2130 2664 2671 2734">
    <p class='ocr_par' dir='ltr' id='par_1_70' title="bbox 2130 2664 2671 2734">
     <span class='ocr_line' id='line_1_70' title="bbox 2130 2664 2671 2734; baseline 0.011 -21"><span class='ocrx_word' id='word_1_445' title='bbox 2130 2682 2143 2695; x_wconf 68' lang='grc' dir='ltr'><strong><em>ί</em></strong></span> <span class='ocrx_word' id='word_1_446' title='bbox 2187 2664 2313 2715; x_wconf 75' lang='grc' dir='ltr'><strong>Τελ.</strong></span> <span class='ocrx_word' id='word_1_447' title='bbox 2340 2664 2438 2717; x_wconf 81' lang='grc' dir='ltr'><strong>Διὰ</strong></span> <span class='ocrx_word' id='word_1_448' title='bbox 2470 2664 2523 2717; x_wconf 88' lang='grc' dir='ltr'><strong>τί</strong></span> <span class='ocrx_word' id='word_1_449' title='bbox 2560 2665 2622 2734; x_wconf 81' lang='grc' dir='ltr'><strong>δή</strong></span> <span class='ocrx_word' id='word_1_450' title='bbox 2657 2683 2671 2730; x_wconf 92' lang='lat'><strong>;</strong></span> 
     </span>
    </p>
   </div>
   <div class='ocr_carea' id='block_1_71' title="bbox 2176 2754 3688 2832">
    <p class='ocr_par' dir='ltr' id='par_1_71' title="bbox 2176 2754 3688 2832">
     <span class='ocr_line' id='line_1_71' title="bbox 2176 2754 3688 2832; baseline 0.01 -27"><span class='ocrx_word' id='word_1_451' title='bbox 2176 2754 2326 2809; x_wconf 69' lang='grc' dir='ltr'><strong>Εὐλ.</strong></span> <span class='ocrx_word' id='word_1_452' title='bbox 2382 2756 2525 2808; x_wconf 83' lang='grc' dir='ltr'>Διότι</span> <span class='ocrx_word' id='word_1_453' title='bbox 2581 2757 2640 2810; x_wconf 77' lang='grc' dir='ltr'>οὐ</span> <span class='ocrx_word' id='word_1_454' title='bbox 2703 2759 2816 2822; x_wconf 81' lang='grc' dir='ltr'>τοῖς</span> <span class='ocrx_word' id='word_1_455' title='bbox 2871 2758 3085 2816; x_wconf 84' lang='grc' dir='ltr'>δώδεκα</span> <span class='ocrx_word' id='word_1_456' title='bbox 3147 2762 3329 2832; x_wconf 78' lang='grc' dir='ltr'>μόνον,</span> <span class='ocrx_word' id='word_1_457' title='bbox 3399 2763 3536 2819; x_wconf 78' lang='grc' dir='ltr'>ἀλλὰ</span> <span class='ocrx_word' id='word_1_458' title='bbox 3594 2766 3688 2820; x_wconf 45' lang='grc' dir='ltr'>και</span> 
     </span>
    </p>
   </div>
   <div class='ocr_carea' id='block_1_72' title="bbox 3166 2339 3179 2369">
    <p class='ocr_par' dir='ltr' id='par_1_72' title="bbox 3166 2339 3179 2369">
     <span class='ocr_line' id='line_1_72' title="bbox 3166 2339 3179 2369; baseline 0 0"><span class='ocrx_word' id='word_1_459' title='bbox 3166 2339 3179 2369; x_wconf 72' lang='grc' dir='ltr'><strong>ι</strong></span> 
     </span>
    </p>
   </div>
   <div class='ocr_carea' id='block_1_73' title="bbox 2112 2843 3691 2919">
    <p class='ocr_par' dir='ltr' id='par_1_73' title="bbox 2112 2843 3691 2919">
     <span class='ocr_line' id='line_1_73' title="bbox 2112 2843 3691 2919; baseline 0.006 -23"><span class='ocrx_word' id='word_1_460' title='bbox 2112 2843 2262 2915; x_wconf 77' lang='grc' dir='ltr'>πάσῃ</span> <span class='ocrx_word' id='word_1_461' title='bbox 2304 2847 2370 2915; x_wconf 81' lang='grc' dir='ltr'>τῇ</span> <span class='ocrx_word' id='word_1_462' title='bbox 2418 2846 2777 2918; x_wconf 84' lang='grc' dir='ltr'>οίκουμενικῇ</span> <span class='ocrx_word' id='word_1_463' title='bbox 2812 2849 3018 2918; x_wconf 81' lang='grc' dir='ltr'>συνόδῳ</span> <span class='ocrx_word' id='word_1_464' title='bbox 3046 2852 3318 2919; x_wconf 78' lang='grc' dir='ltr'>ἐγκαλεῖς.</span> <span class='ocrx_word' id='word_1_465' title='bbox 3349 2851 3458 2906; x_wconf 78' lang='grc' dir='ltr'>Καὶ</span> <span class='ocrx_word' id='word_1_466' title='bbox 3490 2852 3575 2916; x_wconf 88' lang='grc' dir='ltr'><strong>τίς</strong></span> <span class='ocrx_word' id='word_1_467' title='bbox 3641 2847 3691 2906; x_wconf 66' lang='grc' dir='ltr'><strong>εἳ</strong></span> 
     </span>
    </p>
   </div>
   <div class='ocr_carea' id='block_1_74' title="bbox 2113 2937 3269 3014">
    <p class='ocr_par' dir='ltr' id='par_1_74' title="bbox 2113 2937 3269 3014">
     <span class='ocr_line' id='line_1_74' title="bbox 2113 2937 3269 3014; baseline 0.01 -26"><span class='ocrx_word' id='word_1_468' title='bbox 2113 2937 2178 2990; x_wconf 80' lang='grc' dir='ltr'>σὺ</span> <span class='ocrx_word' id='word_1_469' title='bbox 2207 2938 2235 2988; x_wconf 88' lang='grc' dir='ltr'><strong>ὀ</strong></span> <span class='ocrx_word' id='word_1_470' title='bbox 2264 2940 2332 3007; x_wconf 75' lang='grc' dir='ltr'>τῇ</span> <span class='ocrx_word' id='word_1_471' title='bbox 2366 2939 2726 3014; x_wconf 76' lang='grc' dir='ltr'>οίκουμενικῇ</span> <span class='ocrx_word' id='word_1_472' title='bbox 2759 2942 2964 3013; x_wconf 84' lang='grc' dir='ltr'>συνόδῳ</span> <span class='ocrx_word' id='word_1_473' title='bbox 2994 2944 3269 3013; x_wconf 80' lang='grc' dir='ltr'>ἐγκαλῶν.</span> 
     </span>
    </p>
   </div>
   <div class='ocr_carea' id='block_1_75' title="bbox 2036 3032 3331 3114">
    <p class='ocr_par' dir='ltr' id='par_1_75' title="bbox 2036 3032 3331 3114">
     <span class='ocr_line' id='line_1_75' title="bbox 2036 3032 3331 3114; baseline 0.008 -32"><span class='ocrx_word' id='word_1_474' title='bbox 2036 3052 2083 3114; x_wconf 76' lang='lat' dir='ltr'><strong><em>C</em></strong></span> <span class='ocrx_word' id='word_1_475' title='bbox 2189 3033 2320 3085; x_wconf 69' lang='lat'><strong>719.1.</strong></span> <span class='ocrx_word' id='word_1_476' title='bbox 2355 3032 2418 3084; x_wconf 81' lang='lat' dir='ltr'><strong>Ui</strong></span> <span class='ocrx_word' id='word_1_477' title='bbox 2443 3032 2688 3103; x_wconf 83' lang='grc' dir='ltr'>Πατέρες</span> <span class='ocrx_word' id='word_1_478' title='bbox 2722 3052 2825 3105; x_wconf 89' lang='grc' dir='ltr'><strong>μου</strong></span> <span class='ocrx_word' id='word_1_479' title='bbox 2858 3036 3034 3091; x_wconf 81' lang='grc' dir='ltr'>ταῦτα</span> <span class='ocrx_word' id='word_1_480' title='bbox 3058 3036 3331 3107; x_wconf 79' lang='grc' dir='ltr'>λέγουσιν.</span> 
     </span>
    </p>
   </div>
   <div class='ocr_carea' id='block_1_76' title="bbox 2186 3118 3680 3200">
    <p class='ocr_par' dir='ltr' id='par_1_76' title="bbox 2186 3118 3680 3200">
     <span class='ocr_line' id='line_1_76' title="bbox 2186 3118 3680 3200; baseline 0.006 -25"><span class='ocrx_word' id='word_1_481' title='bbox 2186 3118 2340 3178; x_wconf 73' lang='grc' dir='ltr'><strong>Εὐλ.</strong></span> <span class='ocrx_word' id='word_1_482' title='bbox 2368 3122 2597 3177; x_wconf 83' lang='grc' dir='ltr'>Ἤθελον</span> <span class='ocrx_word' id='word_1_483' title='bbox 2650 3124 2855 3179; x_wconf 84' lang='grc' dir='ltr'>είδέναι</span> <span class='ocrx_word' id='word_1_484' title='bbox 2891 3127 3049 3196; x_wconf 84' lang='grc' dir='ltr'><strong>κάγὼ</strong></span> <span class='ocrx_word' id='word_1_485' title='bbox 3082 3120 3211 3191; x_wconf 78' lang='grc' dir='ltr'>τοὺς</span> <span class='ocrx_word' id='word_1_486' title='bbox 3266 3130 3515 3200; x_wconf 82' lang='grc' dir='ltr'>Πατέρας</span> <span class='ocrx_word' id='word_1_487' title='bbox 3548 3132 3680 3188; x_wconf 67' lang='lat' dir='ltr'><strong>Exsi-</strong></span> 
     </span>
    </p>
   </div>
   <div class='ocr_carea' id='block_1_77' title="bbox 2115 3212 3693 3293">
    <p class='ocr_par' dir='ltr' id='par_1_77' title="bbox 2115 3212 3693 3293">
     <span class='ocr_line' id='line_1_77' title="bbox 2115 3212 3693 3293; baseline 0.008 -29"><span class='ocrx_word' id='word_1_488' title='bbox 2115 3224 2262 3275; x_wconf 82' lang='grc' dir='ltr'>νους,</span> <span class='ocrx_word' id='word_1_489' title='bbox 2299 3212 2395 3265; x_wconf 74' lang='grc' dir='ltr'>καὶ</span> <span class='ocrx_word' id='word_1_490' title='bbox 2445 3213 2577 3283; x_wconf 84' lang='grc' dir='ltr'>παρ’</span> <span class='ocrx_word' id='word_1_491' title='bbox 2631 3215 2810 3269; x_wconf 76' lang='grc' dir='ltr'>αὐτῶν</span> <span class='ocrx_word' id='word_1_492' title='bbox 2842 3216 3100 3285; x_wconf 80' lang='grc' dir='ltr'>ἀκοῦσαι,</span> <span class='ocrx_word' id='word_1_493' title='bbox 3134 3219 3227 3273; x_wconf 77' lang='grc' dir='ltr'>καὶ</span> <span class='ocrx_word' id='word_1_494' title='bbox 3275 3221 3467 3293; x_wconf 79' lang='grc' dir='ltr'>μαθεῖν</span> <span class='ocrx_word' id='word_1_495' title='bbox 3534 3221 3589 3274; x_wconf 89' lang='grc' dir='ltr'><strong>τί</strong></span> <span class='ocrx_word' id='word_1_496' title='bbox 3632 3226 3693 3277; x_wconf 77' lang='grc' dir='ltr'>τὸ</span> 
     </span>
    </p>
   </div>
   <div class='ocr_carea' id='block_1_78' title="bbox 2116 3301 3693 3382">
    <p class='ocr_par' dir='ltr' id='par_1_78' title="bbox 2116 3301 3693 3382">
     <span class='ocr_line' id='line_1_78' title="bbox 2116 3301 3693 3382; baseline 0.009 -28"><span class='ocrx_word' id='word_1_497' title='bbox 2116 3301 2407 3374; x_wconf 82' lang='grc' dir='ltr'>πρεπῶδές</span> <span class='ocrx_word' id='word_1_498' title='bbox 2454 3305 2626 3371; x_wconf 80' lang='grc' dir='ltr'>ἐστιν,</span> <span class='ocrx_word' id='word_1_499' title='bbox 2687 3307 2995 3378; x_wconf 81' lang='grc' dir='ltr'>ἀπέχεσθαι</span> <span class='ocrx_word' id='word_1_500' title='bbox 3043 3309 3076 3380; x_wconf 81' lang='grc' dir='ltr'>ἢ</span> <span class='ocrx_word' id='word_1_501' title='bbox 3128 3313 3537 3382; x_wconf 75' lang='grc' dir='ltr'>προσεγγίζειν,</span> <span class='ocrx_word' id='word_1_502' title='bbox 3595 3315 3693 3367; x_wconf 69' lang='grc' dir='ltr'>καὶ</span> 
     </span>
    </p>
   </div>
   <div class='ocr_carea' id='block_1_79' title="bbox 2117 3394 3535 3473">
    <p class='ocr_par' dir='ltr' id='par_1_79' title="bbox 2117 3394 3535 3473">
     <span class='ocr_line' id='line_1_79' title="bbox 2117 3394 3535 3473; baseline 0.013 -26"><span class='ocrx_word' id='word_1_503' title='bbox 2117 3394 2366 3450; x_wconf 79' lang='grc' dir='ltr'>ἑνοῦσθαι</span> <span class='ocrx_word' id='word_1_504' title='bbox 2420 3396 2455 3467; x_wconf 75' lang='grc' dir='ltr'>ἢ</span> <span class='ocrx_word' id='word_1_505' title='bbox 2486 3397 2818 3470; x_wconf 79' lang='grc' dir='ltr'>διαιρεῖσθαι</span> <span class='ocrx_word' id='word_1_506' title='bbox 2847 3402 2948 3471; x_wconf 78' lang='grc' dir='ltr'>τῆς</span> <span class='ocrx_word' id='word_1_507' title='bbox 2985 3399 3335 3473; x_wconf 79' lang='grc' dir='ltr'>Ἐκκλησίας.</span> <span class='ocrx_word' id='word_1_508' title='bbox 3526 3414 3535 3421; x_wconf 67' lang='grc'>⁴</span> 
     </span>
    </p>
   </div>
   <div class='ocr_carea' id='block_1_80' title="bbox 2190 3484 2747 3562">
    <p class='ocr_par' dir='ltr' id='par_1_80' title="bbox 2190 3484 2747 3562">
     <span class='ocr_line' id='line_1_80' title="bbox 2190 3484 2747 3562; baseline 0.011 -23"><span class='ocrx_word' id='word_1_509' title='bbox 2190 3484 2325 3541; x_wconf 76' lang='grc' dir='ltr'><strong>Τελ.</strong></span> <span class='ocrx_word' id='word_1_510' title='bbox 2365 3486 2626 3558; x_wconf 84' lang='grc' dir='ltr'>Ἀγωμεν</span> <span class='ocrx_word' id='word_1_511' title='bbox 2659 3488 2747 3562; x_wconf 76' lang='grc' dir='ltr'>δή.</span> 
     </span>
    </p>
   </div>
   <div class='ocr_carea' id='block_1_81' title="bbox 2186 3575 3692 3660">
    <p class='ocr_par' dir='ltr' id='par_1_81' title="bbox 2186 3575 3692 3660">
     <span class='ocr_line' id='line_1_81' title="bbox 2186 3575 3692 3660; baseline 0.009 -30"><span class='ocrx_word' id='word_1_512' title='bbox 2186 3575 2338 3631; x_wconf 70' lang='grc' dir='ltr'>Εὺλ.</span> <span class='ocrx_word' id='word_1_513' title='bbox 2368 3578 2430 3632; x_wconf 80' lang='lat' dir='ltr'><strong>Ei</strong></span> <span class='ocrx_word' id='word_1_514' title='bbox 2458 3578 2636 3643; x_wconf 77' lang='grc' dir='ltr'>θέλεις</span> <span class='ocrx_word' id='word_1_515' title='bbox 2663 3581 2998 3653; x_wconf 82' lang='grc' dir='ltr'>χαρίσασθαί</span> <span class='ocrx_word' id='word_1_516' title='bbox 3046 3601 3162 3653; x_wconf 84' lang='grc' dir='ltr'>μοι,</span> <span class='ocrx_word' id='word_1_517' title='bbox 3199 3586 3332 3659; x_wconf 80' lang='grc' dir='ltr'>φέρε</span> <span class='ocrx_word' id='word_1_518' title='bbox 3389 3606 3481 3660; x_wconf 86' lang='grc' dir='ltr'><strong>μοι</strong></span> <span class='ocrx_word' id='word_1_519' title='bbox 3524 3590 3692 3646; x_wconf 65' lang='grc' dir='ltr'>αὑτὸν</span> 
     </span>
    </p>
   </div>
   <div class='ocr_carea' id='block_1_82' title="bbox 2116 3661 2241 3723">
    <p class='ocr_par' dir='ltr' id='par_1_82' title="bbox 2116 3661 2241 3723">
     <span class='ocr_line' id='line_1_82' title="bbox 2116 3661 2241 3723; baseline 0 0"><span class='ocrx_word' id='word_1_520' title='bbox 2116 3661 2241 3723; x_wconf 82' lang='grc' dir='ltr'>ὧδε.</span> 
     </span>
    </p>
   </div>
   <div class='ocr_carea' id='block_1_83' title="bbox 2193 3761 3231 3843">
    <p class='ocr_par' dir='ltr' id='par_1_83' title="bbox 2193 3761 3231 3843">
     <span class='ocr_line' id='line_1_83' title="bbox 2193 3761 3231 3843; baseline 0.014 -31"><span class='ocrx_word' id='word_1_521' title='bbox 2193 3762 2325 3815; x_wconf 59' lang='lat' dir='ltr'><strong>Tel.</strong></span> <span class='ocrx_word' id='word_1_522' title='bbox 2372 3761 2665 3835; x_wconf 69' lang='grc' dir='ltr'>Ἀγάγοιμι</span> <span class='ocrx_word' id='word_1_523' title='bbox 2683 3765 2748 3819; x_wconf 73' lang='grc' dir='ltr'>ἂν</span> <span class='ocrx_word' id='word_1_524' title='bbox 2768 3765 2930 3822; x_wconf 74' lang='grc' dir='ltr'>αὐτόν</span> <span class='ocrx_word' id='word_1_525' title='bbox 2960 3769 3039 3840; x_wconf 87' lang='grc' dir='ltr'><strong>τῷ</strong></span> <span class='ocrx_word' id='word_1_526' title='bbox 3064 3770 3231 3843; x_wconf 74' lang='grc' dir='ltr'>πρωΐ.</span> 
     </span>
    </p>
   </div>
   <div class='ocr_carea' id='block_1_84' title="bbox 2202 3854 3695 3941">
    <p class='ocr_par' dir='ltr' id='par_1_84' title="bbox 2202 3854 3695 3941">
     <span class='ocr_line' id='line_1_84' title="bbox 2202 3854 3695 3941; baseline 0.013 -32"><span class='ocrx_word' id='word_1_527' title='bbox 2202 3854 2537 3927; x_wconf 78' lang='grc' dir='ltr'>Ἀκροατής.</span> <span class='ocrx_word' id='word_1_528' title='bbox 2572 3861 2725 3917; x_wconf 75' lang='grc' dir='ltr'><strong>Κατᾶ</strong></span> <span class='ocrx_word' id='word_1_529' title='bbox 2774 3864 2874 3934; x_wconf 82' lang='grc' dir='ltr'>τὴν</span> <span class='ocrx_word' id='word_1_530' title='bbox 2913 3870 3013 3941; x_wconf 77' lang='grc' dir='ltr'><strong>ἥδη</strong></span> <span class='ocrx_word' id='word_1_531' title='bbox 3066 3870 3527 3941; x_wconf 69' lang='grc' dir='ltr'>συμφωνηθεῖσαν</span> <span class='ocrx_word' id='word_1_532' title='bbox 3564 3872 3695 3928; x_wconf 75' lang='grc' dir='ltr'>ύπό-</span> 
     </span>
    </p>
   </div>
   <div class='ocr_carea' id='block_1_85' title="bbox 2121 3949 3695 4035">
    <p class='ocr_par' dir='ltr' id='par_1_85' title="bbox 2121 3949 3695 4035">
     <span class='ocr_line' id='line_1_85' title="bbox 2121 3949 3695 4035; baseline 0.01 -34"><span class='ocrx_word' id='word_1_533' title='bbox 2121 3965 2308 4019; x_wconf 86' lang='grc' dir='ltr'>σχεσιν</span> <span class='ocrx_word' id='word_1_534' title='bbox 2337 3949 2415 4020; x_wconf 84' lang='grc' dir='ltr'>τῷ</span> <span class='ocrx_word' id='word_1_535' title='bbox 2456 3954 2602 4022; x_wconf 77' lang='grc' dir='ltr'>πρωϊ</span> <span class='ocrx_word' id='word_1_536' title='bbox 2643 3955 2984 4031; x_wconf 76' lang='grc' dir='ltr'>συνήλϋομεν</span> <span class='ocrx_word' id='word_1_537' title='bbox 3032 3960 3091 4014; x_wconf 80' lang='grc' dir='ltr'>ἐν</span> <span class='ocrx_word' id='word_1_538' title='bbox 3144 3960 3542 4035; x_wconf 79' lang='grc' dir='ltr'>τῷοὲμπορίῳ,</span> <span class='ocrx_word' id='word_1_539' title='bbox 3598 3967 3695 4019; x_wconf 79' lang='grc' dir='ltr'>καὶ</span> 
     </span>
    </p>
   </div>
   <div class='ocr_carea' id='block_1_86' title="bbox 2119 4041 3695 4129">
    <p class='ocr_par' dir='ltr' id='par_1_86' title="bbox 2119 4041 3695 4129">
     <span class='ocr_line' id='line_1_86' title="bbox 2119 4041 3695 4129; baseline 0.013 -37"><span class='ocrx_word' id='word_1_540' title='bbox 2119 4041 2418 4113; x_wconf 77' lang='grc' dir='ltr'>καθήμενοι</span> <span class='ocrx_word' id='word_1_541' title='bbox 2485 4044 2847 4117; x_wconf 77' lang='grc' dir='ltr'>ἒξεόεχόμεθα</span> <span class='ocrx_word' id='word_1_542' title='bbox 2908 4052 3000 4106; x_wconf 75' lang='grc' dir='ltr'>τὸν</span> <span class='ocrx_word' id='word_1_543' title='bbox 3059 4054 3300 4125; x_wconf 80' lang='grc' dir='ltr'>τελώνην</span> <span class='ocrx_word' id='word_1_544' title='bbox 3342 4057 3520 4113; x_wconf 76' lang='grc' dir='ltr'>ἐλθεῖν</span> <span class='ocrx_word' id='word_1_545' title='bbox 3573 4061 3695 4129; x_wconf 84' lang='grc' dir='ltr'>μετ’</span> 
     </span>
    </p>
   </div>
   <div class='ocr_carea' id='block_1_87' title="bbox 2120 4129 3694 4223">
    <p class='ocr_par' dir='ltr' id='par_1_87' title="bbox 2120 4129 3694 4223">
     <span class='ocr_line' id='line_1_87' title="bbox 2120 4129 3694 4223; baseline 0.011 -34"><span class='ocrx_word' id='word_1_546' title='bbox 2120 4129 2182 4189; x_wconf 75' lang='grc' dir='ltr'><strong>οὗ</strong></span> <span class='ocrx_word' id='word_1_547' title='bbox 2217 4136 2433 4205; x_wconf 71' lang='grc' dir='ltr'>[ἰατρὸς</span> <span class='ocrx_word' id='word_1_548' title='bbox 2460 4137 2758 4212; x_wconf 81' lang='grc' dir='ltr'>ύπεσχέθη·</span> <span class='ocrx_word' id='word_1_549' title='bbox 2799 4145 2893 4199; x_wconf 76' lang='grc' dir='ltr'>καὶ</span> <span class='ocrx_word' id='word_1_550' title='bbox 2926 4146 3035 4201; x_wconf 83' lang='grc' dir='ltr'>ίδοὺ</span> <span class='ocrx_word' id='word_1_551' title='bbox 3067 4148 3198 4218; x_wconf 76' lang='grc' dir='ltr'>περὶ</span> <span class='ocrx_word' id='word_1_552' title='bbox 3232 4146 3382 4217; x_wconf 81' lang='grc' dir='ltr'>ὥραν</span> <span class='ocrx_word' id='word_1_553' title='bbox 3408 4152 3509 4219; x_wconf 79' lang='grc' dir='ltr'>τῆς</span> <span class='ocrx_word' id='word_1_554' title='bbox 3557 4153 3694 4223; x_wconf 74' lang='grc' dir='ltr'>ἡμέ-</span> 
     </span>
    </p>
   </div>
   <div class='ocr_carea' id='block_1_88' title="bbox 2120 4226 3694 4317">
    <p class='ocr_par' dir='ltr' id='par_1_88' title="bbox 2120 4226 3694 4317">
     <span class='ocr_line' id='line_1_88' title="bbox 2120 4226 3694 4317; baseline 0.013 -38"><span class='ocrx_word' id='word_1_555' title='bbox 2120 4243 2221 4297; x_wconf 86' lang='grc' dir='ltr'>ρας</span> <span class='ocrx_word' id='word_1_556' title='bbox 2252 4226 2519 4298; x_wconf 84' lang='grc' dir='ltr'>δευτέραν</span> <span class='ocrx_word' id='word_1_557' title='bbox 2550 4231 2791 4303; x_wconf 76' lang='grc' dir='ltr'>ἔρχεται,</span> <span class='ocrx_word' id='word_1_558' title='bbox 2825 4237 2918 4290; x_wconf 71' lang='grc' dir='ltr'>καὶ</span> <span class='ocrx_word' id='word_1_559' title='bbox 2971 4239 3090 4309; x_wconf 85' lang='grc' dir='ltr'>μετ’</span> <span class='ocrx_word' id='word_1_560' title='bbox 3122 4240 3289 4295; x_wconf 80' lang='grc' dir='ltr'>αὑτοῦ</span> <span class='ocrx_word' id='word_1_561' title='bbox 3333 4239 3694 4317; x_wconf 78' lang='grc' dir='ltr'>Ῥακενδύτης</span> 
     </span>
    </p>
   </div>
   <div class='ocr_carea' id='block_1_89' title="bbox 2121 4322 3691 4409">
    <p class='ocr_par' dir='ltr' id='par_1_89' title="bbox 2121 4322 3691 4409">
     <span class='ocr_line' id='line_1_89' title="bbox 2121 4322 3691 4409; baseline 0.006 -27"><span class='ocrx_word' id='word_1_562' title='bbox 2121 4335 2231 4383; x_wconf 77' lang='grc' dir='ltr'>τις.</span> <span class='ocrx_word' id='word_1_563' title='bbox 2266 4322 2445 4390; x_wconf 81' lang='grc' dir='ltr'><strong>μέγας</strong></span> <span class='ocrx_word' id='word_1_564' title='bbox 2476 4323 2577 4391; x_wconf 79' lang='grc' dir='ltr'>μὲν</span> <span class='ocrx_word' id='word_1_565' title='bbox 2622 4326 2700 4396; x_wconf 83' lang='grc' dir='ltr'>τῷ</span> <span class='ocrx_word' id='word_1_566' title='bbox 2734 4330 2969 4400; x_wconf 86' lang='grc' dir='ltr'>σώματι,</span> <span class='ocrx_word' id='word_1_567' title='bbox 3020 4334 3116 4385; x_wconf 78' lang='grc' dir='ltr'>καὶ</span> <span class='ocrx_word' id='word_1_568' title='bbox 3156 4333 3354 4405; x_wconf 83' lang='grc' dir='ltr'>ὡραῖος</span> <span class='ocrx_word' id='word_1_569' title='bbox 3402 4337 3501 4408; x_wconf 85' lang='grc' dir='ltr'>τὴν</span> <span class='ocrx_word' id='word_1_570' title='bbox 3548 4339 3691 4409; x_wconf 74' lang='grc' dir='ltr'>ιψιν,</span> 
     </span>
    </p>
   </div>
   <div class='ocr_carea' id='block_1_90' title="bbox 432 4391 2009 4501">
    <p class='ocr_par' dir='ltr' id='par_1_90' title="bbox 432 4391 2003 4477">
     <span class='ocr_line' id='line_1_90' title="bbox 432 4391 2003 4477; baseline 0.011 -32"><span class='ocrx_word' id='word_1_571' title='bbox 432 4391 648 4449; x_wconf 87' lang='lat' dir='ltr'><strong>lntrans</strong></span> <span class='ocrx_word' id='word_1_572' title='bbox 678 4394 730 4448; x_wconf 91' lang='lat' dir='ltr'><strong>in</strong></span> <span class='ocrx_word' id='word_1_573' title='bbox 758 4393 986 4451; x_wconf 63' lang='lat' dir='ltr'><strong>ofﬁcina!</strong></span> <span class='ocrx_word' id='word_1_574' title='bbox 1014 4398 1191 4453; x_wconf 88' lang='lat' dir='ltr'><strong>medio</strong></span> <span class='ocrx_word' id='word_1_575' title='bbox 1219 4400 1381 4466; x_wconf 86' lang='lat' dir='ltr'><strong>sedit,</strong></span> <span class='ocrx_word' id='word_1_576' title='bbox 1413 4418 1825 4477; x_wconf 85' lang='lat' dir='ltr'><strong>conversusque</strong></span> <span class='ocrx_word' id='word_1_577' title='bbox 1852 4409 2003 4477; x_wconf 84' lang='lat' dir='ltr'><strong>gravi</strong></span> 
     </span>
    </p>
   </div>
   <div class='ocr_carea' id='block_1_91' title="bbox 2120 4391 3688 4501">
    <p class='ocr_par' dir='ltr' id='par_1_91' title="bbox 2122 4391 3688 4501">
     <span class='ocr_line' id='line_1_91' title="bbox 2122 4391 3688 4501; baseline 0.015 -40"><span class='ocrx_word' id='word_1_578' title='bbox 2122 4410 2258 4479; x_wconf 83' lang='grc' dir='ltr'>πλὴν</span> <span class='ocrx_word' id='word_1_579' title='bbox 2292 4415 2620 4486; x_wconf 78' lang='grc' dir='ltr'>παραὸλώψ.</span> <span class='ocrx_word' id='word_1_580' title='bbox 2661 4391 2863 4477; x_wconf 44' lang='grc' dir='ltr'>(Ελθών</span> <span class='ocrx_word' id='word_1_581' title='bbox 2886 4391 2980 4477; x_wconf 83' lang='grc' dir='ltr'>οὖν</span> <span class='ocrx_word' id='word_1_582' title='bbox 3012 4425 3180 4495; x_wconf 80' lang='grc' dir='ltr'>μέσον</span> <span class='ocrx_word' id='word_1_583' title='bbox 3204 4391 3216 4405; x_wconf 42' lang='grc'><strong><em>⁸</em></strong></span> <span class='ocrx_word' id='word_1_584' title='bbox 3237 4391 3352 4481; x_wconf 66' lang='grc' dir='ltr'><strong>τοῦ⁷</strong></span> <span class='ocrx_word' id='word_1_585' title='bbox 3399 4391 3688 4501; x_wconf 58' lang='grc' dir='ltr'>ἐμπορίου,</span> 
     </span>
    </p>
   </div>
   <div class='ocr_carea' id='block_1_92' title="bbox 435 4486 1935 4558">
    <p class='ocr_par' dir='ltr' id='par_1_92' title="bbox 435 4486 1935 4558">
     <span class='ocr_line' id='line_1_92' title="bbox 435 4486 1935 4558; baseline 0.011 -20"><span class='ocrx_word' id='word_1_586' title='bbox 435 4500 559 4538; x_wconf 85' lang='lat' dir='ltr'><strong>cum</strong></span> <span class='ocrx_word' id='word_1_587' title='bbox 598 4486 893 4555; x_wconf 89' lang='lat' dir='ltr'><strong>supercilio</strong></span> <span class='ocrx_word' id='word_1_588' title='bbox 928 4488 994 4542; x_wconf 88' lang='lat' dir='ltr'><strong>ad</strong></span> <span class='ocrx_word' id='word_1_589' title='bbox 1028 4487 1206 4558; x_wconf 89' lang='lat' dir='ltr'><strong>Pium,</strong></span> <span class='ocrx_word' id='word_1_590' title='bbox 1245 4491 1316 4546; x_wconf 91' lang='lat' dir='ltr'><strong>ita</strong></span> <span class='ocrx_word' id='word_1_591' title='bbox 1347 4508 1579 4550; x_wconf 83' lang='lat' dir='ltr'><strong>exorsus</strong></span> <span class='ocrx_word' id='word_1_592' title='bbox 1611 4505 1696 4551; x_wconf 89' lang='lat' dir='ltr'><strong>est</strong></span> <span class='ocrx_word' id='word_1_593' title='bbox 1730 4497 1935 4554; x_wconf 88' lang='lat' dir='ltr'><strong>dicere.</strong></span> 
     </span>
    </p>
   </div>
   <div class='ocr_carea' id='block_1_93' title="bbox 503 4658 2009 4742">
    <p class='ocr_par' dir='ltr' id='par_1_93' title="bbox 503 4658 2009 4742">
     <span class='ocr_line' id='line_1_93' title="bbox 503 4658 2009 4742; baseline 0.016 -30"><span class='ocrx_word' id='word_1_594' title='bbox 503 4658 866 4733; x_wconf 78' lang='lat' dir='ltr'><strong>thacendyta.</strong></span> <span class='ocrx_word' id='word_1_595' title='bbox 896 4664 1055 4731; x_wconf 50' lang='lat' dir='ltr'><strong>,Quid</strong></span> <span class='ocrx_word' id='word_1_596' title='bbox 1090 4678 1194 4734; x_wconf 88' lang='lat' dir='ltr'><strong>est,</strong></span> <span class='ocrx_word' id='word_1_597' title='bbox 1226 4668 1294 4723; x_wconf 92' lang='lat' dir='ltr'><strong>de</strong></span> <span class='ocrx_word' id='word_1_598' title='bbox 1337 4683 1447 4739; x_wconf 89' lang='lat' dir='ltr'><strong>quo</strong></span> <span class='ocrx_word' id='word_1_599' title='bbox 1487 4671 1727 4742; x_wconf 70' lang='lat' dir='ltr'><strong>haesitas,</strong></span> <span class='ocrx_word' id='word_1_600' title='bbox 1759 4677 1899 4733; x_wconf 91' lang='lat' dir='ltr'><strong>inter</strong></span> <span class='ocrx_word' id='word_1_601' title='bbox 1945 4696 2009 4736; x_wconf 89' lang='lat' dir='ltr'><strong>ea</strong></span> 
     </span>
    </p>
   </div>
   <div class='ocr_carea' id='block_1_94' title="bbox 432 4754 2012 4827">
    <p class='ocr_par' dir='ltr' id='par_1_94' title="bbox 432 4754 2012 4827">
     <span class='ocr_line' id='line_1_94' title="bbox 432 4754 2012 4827; baseline 0.016 -24"><span class='ocrx_word' id='word_1_602' title='bbox 432 4767 555 4821; x_wconf 79' lang='lat' dir='ltr'><strong>quae</strong></span> <span class='ocrx_word' id='word_1_603' title='bbox 582 4754 679 4806; x_wconf 91' lang='lat' dir='ltr'><strong>tibi</strong></span> <span class='ocrx_word' id='word_1_604' title='bbox 718 4765 943 4811; x_wconf 82' lang='lat' dir='ltr'><strong>externo</strong></span> <span class='ocrx_word' id='word_1_605' title='bbox 973 4758 1059 4813; x_wconf 93' lang='lat' dir='ltr'><strong>die</strong></span> <span class='ocrx_word' id='word_1_606' title='bbox 1089 4773 1118 4812; x_wconf 89' lang='lat' dir='ltr'><strong>a</strong></span> <span class='ocrx_word' id='word_1_607' title='bbox 1146 4760 1313 4817; x_wconf 83' lang='lat' dir='ltr'><strong>fratre</strong></span> <span class='ocrx_word' id='word_1_608' title='bbox 1335 4760 1634 4823; x_wconf 84' lang='lat' dir='ltr'><strong>Publicano</strong></span> <span class='ocrx_word' id='word_1_609' title='bbox 1658 4776 1850 4825; x_wconf 89' lang='lat' dir='ltr'><strong>contra</strong></span> <span class='ocrx_word' id='word_1_610' title='bbox 1876 4772 2012 4827; x_wconf 89' lang='lat' dir='ltr'><strong>duo-</strong></span> 
     </span>
    </p>
   </div>
   <div class='ocr_carea' id='block_1_95' title="bbox 430 4841 2008 4924">
    <p class='ocr_par' dir='ltr' id='par_1_95' title="bbox 430 4841 2008 4924">
     <span class='ocr_line' id='line_1_95' title="bbox 430 4841 2008 4924; baseline 0.017 -28"><span class='ocrx_word' id='word_1_611' title='bbox 430 4841 606 4896; x_wconf 84' lang='lat' dir='ltr'><strong>decim</strong></span> <span class='ocrx_word' id='word_1_612' title='bbox 648 4846 814 4900; x_wconf 87' lang='lat' dir='ltr'><strong>hosce</strong></span> <span class='ocrx_word' id='word_1_613' title='bbox 867 4850 1184 4907; x_wconf 88' lang='lat' dir='ltr'><strong>sacerdotes</strong></span> <span class='ocrx_word' id='word_1_614' title='bbox 1225 4853 1489 4922; x_wconf 78' lang='lat' dir='ltr'><strong>profanos</strong></span> <span class='ocrx_word' id='word_1_615' title='bbox 1543 4861 1809 4918; x_wconf 87' lang='lat' dir='ltr'><strong>recensita</strong></span> <span class='ocrx_word' id='word_1_616' title='bbox 1856 4877 2008 4924; x_wconf 86' lang='lat' dir='ltr'><strong>sunt.</strong></span> 
     </span>
    </p>
   </div>
   <div class='ocr_carea' id='block_1_96' title="bbox 429 4933 2013 5028">
    <p class='ocr_par' dir='ltr' id='par_1_96' title="bbox 429 4933 2013 5028">
     <span class='ocr_line' id='line_1_96' title="bbox 429 4933 2013 5028; baseline 0.018 -43"><span class='ocrx_word' id='word_1_617' title='bbox 429 4933 566 5028; x_wconf 52' lang='lat' dir='ltr'><strong>liam</strong></span> <span class='ocrx_word' id='word_1_618' title='bbox 615 4935 811 4992; x_wconf 88' lang='lat' dir='ltr'><strong>miselli</strong></span> <span class='ocrx_word' id='word_1_619' title='bbox 862 4938 916 4993; x_wconf 89' lang='lat' dir='ltr'><strong>hi</strong></span> <span class='ocrx_word' id='word_1_620' title='bbox 966 4954 1142 5012; x_wconf 89' lang='lat' dir='ltr'><strong>neque</strong></span> <span class='ocrx_word' id='word_1_621' title='bbox 1193 4946 1399 5011; x_wconf 89' lang='lat' dir='ltr'><strong>sciunt,</strong></span> <span class='ocrx_word' id='word_1_622' title='bbox 1435 4964 1614 5021; x_wconf 89' lang='lat' dir='ltr'><strong>neque</strong></span> <span class='ocrx_word' id='word_1_623' title='bbox 1673 4953 2013 5028; x_wconf 89' lang='lat' dir='ltr'><strong>intelligunt,</strong></span> 
     </span>
    </p>
   </div>
   <div class='ocr_carea' id='block_1_97' title="bbox 434 5024 2009 5116">
    <p class='ocr_par' dir='ltr' id='par_1_97' title="bbox 434 5024 2009 5116">
     <span class='ocr_line' id='line_1_97' title="bbox 434 5024 2009 5116; baseline 0.019 -39"><span class='ocrx_word' id='word_1_624' title='bbox 434 5024 668 5097; x_wconf 85' lang='lat' dir='ltr'><strong>ideoque</strong></span> <span class='ocrx_word' id='word_1_625' title='bbox 696 5043 819 5083; x_wconf 87' lang='lat' dir='ltr'><strong>cum</strong></span> <span class='ocrx_word' id='word_1_626' title='bbox 854 5030 1088 5100; x_wconf 85' lang='lat' dir='ltr'><strong>Latinis,</strong></span> <span class='ocrx_word' id='word_1_627' title='bbox 1118 5037 1295 5106; x_wconf 88' lang='lat' dir='ltr'><strong>patrio</strong></span> <span class='ocrx_word' id='word_1_628' title='bbox 1322 5040 1537 5110; x_wconf 76' lang='lat' dir='ltr'><strong>eiurato</strong></span> <span class='ocrx_word' id='word_1_629' title='bbox 1562 5044 1836 5116; x_wconf 86' lang='lat' dir='ltr'><strong>dogmate,</strong></span> <span class='ocrx_word' id='word_1_630' title='bbox 1854 5024 2009 5107; x_wconf 24' lang='lat' dir='ltr'><strong>funiti</strong></span> 
     </span>
    </p>
   </div>
   <div class='ocr_carea' id='block_1_98' title="bbox 434 5116 2007 5205">
    <p class='ocr_par' dir='ltr' id='par_1_98' title="bbox 434 5116 2007 5205">
     <span class='ocr_line' id='line_1_98' title="bbox 434 5116 2007 5205; baseline 0.018 -34"><span class='ocrx_word' id='word_1_631' title='bbox 434 5127 582 5174; x_wconf 89' lang='lat' dir='ltr'><strong>sunt.</strong></span> <span class='ocrx_word' id='word_1_632' title='bbox 624 5116 899 5194; x_wconf 81' lang='lat' dir='ltr'><strong>Interroga</strong></span> <span class='ocrx_word' id='word_1_633' title='bbox 925 5139 1013 5179; x_wconf 90' lang='lat' dir='ltr'><strong>me</strong></span> <span class='ocrx_word' id='word_1_634' title='bbox 1036 5141 1256 5197; x_wconf 81' lang='lat' dir='ltr'><strong>quoque</strong></span> <span class='ocrx_word' id='word_1_635' title='bbox 1274 5168 1292 5196; x_wconf 97' lang='lat'><strong>,</strong></span> <span class='ocrx_word' id='word_1_636' title='bbox 1315 5139 1369 5186; x_wconf 89' lang='lat' dir='ltr'><strong>et</strong></span> <span class='ocrx_word' id='word_1_637' title='bbox 1399 5136 1781 5205; x_wconf 86' lang='lat' dir='ltr'><strong>respondendo</strong></span> <span class='ocrx_word' id='word_1_638' title='bbox 1810 5139 2007 5198; x_wconf 81' lang='lat' dir='ltr'><strong>faciam</strong></span> 
     </span>
    </p>
   </div>
   <div class='ocr_carea' id='block_1_99' title="bbox 433 5208 1371 5287">
    <p class='ocr_par' dir='ltr' id='par_1_99' title="bbox 433 5208 1371 5287">
     <span class='ocr_line' id='line_1_99' title="bbox 433 5208 1371 5287; baseline 0.018 -25"><span class='ocrx_word' id='word_1_639' title='bbox 433 5208 568 5264; x_wconf 82' lang='lat' dir='ltr'><strong>satis</strong></span> <span class='ocrx_word' id='word_1_640' title='bbox 599 5209 667 5265; x_wconf 89' lang='lat' dir='ltr'><strong>de</strong></span> <span class='ocrx_word' id='word_1_641' title='bbox 707 5212 832 5279; x_wconf 91' lang='lat' dir='ltr'><strong>illis,</strong></span> <span class='ocrx_word' id='word_1_642' title='bbox 865 5216 916 5270; x_wconf 92' lang='lat' dir='ltr'><strong>in</strong></span> <span class='ocrx_word' id='word_1_643' title='bbox 942 5218 1143 5287; x_wconf 89' lang='lat' dir='ltr'><strong>quibus</strong></span> <span class='ocrx_word' id='word_1_644' title='bbox 1173 5220 1371 5280; x_wconf 68' lang='lat' dir='ltr'><strong>haeres.</strong></span> 
     </span>
    </p>
   </div>
   <div class='ocr_carea' id='block_1_100' title="bbox 503 5300 2009 5381">
    <p class='ocr_par' dir='ltr' id='par_1_100' title="bbox 503 5300 2009 5381">
     <span class='ocr_line' id='line_1_100' title="bbox 503 5300 2009 5381; baseline 0.018 -26"><span class='ocrx_word' id='word_1_645' title='bbox 503 5300 658 5360; x_wconf 84' lang='lat' dir='ltr'><strong>Pius.</strong></span> <span class='ocrx_word' id='word_1_646' title='bbox 689 5303 938 5365; x_wconf 82' lang='lat' dir='ltr'><strong>Fratrem</strong></span> <span class='ocrx_word' id='word_1_647' title='bbox 969 5304 1333 5371; x_wconf 67' lang='lat' dir='ltr'><strong>Publicanuni</strong></span> <span class='ocrx_word' id='word_1_648' title='bbox 1364 5318 1548 5375; x_wconf 88' lang='lat' dir='ltr'><strong>audivi</strong></span> <span class='ocrx_word' id='word_1_649' title='bbox 1586 5322 1700 5378; x_wconf 87' lang='lat' dir='ltr'><strong>heri</strong></span> <span class='ocrx_word' id='word_1_650' title='bbox 1749 5327 2009 5381; x_wconf 79' lang='lat' dir='ltr'><strong>condem-</strong></span> 
     </span>
    </p>
   </div>
   <div class='ocr_carea' id='block_1_101' title="bbox 433 5399 2007 5477">
    <p class='ocr_par' dir='ltr' id='par_1_101' title="bbox 433 5399 2007 5477">
     <span class='ocr_line' id='line_1_101' title="bbox 433 5399 2007 5477; baseline 0.017 -29"><span class='ocrx_word' id='word_1_651' title='bbox 433 5404 652 5451; x_wconf 85' lang='lat' dir='ltr'><strong>nantem</strong></span> <span class='ocrx_word' id='word_1_652' title='bbox 702 5399 988 5459; x_wconf 89' lang='lat' dir='ltr'><strong>duodecim</strong></span> <span class='ocrx_word' id='word_1_653' title='bbox 1040 5408 1387 5476; x_wconf 90' lang='lat' dir='ltr'><strong>sacerdotes,</strong></span> <span class='ocrx_word' id='word_1_654' title='bbox 1444 5420 1498 5468; x_wconf 88' lang='lat' dir='ltr'><strong>et</strong></span> <span class='ocrx_word' id='word_1_655' title='bbox 1538 5427 1683 5471; x_wconf 92' lang='lat' dir='ltr'><strong>nunc</strong></span> <span class='ocrx_word' id='word_1_656' title='bbox 1728 5426 1780 5472; x_wconf 92' lang='lat' dir='ltr'><strong>te</strong></span> <span class='ocrx_word' id='word_1_657' title='bbox 1827 5418 2007 5477; x_wconf 88' lang='lat' dir='ltr'><strong>hodie.</strong></span> 
     </span>
    </p>
   </div>
   <div class='ocr_carea' id='block_1_102' title="bbox 437 5490 2009 5578">
    <p class='ocr_par' dir='ltr' id='par_1_102' title="bbox 437 5490 2009 5578">
     <span class='ocr_line' id='line_1_102' title="bbox 437 5490 2009 5578; baseline 0.017 -36"><span class='ocrx_word' id='word_1_658' title='bbox 437 5490 731 5549; x_wconf 78' lang='lat' dir='ltr'><strong>Aliirmatis</strong></span> <span class='ocrx_word' id='word_1_659' title='bbox 751 5495 1019 5566; x_wconf 86' lang='lat' dir='ltr'><strong>siquidem</strong></span> <span class='ocrx_word' id='word_1_660' title='bbox 1048 5499 1169 5557; x_wconf 89' lang='lat' dir='ltr'><strong>illos</strong></span> <span class='ocrx_word' id='word_1_661' title='bbox 1191 5517 1316 5558; x_wconf 91' lang='lat' dir='ltr'><strong>cum</strong></span> <span class='ocrx_word' id='word_1_662' title='bbox 1364 5503 1577 5563; x_wconf 87' lang='lat' dir='ltr'><strong>Latinis</strong></span> <span class='ocrx_word' id='word_1_663' title='bbox 1603 5509 1829 5578; x_wconf 88' lang='lat' dir='ltr'><strong>sentire,</strong></span> <span class='ocrx_word' id='word_1_664' title='bbox 1853 5512 2009 5569; x_wconf 86' lang='lat' dir='ltr'><strong>desc-</strong></span> 
     </span>
    </p>
   </div>
   <div class='ocr_carea' id='block_1_103' title="bbox 434 5582 2011 5676">
    <p class='ocr_par' dir='ltr' id='par_1_103' title="bbox 434 5582 2011 5676">
     <span class='ocr_line' id='line_1_103' title="bbox 434 5582 2011 5676; baseline 0.018 -42"><span class='ocrx_word' id='word_1_665' title='bbox 434 5582 720 5676; x_wconf 78' lang='lat' dir='ltr'><strong>ruisseque</strong></span> <span class='ocrx_word' id='word_1_666' title='bbox 749 5586 908 5644; x_wconf 83' lang='lat' dir='ltr'><strong>iidem</strong></span> <span class='ocrx_word' id='word_1_667' title='bbox 939 5593 1477 5668; x_wconf 86' lang='lat' dir='ltr'><strong>orthodoxam,quod</strong></span> <span class='ocrx_word' id='word_1_668' title='bbox 1502 5614 1624 5657; x_wconf 85' lang='lat' dir='ltr'><strong>sese</strong></span> <span class='ocrx_word' id='word_1_669' title='bbox 1646 5616 1817 5659; x_wconf 75' lang='lat' dir='ltr'><strong>sacra:</strong></span> <span class='ocrx_word' id='word_1_670' title='bbox 1849 5621 2011 5676; x_wconf 85' lang='lat' dir='ltr'><strong>syno-</strong></span> 
     </span>
    </p>
   </div>
   <div class='ocr_carea' id='block_1_104' title="bbox 435 5672 2007 5762">
    <p class='ocr_par' dir='ltr' id='par_1_104' title="bbox 435 5672 2007 5762">
     <span class='ocr_line' id='line_1_104' title="bbox 435 5672 2007 5762; baseline 0.018 -35"><span class='ocrx_word' id='word_1_671' title='bbox 435 5672 508 5742; x_wconf 82' lang='lat' dir='ltr'><strong>do</strong></span> <span class='ocrx_word' id='word_1_672' title='bbox 527 5674 877 5744; x_wconf 74' lang='lat' dir='ltr'><strong>subiecerint.</strong></span> <span class='ocrx_word' id='word_1_673' title='bbox 900 5682 1050 5741; x_wconf 75' lang='lat' dir='ltr'><strong>Aveo</strong></span> <span class='ocrx_word' id='word_1_674' title='bbox 1077 5686 1265 5759; x_wconf 80' lang='lat' dir='ltr'><strong>itaque</strong></span> <span class='ocrx_word' id='word_1_675' title='bbox 1291 5704 1322 5745; x_wconf 84' lang='lat' dir='ltr'><strong>a</strong></span> <span class='ocrx_word' id='word_1_676' title='bbox 1356 5699 1409 5748; x_wconf 87' lang='lat' dir='ltr'><strong>te</strong></span> <span class='ocrx_word' id='word_1_677' title='bbox 1429 5690 1664 5762; x_wconf 87' lang='lat' dir='ltr'><strong>discere,</strong></span> <span class='ocrx_word' id='word_1_678' title='bbox 1694 5696 1741 5753; x_wconf 91' lang='lat' dir='ltr'><strong>si</strong></span> <span class='ocrx_word' id='word_1_679' title='bbox 1770 5672 1896 5755; x_wconf 77' lang='lat' dir='ltr'><strong>vere</strong></span> <span class='ocrx_word' id='word_1_680' title='bbox 1919 5700 2007 5756; x_wconf 90' lang='lat' dir='ltr'><strong>isti</strong></span> 
     </span>
    </p>
   </div>
   <div class='ocr_carea' id='block_1_105' title="bbox 2119 4505 3689 4596">
    <p class='ocr_par' dir='ltr' id='par_1_105' title="bbox 2119 4505 3689 4596">
     <span class='ocr_line' id='line_1_105' title="bbox 2119 4505 3689 4596; baseline 0.014 -38"><span class='ocrx_word' id='word_1_681' title='bbox 2119 4505 2367 4576; x_wconf 75' lang='grc' dir='ltr'>ἐκάθισε,</span> <span class='ocrx_word' id='word_1_682' title='bbox 2410 4510 2504 4563; x_wconf 76' lang='grc' dir='ltr'>καὶ</span> <span class='ocrx_word' id='word_1_683' title='bbox 2538 4511 2748 4583; x_wconf 70' lang='grc' dir='ltr'>ἤρξατο</span> <span class='ocrx_word' id='word_1_684' title='bbox 2799 4519 2938 4586; x_wconf 83' lang='grc' dir='ltr'>μετὰ</span> <span class='ocrx_word' id='word_1_685' title='bbox 2977 4518 3213 4591; x_wconf 80' lang='grc' dir='ltr'>σοϐαροῦ</span> <span class='ocrx_word' id='word_1_686' title='bbox 3246 4522 3341 4575; x_wconf 80' lang='grc' dir='ltr'>τοῦ</span> <span class='ocrx_word' id='word_1_687' title='bbox 3374 4524 3689 4596; x_wconf 75' lang='grc' dir='ltr'>βλέμματος</span> 
     </span>
    </p>
   </div>
   <div class='ocr_carea' id='block_1_106' title="bbox 2116 4595 2859 4674">
    <p class='ocr_par' dir='ltr' id='par_1_106' title="bbox 2116 4595 2859 4674">
     <span class='ocr_line' id='line_1_106' title="bbox 2116 4595 2859 4674; baseline 0.02 -27"><span class='ocrx_word' id='word_1_688' title='bbox 2116 4595 2253 4667; x_wconf 78' lang='grc' dir='ltr'>πρὸς</span> <span class='ocrx_word' id='word_1_689' title='bbox 2283 4599 2374 4651; x_wconf 76' lang='grc' dir='ltr'><strong>τὸν</strong></span> <span class='ocrx_word' id='word_1_690' title='bbox 2412 4600 2630 4673; x_wconf 77' lang='grc' dir='ltr'>Εύλαὸῆ</span> <span class='ocrx_word' id='word_1_691' title='bbox 2658 4603 2859 4674; x_wconf 84' lang='grc' dir='ltr'>λέγειν.</span> 
     </span>
    </p>
   </div>
   <div class='ocr_carea' id='block_1_107' title="bbox 2186 4687 3690 4774">
    <p class='ocr_par' dir='ltr' id='par_1_107' title="bbox 2186 4687 3690 4774">
     <span class='ocr_line' id='line_1_107' title="bbox 2186 4687 3690 4774; baseline 0.016 -33"><span class='ocrx_word' id='word_1_692' title='bbox 2186 4687 2609 4762; x_wconf 72' lang='grc' dir='ltr'>Ῥακενδύτης.</span> <span class='ocrx_word' id='word_1_693' title='bbox 2663 4694 2729 4751; x_wconf 91' lang='grc' dir='ltr'>Τί</span> <span class='ocrx_word' id='word_1_694' title='bbox 2760 4698 2929 4768; x_wconf 80' lang='grc' dir='ltr'>ἐστιν,</span> <span class='ocrx_word' id='word_1_695' title='bbox 2962 4703 3100 4774; x_wconf 84' lang='grc' dir='ltr'>ὅπερ</span> <span class='ocrx_word' id='word_1_696' title='bbox 3163 4704 3439 4773; x_wconf 79' lang='grc' dir='ltr'>διστάζεις</span> <span class='ocrx_word' id='word_1_697' title='bbox 3490 4711 3557 4764; x_wconf 76' lang='grc' dir='ltr'>ἐκ</span> <span class='ocrx_word' id='word_1_698' title='bbox 3583 4712 3690 4765; x_wconf 84' lang='grc' dir='ltr'><strong>τῶν</strong></span> 
     </span>
    </p>
   </div>
   <div class='ocr_carea' id='block_1_108' title="bbox 2116 4782 3690 4876">
    <p class='ocr_par' dir='ltr' id='par_1_108' title="bbox 2116 4782 3690 4876">
     <span class='ocr_line' id='line_1_108' title="bbox 2116 4782 3690 4876; baseline 0.019 -44"><span class='ocrx_word' id='word_1_699' title='bbox 2116 4782 2430 4853; x_wconf 76' lang='grc' dir='ltr'>εἰρημένων</span> <span class='ocrx_word' id='word_1_700' title='bbox 2457 4805 2538 4841; x_wconf 91' lang='grc' dir='ltr'><strong>σοι</strong></span> <span class='ocrx_word' id='word_1_701' title='bbox 2572 4791 2724 4863; x_wconf 87' lang='grc' dir='ltr'>παρὰ</span> <span class='ocrx_word' id='word_1_702' title='bbox 2750 4793 2845 4847; x_wconf 81' lang='grc' dir='ltr'>τοῦ</span> <span class='ocrx_word' id='word_1_703' title='bbox 2883 4796 3113 4866; x_wconf 74' lang='grc' dir='ltr'>ἀδελφοῦ</span> <span class='ocrx_word' id='word_1_704' title='bbox 3144 4800 3378 4856; x_wconf 75' lang='grc' dir='ltr'>τελώνου</span> <span class='ocrx_word' id='word_1_705' title='bbox 3433 4808 3502 4875; x_wconf 83' lang='grc' dir='ltr'><strong>τῇ</strong></span> <span class='ocrx_word' id='word_1_706' title='bbox 3567 4807 3690 4876; x_wconf 74' lang='grc' dir='ltr'><strong>χθὲς</strong></span> 
     </span>
    </p>
   </div>
   <div class='ocr_carea' id='block_1_109' title="bbox 2115 4877 3691 4968">
    <p class='ocr_par' dir='ltr' id='par_1_109' title="bbox 2115 4877 3691 4968">
     <span class='ocr_line' id='line_1_109' title="bbox 2115 4877 3691 4968; baseline 0.016 -40"><span class='ocrx_word' id='word_1_707' title='bbox 2115 4877 2257 4968; x_wconf 82' lang='grc' dir='ltr'>κατὰ</span> <span class='ocrx_word' id='word_1_708' title='bbox 2278 4879 2384 4932; x_wconf 84' lang='grc' dir='ltr'>τῶν</span> <span class='ocrx_word' id='word_1_709' title='bbox 2417 4881 2647 4952; x_wconf 80' lang='grc' dir='ltr'>ἀνιέρων</span> <span class='ocrx_word' id='word_1_710' title='bbox 2676 4884 2887 4943; x_wconf 84' lang='grc' dir='ltr'>δώδεκα</span> <span class='ocrx_word' id='word_1_711' title='bbox 2920 4894 3151 4947; x_wconf 85' lang='grc' dir='ltr'>τουτωνέ</span> <span class='ocrx_word' id='word_1_712' title='bbox 3186 4912 3200 4960; x_wconf 88' lang='grc'>;</span> <span class='ocrx_word' id='word_1_713' title='bbox 3234 4896 3307 4949; x_wconf 83' lang='grc' dir='ltr'><strong>Οὐ</strong></span> <span class='ocrx_word' id='word_1_714' title='bbox 3332 4898 3441 4968; x_wconf 79' lang='grc' dir='ltr'><strong>γὰρ</strong></span> <span class='ocrx_word' id='word_1_715' title='bbox 3483 4900 3691 4955; x_wconf 79' lang='grc' dir='ltr'>οἴδασιν</span> 
     </span>
    </p>
   </div>
   <div class='ocr_carea' id='block_1_110' title="bbox 2115 4967 3689 5061">
    <p class='ocr_par' dir='ltr' id='par_1_110' title="bbox 2115 4967 3689 5061">
     <span class='ocr_line' id='line_1_110' title="bbox 2115 4967 3689 5061; baseline 0.018 -43"><span class='ocrx_word' id='word_1_716' title='bbox 2115 4967 2165 5061; x_wconf 82' lang='lat' dir='ltr'><strong>ei</strong></span> <span class='ocrx_word' id='word_1_717' title='bbox 2220 4969 2585 5042; x_wconf 77' lang='grc' dir='ltr'>ταλαίπωροι,</span> <span class='ocrx_word' id='word_1_718' title='bbox 2636 4977 2744 5029; x_wconf 78' lang='grc' dir='ltr'>οὐδ’</span> <span class='ocrx_word' id='word_1_719' title='bbox 2796 4979 3081 5051; x_wconf 66' lang='grc' dir='ltr'>ἔγνωσαν,</span> <span class='ocrx_word' id='word_1_720' title='bbox 3112 4989 3209 5041; x_wconf 80' lang='grc' dir='ltr'>καὶ</span> <span class='ocrx_word' id='word_1_721' title='bbox 3257 4988 3549 5061; x_wconf 73' lang='grc' dir='ltr'>ηνώθησαν</span> <span class='ocrx_word' id='word_1_722' title='bbox 3579 4994 3689 5055; x_wconf 79' lang='grc' dir='ltr'>τοῖς</span> 
     </span>
    </p>
   </div>
   <div class='ocr_carea' id='block_1_111' title="bbox 2115 5060 3689 5153">
    <p class='ocr_par' dir='ltr' id='par_1_111' title="bbox 2115 5060 3689 5153">
     <span class='ocr_line' id='line_1_111' title="bbox 2115 5060 3689 5153; baseline 0.016 -40"><span class='ocrx_word' id='word_1_723' title='bbox 2115 5060 2388 5129; x_wconf 76' lang='grc' dir='ltr'>Λατίνοις,</span> <span class='ocrx_word' id='word_1_724' title='bbox 2421 5064 2481 5118; x_wconf 79' lang='grc' dir='ltr'>τὸ</span> <span class='ocrx_word' id='word_1_725' title='bbox 2512 5067 2744 5140; x_wconf 85' lang='grc' dir='ltr'>πάτριον</span> <span class='ocrx_word' id='word_1_726' title='bbox 2797 5073 3165 5141; x_wconf 81' lang='grc' dir='ltr'>ἀπολέσαντες</span> <span class='ocrx_word' id='word_1_727' title='bbox 3203 5060 3477 5152; x_wconf 81' lang='grc' dir='ltr'>φρόνημα.</span> <span class='ocrx_word' id='word_1_728' title='bbox 3526 5084 3689 5153; x_wconf 85' lang='grc' dir='ltr'>Ἐρώ-</span> 
     </span>
    </p>
   </div>
   <div class='ocr_carea' id='block_1_112' title="bbox 2114 5154 3688 5245">
    <p class='ocr_par' dir='ltr' id='par_1_112' title="bbox 2114 5154 3688 5245">
     <span class='ocr_line' id='line_1_112' title="bbox 2114 5154 3688 5245; baseline 0.018 -42"><span class='ocrx_word' id='word_1_729' title='bbox 2114 5167 2285 5245; x_wconf 72' lang='grc' dir='ltr'>τησον</span> <span class='ocrx_word' id='word_1_730' title='bbox 2313 5154 2369 5208; x_wconf 74' lang='grc' dir='ltr'><strong>δὲ</strong></span> <span class='ocrx_word' id='word_1_731' title='bbox 2401 5158 2566 5228; x_wconf 79' lang='grc' dir='ltr'>κάμὲ,</span> <span class='ocrx_word' id='word_1_732' title='bbox 2603 5164 2698 5217; x_wconf 77' lang='grc' dir='ltr'>καὶ</span> <span class='ocrx_word' id='word_1_733' title='bbox 2735 5165 2925 5237; x_wconf 76' lang='grc' dir='ltr'>ίκανήν</span> <span class='ocrx_word' id='word_1_734' title='bbox 2969 5185 3052 5221; x_wconf 86' lang='grc' dir='ltr'><strong>σοι</strong></span> <span class='ocrx_word' id='word_1_735' title='bbox 3086 5171 3308 5241; x_wconf 82' lang='grc' dir='ltr'>παρέξω</span> <span class='ocrx_word' id='word_1_736' title='bbox 3366 5174 3688 5245; x_wconf 80' lang='grc' dir='ltr'>ἀπολογίαν,</span> 
     </span>
    </p>
   </div>
   <div class='ocr_carea' id='block_1_113' title="bbox 2115 5241 2639 5323">
    <p class='ocr_par' dir='ltr' id='par_1_113' title="bbox 2115 5241 2639 5323">
     <span class='ocr_line' id='line_1_113' title="bbox 2115 5241 2639 5323; baseline 0.013 -23"><span class='ocrx_word' id='word_1_737' title='bbox 2115 5241 2199 5312; x_wconf 66' lang='grc' dir='ltr'><strong>ἐφ’</strong></span> <span class='ocrx_word' id='word_1_738' title='bbox 2230 5242 2311 5307; x_wconf 84' lang='grc' dir='ltr'>οἷς</span> <span class='ocrx_word' id='word_1_739' title='bbox 2341 5247 2409 5303; x_wconf 84' lang='grc' dir='ltr'>ἂν</span> <span class='ocrx_word' id='word_1_740' title='bbox 2437 5250 2639 5323; x_wconf 81' lang='grc' dir='ltr'>ἀπορῇ.</span> 
     </span>
    </p>
   </div>
   <div class='ocr_carea' id='block_1_114' title="bbox 2190 5333 3687 5431">
    <p class='ocr_par' dir='ltr' id='par_1_114' title="bbox 2190 5333 3687 5431">
     <span class='ocr_line' id='line_1_114' title="bbox 2190 5333 3687 5431; baseline 0.018 -42"><span class='ocrx_word' id='word_1_741' title='bbox 2190 5333 2337 5393; x_wconf 71' lang='grc' dir='ltr'><strong>Εὺλ.</strong></span> <span class='ocrx_word' id='word_1_742' title='bbox 2375 5340 2481 5395; x_wconf 82' lang='grc' dir='ltr'><strong>Τοῦ</strong></span> <span class='ocrx_word' id='word_1_743' title='bbox 2501 5344 2733 5416; x_wconf 80' lang='grc' dir='ltr'>ἀδελφοῦ</span> <span class='ocrx_word' id='word_1_744' title='bbox 2784 5351 3019 5405; x_wconf 76' lang='grc' dir='ltr'>τελώνου</span> <span class='ocrx_word' id='word_1_745' title='bbox 3064 5358 3129 5426; x_wconf 82' lang='grc' dir='ltr'><strong>τῇ</strong></span> <span class='ocrx_word' id='word_1_746' title='bbox 3177 5358 3301 5426; x_wconf 74' lang='grc' dir='ltr'><strong>χθὲς</strong></span> <span class='ocrx_word' id='word_1_747' title='bbox 3334 5360 3545 5431; x_wconf 74' lang='grc' dir='ltr'>ἥκουσα</span> <span class='ocrx_word' id='word_1_748' title='bbox 3593 5380 3687 5417; x_wconf 84' lang='grc' dir='ltr'>κα-</span> 
     </span>
    </p>
   </div>
   <div class='ocr_carea' id='block_1_115' title="bbox 2114 5431 3683 5523">
    <p class='ocr_par' dir='ltr' id='par_1_115' title="bbox 2114 5431 3683 5523">
     <span class='ocr_line' id='line_1_115' title="bbox 2114 5431 3683 5523; baseline 0.017 -44"><span class='ocrx_word' id='word_1_749' title='bbox 2114 5431 2466 5523; x_wconf 76' lang='grc' dir='ltr'>τακρίνοντος</span> <span class='ocrx_word' id='word_1_750' title='bbox 2494 5435 2706 5492; x_wconf 85' lang='grc' dir='ltr'>δώδεκα</span> <span class='ocrx_word' id='word_1_751' title='bbox 2731 5443 2919 5510; x_wconf 77' lang='grc' dir='ltr'><strong>ἱερεῖς.</strong></span> <span class='ocrx_word' id='word_1_752' title='bbox 2967 5447 3064 5499; x_wconf 76' lang='grc' dir='ltr'>καὶ</span> <span class='ocrx_word' id='word_1_753' title='bbox 3094 5448 3247 5519; x_wconf 66' lang='grc' dir='ltr'>παρὰ</span> <span class='ocrx_word' id='word_1_754' title='bbox 3285 5448 3381 5503; x_wconf 81' lang='grc' dir='ltr'>σοῦ</span> <span class='ocrx_word' id='word_1_755' title='bbox 3417 5452 3683 5523; x_wconf 83' lang='grc' dir='ltr'>σήμερον.</span> 
     </span>
    </p>
   </div>
   <div class='ocr_carea' id='block_1_116' title="bbox 2116 5520 3688 5613">
    <p class='ocr_par' dir='ltr' id='par_1_116' title="bbox 2116 5520 3688 5613">
     <span class='ocr_line' id='line_1_116' title="bbox 2116 5520 3688 5613; baseline 0.024 -42"><span class='ocrx_word' id='word_1_756' title='bbox 2116 5520 2318 5613; x_wconf 72' lang='grc' dir='ltr'>ᾼέγετε</span> <span class='ocrx_word' id='word_1_757' title='bbox 2351 5524 2460 5595; x_wconf 84' lang='grc' dir='ltr'><strong>γὰρ</strong></span> <span class='ocrx_word' id='word_1_758' title='bbox 2493 5528 2691 5596; x_wconf 76' lang='grc' dir='ltr'>αὐτοὺς</span> <span class='ocrx_word' id='word_1_759' title='bbox 2721 5534 3153 5608; x_wconf 71' lang='grc' dir='ltr'>Λατινόερρονας,</span> <span class='ocrx_word' id='word_1_760' title='bbox 3186 5543 3282 5595; x_wconf 72' lang='grc' dir='ltr'>καὶ</span> <span class='ocrx_word' id='word_1_761' title='bbox 3303 5520 3688 5613; x_wconf 15' lang='grc' dir='ltr'>ἁρνητήᾶςψτῆς</span> 
     </span>
    </p>
   </div>
   <div class='ocr_carea' id='block_1_117' title="bbox 2115 5612 3701 5707">
    <p class='ocr_par' dir='ltr' id='par_1_117' title="bbox 2115 5612 3701 5707">
     <span class='ocr_line' id='line_1_117' title="bbox 2115 5612 3701 5707; baseline 0.016 -43"><span class='ocrx_word' id='word_1_762' title='bbox 2115 5612 2401 5707; x_wconf 63' lang='grc' dir='ltr'>όροοδόξου</span> <span class='ocrx_word' id='word_1_763' title='bbox 2440 5619 2701 5691; x_wconf 84' lang='grc' dir='ltr'>πίστεως,</span> <span class='ocrx_word' id='word_1_764' title='bbox 2729 5624 2818 5678; x_wconf 84' lang='grc' dir='ltr'>διὰ</span> <span class='ocrx_word' id='word_1_765' title='bbox 2845 5626 2906 5679; x_wconf 73' lang='grc' dir='ltr'><strong>τὸ</strong></span> <span class='ocrx_word' id='word_1_766' title='bbox 2929 5628 3273 5700; x_wconf 79' lang='grc' dir='ltr'>ὑποταγῆναι</span> <span class='ocrx_word' id='word_1_767' title='bbox 3305 5636 3371 5704; x_wconf 74' lang='grc' dir='ltr'>τῇ</span> <span class='ocrx_word' id='word_1_768' title='bbox 3407 5612 3533 5707; x_wconf 61' lang='grc' dir='ltr'>ἱερᾷ</span> <span class='ocrx_word' id='word_1_769' title='bbox 3563 5653 3701 5690; x_wconf 87' lang='grc' dir='ltr'>συν-.</span> 
     </span>
    </p>
   </div>
   <div class='ocr_carea' id='block_1_118' title="bbox 2115 5703 3689 5797">
    <p class='ocr_par' dir='ltr' id='par_1_118' title="bbox 2115 5703 3689 5797">
     <span class='ocr_line' id='line_1_118' title="bbox 2115 5703 3689 5797; baseline 0.018 -43"><span class='ocrx_word' id='word_1_770' title='bbox 2115 5703 2244 5774; x_wconf 81' lang='grc' dir='ltr'>ὁδῳ.</span> <span class='ocrx_word' id='word_1_771' title='bbox 2273 5705 2661 5778; x_wconf 81' lang='grc' dir='ltr'>Βούλομαιοῦν</span> <span class='ocrx_word' id='word_1_772' title='bbox 2688 5718 2857 5797; x_wconf 51' lang='grc' dir='ltr'>παρὰ.</span> <span class='ocrx_word' id='word_1_773' title='bbox 2874 5721 2970 5771; x_wconf 84' lang='grc' dir='ltr'>σοῦ</span> <span class='ocrx_word' id='word_1_774' title='bbox 3015 5722 3211 5788; x_wconf 78' lang='grc' dir='ltr'>μαθεῖν</span> <span class='ocrx_word' id='word_1_775' title='bbox 3260 5726 3310 5779; x_wconf 79' lang='lat' dir='ltr'><strong>si</strong></span> <span class='ocrx_word' id='word_1_776' title='bbox 3349 5703 3689 5782; x_wconf 46' lang='lat' dir='ltr'><strong>abscedim-</strong></span> 
     </span>
    </p>
   </div>
  </div>
