4022 6196
312 268 418 334 965

1226 268 1727 329 DISCEPTATIO
1759 266 1910 327 PRO
1949 266 2162 327 CONC.
2206 263 2583 325 FLORENT.

3476 261 3581 324 956

312 398 457 454 τριοι
495 380 585 434 ἐπ’
616 380 878 453 ἀληθείας
908 377 1019 433 eici.
1047 379 1143 450 τῆς
1190 380 1481 450 ὀρθοδόξου
1520 383 1784 445 πίστεως,
1814 377 1893 432 διὰ

2044 386 2157 431 xtra
2184 374 2546 431 orthodoxam
2591 371 2753 429 tidem
2789 371 3092 437 ducantur,
3132 370 3279 442 quod
3312 384 3430 426 sese
3462 372 3583 426 uni-

320 476 381 529 τὸ
414 474 690 543 ἐωθῆναι
718 473 915 535 αὑτοὺς
938 475 1005 544 τῇ
1031 472 1235 544 συνόδῳ
1266 475 1334 545 τῇ
1356 475 1414 525 ὲν
1444 472 1761 543 Φλωρεντίᾳ
1784 467 1893 541 πρὸ

2044 470 2177 525 srint
2201 484 2310 523 non
2338 467 2511 522 multo
2531 474 2659 521 ante
2681 464 2966 522 celebratae
2987 465 3195 536 synodo
3216 463 3585 519 Florentium?

315 566 514 637 μικροῦ
534 566 836 639 γενομένης

395 659 558 714 Ῥακ.
589 657 701 710 Καὶ
733 658 877 711 πάνυ
912 658 1010 729 μὲν
1035 652 1150 723 οὖν,
1202 657 1390 729 ἐχθροί
1421 658 1530 710 είσι
1591 657 1685 709 καὶ¹
1735 656 1893 711 ἀλλὸ-

2071 653 2231 709 Rhac.
2270 655 2340 710 Et
2369 655 2610 711 maxime
2649 653 2870 724 quidem
2894 635 3036 709 sunt
3063 652 3274 719 hostes,
3311 662 3367 709 et
3391 653 3582 708 adver-

310 760 455 824 τριοι
494 753 594 821 τῆς
622 750 934 815 εὐσεϐείας,
971 751 1067 805 καὶ
1099 751 1194 805 τοῦ
1218 748 1455 820 ἀληθοῦς
1478 750 1575 805 καὶ
1618 749 1891 820 πατρικοῦ

2044 746 2125 801 lrii
2179 744 2423 817 pietatis,
2478 754 2534 802 et
2566 745 2702 811 veri,
2752 744 3024 816 patriique
3057 743 3346 813 dogmatis.
3395 744 3460 800 Et
3487 731 3584 817 qui

310 844 688 915 φρονήματος,
722 844 818 898 καὶ
844 842 874 896 ὀ
912 842 1298 911 συγκοινωνῶν
1348 842 1533 905 αὐτοῖς
1576 842 1894 913 ἀφωρισμέ-

310 957 398 1002 νος
428 938 596 992 ἐστίν.

380 1033 532 1088 Εὐλ.
574 1029 721 1101 Ἐγὼ
765 1029 984 1101 ίδιὼτης
1028 1030 1128 1095 ὣν,
1168 1028 1369 1101 δέομαί
1411 1044 1529 1092 σου,
1568 1030 1712 1083 κατά
1760 1027 1894 1082 πεῦ-

312 1142 395 1179 σιν
463 1127 557 1179 καὶ⁵
609 1125 907 1194 ἀπόκρισιν
971 1123 1202 1191 ποιῆσαι
1267 1125 1360 1175 τὸν
1412 1121 1599 1191 λόγον.
1651 1121 1727 1175 Oti
1782 1122 1894 1191 γάρ

308 1219 545 1286 δύναμαι
600 1216 849 1288 μακροὺς
909 1216 1220 1269 ἀποτείνειν
1247 1253 1263 1280 ,
1319 1212 1440 1266 ἀλλ’
1500 1212 1611 1266 οὐδ’
1670 1212 1894 1269 ἀκούειν

308 1309 521 1379 λόγους.

393 1403 557 1459 Ῥακ.
587 1401 733 1471 Λέγε
782 1400 810 1454 ὃ
835 1398 1034 1464 θέλεις,
1063 1398 1160 1453 καὶ
1208 1398 1300 1452 ἐπὶ
1326 1398 1495 1451 πᾶσιν
1527 1395 1895 1469 ἀποκριθήσο-

312 1512 436 1565 μαι.
473 1495 670 1558 Καλῶς
701 1494 811 1564 γὰρ
868 1494 1009 1564 ἔφης
1059 1491 1320 1561 γενέσθαι
1383 1490 1483 1562 τὴν
1529 1491 1767 1557 διάλεξιν
1806 1492 1896 1549 διὰ

309 1586 564 1657 βραχέων
593 1587 793 1650 λόγων.

379 1682 529 1732 Εὐλ.
571 1677 819 1747 Ἐρωτῶ*
866 1678 1020 1730 Διατί
1052 1675 1281 1744 ἐχθροὺς
1319 1675 1519 1739 αὐτοὺς
1561 1673 1743 1744 λέγεις
1797 1678 1897 1748 τῆς

309 1768 596 1839 ὀρθοδόξου
630 1769 903 1833 πίστεωςς

392 1861 557 1915 Ῥακ.
592 1861 695 1913 Διά
721 1859 783 1913 τδ
814 1858 1259 1930 ἀπώσασθαιτὴν
1293 1856 1572 1930 ὀρθόδοξον
1598 1859 1782 1914 πίστιν
1799 1860 1894 1914 καὶ

311 1956 581 2024 ἑνωθῆναι
616 1952 897 2015 Λατίνοις.

378 2047 531 2102 Eia.
576 2046 714 2101 Ποία
783 2046 933 2100 ἐστὶν
966 2046 1000 2116 ἡ
1049 2044 1328 2116 δρθόδοξος
1376 2045 1579 2112 πίστις,
1641 2044 1896 2115 ἐπιθυμῶ

319 2140 539 2211 μαθεῖν.

389 2232 553 2286 Ῥιικ.
588 2232 652 2285 Ἡ
684 2228 959 2301 θρησκεία
981 2224 1078 2283 καὶ
1104 2226 1368 2298 ὁμολογία
1392 2228 1551 2301 ἡμῶν
1582 2228 1690 2282 τῶν
1723 2229 1893 2298 Γραιο

307 2342 442 2379 κων.

375 2416 522 2470 Eb}.
554 2416 660 2469 Καὶ
687 2413 1000 2487 ήάλλοτρία
1023 2412 1207 2476 πίστις
1236 2411 1319 2475 τίς
1339 2413 1487 2465 ἔστιν
1525 2429 1539 2478 ;

391 2511 559 2565 'Pax.
602 2508 670 2562 Ἦ
700 2509 812 2562 τῶν
840 2508 1109 2562 Λατίνων.

381 2604 531 2656 Εῠλ.
562 2600 769 2654 Οὐκοῦν
792 2601 840 2654 οί
866 2601 1090 2654 Λατῖνοι
1113 2598 1215 2653 οὐκ
1243 2598 1381 2652 είσὶν
1407 2595 1711 2671 δρθόδοξοι,

395 2694 576 2750 “Pax.
596 2685 846 2765 Οὕδαᾴἧ.

388 2787 537 2842 Eia.
567 2788 679 2841 Καὶ
710 2785 805 2841 νῦν
859 2785 1112 2855 ἐγένοντο
1143 2781 1463 2855 ἑτερόδοξοι,
1494 2784 1527 2855 ἢ
1560 2783 1669 2854 πρὸ
1697 2782 1894 2836 πολλοῦ

310 2880 412 2951 τὴν
442 2881 624 2933 πίστιν
659 2878 950 2933 ἀπώλεσαν
970 2894 985 2932 :

394 2974 560 3028 Ῥακ.
593 2973 706 3045 Πρὸ
738 2970 1117 3027 πεντακοσίων
1152 2969 1382 3041 χρόνων.
1868 3029 1877 3041 ί

384 3065 536 3119 Εὐλ.
571 3063 682 3116 Καὶ
740 3062 791 3115 εί
852 3061 961 3133 πρὸ
997 3062 1372 3114 πεντακοσίων
1410 3058 1640 3129 χρόνων,
1697 3058 1775 3122 ὡς
1828 3058 1893 3111 σὺ

2002 851 2125 892 cum
2156 837 2237 892 eis
2265 835 2665 902 communicat,
2689 841 2771 891 est
2800 833 3333 891 excommunicatus.

2067 1024 2347 1097 Pius.Ego
2373 1025 2525 1081 rudis
2546 1040 2671 1081 cum
2691 1026 2793 1081 sim
2814 1067 2831 1093 ,
2854 1025 3019 1082 etiam
3044 1033 3207 1097 atque
3229 1020 3392 1080 etiam
3417 1022 3581 1090 insto,
3621 1008 3629 1063 ³

1999 1124 2060 1170 ut
2094 1132 2382 1172 sermones
2404 1117 2705 1171 secundum
2736 1116 3249 1188 interrogationem,
3274 1118 3330 1173 et
3355 1130 3582 1187 respon-

1997 1210 2206 1264 sionem
2260 1208 2613 1280 dirigantur:
2656 1210 2851 1280 longos
2875 1210 3022 1266 enim
3067 1222 3352 1265 sermones
3403 1225 3582 1279 neque

1998 1300 2113 1370 ipse
2140 1300 2363 1368 ducere,
2389 1301 2458 1355 ab
2480 1315 2659 1369 neque
2685 1301 2808 1356 aliis
2835 1302 3141 1357 insinuatos
3174 1301 3365 1355 audire
3404 1299 3583 1356 valeo.

2069 1387 2241 1444 Rhac.
2272 1389 2367 1443 Dic
2389 1391 2537 1460 quod
2559 1390 2728 1456 lubet,
2757 1398 2813 1445 et
2837 1390 2891 1444 in
2915 1389 3171 1445 omnibus
3196 1389 3580 1459 respondebo;

1996 1481 2166 1550 probe
2215 1480 2364 1536 enim
2397 1481 2609 1565 dixisti.
2640 1483 2793 1539 brevi
2828 1499 3083 1539 sermone
3123 1482 3580 1554 disceptationem

1997 1587 2121 1628 esse
2152 1573 2551 1628 extricandam.

2069 1672 2224 1727 Pius.
2259 1674 2563 1744 Interrogo.
2608 1675 2726 1743 Qua
2768 1676 2837 1732 de
2859 1691 3024 1733 causa
3074 1678 3224 1749 ipsos
3267 1676 3585 1733 orthodoxa:

1923 1758 1970 1818 Β
1999 1764 2120 1821 ﬁdei
2156 1765 2346 1821 hostes
2386 1768 2713 1837 nuncupas?

2068 1849 2241 1906 Rhac.
2259 1850 2416 1918 Quod
2440 1862 2581 1909 recta
2606 1853 2712 1910 ﬁde
2730 1853 2933 1925 reiecta
2954 1871 3075 1911 cum
3098 1852 3306 1912 Latinis
3329 1855 3385 1911 in
3410 1872 3581 1923 unum

1997 1947 2332 2003 coaluerint.

2066 2036 2219 2091 Pius.
2251 2036 2510 2105 Qumnam
2542 2038 2615 2096 sit
2639 2038 2774 2096 fides
2805 2041 3135 2108 orthodoxa,
3171 2044 3337 2113 cupio
3361 2044 3523 2100 scire.

2069 2213 2236 2271 Rhea.
2277 2215 2508 2287 Religio,
2552 2223 2606 2272 et
2636 2217 2909 2287 professio
2934 2218 3277 2275 Graecorum.

2067 2403 2225 2460 Pius.
2255 2405 2446 2483 Aliepa
2482 2422 2612 2463 vero
2647 2407 2777 2464 ﬁdes
2802 2424 3053 2480 quaenam
3085 2411 3211 2468 est?

2069 2494 2240 2553 Rhac.
2272 2496 2618 2555 Latinorum.

2069 2587 2223 2645 Pius.
2252 2587 2429 2647 Latini
2463 2593 2648 2665 itaque
2671 2594 2964 2653 orthodoxi
2994 2612 3104 2654 non
3135 2599 3300 2656 sunt?

2068 2678 2233 2737 Illinc.
2274 2681 2417 2739 Non.

2074 2772 2223 2829 Pius.
2263 2774 2496 2834 Nuncne
2561 2779 2727 2836 alieni
2757 2798 2785 2836 a
2821 2783 2924 2841 (ide
2960 2781 3087 2841 facti
3116 2793 3268 2855 sunt,
3303 2800 3375 2842 an
3417 2788 3585 2855 multo

1996 2874 2156 2921 antea
2190 2866 2351 2922 ﬁdem
2376 2870 2676 2927 amiserunt
2700 2872 2724 2926 ?

2069 2957 2235 3016 Rhac.
2267 2960 2410 3018 Ante
2435 2963 2767 3035 quingentos
2796 2982 2991 3024 annos.

2076 3050 2235 3109 Pius.
2269 3051 2335 3109 Et
2381 3055 2426 3110 si
2456 3066 2585 3114 ante
2615 3057 2949 3130 quingentos
2978 3077 3154 3120 annos
3181 3061 3360 3120 Latini
3394 3065 3579 3134 ﬁdem,

311 3117 459 3231 φῂς,
517 3158 567 3209 oi.
634 3157 855 3210 Λατῖνοι
898 3117 1002 3225 ζτὴν
1065 3154 1244 3206 πίστιν
1306 3117 1801 3213 ἀπιέλεσανίδιατί
1844 3152 1893 3205 oi

2045 3150 2065 3198 ι
2098 3150 2155 3197 tu
2189 3146 2417 3213 astruis,
2455 3148 2776 3218 amiserunt,
2810 3166 2976 3222 quam
3014 3154 3083 3208 ob
3116 3169 3339 3210 causam
3378 3162 3577 3225 nostri,

311 3248 577 3318 ἡμέτεροι
631 3243 906 3317 ὀρθόδοξοι
964 3245 1120 3307 ὄντες
1181 3242 1380 3305 αὐτοὺς
1422 3242 1522 3294 οὐκ
1559 3241 1890 3311 έστήριξανς

309 3339 449 3407 Φησὶ
493 3338 604 3408 γάρ
636 3338 665 3391 δ
712 3337 898 3400 κοινδς
948 3334 1274 3396 διδάσκαλος
1315 3334 1476 3405 ἡμῶν
1505 3348 1564 3385 τε
1598 3332 1891 3398 κάκείνων,

315 3429 547 3499 Ἔγειρε
582 3427 854 3481 πεσόντα
885 3425 995 3479 τὸν
1024 3420 1301 3492 ἀδελφόν
1328 3435 1468 3477 σου.

397 3522 563 3576 Ῥακ.
598 3517 671 3573 Εὖ
703 3519 883 3588 λέγεις
904 3531 918 3547 ·
947 3516 1063 3570 ἀλλ’
1088 3515 1187 3569 οὐκ
1224 3513 1521 3585 ⁴Ιλθέληοίιν.

391 3618 537 3671 Εὐλ.
575 3613 796 3682 ’Λπορῶ
833 3611 929 3665 ἐπὶ
957 3609 1155 3682 τούτῳ.

401 3712 557 3779 .‘Axp.
582 3707 752 3762 Τοῦτο
784 3706 1112 3776 σαφήνισον,
1161 3701 1215 3757 τί
1256 3700 1454 3774 δηλοῦν
1508 3699 1762 3772 βούλεται
1810 3699 1893 3767 τὸ,

319 3802 484 3856 Αὐτοὶ
514 3801 616 3853 οὐκ
645 3799 922 3868 ⁴Ιιιθέλησαν
942 3813 959 3860 ς

397 3893 563 3947 Ῥακ.
604 3889 668 3943 Oi
697 3888 926 3961 Γραικοὶ
960 3886 1226 3941 ἐκάλεσαν
1272 3885 1400 3949 τοὺς
1432 3883 1699 3945 Λατίνους
1751 3882 1897 3938 διδά-

315 3987 424 4055 ξαι,
459 3987 553 4039 καὶ
584 3983 841 4055 στηρίξαι
869 3980 1072 4045 αὐτοὺς
1100 3980 1160 4033 ὲν
1188 3980 1256 4051 τῇ
1295 3978 1510 4047 πίστει..
1545 3975 1714 4031 Αὐτοὶ
1748 3975 1805 4029 δὲ
1832 3976 1893 4028 ού

314 4072 695 4138 κατεδέξαντο,
728 4070 838 4125 οὐδ’
873 4069 1150 4139 ἠθέλησαν
1170 4066 1500 4122 ὶπακοῦσαι.

388 4164 540 4221 Εὐλ.
574 4164 755 4230 Δεῖξον
784 4179 875 4233 μοι
906 4162 1127 4227 θᾶττον,
1163 4159 1296 4214 πότε
1345 4158 1546 4222 αὐτοὺς
1605 4156 1895 4222 ἐκάλεσαν,

315 4260 412 4314 καὶ
445 4259 600 4312 αὐτοὶ
625 4259 729 4310 οὐκ
755 4256 1102 4321 ὑπήκουσαν.
1119 4251 1525 4324 Φοδοῦμαιγάρ
1557 4252 1755 4322 μήπως
1779 4248 1895 4303 ἐστὶ

314 4354 429 4406 πᾶν
455 4350 794 4404 τούναντίον.

396 4444 559 4499 Ῥακ.
596 4441 889 4504 Πολλάκις.
936 4438 1079 4495 Ἀλλ’
1108 4438 1263 4495 οινῖνιτολ⁸
1290 4439 1393 4491 οὐκ
1421 4435 1715 4508 ἠθέλησαν.

378 4537 526 4591 Εὺλ.
564 4536 639 4588 Οὐ
674 4534 812 4588 θέλω
845 4533 1041 4602 λόγους
1069 4530 1297 4585 ἀκούειν
1326 4528 1544 4596 κενοὺς,
1597 4527 1713 4581 ἀλλ’
1746 4525 1886 4582 ἀπόο

311 4629 480 4694 δειξιν
512 4628 715 4698 ἀληθῆ.

395 4722 562 4775 Ῥακ.
601 4720 789 4779 Οὕτως
826 4718 1012 4772 ἀκούω
1056 4717 1215 4784 κάγὼ
1271 4713 1383 4768 τῶν
1436 4710 1655 4765 πολλῶν
1704 4709 1892 4776 λεγόν-

312 4831 537 4960 τωέὑνι.
569 4905 645 4957 Ού
664 4903 773 4957 τῶν
798 4901 1012 4956 πολλῶν
1034 4900 1148 4969 ιγὼ
1162 4897 1335 4953 ἐθέλω
1354 4896 1599 4961 ἀκούειν,
1629 4894 1769 4949 ἀλλὰ
1784 4893 1895 4947 τῶν

313 4998 654 5053 διδασκάλων
686 4995 788 5066 τῆς
832 4993 1187 5065 Ἐκκλησίας.

402 5087 568 5140 Ῥαιι.
606 5084 802 5148 Καλῶς
845 5084 1003 5155 ἔφης.
1044 5083 1157 5138 Καὶ
1195 5082 1362 5153 ἡμεῖς
1387 5080 1500 5135 τῶν
1551 5078 1894 5134 διδασκάλων

314 5177 630 5245 ἀκούοντες,
667 5178 777 5230 τῶν
808 5175 1057 5230 Λατίνων
1081 5173 1437 5246 ὲσχίσθημεν.

394 5273 539 5327 Eia.
570 5269 686 5324 Νῦν
712 5270 870 5341 ἥκεις
906 5267 1043 5339 πρὸς
1078 5266 1107 5320 ὃ
1146 5264 1258 5336 ἐγὼ
1281 5266 1567 5336 βούλομαι.

399 5470 567 5524 Ῥακ.
614 5468 680 5521 Τί
714 5464 930 5537 βούλει;

387 5562 535 5615 eos.
588 5557 922 5629 ’Λρίθμησόν
950 5573 1041 5627 μοι
1064 5556 1192 5618 τοὺς
1210 5555 1569 5616 διδασκάλους
1604 5553 1729 5606 κατ’
1780 5554 1900 5606 ὄνο-

322 5671 421 5723 μα,
451 5646 525 5705 ὧν
552 5648 863 5712 ἐπακούσας
890 5648 1138 5702 Λατίνων
1166 5647 1442 5719 ὲσχῑσθης.

404 5743 570 5797 Ῥακ.
607 5742 846 5811 Ἐχομεν
910 5740 1119 5794 Φώτιον
1184 5742 1404 5810 πρῶτον
1455 5742 1601 5797 κοιτά
1651 5739 1903 5795 Λατίνων

2003 3252 2124 3290 cum
2160 3251 2346 3295 essent
2378 3243 2696 3311 orthodoxi,
2755 3259 2850 3301 eos
2885 3260 2996 3299 non
3035 3246 3417 3304 instruxerunt
3453 3267 3583 3307 con-

2002 3330 2445 3403 ﬁrmaruntque?
2476 3335 2564 3389 Ait
2610 3337 2754 3391 enim
2799 3340 3110 3394 communis
3166 3350 3351 3396 noster
3382 3352 3436 3397 et
3467 3344 3586 3399 illo-

2003 3436 2121 3476 rum
2158 3424 2421 3493 magister
2449 3441 2467 3482 :
2503 3425 2665 3497 Erige
2691 3427 2914 3497 fratrem
2942 3437 3114 3498 tuum,
3146 3433 3237 3502 qui
3265 3434 3473 3489 cecidit.

2072 3511 2239 3569 Rhac.
2264 3512 2414 3570 Bene
2440 3516 2522 3571 ais
2550 3533 2564 3584 ;
2600 3519 2695 3573 sed
2724 3519 3041 3577 noluerunt.

2072 3602 2228 3662 Pius.
2262 3607 2321 3662 In
2355 3608 2458 3664 hoc
2490 3610 2692 3666 haereo.

2076 3699 2322 3761 Auditor.
2374 3701 2488 3758 Hoc
2541 3706 2770 3774 extrica,
2818 3704 2950 3777 quid
2993 3705 3269 3779 signiﬁcat
3313 3708 3469 3780 illud,
3502 3710 3587 3767 illi

2002 3794 2283 3848 noluerunt
2303 3795 2328 3848 .’

2082 3883 2251 3937 Rhac.
2290 3882 2462 3939 Graeci
2500 3885 2726 3942 Latinos
2775 3890 3205 3958 accersiverunt,
3247 3898 3308 3946 ut
3346 3892 3586 3951 instrue-

2005 3985 2132 4030 rent
2157 3988 2211 4029 et
2231 3978 2624 4033 conﬁrmarent
2651 3980 2706 4035 in
2735 3981 2838 4039 fide
2860 3999 2875 4038 :
2898 3982 2977 4038 illi
3000 3999 3132 4041 vero
3158 4000 3341 4058 neque
3366 3986 3579 4058 dignati

2003 4078 2154 4133 sunt,
2186 4083 2367 4136 neque
2391 4070 2684 4127 voluerunt
2712 4073 2924 4129 audire.

2077 4158 2229 4216 Pius.
2290 4161 2527 4217 Ostende
2575 4163 2710 4218 mihi
2756 4166 2932 4235 ocius,
2990 4170 3208 4236 quando
3259 4171 3382 4227 illos
3425 4186 3584 4228 voca-

2003 4262 2150 4321 runt,
2177 4262 2229 4309 et
2254 4270 2363 4309 non
2396 4257 2705 4312 audierunt.
2742 4256 2944 4314 Vereor
2970 4261 3153 4329 enim,
3176 4277 3245 4317 ne
3272 4265 3580 4333 oppositum

2004 4348 2100 4402 sit.

2074 4436 2247 4494 Rliac.
2277 4438 2509 4509 Saepius,
2550 4439 2647 4494 sed
2681 4439 2786 4509 ipsi
2823 4441 3140 4499 noluerunt.
3478 4490 3481 4491 ν

2067 4529 2220 4585 Pius.
2256 4529 2440 4587 Mittas
2471 4530 2602 4587 mihi
2627 4547 2912 4591 sermones
2941 4534 3156 4604 inanes,
3196 4534 3390 4592 aﬂ'erto
3418 4552 3585 4608 argu-

1994 4632 2174 4677 menta
2206 4638 2359 4679 vera.
3300 4637 3308 4643 '

2065 4712 2232 4768 Rhac.
2265 4716 2358 4770 Sic
2384 4715 2634 4787 intelligo
2664 4725 2719 4773 et
2748 4717 2889 4789 ipse,
2932 4716 3213 4790 plerisque
3245 4717 3301 4774 id
3330 4734 3585 4775 asseren-

1996 4806 2188 4862 tibus.-
2234 4804 2239 4811 ”
2882 4812 2886 4817 ’

2075 4898 2224 4955 Pius.
2270 4898 2405 4956 Nolo
2447 4916 2609 4957 aures
2651 4902 2929 4975 plerisque
2966 4905 3226 4976 praebere,
3272 4906 3367 4961 sed
3399 4908 3592 4962 docto-

1999 4990 2155 5047 ribus
2181 4992 2460 5049 Ecclesizc.

2074 5085 2241 5141 Rliac.
2280 5085 2447 5143 Recte
2480 5097 2584 5144 est.
2630 5089 2697 5145 Et
2720 5106 2820 5148 nos
2871 5091 3193 5147 doctoribus
3238 5094 3445 5148 nostris
3485 5108 3584 5148 an-

2002 5177 2213 5233 dientes
2246 5194 2276 5232 a
2307 5176 2516 5234 Latinis
2547 5179 2706 5236 scissi
2734 5196 2947 5237 sumus.

2076 5276 2225 5330 Pius.
2270 5270 2599 5343 [mmigrasti
2643 5272 2921 5346 ingenium
2956 5288 3159 5341 meum,
3195 5275 3262 5330 ad
3294 5275 3583 5330 arbitrium

2006 5384 2187 5426 meum
2226 5365 2494 5435 loqueris.

2077 5461 2246 5515 Rhac.
2283 5458 2424 5524 Quid
2454 5456 2551 5511 tibi
2590 5458 2644 5510 in
2676 5457 2865 5512 animo
2896 5459 3020 5513 est?

2078 5554 2227 5609 Pius.
2267 5550 2462 5606 Prol‘er
2508 5548 2639 5603 mihi
2690 5552 3018 5607 nominatim
3061 5552 3340 5622 doctores,
3383 5552 3586 5621 quibus

2009 5662 2229 5712 suasus,
2262 5659 2293 5698 a
2321 5640 2531 5695 Latinis
2565 5648 2615 5695 te
2643 5638 2960 5711 sejunxisti.

2080 5736 2242 5792 Rhac.
2304 5733 2579 5790 Habemus
2622 5732 2906 5805 Photium,
2961 5739 3053 5809 qui
3108 5750 3300 5796 contra
3355 5732 3598 5799 Latinos
