4022 6196
300 338 406 402 969

1222 336 1715 399 DISCEPTATIO
1756 339 1908 398 PRO
1952 339 2165 399 C’)NC.
2214 340 2586 401 FLORENT.

3450 349 3561 415 970‘

300 458 531 528 ψασθαι,
559 456 673 509 ἀλλ’
702 458 859 512 αὖτοὶ
914 458 1019 530 πρὸ
1073 457 1165 511 τοῦ
1217 457 1520 526 elicitam;
1552 456 1729 521 ὄντες,
1761 457 1871 520 πῶς

1982 456 2075 510 sed
2132 471 2254 510 cum
2306 466 2431 511 ante
2466 457 2706 513 schisma
2743 458 2996 525 vixerint,
3047 465 3319 533 quomodo
3362 482 3456 525 eos
3489 473 3554 526 ad

303 550 534 619 ὣρειλον
591 551 787 615 αὐτοὺς
860 551 1044 605 καλεῖν
1129 552 1207 613 εἰς
1286 549 1552 619 ὀρθότητα
1627 549 1737 601 τῶν
1791 550 1876 601 δο-

302 645 557 712 γμὰτωνς

366 738 514 792 Εὺλ.
548 737 714 791 Ὥστε
737 738 785 791 οἱ
812 738 1054 802 Λατῖνοι,
1081 737 1355 808 ὀρθόδοξοι
1378 738 1485 809 πρὸ
1520 736 1612 790 τοῦ
1646 736 1877 807 σχίσμα-

298 846 389 892 τος
416 825 583 900 ἦσαν.

385 923 549 978 Ῥακ.
586 922 893 992 Ὀμολογῶ,
928 922 1012 975 ὅτι
1036 921 1310 993 ὀρθόδοξοι
1337 917 1498 993 ἦσαν.
1532 923 1607 975 Οὐ
1636 924 1744 993 γὰρ
1780 921 1876 975 δύο

303 1033 473 1085 ναμαι
501 1016 658 1070 τοῦτο
679 1015 1047 1086 ἀρνήσασθαι.
1082 1014 1303 1069 Μᾶλλον
1347 1014 1392 1066 δ’
1450 1013 1693 1083 ἔφθασας
1722 1013 1874 1084 ἀριθ-

305 1108 425 1176 μῶν
461 1109 554 1161 καὶ
602 1108 865 1169 Λατίνους
920 1108 1138 1175 ἁγίους,
1201 1107 1254 1159 οἵ
1295 1107 1432 1158 εἰσιν
1484 1107 1873 1173 Αὐγουστῑνος,

300 1198 603 1267 ι’ρηγόριος
653 1203 681 1252 ό
729 1201 1020 1270 Ἁιὰλογος,
1097 1199 1447 1271 Ἱερώνυμος,
1527 1200 1875 1271 ’Λμσρόσιος,

300 1297 398 1345 καὶ
451 1294 605 1347 Λὶων
635 1297 661 1346 ὁ
700 1296 897 1362 μέγας.
944 1296 1107 1350 Ἀλλὰ
1159 1294 1361 1355 πάντες
1426 1292 1575 1346 οὗτοι
1624 1294 1729 1361 πρὸ
1779 1292 1873 1345 τοῦ

301 1385 601 1453 σχίσματος
650 1382 815 1455 ἦσαν,
854 1387 949 1439 καὶ
999 1387 1235 1456 διαφορὰ
1278 1386 1380 1439 οὐκ
1425 1382 1493 1457 ἦν
1521 1387 1642 1439 τότε
1708 1386 1875 1455 μέσον

298 1476 550 1546 Γραικῶν
610 1481 706 1531 καὶ
765 1480 1038 1533 Λατίνων.
1106 1478 1266 1533 Μετὰ
1344 1479 1519 1533 ταῦτα
1577 1479 1872 1549 γενομένου

296 1570 391 1621 τοῦ
446 1571 769 1639 σχίσματος,
827 1573 985 1626 αὐτοὶ
1017 1574 1097 1635 εἰς
1131 1572 1391 1643 ἀλλότρια
1432 1573 1681 1642 δόγματα
1711 1574 1873 1626 ἔκπες

296 1663 504 1727 σιὲντες,
560 1662 661 1716 οὑκ
695 1663 1075 1739 ἠϐουλήθησαν
1101 1664 1183 1716 ἔτι
1223 1665 1353 1734 ἡμῖν
1387 1665 1675 1734 ἐνωθῆναι.

366 1754 518 1807 Εὺλ.
572 1754 760 1818 [ιᾲλιν.
792 1755 867 1819 ὡς
899 1758 1164 1826 προὲφην,
1198 1757 1330 1827 ἐρῶ.
1381 1757 1536 1810 Διατί
1582 1759 1629 1810 οἱ
1670 1758 1865 1827 ἡμέτε-

1988 553 2137 604 recta
2171 548 2426 617 dogmata
2456 552 2853 607 revocasseut?

2058 724 2207 779 Pius.
2241 725 2421 782 Latini
2450 728 2636 799 itaque
2672 738 2797 787 ante
2827 731 3069 788 schisma
3100 735 3407 793 orthodoxe
3436 753 3560 795 sen-

1988 815 2212 871 tiebant.
2350 866 2353 867 ν
3276 846 3279 847 ν

1996 948 1997 951 η
2054 909 2222 967 Rhac.
2256 910 2375 967 Non
2415 913 2627 970 inﬁcias
2674 931 2759 972 co.
2798 918 2969 972 Erant
3012 920 3328 977 orthodoxi.
3376 921 3433 975 id
3466 938 3559 977 nc-

1982 1018 2113 1075 gare
2146 1020 2256 1060 non
2303 1005 2497 1073 audeo,
2531 1024 2706 1079 eoque
2752 1012 3117 1081 potissimum,
3153 1016 3299 1086 quod
3334 1016 3557 1071 Latinos

1984 1099 2275 1154 sanctitate
2328 1101 2670 1169 pet-celebres
2722 1109 3097 1176 recensueris,
3164 1111 3559 1180 Augustinum.

1984 1187 2307 1260 Gregorium
2360 1192 2665 1263 Dialogum,
2719 1194 3131 1269 Hieronymum,
3183 1202 3558 1266 Ambrosium,

1982 1282 2220 1337 Leonem
2250 1282 2528 1355 Magnum.
2566 1287 2671 1341 Sed
2709 1287 2760 1342 bi
2791 1304 2984 1346 Omnes
3019 1301 3144 1349 ante
3179 1294 3421 1349 schisma
3454 1294 3559 1349 llo-

1982 1390 2161 1443 ruere,
2198 1392 2300 1431 nec
2336 1392 2494 1431 erant
2541 1382 2683 1433 inter
2736 1380 2958 1438 Graecos
3004 1396 3059 1438 et
3090 1385 3310 1442 Latinos
3339 1397 3560 1443 contro-

1980 1470 2172 1523 versiae
2218 1485 2320 1525 nec
2398 1470 2525 1526 fidei
2574 1473 2887 1530 diversitas.
2953 1476 3303 1533 Postmndunt
3366 1495 3558 1538 exorto

1982 1560 2283 1616 schismate
2346 1561 2524 1616 Latini
2584 1565 2635 1617 in
2688 1566 2920 1622 adversa
2977 1569 3232 1638 dogmata
3292 1574 3552 1643 prolapsi,

1980 1653 2277 1708 noluerunt
2308 1656 2542 1723 amplius
2574 1656 2858 1713 nobiscum
2884 1663 3165 1732 conjungi.

2051 1742 2205 1799 Pius.
2238 1744 2477 1813 Rursus,
2518 1759 2575 1801 ut
2624 1758 2679 1802 et
2726 1760 2891 1804 antea
2937 1752 3204 1821 dixeram,
3247 1756 3554 1813 inculcabo.

294 1864 381 1917 ροι
410 1847 609 1907 αὐτοὺς
653 1848 753 1901 οὐκ
802 1847 1127 1919 ὲστήριξαν;
1158 1847 1446 1913 Ἔφθασας
1504 1850 1613 1920 γὰρ
1672 1850 1863 1916 εἰπὼν,

1977 1835 2156 1902 Quare
2197 1853 2293 1892 eos
2327 1839 2514 1907 [nostri
2556 1840 2609 1894 in
2655 1840 2864 1912 frugem
2908 1859 3016 1898 non
3056 1847 3359 1902 reduxere?
3396 1848 3560 1903 Nam-

294 1939 376 1989 δτι
408 1938 515 2006 πρὸ
546 1938 641 1990 τοῦ
704 1939 1002 2009 σχισματος
1059 1941 1192 2009 ἡμῖν
1246 1940 1521 2010 ἡνωμένοι
1560 1937 1729 2011 ἦσαν,
1775 1944 1872 1994 καὶ

296 2028 570 2096 όρθόδοξοι
604 2029 724 2099 μεθ’
751 2031 909 2100 ἡμῶν
944 2030 1213 2102 ὑπῆρχον,
1244 2032 1337 2084 καὶ
1373 2031 1583 2085 σύνοδοι
1612 2034 1872 2103 οἰκουμεο

297 2124 447 2176 νικαὶ
480 2124 752 2189 ἐγένοντο,
788 2123 852 2186 ἃς
888 2104 1164 2195 ἐπλήρουν
1194 2141 1251 2176 τε
1286 2125 1381 2177 καὶ
1418 2125 1689 2192 ἔπραττον
1707 2126 1871 2194 Γραι-

298 2217 387 2270 κοὶ
416 2216 553 2284 ὁμοῦ
580 2217 676 2270 καὶ
704 2218 947 2282 Λατῖνοι,
980 2218 1076 2271 καὶ
1103 2218 1231 2281 τοὺς
1262 2218 1574 2287 αἱρετικοὺς
1627 2219 1872 2288 ἀμφότε-

304 2327 391 2380 ροι
426 2311 679 2381 ἢλαυνον,
713 2310 810 2365 καὶ
861 2310 1167 2379 ἀναθέματι
1226 2310 1633 2366 καθυπὲὁαλον.
1668 2314 1780 2366 Καὶ
1822 2315 1871 2366 οἱ

295 2402 569 2472 αἱρετικοὶ
628 2402 820 2472 ἐχθροὶ
870 2403 1126 2471 Γραικῶν
1156 2404 1248 2456 καὶ
1296 2404 1548 2457 Λατίνων
1601 2405 1873 2473 ἐλέγοντο.

296 2496 414 2549 Νῦν
482 2496 560 2560 δὲ,
607 2495 681 2558 ὡς
744 2496 874 2567 φῂς,
945 2498 994 2551 οε
1048 2500 1277 2550 Λατῖνοι
1329 2500 1410 2560 εἰς
1474 2498 1733 2569 ἀλλότρια
1782 2498 1876 2550 ὲκ-

294 2589 552 2652 πεσόντες
573 2588 841 2657 δόγματα,
878 2588 1008 2659 ἡμῖν
1033 2587 1300 2658 ἑνωθῆναι
1326 2588 1386 2640 οὐ
1415 2586 1719 2658 βούλονται.
1750 2588 1873 2651 Πῶς

295 2679 354 2731 δὲ
384 2679 545 2733 τοῦτο
569 2679 917 2750 δειχθήσεται
949 2678 1077 2746 λέγε
1112 2695 1205 2748 μοι
1235 2678 1425 2748 τάχος.

381 2855 549 2908 Ῥακ.
598 2853 739 2923 Ἐγὼ
771 2852 899 2911 ἄλλο
925 2856 1026 2908 οὐκ
1055 2854 1165 2926 ἔχω
1199 2872 1281 2909 σοι
1304 2854 1496 2923 δεῖξαι,
1530 2855 1562 2926 ἢ
1614 2858 1696 2912 ὅτι
1743 2876 1871 2912 πεν-

298 2949 533 3001 τακόσια
566 2946 659 3017 ἔτη
691 2948 853 3011 εἰσὶν,
889 2946 984 3016 ἀφ’
1022 2941 1083 3000 οὗ
1127 2946 1307 3001 αὐτῶν
1364 2948 1719 3020 ὲσχίσθημεν,
1778 2951 1872 3005 καὶ

296 3041 393 3094 νῦν
418 3042 817 3113 κεχωρισμένοι
848 3041 1041 3111 ἐσμέν.

381 3134 532 3201 Ἀχρ.
561 3134 636 3187 Οὐ
663 3132 872 3196 δίκαιος
905 3127 1060 3196 οὗτος
1082 3133 1111 3187 ό
1142 3133 1301 3203 λόγος
1320 3133 1488 3201 δοκεῖ,
1546 3136 1753 3207 μᾶλλον
1810 3138 1867 3192 δέ

292 3244 358 3295 γε
380 3227 475 3278 καὶ
504 3226 911 3285 ἀναπόδεικτος.

365 3319 519 3373 Εὺλ.
581 3316 654 3370 Τὸ
700 3316 810 3388 γὰρ
859 3317 1061 3381 εἰπεῖν,
1104 3316 1187 3370 ὅτι
1244 3318 1507 3381 πολυετὲς
1557 3319 1619 3371 τὸ
1663 3319 1869 3388 σχίσμα

290 3412 434 3475 ἐστὶ,
479 3412 587 3475 πᾶς
630 3427 718 3474 τις
778 3410 1147 3481 ὁμολογήσει·
1201 3409 1317 3463 ἀλλ’
1379 3410 1476 3480 οὐχ
1533 3411 1696 3481 ἱκανή
1750 3412 1867 3465 ἐστι

290 3504 655 3575 παραστῆσαι
686 3505 814 3569 τοὺς
846 3505 1113 3567 Λατίνους
1159 3502 1477 3575 αἱρετικοὺς
1523 3505 1556 3575 ἡ
1610 3504 1866 3559 noluerint

288 3598 455 3668 αὕτη.

378 3691 545 3745 Ῥακ.
582 3692 690 3745 Καὶ
720 3690 863 3745 πάνυ
893 3690 994 3760 μὲν
1022 3686 1138 3747 οὖν.
1187 3691 1277 3745 Ἐν
1304 3692 1415 3761 γὰρ
1459 3692 1571 3751 τοῖς
1601 3707 1841 3744 πεντακο

292 3783 428 3847 aiat;
460 3783 676 3852 χρόνοις
707 3782 921 3847 τούτοις
982 3784 1205 3854 εἴχομεν
1259 3782 1457 3851 σοφούς
1481 3801 1541 3836 τε
1575 3783 1667 3835 καὶ
1700 3784 1862 3854 ῥήτο-

294 3892 414 3944 ρας,
449 3876 546 3927 καὶ
573 3874 948 3945 πατριάρχας,
981 3875 1077 3928 καὶ
1128 3874 1390 3945 βασιλεῖς,
1443 3873 1492 3927 οἳ
1524 3875 1863 3945 προηγοῦντο

287 3968 385 4021 τοῦ
424 3969 728 4038 σχίσματος
756 3970 850 4020 καὶ
893 3966 989 4020 τοῦ
1044 3967 1354 4039 χωρισμοῦ,
1395 3966 1520 4035 ἐμοὶ
1580 3967 1748 4032 δοκεῖ,
1795 3968 1861 4020 δι’

287 4060 442 4114 οὐδὲν
498 4060 649 4127 ἄλλο,
697 4060 730 4131 ἢ
784 4060 867 4113 ὅτι
928 4059 1005 4123 ὡς
1053 4059 1368 4129 αἱρετικοὺς
1398 4056 1595 4118 αὐτοὺς
1649 4056 1861 4128 ὑπεφή-

287 4156 469 4224 φιζον.

356 4248 510 4302 Εὑλ.
547 4245 682 4300 Οὐδὲ
710 4244 870 4300 τοῦτο
898 4245 1023 4309 τοὺς
1058 4245 1323 4312 Λατίνους
1367 4249 1681 4318 αἱρετικοῦς
1714 4266 1863 4320 παρ-

289 4342 436 4411 ιστᾷ.

373 4434 536 4487 Ῥακ.
607 4432 770 4487 Ἀλλὰ
807 4433 860 4487 τί
903 4433 1255 4504 ἰσχυρότερον
1301 4436 1511 4489 τούτων
1556 4436 1622 4491 σὺ
1653 4435 1859 4501 θέλειςς

1894 3183 1941 3243 0

1978 1947 2083 2000 que
2110 1929 2317 1998 dixisti,
2349 1942 2475 1987 ante
2521 1934 2759 1990 schisma
2802 1953 2908 1990 una
2935 1940 3218 1995 nobiscum
3256 1944 3559 1999 orthodoxe

1960 2022 2237 2107 ’scusisse,
2299 2038 2399 2077 nec
2450 2039 2481 2078 a
2526 2034 2718 2081 nostro
2782 2030 3121 2085 commercio
3167 2032 3555 2101 abhorruisse;

1977 2114 2325 2184 synodosque
2372 2116 2714 2173 universales
2747 2133 2869 2174 esse
2899 2120 3198 2176 celebratas
3222 2167 3235 2190 ,
3277 2140 3416 2194 quas
3450 2142 3557 2180 una

1976 2205 2140 2259 simul
2203 2204 2383 2261 Latini
2439 2217 2493 2263 et
2530 2207 2704 2264 Grazci
2764 2214 3064 2281 cogebant,
3139 2214 3557 2289 frequentiaque

1976 2297 2320 2365 angustiores
2355 2300 2673 2369 reddebant,
2708 2312 2758 2357 ct
2798 2309 3015 2376 utrique
3070 2308 3345 2377 pellebant
3379 2311 3552 2367 haere-

1980 2392 2216 2456 ticos,ct
2243 2395 2575 2449 anathemati
2625 2398 3041 2465 subiiciebant:
3084 2409 3139 2456 et
3188 2404 3425 2459 ltmretici
3481 2406 3555 2461 illi

1977 2492 2090 2537 tum
2118 2484 2344 2553 Graecis,
2374 2496 2485 2542 tum
2516 2488 2725 2546 Latinis
2750 2493 3203 2552 adversabantur.
3222 2496 3377 2554 Nunc
3400 2516 3551 2568 vero,

1976 2586 2034 2629 ut
2066 2576 2388 2645 ais.Latini,
2425 2582 2475 2634 in
2523 2583 2696 2637 aliena
2731 2587 2967 2656 prolapsi
3012 2581 3287 2658 dogmata,
3312 2604 3553 2663 nostram

1976 2668 2237 2726 unionem
2270 2683 2544 2733 recusant.
2584 2672 2823 2734 Ostende
2852 2678 2904 2733 id
2938 2696 3102 2751 quam
3144 2684 3403 2741 ocissime
3440 2702 3557 2743 vcr-

1975 2762 2066 2828 bo,
2101 2765 2145 2818 si
2183 2774 2358 2834 potes.

2046 2852 2213 2908 thac.
2241 2856 2354 2925 Ego
2378 2872 2485 2912 non
2514 2859 2657 2914 aliud
2688 2863 2972 2918 ostendam
3000 2876 3361 2939 prmtcrquam
3407 2871 3554 2940 quod

1976 2960 2004 2999 a
2036 2948 2349 3018 quingentis
2375 2953 2533 3006 anuis
2550 2953 2708 3010 scissi
2742 2957 2931 3025 simus,
2951 2968 3004 3014 et
3036 2976 3181 3017 mtuc
3209 2961 3387 3020 adhuc
3417 2964 3554 3020 divi-

1975 3037 2176 3093 dimur.
3452 3062 3458 3069 ο

2047 3132 2185 3185 And.
2223 3134 2379 3188 Haud
2426 3136 2626 3207 decora
2663 3141 2773 3194 lucc
2815 3144 2995 3199 oratio
3028 3146 3280 3214 videtur,
3313 3149 3423 3205 imo
3450 3166 3553 3221 po-

1974 3223 2082 3279 tius
2115 3226 2510 3295 improbahiiis.

2046 3317 2201 3372 Pius.
2228 3318 2399 3373 Nemo
2418 3321 2562 3374 enim
2593 3323 2947 3393 inliciabitur,
2973 3329 3175 3384 multos
3227 3332 3426 3387 abhinc
3453 3350 3551 3389 au-

1970 3421 2071 3462 nos
2120 3408 2358 3462 scitisma
2397 3421 2644 3464 exortum
2682 3427 2844 3476 esse;
2880 3418 2974 3471 sed
3024 3434 3290 3473 annorum
3346 3424 3546 3477 inulto-

1968 3523 2090 3563 rum
2121 3510 2357 3580 spatium
2383 3526 2488 3565 non
2513 3528 2665 3582 aeque
2690 3523 2814 3584 pote
2840 3523 2923 3569 est
2972 3514 3038 3568 ad
3087 3512 3545 3583 convincendum,

1967 3601 2205 3657 Latinos
2230 3605 2518 3659 luereticos
2549 3622 2688 3661 esse.
3358 3662 3365 3672 ,

2039 3692 2202 3752 Rhac.
2242 3693 2355 3750 luto
2410 3698 2635 3768 optime.
2707 3698 2763 3752 lu
2816 3699 2917 3754 huc
2947 3702 3090 3755 cuitu
3130 3703 3546 3773 quingentorum

1968 3802 2235 3841 annorum
2281 3789 2516 3844 decursu
2552 3806 2656 3844 non
2692 3790 2915 3847 defuere
2961 3794 3253 3864 sapientes,
3288 3806 3339 3849 et
3370 3809 3549 3849 orato-

1968 3895 2075 3946 res,
2130 3889 2184 3935 et
2233 3884 2579 3952 patriarchw,
2630 3896 2685 3937 et
2717 3885 3077 3955 imperatores
3129 3889 3444 3943 scliismatis
3491 3902 3548 3944 et

1966 3972 2330 4040 separatiouis
2363 3987 2819 4047 propugnatores,
2858 3991 2967 4031 non
3000 3978 3069 4033 ob
3098 3979 3256 4033 aliam
3294 3995 3541 4049 causam,

1967 4065 2011 4117 si
2050 4074 2195 4120 recte
2221 4066 2337 4136 ipse
2364 4068 2619 4137 conjicio,
2654 4070 2761 4124 nisi
2787 4071 2930 4139 quod
2960 4086 3053 4126 eos
3084 4079 3341 4144 tanquam
3376 4076 3546 4129 luere-

1970 4157 2108 4211 licos
2131 4160 2593 4213 condetnnabaut.
3551 4165 3561 4172 ’

2041 4250 2194 4305 Pius.
2228 4250 2411 4322 Neque
2443 4254 2542 4308 hoc
2584 4254 2872 4310 haereticos
2899 4271 3019 4311 esse
3063 4256 3283 4312 Latinos
3310 4257 3537 4314 evincit.

2036 4432 2199 4487 thac.
2230 4436 2311 4488 An
2350 4434 2437 4489 his
2476 4435 2733 4490 validiora
2767 4438 3053 4505 exposcis?

360 4530 515 4583 Εὐλ.
546 4527 795 4599 Κρινέτω
845 4528 873 4579 ό
920 4530 1035 4591 τοῖς
1086 4528 1381 4598 ἡμετέροις
1437 4530 1618 4598 λόγοις
1672 4533 1865 4601 κριτὴς

2034 4526 2188 4580 I’ius.
2223 4524 2439 4581 Judicet
2479 4529 2571 4598 qui
2616 4532 2823 4583 nostris
2860 4533 3085 4585 interest
3142 4541 3391 4601 astatque
3430 4548 3543 4588 ser-

283 4620 679 4688 καθεζόμενος.

355 4718 482 4766 Am.
548 4711 777 4765 Σύνόδον
819 4711 1237 4783 οἰκουμενικὴν,
1296 4710 1488 4781 ὥσπερ
1546 4715 1605 4767 ἐν
1657 4716 1863 4787 ἑκάστῃ
1948 4759 1952 4762 .

281 4806 497 4876 αἱρέσει
531 4805 771 4871 ἐγένετο,
804 4804 900 4856 καὶ
954 4803 1306 4875 διαλεχθῆναι
1343 4807 1437 4857 καὶ
1492 4805 1619 4877 ὅρον
1678 4808 1856 4859 ἐκθεῖ-

282 4918 395 4965 ναι,
428 4899 528 4953 καὶ
551 4896 673 4952 κατ’
696 4898 878 4951 αὐτῶν
904 4898 1205 4968 ἀποφῆναι,
1254 4898 1349 4951 καὶ
1377 4898 1500 4950 τότε
1544 4898 1619 4961 ὼς
1651 4901 1857 4965 αἱρετι-

279 4992 415 5054 xuii;
443 4988 909 5061 ἀποστρέφεσθαι,
946 4990 1007 5042 οὺ
1035 4988 1182 5043 δοκεῖ
1238 4989 1446 5043 δίκαιον
1497 4985 1663 5056 εἶναι,
1722 4990 1860 5045 ἀλλὰ

281 5084 489 5155 μᾶλλον
509 5081 706 5144 ἀσεϐὲς
735 5080 830 5133 καὶ
856 5081 1246 5151 ἀπάνθρωπον,
1272 5082 1679 5136 ἁποὸἀλλεσθαι
1701 5082 1860 5137 ἁδελ-

278 5179 417 5249 ςοὺς
451 5178 783 5247 όμοπῐστους
816 5174 941 5245 δίχα
987 5175 1281 5229 καθολικοῦ
1332 5178 1425 5229 καὶ
1469 5174 1857 5247 οἰκουμενικοῦ

281 5276 595 5344 κριτηρίου.

1968 4619 2224 4673 monibus
2259 4619 2447 4688 judex.

2039 4709 2155 4763 Dic.
2186 4711 2547 4765 Convocauda
2585 4722 2703 4784 erat
2726 4713 3051 4768 universalis
3072 4715 3329 4784 synodus,
3352 4732 3543 4785 quein-

1964 4803 2256 4857 admudum
2322 4804 2376 4858 in
2433 4805 2555 4860 aliis
2591 4806 2887 4861 Interesihus
2917 4806 3117 4861 factum
3147 4818 3249 4874 est,
3286 4810 3338 4862 iu
3369 4826 3542 4879 eaque

1963 4905 2087 4965 post
2140 4896 2318 4951 varias
2369 4898 2806 4952 concertationes
2854 4901 3179 4968 proferenda
3239 4903 3535 4967 sententia,

1966 4987 2557 5058 determinaudumque
2610 4998 2799 5044 contra
2850 5008 2977 5057 eos,
3020 5003 3132 5046 tum
3182 4994 3393 5045 demum
3448 5006 3541 5043 eos

1968 5093 2224 5151 tanquam
2277 5082 2565 5136 haereticos
2621 5085 2885 5139 aversari.
2960 5082 3343 5137 Verumtamen
3413 5099 3537 5136 cum

1966 5175 2114 5229 nulla
2162 5174 2402 5245 synodus
2444 5176 2718 5230 celebrata
2769 5176 2864 5239 sit,
2907 5192 3084 5245 neque
3118 5192 3343 5245 usuuam
3375 5191 3541 5243 appa-

1965 5279 2103 5335 reat,
2148 5268 2289 5321 haud
2327 5268 2540 5337 justum
2567 5269 2805 5335 videtur,
2840 5271 2971 5337 quin
3010 5270 3116 5320 imo
3156 5270 3426 5338 iniquum,
3460 5279 3540 5321 at-

276 5386 391 5442 que
421 5370 777 5426 inhumanum
807 5377 923 5434 est,
960 5367 1080 5421 sine
1131 5364 1400 5420 catholico
1456 5362 1859 5431 univet'salique
1889 5362 2096 5431 judicio
2130 5363 2375 5433 ejusdem
2446 5362 2568 5417 ﬁdei
2611 5362 2804 5416 fratres
2836 5381 2865 5416 a
2901 5363 3059 5417 nobis
3102 5366 3341 5418 seciusos
3413 5364 3538 5420 odio

278 5466 561 5535 prooequi.

364 5562 529 5615 Ῥακ.
571 5557 713 5613 Ἀλλ’
740 5555 989 5623 ἐγένοντο
1015 5554 1111 5608 καὶ
1136 5552 1371 5608 σύνοδοι.

353 5650 642 5707 3.5.1.1105
674 5650 778 5721 δή;

365 5746 533 5799 Ῥακ.
602 5744 693 5797 Ἐν
726 5739 1046 5810 Λουγδούνῳ
1076 5740 1142 5809 τῇ
1164 5737 1340 5802 πόλει,
1373 5736 1405 5805 ἦ
1441 5734 1535 5788 καὶ
1572 5732 1733 5803 ὀγδόη
1765 5731 1847 5784 λέ-

282 5854 461 5909 γεται.

486 5929 755 5992 ΡΑΤιιοι..
789 5929 908 5991 Gtt.
946 5928 1148 5991 CLIX.

2027 5547 2191 5600 Rhac.
2224 5545 2327 5600 Sed
2358 5551 2562 5599 coacta:
2592 5553 2723 5595 sunt
2755 5544 2972 5613 synodi.

2028 5640 2180 5692 Pius.
2213 5636 2489 5693 Ubinam?

2021 5731 2191 5784 Rhuc.
2234 5731 2287 5783 In
2345 5731 2475 5783 urbe
2522 5726 2900 5797 Lugdune-nsi,
2947 5746 3065 5798 qme
3120 5737 3171 5782 el
3223 5740 3419 5785 octava
3455 5729 3543 5785 di-

1966 5825 2129 5877 εἰιιιι·⁸

3108 5912 3178 5975 31
