4022 6196
322 392 431 454 973

396 510 553 576 Ἀκρ.
582 507 697 562 Νῦν
731 512 755 561 ὁ
806 509 995 580 Πατὴρ
1026 509 1362 579 ἁμφιὸἀλλες
1406 511 1547 563 κατὰ
1607 512 1693 564 τὶν
1743 510 1901 577 λόγον
1934 514 1974 569 Λ

319 619 511 654 αυτου.

394 692 543 747 Em.
580 694 640 746 EE
670 691 962 765 augeam
1002 676 1089 747 ἅν.
1137 694 1209 745 Τὸ
1239 693 1295 745 δὲ
1329 678 1523 758 εἰπεῖν,
1581 695 1681 771 δτι,
1750 695 1895 757 (Τίς

317 780 494 850 οἷδεν;
538 804 554 835 ι
620 784 781 837 τοῦτο
836 786 1135 855 ἀμφίϐολον
1199 785 1469 855 ὑπάρχει·
1519 786 1624 837 ἀπὸ
1673 788 1729 838 δὲ

319 879 646 947 ἀμφιϐόλων
671 879 827 931 οὐδὲν
885 879 1180 944 συνάγεται
1236 878 1433 947 ἀληθὲς
1492 879 1890 949 συμπέρασμα.

318 972 539 1025 Μᾶλλον
603 971 711 1023 ἀπὸ
783 970 973 1024 τούτου
1021 969 1116 1021 τοῦ
1184 969 1343 1038 λόγου
1398 970 1474 1031 είς
1530 970 1768 1039 ὑποψίαν
1836 974 1898 1024 ἄ-

1786 804 1813 838 τ
1820 789 1862 838 ὦ
1868 784 1894 837 ν

321 1081 440 1129 γεις
478 1080 565 1130 με.

407 1157 570 1209 Ῥιιλι.
602 1155 667 1208 Τί
704 1155 765 1207 σὺ
800 1156 1169 1220 omanem;

394 1242 541 1302 Εὺλ.
578 1247 901 1301 Ὑποπτεύω
925 1251 1033 1301 πᾶν
1063 1249 1398 1313 τούναντίον,
1431 1248 1568 1318 ὅπερ
1600 1265 1663 1302 συ
1688 1247 1889 1315 λέγεις.

317 1343 383 1395 Εἰ
412 1341 521 1411 γὰρ
547 1342 691 1393 κατὰ
716 1340 965 1394 Λατίνιον
987 1341 1043 1393 ἐν
1067 1344 1132 1409 τῇ
1163 1340 1366 1411 συνόδῳ
1401 1341 1584 1411 ἐκείνῃ
1615 1342 1886 1411 ἐπράχθη,

317 1414 465 1504 εἶχον
494 1437 558 1488 ἂν
595 1436 643 1487 οί
663 1434 890 1503 Γραικοὶ
914 1434 1015 1496 τὰς
1064 1433 1302 1503 βίϐλους,
1338 1433 1526 1503 ῶσπερ
1577 1436 1758 1503 χρυσᾶ
1803 1436 1892 1500 ἐγ-

316 1528 513 1579 κόλπια
542 1526 973 1595 φυλαττομένας,
1014 1528 1101 1589 είς
1143 1526 1205 1578 τὸ
1261 1525 1531 1579 δεικνύειν
1591 1528 1703 1587 τοῖς
1750 1526 1890 1595 μετὰ

316 1620 511 1685 ταῦτα,
544 1619 625 1671 ὅτι
665 1619 888 1682 δικαίως
919 1619 1101 1671 αὐτῶν
1148 1619 1555 1689 ἐχωρίσθησαν.
1621 1620 1774 1670 Ἐπεὶ
1832 1619 1891 1671 δὲ

315 1713 471 1782 παρὰ
500 1712 597 1780 μὲν
625 1715 737 1775 τοῖς
764 1712 1019 1780 Γραικοῖς
1045 1711 1224 1781 βίϐλος
1258 1713 1319 1763 οὐ
1375 1712 1627 1780 φαίνεται
1663 1712 1889 1781 οὐδεμία

314 1806 461 1860 κατὰ
486 1792 739 1859 Λατίνων
761 1796 862 1873 τῆς
899 1806 1117 1857 συνόδου
1146 1804 1385 1875 ἐκείνης,
1427 1806 1578 1873 παρὰ
1630 1805 1687 1855 δὲ
1723 1805 1886 1856 Λατί-

1254 390 1749 452 DISCEPTATIO
1793 391 1939 449 PRO
1981 390 2191 451 (IONC.
2241 392 2615 456 FLORENT.

3480 397 3584 458 ςτι

2081 508 2220 561 Λιιά.
2257 507 2409 561 Nunc
2435 507 2591 561 Pater
2627 510 2723 563 iste
2755 509 2982 575 Iamsitat,
3020 519 3077 563 ut
3107 526 3167 564 ex
3202 511 3377 565 verbis
3408 512 3580 580 ipsius

2003 602 2219 671 colligo.

2076 694 2233 749 Pius.
2273 695 2519 769 Siesset,
2548 696 2891 767 apparuisset
2927 697 3137 765 utique.
3176 700 3239 749 At
3266 697 3577 759 enuntiare,

2006 807 2023 839 ι
2065 788 2201 853 Quis
2231 790 2377 842 scit?
2412 809 2430 839 ι
2477 790 2791 859 ambiguum
2818 800 2895 843 est
2959 774 3123 859 atque
3160 790 3452 843 incertum.
3499 788 3572 842 Ex

1999 879 2268 949 ambiguis
2345 880 2681 949 incertisque
2759 882 2906 933 nulla
2986 896 3113 934 vera
3178 880 3396 933 elicitur
3445 896 3580 955 con-

1999 954 2193 1041 clusio.
2250 953 2501 1033 lmqihoc
2540 981 2629 1025 tuo
2679 956 2933 1025 sermone
2983 955 3067 1025 me
3098 972 3152 1024 in
3206 972 3571 1041 suspicionem

2000 1063 2239 1117 adducis.

2078 1156 2240 1210 “hac.
2272 1155 2409 1221 Quid
2452 1158 2789 1225 suspicaris?

2077 1247 2229 1301 Pius.
2262 1248 2525 1318 Suspicor
2554 1251 2737 1303 omnia
2771 1252 2876 1304 tuis
2905 1251 3083 1305 verbis
3122 1253 3416 1307 contraria.
3456 1252 3579 1307 Ete-

1996 1342 2109 1395 nim
2164 1342 2207 1396 si
2257 1352 2447 1397 contra
2485 1342 2710 1397 Latinos
2736 1360 2800 1397 ea
2833 1345 2885 1398 in
2929 1345 3137 1415 synodo
3175 1358 3354 1400 actum
3399 1355 3569 1412 esset,

1999 1444 2314 1488 servassent
2346 1436 2446 1489 sibi
2475 1435 2648 1491 Grmci
2679 1436 2866 1501 libros,
2898 1447 3153 1507 tanquam
3190 1454 3355 1493 aurea
3397 1440 3577 1492 moni-

1996 1525 2064 1578 lia
2101 1527 2153 1579 in
2189 1538 2409 1594 pectore
2440 1528 2641 1583 futuris
2676 1529 2989 1584 hominibus
3020 1531 3313 1596 ostensuri,
3350 1546 3455 1585 non
3490 1531 3573 1583 2n-

1991 1616 2131 1684 juria
2161 1632 2218 1671 se
2248 1618 2316 1672 ab
2352 1618 2461 1672 illis
2504 1631 2803 1689 separatos.
2844 1621 2979 1675 Cum
3019 1638 3148 1677 vero
3182 1623 3323 1691 apud
3355 1622 3574 1677 Grzrcos

1994 1711 2178 1765 nullus
2214 1712 2349 1767 liber
2383 1713 2530 1769 illius
2564 1716 2754 1782 synodi
2807 1727 2995 1770 contra
3024 1716 3248 1771 Latinos
3290 1728 3573 1787 appareat,

1996 1803 2137 1869 apud
2188 1801 2413 1857 Latinos
2448 1820 2576 1858 vero
2609 1804 2942 1871 inveniatur,
2987 1806 3118 1875 quin
3151 1816 3203 1861 et
3250 1809 3390 1877 apud
3426 1806 3575 1864 Grae-

314 1918 427 1961 νοις
448 1900 787 1969 εὑρίσκεται,
826 1899 1061 1967 μάλιστα
1084 1899 1140 1951 δὲ
1172 1900 1266 1951 καὶ
1298 1900 1449 1967 παρὰ
1495 1899 1767 1966 Γραικοῖς,
1796 1898 1888 1950 καὶ

1994 1910 2111 1961 cos,
2155 1897 2521 1967 iuelametque
2562 1901 2832 1953 actionem
2869 1901 3011 1953 illam
3053 1917 3149 1970 pro
3172 1900 3381 1956 Latinis
3427 1918 3571 1963 esse.

314 1993 435 2063 βθᾷν
462 1993 543 2045 δτι
578 1993 611 2062 ἡ
638 1992 841 2063 πρᾶξις
872 1989 1056 2060 ἐκείνη
1079 1990 1217 2058 ὑπὲρ
1250 1991 1498 2045 Λατίνων
1530 1986 1620 2061 ἧν,
1654 1989 1890 2059 ὑποψίαν

318 2103 411 2155 μοι
461 2084 690 2155 παρέχει
750 2083 1014 2154 μεγάλην,
1065 2083 1267 2153 μᾶλλον
1315 2066 1369 2135 δὲ
1428 2083 1523 2136 καὶ
1554 2085 1617 2135 σὺ
1650 2082 1890 2151 ἔφθασας

318 2178 508 2244 εἰπὼν,
536 2178 620 2230 ὅτι
644 2177 789 2241 τινὲς
809 2164 917 2229 τῶν
943 2174 1197 2245 Γραικῶν
1252 2177 1309 2229 ἐν
1357 2176 1495 2246 αὐτῇ
1540 2160 1895 2247 ἐλατινοφρό-

316 2285 509 2339 νησαν.

378 2362 549 2414 Ῥακ.
586 2356 757 2413 Είπόν
785 2376 888 2427 σοι,
937 2361 1026 2412 καὶ¹
1077 2360 1241 2414 πάλιν
1280 2358 1389 2427 ἐρῶ
1430 2376 1533 2425 σοι,
1584 2359 1666 2413 ὅτι
1719 2362 1774 2413 ὲν
1819 2363 1887 2429 τῇ

315 2455 521 2524 συνόδῳ
546 2454 734 2526 ἐκείνῃ
782 2451 1158 2523 ὑπερίσχυσαν
1209 2452 1257 2504 οί
1303 2450 1543 2517 Λατῖνοι,
1604 2455 1699 2507 καὶ
1731 2452 1888 2504 κατέ-

314 2562 515 2600 πεισαν
547 2548 641 2599 καὶ
672 2532 798 2609 τοὺς
854 2545 1126 2614 Γραικοὺς
1174 2545 1432 2609 δέξασθαι
1484 2548 1579 2599 καὶ
1611 2544 1888 2613 φρονῆσαι

312 2640 383 2691 τὰ
416 2638 630 2691 ἑαυτῶν
684 2637 822 2691 ἀλλὰ
851 2636 1108 2707 λυθείσης
1146 2639 1247 2707 τῆς
1304 2636 1544 2700 συνόδου,
1593 2635 1653 2689 τὸ
1704 2638 1887 2689 πλεῖον

315 2732 484 2802 μέρος
512 2731 673 2783 πάλιν
708 2729 955 2800 ἐσχίσθη,
989 2730 1098 2782 τῶν
1128 2730 1377 2800 Γραικῶν
1407 2729 1673 2800 δηλονότι.

385 2826 533 2877 Εὺλ.
576 2816 718 2890 Ἐγὼ
746 2824 803 2876 οὐ
828 2822 1066 2891 δύναμαι
1107 2821 1342 2889 συνάψαι
1379 2824 1445 2873 τὰ
1473 2821 1625 2889 παρὰ
1666 2820 1759 2873 σοῦ
1808 2822 1889 2873 εί-

316 2920 555 2988 ρημένα.
594 2915 855 2968 Δοκοῦσιν
889 2911 981 2991 οὖν
1016 2932 1108 2984 μοι
1161 2915 1380 2966 ἐναντία
1431 2912 1683 2981 ἀλλήλοις
1717 2908 1882 2968 εἶναι.

314 3011 431 3082 Πρδ
489 2992 672 3076 ὀλίγου
706 2996 814 3077 γὰρ
844 3003 1003 3070 εἶπας
1036 3008 1117 3060 ὅτι
1157 3005 1299 3059 κατὰ
1334 3006 1584 3059 Λατίνων
1619 3008 1651 3077 ἡ
1686 3007 1886 3076 πρᾶξις

310 3106 412 3173 τῆς
464 3103 680 3156 συνόδου
740 3103 956 3169 ἐκείνης
990 3100 1237 3166 ἐγένετοο
1307 3099 1583 3169 ἐλεγχθεὶς
1644 3099 1701 3152 δὲ
1752 3100 1884 3169 παρ’

1994 1987 2365 2054 suspicionem
2400 1988 2530 2042 mihi
2558 1990 2752 2056 injicit,
2784 2005 3018 2060 eamque
3058 2008 3330 2061 magnam,
3362 2004 3479 2045 tum
3506 2012 3572 2044 eo

1994 2078 2363 2146 potissimum,
2408 2081 2552 2150 quod
2585 2093 2640 2137 et
2684 2092 2741 2136 tu
2791 2093 2951 2138 antea
2995 2086 3237 2149 dixeras,
3280 2088 3571 2141 nonnullos

1992 2186 2058 2224 ex
2083 2170 2286 2225 Graacis
2316 2170 2638 2227 Latinorum
2668 2184 2955 2230 sententia:
2977 2176 3292 2234 adhaesisse.

2064 2348 2231 2403 Rliac.
2268 2349 2387 2403 Dixi
2432 2352 2566 2419 tibi,
2608 2352 2898 2424 dicamque
2935 2355 3132 2410 iterum
3172 2372 3234 2411 ea
3274 2358 3323 2411 in
3358 2361 3570 2429 synodo

1993 2438 2196 2495 Graecis
2237 2440 2463 2498 Latinos
2500 2445 2817 2515 superiores
2856 2446 3029 2503 fuisse
3054 2488 3069 2514 ,
3122 2452 3570 2519 persuasisscque

1992 2532 2196 2588 Grtecis
2238 2535 2488 2604 accipere
2538 2544 2592 2591 et
2634 2539 2823 2593 eadem
2877 2550 3039 2609 atque
3080 2542 3154 2595 illi
3202 2545 3425 2598 sentire.
3462 2542 3567 2598 Sed

1992 2626 2238 2681 absoluta
2274 2628 2483 2700 synodo
2533 2632 2818 2699 potissima
2863 2650 2992 2703 pars
3019 2636 3186 2690 scissa
3219 2649 3325 2701 est,
3355 2637 3572 2692 Graeco-

1992 2734 2113 2774 rum
2156 2722 2383 2777 scilicet.

2066 2818 2223 2874 Pius.
2291 2822 2413 2890 lpse
2440 2822 2699 2893 equidem
2738 2825 2881 2880 haud
2912 2828 3101 2892 valeo,
3142 2845 3263 2898 quae
3298 2840 3352 2883 tu
3405 2832 3570 2891 dicis.

1990 2913 2375 2981 committere;
2399 2930 2640 2985 namque
2663 2918 2767 2972 sibi
2788 2921 3071 2975 adversari
3097 2924 3375 2979 videntur.
3404 2923 3572 2979 Paulo

1989 3018 2118 3061 ante
2159 3007 2434 3076 siquidem
2471 3008 2693 3064 dixeras
2726 3012 2997 3068 adversus
3026 3013 3255 3070 Latinos
3296 3021 3569 3074 actionem

1989 3098 2139 3153 illius
2186 3099 2380 3169 synodi
2439 3112 2719 3169 peractam
2775 3102 2987 3170 fuisse;
3035 3116 3222 3175 postea
3283 3112 3571 3166 convictus

312 3196 475 3265 ἐμοῦ,
496 3197 570 3258 ὡς
598 3196 697 3266 οὐχ
723 3194 952 3265 εὓρηται
975 3192 1155 3262 βίϐλος
1180 3192 1311 3246 ποτὲ
1339 3192 1692 3264 μαρτυροῦσα
1713 3195 1884 3258 τουτὶ,

1992 3206 2262 3261 nusquam
2325 3209 2594 3263 apparere
2649 3195 2875 3261 librum,
2919 3199 3014 3267 qui
3056 3199 3108 3253 id
3158 3210 3406 3267 testetur,
3463 3206 3569 3260 alio

311 3290 505 3359 ἐτᾶραν
557 3290 845 3359 ἐτράπης,
901 3287 985 3340 ὃτι
1032 3286 1410 3356 ὑπερίσχυσαν
1452 3288 1501 3338 oi
1550 3288 1771 3339 Λατῖνοι
1828 3288 1886 3337 ὲν

286 3384 470 3453 αὐτῇ,
507 3383 601 3435 καὶ
631 3380 963 3433 κατέπεισαν
1004 3378 1099 3431 καὶ
1137 3378 1261 3439 τοὺς
1296 3376 1601 3446 ἡμετέρους
1629 3375 1884 3443 δέξασθαι

310 3477 379 3527 τὰ
414 3473 613 3528 αὐτῶν·
650 3474 743 3526 καὶ
789 3470 948 3534 αὖθις
996 3470 1101 3541 φῂς
1129 3510 1142 3535 ,
1181 3472 1262 3521 ὄτι
1307 3469 1447 3538 μετὰ
1497 3458 1596 3537 τὴν
1644 3468 1887 3522 διάλυσιν

309 3568 411 3637 τῆς
459 3566 675 3619 συνόδου
708 3564 870 3618 πάλιν
919 3556 1271 3633 ἐσχίσθησαν,
1308 3562 1403 3615 καὶ
1452 3561 1624 3628 ὀλίγοι
1657 3562 1886 3631 ἔμειναν

311 3662 380 3712 τὰ
404 3660 651 3713 Λατίνων
678 3652 1022 3727 φρονοῦντες.
1062 3656 1194 3710 Ἰδοὺ
1219 3654 1311 3707 οὖν
1337 3654 1429 3706 καί
1456 3654 1584 3715 τοὺς
1614 3653 1887 3722 Γραικοὺς

312 3752 497 3815 καλεῖς
528 3750 964 3818 Λατινόφρονας.
998 3748 1213 3817 Φράσον
1244 3764 1334 3815 μοι
1365 3741 1481 3811 οὗν,
1515 3746 1566 3797 τί
1605 3746 1881 3815 δηλοῦσιν,

312 3844 456 3915 ἅπερ
491 3842 605 3897 νῦν
651 3843 855 3911 λέγεις,
888 3841 972 3893 ὅτι
1028 3839 1251 3893 ἐναντία
1286 3840 1541 3908 ἀλλήλοις
1588 3841 1886 3911 διαρρήδην

309 3938 451 3990 είσίν
476 3953 490 4001 ;

392 4031 560 4085 Ῥάκ.
594 4014 784 4093 Οὕτως
819 4016 1093 4100 ἐπράχθη,
1130 4030 1225 4079 καὶ
1252 4023 1397 4078 οὕτω
1425 4042 1507 4078 σοι
1534 4025 1702 4093 λέγω.

368 4125 504 4185 ¹Δικ.
542 4122 634 4172 Δεῖ
673 4120 775 4192 τὴν
813 4119 1078 4189 ἀλήθειαν
1134 4117 1343 4184 λέγειν,
1392 4116 1485 4167 καὶ
1539 4116 1614 4191 μὴ
1667 4116 1738 4168 τὰ
1783 4117 1883 4181 τῆς

309 4198 448 4274 ἰδίας
483 4210 715 4280 ὀρέξεως
738 4252 752 4273 ,
783 4208 927 4277 ἅπερ
960 4211 1049 4261 καὶ
1087 4207 1480 4270 ἀναπόδεικτα,
1519 4208 1751 4268 καὶτοῖς
1786 4206 1882 4258 ἀν-

305 4301 550 4372 θρώποις
584 4303 788 4372 μισητὰ
840 4300 1146 4369 φαίνονται.
1406 4356 1409 4359 _

380 4382 531 4448 Em.
572 4386 857 4464 Ἔμειναν,
894 4378 999 4462 φῂς
1022 4432 1036 4458 ,
1067 4376 1166 4444 καί
1195 4409 1341 4454 τινες
1374 4390 1599 4461 Γραικοϊ
1632 4391 1696 4443 τὰ
1722 4384 1882 4442 Λατίο

302 4506 416 4542 νων
448 4486 798 4559 φρονοῦντες.

390 4584 551 4634 Ῥακ.
589 4578 775 4641 Οὕτως
809 4578 948 4649 ἔχει.

376 4675 525 4730 Εὑλ.
571 4672 659 4724 Ἐν
688 4671 798 4741 γαρ
855 4669 1030 4739 τούτῳ
1084 4667 1401 4738 θαυμαστόν
1457 4668 1642 4731 ἐστιν,
1691 4667 1775 4719 ὅτι
1829 4666 1878 4717 οἱ

308 4766 563 4837 Γραικοὶ,
595 4765 661 4816 τὰ
696 4762 947 4831 Γραικῶν
980 4761 1232 4830 ἀφέντες,
1254 4760 1325 4813 τα
1348 4761 1594 4813 Λατίνων
1621 4759 1882 4827 φρονοῦν-

307 4874 401 4920 τες
443 4856 686 4926 ἔμειναν,
721 4856 769 4906 εί
800 4854 946 4906 κατὰ
994 4852 1243 4907 Λατίνων
1296 4853 1329 4920 ὴ
1391 4851 1591 4918 πρᾶξις
1636 4851 1880 4918 ἐγένετο,

304 4946 496 5015 ῶσπερ
534 4944 706 4998 εἰπὼν
750 4944 1012 5013 ἔφθασας,
1054 4942 1236 4995 καίτοι
1279 4958 1343 5009 γε
1402 4940 1883 5011 ἰσχυρογνώμονὲς

306 5042 415 5093 εἰσι
448 5042 514 5111 τῇ
564 5034 802 5108 σφετέρᾳ
850 5032 1063 5088 ἑαυτῶν
1120 5032 1271 5104 δόξῃ,
1321 5033 1415 5087 καὶ
1462 5033 1875 5103 δεισιδαίμονες.

305 5130 495 5196 Οὐδεὶς
518 5130 625 5203 γὰρ
655 5128 847 5193 εὖνους
876 5130 944 5181 τα
974 5126 1098 5179 κατ’
1127 5124 1318 5191 αὑτοῦ,
1352 5125 1490 5179 ἀλλὰ
1521 5127 1587 5178 τὰ
1619 5126 1756 5195 ὑπὲρ
1785 5126 1883 5194 τῆς

306 5232 532 5287 συνόδου
578 5232 787 5301 φρονεῖ.
830 5228 891 5280 Εἰ
922 5226 1032 5296 γὰρ
1069 5224 1207 5294 ὑπὲρ
1245 5222 1498 5299 Γραικῶν
1541 5218 1632 5296 ἦν,
1667 5224 1769 5274 οὐκ
1816 5223 1882 5275 ἂν

304 5316 583 5398 ἐσχίζοντο
619 5323 713 5377 ἀπ’
757 5322 938 5376 αὐτῶν
976 5320 1027 5372 οἱ
1078 5317 1331 5390 Γραικοὶ.
1365 5316 1479 5369 ἀλλ’
1519 5317 1718 5367 ἐκεῖνοι
1773 5315 1882 5366 ἀπὸ

304 5417 515 5469 τούτων
567 5414 653 5467 ἄν.
720 5412 1008 5465 Δείκνυται
1062 5410 1119 5462 δὲ
1175 5407 1375 5478 μᾶλλον
1410 5408 1520 5461 ἀπὸ
1575 5405 1665 5459 τοῦ
1719 5406 1883 5473 λόγου

304 5508 521 5572 τούτου,
556 5507 639 5560 ’ότι
686 5496 843 5573 ὑπὲρ
885 5502 1127 5556 Λατίνων
1186 5502 1219 5571 ἡ
1273 5499 1475 5570 πρᾶξις
1533 5498 1751 5567 ἐγένετο
1784 5498 1884 5567 τῆς

310 5598 530 5652 συνόδου
590 5599 829 5666 ἐκείνης·
864 5596 954 5648 διὰ
988 5593 1147 5646 τοῦτο
1182 5591 1523 5663 ἐσχίσθησαν
1569 5592 1619 5643 οί
1649 5590 1881 5661 Γραικοὶ

309 5690 405 5745 ἀπ’
440 5690 641 5751 αὐτῶν,
683 5687 760 5759 μὴ
798 5687 1130 5758 θελήσαντες
1187 5685 1456 5755 ὲνωθῆναι
1499 5684 1707 5759 αὐτοῖς,
1742 5680 1883 5752 μηδὲ

311 5785 409 5852 τῆς
447 5782 669 5835 συνόδου
708 5780 807 5850 τὴν
836 5781 1015 5849 ψῆφον
1039 5777 1316 5842 δέξασθαι.

382 5880 504 5929 Am.
538 5874 763 5938 Πιθανδς
799 5874 825 5924 ὁ
865 5874 1017 5939 λόγος
1062 5870 1157 5923 τοῦ
1207 5866 1479 5933 Εὑλαῦοῇ
1517 5872 1662 5924 κατὰ
1699 5870 1863 5931 πόδας

1992 3300 2318 3350 conversus,
2370 3286 2710 3354 superiores,
2740 3288 2845 3351 ais,
2891 3289 3096 3343 Graecis
3136 3289 3361 3346 Latinos
3398 3297 3568 3351 factos

1992 3372 2100 3427 illis
2139 3374 2480 3441 persuasisse
2532 3383 2592 3428 ut
2634 3373 2958 3429 Latinorum
3012 3378 3268 3447 dogmata
3317 3394 3569 3452 accepta-

1991 3474 2158 3519 rent:
2208 3480 2540 3536 rursumque
2595 3464 2773 3532 addis,
2830 3468 3082 3523 absoluta
3127 3477 3337 3543 synodo
3366 3476 3567 3533 scissos

1990 3554 2181 3618 fuisse.
2214 3566 2271 3611 et
2298 3572 2501 3626 paucos
2532 3559 2865 3613 remansisse
2894 3563 2986 3629 qui
3023 3578 3148 3616 cum
3199 3564 3408 3621 Latinis
3440 3586 3566 3623 sen-

1992 3648 2181 3703 tirent.
2222 3649 2365 3703 Ecce
2428 3651 2612 3720 itaque
2646 3649 2847 3718 Graeci,
2883 3663 2943 3708 ut
2997 3655 3100 3719 ais,
3161 3660 3351 3714 eadem
3401 3670 3567 3731 atque

1990 3738 2172 3794 Latini
2214 3741 2487 3797 sentiunt.
2533 3743 2757 3812 Explica
2799 3759 2927 3817 ergo
2962 3747 3097 3801 mihi
3138 3752 3267 3819 quid
3310 3753 3561 3817 innuant,

1988 3848 2109 3902 qua:
2150 3820 2310 3889 modo
2341 3837 2584 3899 asseris;
2644 3852 2768 3890 nam
2822 3838 2928 3892 sibi
2958 3839 3097 3909 ipsis
3130 3843 3309 3910 palam
3370 3846 3565 3900 adver-

1988 3936 2207 3980 salitur.

2058 4018 2223 4073 Rhac.
2258 4019 2337 4073 Ita
2372 4030 2556 4075 actum
2590 4029 2710 4087 est;
2745 4033 2797 4077 et
2828 4023 2903 4077 ita
2932 4026 3030 4079 tibi
3060 4032 3309 4084 enuntio.

2057 4109 2177 4164 Dic.
2218 4109 2430 4167 Veritas
2462 4114 2730 4170 edieenda
2767 4126 2873 4183 est,
2923 4128 2979 4173 et
3025 4134 3132 4173 non
3163 4138 3225 4176 ea
3256 4139 3377 4193 quas
3435 4139 3564 4182 sunt

1988 4206 2192 4273 proprii
2228 4207 2528 4276 appetitus,
2568 4223 2691 4276 qua:
2724 4226 2828 4265 nec
2854 4212 3223 4269 demonstrari
3254 4230 3486 4286 queunt,
3509 4233 3563 4274 et

1987 4293 2313 4371 hominibus,
2338 4298 2705 4351 exsecrabilia
2739 4300 3079 4367 judicantur.

2062 4383 2215 4440 Pius.
2275 4385 2705 4453 Retnanserunt,
2756 4380 2964 4462 inquis,
2998 4405 3052 4447 cl
3106 4396 3330 4465 quidam
3382 4401 3559 4458 (irtcci

1987 4478 2305 4533 Latinorum
2340 4476 2624 4536 sententia:
2654 4484 2883 4539 addicti.

1920 4568 1963 4623 Ι)
2063 4570 2233 4628 Rhac.
2273 4571 2463 4628 Plane.

2058 4663 2214 4719 Pius.
2246 4665 2307 4719 In
2349 4667 2455 4721 hoc
2503 4667 2865 4724 admiratione
2900 4671 3124 4740 dignum
3175 4685 3281 4739 est,
3314 4676 3557 4745 Graecos,

1988 4759 2255 4828 neglectis
2276 4759 2507 4823 Grmcis,
2528 4760 2848 4815 Latinorum
2872 4778 2932 4819 se
2953 4766 3236 4821 sententiae
3260 4770 3558 4835 addixisse,

1986 4851 2041 4903 in
2086 4868 2259 4921 eaque
2290 4868 2695 4921 perseverasse.
2735 4855 2792 4908 Si
2834 4858 3103 4913 adversus
3141 4859 3363 4914 Latinos
3420 4866 3561 4917 actio

1987 4941 2081 4997 illa
2125 4953 2345 5011 peracta
2375 4953 2483 5007 est,
2522 4953 2579 4997 ut
2610 4955 2773 4999 antea
2807 4948 3036 5002 dixisti:
3091 4960 3145 5003 et
3199 4955 3561 5009 nihilominus

1988 5032 2067 5087 illi
2101 5035 2419 5102 pervicaces
2483 5047 2537 5091 et
2586 5039 2852 5106 propositi
2905 5042 2990 5095 sui
3049 5052 3273 5098 tenaces
3328 5056 3475 5111 sunt,
3508 5060 3560 5100 ιιι

1990 5126 2393 5195 superatitiosi.
2452 5127 2627 5183 Nemo
2677 5137 2822 5184 enim
2875 5133 2983 5186 illis
3018 5148 3139 5201 quae
3189 5145 3405 5199 contra,
3462 5140 3558 5190 sed

1989 5217 2101 5272 illis
2133 5234 2254 5288 qua:
2313 5234 2411 5287 pro
2446 5223 2662 5289 synodo
2694 5232 2848 5283 sunt,
2887 5238 3044 5291 aequo
3080 5224 3264 5278 animo
3322 5240 3557 5280 tuenti-ni

1990 5313 2253 5381 applicat.
2288 5309 2424 5364 Nam
2460 5312 2507 5366 si
2546 5328 2645 5381 pro
2677 5311 2884 5366 Graecis
2911 5311 3126 5379 fuisset,
3177 5331 3456 5384 nunquam
3491 5322 3559 5369 ah

1988 5388 2094 5459 illis
2120 5404 2317 5467 Graeci,
2352 5405 2445 5458 sed
2480 5403 2659 5457 Latini
2688 5421 2718 5458 a
2747 5403 2955 5458 Graecis
2993 5416 3410 5474 separarentur.
3447 5411 3561 5462 lmo

1987 5513 2052 5552 ex
2083 5501 2185 5551 hoc
2208 5511 2464 5557 sermone
2490 5496 2671 5565 potius
2694 5497 3005 5551 ostenditur
3041 5500 3312 5554 actionem
3365 5506 3557 5572 synodi

1988 5590 2142 5644 illius
2180 5588 2394 5643 Latinis
2448 5587 2695 5651 favisse,
2752 5602 3153 5660 proptereaque
3209 5592 3428 5647 ϐιαιως
3490 5599 3559 5650 ab

1989 5686 2101 5739 illis
2150 5682 2387 5746 divisos.
2440 5698 2566 5736 cum
2619 5681 2839 5735 illorum
2900 5685 3160 5740 unionem
3210 5702 3560 5758 respuerent,

1988 5792 2088 5831 nec
2124 5776 2327 5828 vellent
2367 5773 2561 5843 synodi
2601 5773 2882 5827 decretum
2926 5776 3240 5835 admittere.

2065 5866 2180 5920 Dic.
2229 5866 2535 5921 Probabilis
2566 5865 2644 5920 I‘ii
2678 5869 2907 5938 hujusce
2953 5871 3129 5925 oratio
3169 5884 3269 5938 cst,
3317 5876 3468 5943 prosi
3498 5892 3561 5928 :.e
