4022 6196
343 295 450 357 97

1272 309 1773 394 DlSCEPTATlQ
1814 309 1962 367 ΓΙὶο
2003 308 2214 367 ΕιτΝΟ.
2252 305 2622 366 FLORENT.

3479 295 3539 350 9'?
3550 294 3586 351 8

341 409 452 460 τῶν
487 411 733 464 Λατίνων
768 415 1040 482 ἐδέξαντο.
1069 418 1323 473 Ἐπεισιν
1344 416 1440 474 οὖν
1477 438 1569 488 μοι
1601 421 1702 474 κάν
1731 417 1905 488 τούτῳ

2017 417 2326 470 Latinorum
2359 412 2722 484 susceperint.
2757 410 2870 463 [Ioc
2910 422 3042 463 sane
3074 414 3269 476 pt‘azter
3312 403 3413 456 alia
3478 403 3582 454 tui-

343 501 412 553 τὰ
446 500 674 554 πλεῖστα
712 504 1038 576 Θαυμάζειν.

422 593 586 650 Ῥακ.
623 593 687 649 Τί
718 599 844 668 περὶ
873 601 1070 654 τούτου
1101 603 1443 673 θαυμάζειςς

417 682 565 737 Εὑλ.
595 685 900 756 Θαυμὰζω,
930 691 1015 746 δτι
1039 693 1102 746 οὐ
1130 693 1369 766 δύναμαι
1415 695 1754 762 συμϐιϐάσαι
1785 695 1912 758 τοὺς

344 775 650 848 ἡμετέρους
676 779 892 849 λόγους.

415 873 540 927 Δικ.
601 874 712 929 Καὶ
765 877 986 947 ἀληθῶς
1029 879 1364 952 ἀσυμφωνία
1407 884 1642 954 μεγίστη
1668 885 1816 937 ἐστὶν
1853 883 1912 936 ἐν

343 964 550 1028 αὐτοῖς.

425 1054 583 1112 Ῥακ.
630 1060 764 1116 Τίνα
800 1063 1156 1134 ἀσυμφωνίαν
1193 1067 1252 1119 ὲν
1305 1069 1420 1130 τοῖς
1464 1068 1750 1141 ἡμετέροις
1779 1069 1912 1139 δρᾷς

344 1147 563 1216 λόγοις;
595 1153 709 1206 Οὐκ
738 1152 883 1208 ἔστιν
908 1155 1102 1222 οὕτως,
1135 1159 1210 1222 ὡς
1240 1158 1417 1231 ἔφηνς

416 1243 565 1302 Et”.
624 1249 767 1320 Ὅρα
819 1253 882 1305 τὺ
941 1253 1286 1326 ἀξύμϐλητον
1342 1258 1440 1310 καὶ.
1501 1259 1562 1310 τὸ
1655 1257 1912 1327 διάφορον

350 1338 458 1391 τῶν
501 1341 796 1412 ἡμετέρων
841 1344 1039 1413 λόγων.
1077 1347 1302 1416 Πρῶτον
1343 1349 1446 1417 μὲν
1493 1349 1654 1419 ἔφης.
1682 1351 1764 1403 ὃτι
1799 1351 1914 1420 ἡὲν

347 1424 666 1498 Δουγδούνῳ
706 1429 923 1494 σύνοδος
957 1436 1099 1487 κατὰ
1121 1435 1366 1489 Λατίνων
1395 1432 1482 1508 ἦν,
1508 1441 1602 1492 καὶ
1643 1440 1725 1492 ὃτι
1761 1440 1912 1507 ἐμει-

345 1533 442 1569 ναν
475 1519 660 1573 πολλοὶ
691 1522 800 1576 τῶν
839 1525 1094 1595 Γραικῶν
1122 1531 1459 1598 φρονοῦντες
1505 1531 1574 1585 τὰ
1607 1531 1719 1584 τῶν
1749 1535 1913 1587 Λατί·
1940 1565 1948 1585 ι

345 1628 474 1676 νων,
498 1612 560 1666 οἳ
593 1618 688 1668 καὶ
722 1615 985 1688 ἔφθειραν
1032 1622 1102 1676 τὰ
1163 1621 1372 1692 βιϐλία,
1425 1622 1502 1692 μὴ
1552 1623 1912 1693 εὑρίσκεσθαι

346 1701 582 1772 βοῶντας
605 1706 702 1777 τὴν
736 1712 858 1763 κατ’
889 1712 1069 1766 αὐτῶν
1120 1714 1324 1784 κρίσιν’
1356 1711 1465 1769 εἶτ’
1497 1715 1659 1786 ἔφης,
1685 1717 1768 1770 ’ότι
1793 1717 1914 1784 sye-

345 1813 470 1850 νετο
515 1800 611 1854 καὶ
653 1801 792 1874 ἄλλη
848 1806 1072 1870 σύνοδος
1117 1809 1175 1862 ὲν
1213 1809 1792 1864 Κωνσταντινουπόλει
1845 1807 1914 1862 τὰ

344 1887 486 1940 αὐτὰ
514 1893 582 1979 τῇ
616 1893 675 1946 ἐν
721 1894 1048 1966 Λουγδούνῳ
1079 1898 1174 1951 καὶ
1201 1896 1341 1970 αὕτη
1375 1900 1702 1972 φρονήσασά
1729 1917 1790 1954 τε
1819 1902 1916 1953 καὶ

343 1981 622 2050 πράξασα,
663 1987 760 2039 καὶ
811 1990 870 2040 ὲν
913 1989 1053 2061 αὐτῇ
1099 1990 1328 2059 ἔμειναν
1359 1993 1586 2062 Γραικοί
1617 2010 1765 2055 τινες
1802 1993 1912 2047 Λα-

341 2080 858 2148 τινοφρονήσαντες.
922 2084 1036 2137 Καὶ
1085 2084 1359 2138 τελευτῶν
1402 2086 1768 2159 ὡμολόγησας
1812 2088 1913 2157 τὴν

343 2171 404 2222 ὲν
451 2173 572 2233 ταῖς
626 2173 866 2243 ἡμέραις
920 2176 1080 2245 ἡμῶν
1121 2178 1428 2248 γενομένην
1478 2180 1537 2232 ὲν
1579 2180 1909 2250 Φλωρεντίᾳ,

342 2263 440 2315 καὶ
477 2265 650 2333 αὐτὴν
679 2267 747 2318 τὰ
793 2267 956 2337 ὅμοια
987 2271 1107 2331 ταῖς
1136 2270 1241 2341 πρὸ
1279 2271 1450 2341 αὐτῆς
1489 2272 1910 2342 ἐκφωνήςασαν,

343 2360 440 2409 καὶ
489 2357 693 2426 πλῆθος
741 2359 877 2414 πολὺ
930 2361 1038 2415 τῶν
1070 2362 1318 2433 Γραικῶν
1346 2364 1531 2434 ἔμεινε
1564 2366 1798 2437 φρονοῦν
1843 2367 1911 2419 τὰ

343 2449 442 2516 τῆς
474 2451 694 2503 συνόδου
723 2451 946 2522 ταύτης,
979 2453 1104 2524 ἥτις
1126 2458 1194 2510 τὰ
1220 2458 1330 2512 τῶν
1362 2459 1610 2512 Λατίνων
1634 2460 1908 2526 ἐδόξασεν.

347 2539 491 2608 Ὅρα
516 2535 610 2594 οὖν
638 2540 755 2605 πῶς
789 2559 879 2612 μοι
909 2542 1218 2613 Θαυμάζειν
1250 2547 1435 2601 ἔπεισι
1481 2547 1593 2601 τῶν
1625 2550 1914 2618 ὑμετέρων

343 2634 540 2698 λόγων,
566 2636 648 2689 ὅτι
694 2637 756 2690 οὐ
793 2639 1263 2708 συμπεραίνουσιν
1315 2642 1513 2712 ἀληθῆ.
1567 2645 1752 2713 Ἐφης
1802 2646 1911 2717 γὰρ

342 2725 445 2788 τὴν
495 2726 550 2777 ὲν
608 2726 930 2798 Λουγδούνῳ
977 2730 1195 2784 σύνοδον
1260 2732 1402 2786 κατὰ
1441 2735 1691 2788 Λατίνων
1745 2734 1910 2800 εἶναι,

343 2813 444 2866 καὶ
481 2811 580 2882 τὴν
614 2815 672 2866 ὲν
724 2816 1307 2875 Κωνσταντινουπόλει
1330 2862 1347 2888 ,
1379 2824 1449 2877 τὰ
1487 2825 1626 2878 αὐτὰ
1673 2829 1740 2898 τῇ
1771 2827 1910 2899 αὐτῇ

343 2907 635 2974 λέγουααν,
689 2904 812 2963 εἶτα
860 2910 937 2980 μὴ
987 2909 1292 2982 δυνάμενος
1338 2917 1437 2986 τὴν
1473 2921 1736 2990 ἀλήθειαν
1778 2923 1914 2992 κρύ-

343 3002 464 3070 ψαι,
500 3003 691 3076 ῶσπερ
709 3007 799 3059 τὸν
819 3007 1014 3078 λύχνον
1040 3010 1145 3064 ὑπὸ
1171 3012 1264 3065 τὸν
1295 3013 1498 3082 μόδιον,
1535 3015 1658 3068 ἐπεὶ
1699 3019 1912 3088 φανερά

2015 526 2105 563 ror
2136 525 2218 561 ma
2230 510 2392 563 xime.

2089 600 2256 655 lihac.
2299 599 2439 666 Quid
2473 599 2615 653 istuc
2642 596 2840 649 mirum
2871 589 3128 646 videtur?

2087 691 2237 746 Pius.
2282 691 2528 747 Demiror
2575 689 2754 758 plane,
2803 685 2896 757 qui
2949 698 3161 754 nequeo
3210 692 3430 737 nostros
3484 678 3584 734 bos

2015 800 2295 841 sermones
2330 781 2683 838 concordare.

2089 881 2203 935 Dic.
2240 880 2304 934 Et
2334 896 2460 936 vero
2492 880 2633 935 inter
2671 893 2733 933 se
2771 876 2849 931 illi
2889 871 3306 945 disjunctissimi
3336 878 3464 926 sunt
3524 878 3578 924 et

2015 973 2252 1028 maxime
2282 973 2505 1028 diversi.

2083 1062 2248 1117 lec.
2272 1062 2445 1129 Quam
2467 1061 2887 1128 discrepantiam
2911 1058 3116 1114 nostris
3144 1058 3200 1112 in
3225 1053 3578 1113 sermonibus

2015 1155 2416 1224 apprehendis?
2439 1154 2634 1209 Annon
2669 1155 2742 1208 ita
2773 1160 2879 1215 est,
2910 1161 2966 1206 ιιι
2999 1151 3161 1206 dixi?

2085 1245 2236 1300 Pius.
2294 1247 2501 1302 llabeto
2536 1246 2632 1301 tibi
2674 1255 2892 1300 tuorum
2950 1258 3266 1298 sermonum
3309 1255 3581 1297 summam

2015 1339 2414 1395 dissensionem
2458 1355 2522 1394 ac
2563 1339 3006 1409 discrepantiam.
3054 1337 3296 1392 Primum
3360 1336 3578 1405 quidem

2014 1432 2300 1488 asseruisti
2351 1431 2768 1503 Lugdunensem
2814 1431 3085 1504 synodum
3133 1438 3322 1484 contra
3361 1428 3586 1482 Latinos

2013 1535 2256 1580 coactam
2314 1526 2501 1588 fuisse,
2529 1535 2582 1582 et
2603 1542 2666 1580 ex
2698 1525 2898 1581 Graecis
2928 1525 3215 1593 plerosque
3263 1521 3582 1574 Latinorum

2014 1619 2300 1675 sententia:
2327 1636 2612 1676 assensum
2641 1620 2958 1690 praebuisse,
2991 1618 3082 1688 qui
3116 1629 3168 1673 et
3194 1617 3362 1671 libros
3389 1629 3584 1669 corru-

2014 1723 2242 1784 perunt,
2285 1729 2352 1767 ne
2383 1721 2570 1768 contra
2616 1727 2713 1768 eos
2757 1714 2921 1767 latum
2965 1713 3016 1765 in
3070 1709 3281 1780 synodo
3315 1707 3582 1776 judicium

2018 1802 2387 1872 publicarent.
2421 1801 2692 1856 Addidisti
2725 1810 2776 1855 et
2805 1801 2962 1854 aliam
3002 1799 3269 1871 synodum
3315 1797 3586 1851 Constan-

2016 1895 2243 1964 tinopoli
2292 1895 2625 1951 celebratam
2661 1895 2848 1950 eadem
2878 1936 2894 1959 ,
2948 1907 3070 1960 qua:
3106 1901 3160 1945 et
3203 1886 3586 1959 Lugdunensis

2013 1988 2344 2043 sentientem
2399 1997 2454 2044 et
2476 1987 2869 2052 stabilientem,
2898 1987 2951 2040 iu
2976 1985 3090 2055 ipsa
3121 1998 3338 2054 quoque
3368 1981 3587 2036 Graecos

2013 2078 2227 2135 Latinis
2263 2080 2696 2135 obseeundasse.
2717 2077 2872 2133 Nunc
2900 2077 3116 2133 demum
3160 2075 3340 2129 fassus
3362 2088 3443 2136 es,
3489 2086 3585 2125 no-

2013 2183 2128 2229 stro
2159 2172 2264 2228 hoc
2291 2170 2704 2226 aevoFlorentia:
2727 2172 2993 2243 synodum
3024 2168 3351 2222 celebratam
3386 2163 3586 2221 similia

2013 2264 2393 2335 superioribus
2443 2263 2791 2325 decrevisse,
2837 2262 3219 2332 ingentemque
3273 2257 3584 2312 Graecorum

2014 2357 2414 2411 multitudinem
2440 2370 2562 2410 cum
2592 2354 2800 2424 synodo
2830 2353 3094 2416 sensisse,
3120 2366 3239 2420 qua:
3265 2347 3582 2402 Latinorum

2013 2449 2341 2505 sententiam
2374 2447 2775 2517 comprobavit.
2803 2443 3102 2500 Considera
3132 2445 3312 2512 itaque
3342 2440 3461 2494 ideo
3498 2454 3584 2492 me

2013 2547 2231 2592 tuorum
2279 2552 2594 2592 sermonum
2628 2535 2994 2591 admiratione
3033 2532 3395 2591 commoveri.
3437 2529 3581 2598 quod

2012 2645 2141 2686 vera
2175 2646 2280 2683 non
2312 2629 2664 2685 concludant.
2694 2627 2885 2685 Dixisti
2918 2626 3126 2680 scilicet
3153 2623 3418 2692 syn’odum
3442 2620 3585 2689 Lug-

2013 2722 2314 2776 dunensem
2346 2727 2538 2773 contra
2567 2717 2793 2772 Latinos
2823 2715 3013 2779 fuisse,
3040 2726 3093 2769 et
3123 2711 3586 2779 Constantinopo-

2015 2815 2237 2869 litanam
2278 2830 2307 2869 a
2349 2813 2699 2884 Lugdunensi
2754 2813 2976 2867 minime
3028 2811 3340 2872 diversam;
3396 2822 3581 2876 postea

2015 2925 2138 2964 cum
2172 2925 2278 2963 non
2309 2924 2500 2978 posses
2531 2907 2807 2963 occultare
2841 2905 3122 2959 veritatem
3154 2948 3170 2968 ,
3212 2902 3374 2957 veluti
3410 2903 3589 2953 lueer.

2017 3019 2141 3058 nam
2180 3001 2284 3058 sub
2327 3002 2536 3063 modio,
2567 2999 3008 3069 quandoquidem
3053 2998 3228 3066 palam
3281 3004 3363 3050 est
3412 2995 3590 3047 omni-

347 3098 499 3149 ἐστιν
533 3099 618 3168 (ὲν
664 3101 788 3160 ταῖς
841 3101 1078 3172 ἡμέραις
1127 3104 1236 3176 γὰρ
1278 3107 1438 3176 ἡμῶν
1503 3110 1758 3177 ἐγένετο,
1819 3113 1912 3164 καὶ

2017 3097 2120 3153 bus
2187 3096 2332 3167 (nam
2364 3095 2450 3150 bis
2482 3093 2686 3150 nostris
2730 3093 2922 3149 diebus
2961 3101 3182 3163 petacta
3212 3098 3316 3155 est,
3347 3096 3402 3144 et
3442 3096 3588 3158 patet

345 3189 546 3252 πάντες
577 3190 983 3263 γινώσκουσιν),
1010 3192 1370 3268 ὡμολόγησας
1397 3199 1547 3253 ἄκων
1584 3201 1679 3257 καὶ
1706 3203 1916 3274 ταύτην

343 3281 548 3352 δηλαδὴ
577 3283 678 3348 τὴν
722 3285 781 3338 ὲν
833 3284 1148 3359 Φλωρεντίᾳ
1186 3292 1512 3362 γενομένην,
1549 3294 1618 3347 τὰ
1658 3296 1801 3350 αὐτὰ
1844 3298 1920 3352 εί-

344 3378 560 3432 ποῦσαν
590 3382 709 3444 ταῖς
746 3381 852 3452 πρὸ
900 3383 1095 3451 αὐτῆς.
1138 3384 1273 3438 ’Λπδ
1302 3385 1412 3439 τῶν
1461 3388 1571 3440 σῶν
1616 3389 1800 3444 τοίνυν
1829 3392 1918 3445 λόε-

345 3487 460 3537 γων
496 3473 966 3542 συμπεραίνομεν,
989 3475 1073 3529 ὅτι
1107 3475 1262 3528 οὐδὲν
1285 3477 1486 3546 amet;
1526 3479 1686 3547 ἔφης.
1715 3481 1774 3535 Ei
1811 3483 1919 3554 γὰρ

346 3561 446 3615 νῦν
491 3564 550 3616 ὲν
617 3566 686 3634 τῇ
735 3564 1048 3638 Φλωρεντίᾳ
1105 3566 1245 3638 ὑπὲρ
1319 3569 1918 3645 Λατίνων’ὲπράχοη,

346 3652 539 3725 ὥσπερ
587 3654 838 3723 φαίνεται
889 3657 1225 3729 διαρρήδην,
1263 3659 1328 3712 σὺ
1381 3659 1438 3712 δὲ
1490 3659 1660 3731 ἔφθης
1711 3663 1914 3727 εἰπὼν,

347 3749 516 3802 ὃτιτὸι
550 3749 691 3802 αὐτὰ
745 3749 840 3802 καὶ
890 3748 1030 3820 αὕτη
1079 3753 1145 3822 τῇ
1179 3753 1238 3805 ὲν
1281 3753 1606 3823 Λουγδούνῳ
1633 3758 1729 3808 καὶ
1758 3758 1824 3825 τῇ
1863 3758 1918 3809 ὲν

348 3842 927 3898 Κωνσταντινουπόλει
990 3844 1277 3916 ἔπραξεν,
1329 3845 1528 3900 ἕπεται
1599 3850 1917 3916 ἀναγκαίως

351 3936 496 3989 κατὰ
541 3936 604 3988 τὺ
649 3939 1150 4008 συγκεχωρημένον
1200 3940 1350 4009 παρά
1404 3940 1521 4002 σοῦ,
1551 3943 1634 3994 ὅτι
1671 3943 1919 3995 κάκεῖναι

349 4026 495 4096 ὑπὲρ
525 4029 773 4083 Λατίνων
807 4024 968 4099 ἦσαν.
1023 4030 1125 4084 Διὰ
1180 4031 1344 4085 τοῦτο
1395 4033 1492 4086 καὶ
1517 4033 1639 4084 τότε
1698 4033 1792 4085 καὶ
1823 4032 1919 4084 νῦν

348 4120 652 4190 ὑπέμειναν
676 4123 726 4175 οί
759 4125 969 4176 συνετοὶ
998 4123 1110 4176 τῶν
1145 4124 1400 4194 Γραικῶν
1427 4129 1494 4196 τῇ
1519 4125 1752 4197 ἀληθείᾳ
1780 4127 1919 4196 μετὰ

347 4213 458 4265 τῶν
490 4214 726 4267 συνόδων
774 4215 864 4267 καὶ
903 4216 1010 4268 τῶν
1041 4217 1288 4270 Λατίνων
1323 4217 1738 4287 ὁμολογοῦντες.

433 4305 599 4360 Ῥακ.
633 4305 916 4373 Ἔμειναν,
954 4305 1170 4374 ἀληθῶς
1220 4305 1380 4376 ἔφης,
1423 4308 1591 4372 τινὲς,
1620 4309 1720 4360 οὐκ
1761 4309 1818 4360 ὲν
1851 4309 1916 4376 τῇ

349 4393 486 4467 ὀρθῇ
524 4395 623 4462 τῆς
657 4398 894 4458 πίστεως
943 4396 1230 4468 ὁμολογία,
1271 4400 1338 4468 τῇ
1397 4399 1508 4451 τῶν
1559 4399 1805 4452 Λατίνων
1859 4400 1916 4452 δὲ

2017 3190 2320 3260 omnibus),
2363 3189 2544 3244 fassus
2587 3204 2665 3255 es,
2717 3187 2844 3242 licet
2874 3187 3118 3251 invitus,
3177 3185 3316 3238 hanc
3370 3199 3586 3252 quoque

2019 3279 2386 3335 Florentinam
2417 3279 2708 3352 synodum,
2749 3275 3061 3346 superiores
3111 3285 3375 3339 secutam,
3397 3271 3582 3325 eadem

2021 3373 2426 3443 pronuntiasse.
2475 3371 2609 3425 Tuis
2651 3384 2782 3438 ergo
2831 3369 3015 3422 verbis
3072 3365 3472 3423 Concludimus,
3533 3372 3586 3414 te

2021 3465 2340 3532 longissime
2385 3479 2411 3515 a
2451 3477 2579 3517 vero
2617 3461 2879 3516 abfuisse.
2931 3459 3140 3514 Etenim
3189 3458 3232 3511 si
3271 3471 3416 3510 nunc
3457 3453 3585 3507 Flo-

2021 3561 2232 3613 rentina
2281 3572 2378 3625 pro
2424 3554 2652 3619 Latinis,
2701 3563 2759 3608 ut
2803 3560 3049 3622 apertqu
3127 3547 3586 3613 manifestumque

2019 3659 2102 3707 est
2133 3650 2407 3715 onmibus,
2447 3647 2712 3702 celebrata
2743 3657 2822 3700 est
2855 3646 2931 3716 (tu
2970 3659 3098 3697 vero
3144 3643 3362 3694 dixeras
3395 3638 3585 3691 eadem

2021 3743 2090 3796 ab
2121 3744 2259 3813 ipsa.
2288 3758 2410 3811 qua:
2451 3751 2503 3796 et
2543 3756 2570 3794 a
2599 3737 2946 3808 Lugdunensi
2995 3747 3051 3788 et
3087 3727 3589 3798 Constantinopoli-

2021 3847 2144 3891 tana
2183 3835 2468 3890 terminata
2521 3831 2733 3902 fuisse),
2773 3829 3086 3886 necessario
3135 3825 3383 3895 sequitur
3415 3838 3477 3875 ex
3517 3821 3584 3871 iis

2021 3947 2144 4001 quae
2183 3931 2293 4000 jam
2325 3931 2438 4000 ipse.
2474 3943 2856 3990 concesseras,
2890 3941 2984 3981 eas
3026 3923 3188 3977 etiam
3245 3935 3342 3988 pro
3377 3915 3586 3971 Latinis

2019 4041 2143 4080 esse
2172 4034 2408 4078 coactas.
2435 4022 2839 4091 Proptereaque
2862 4033 2914 4073 et
2966 4029 3093 4070 tunc
3117 4025 3170 4069 et
3200 4026 3347 4067 nunc
3372 4009 3586 4075 sapien-

2021 4116 2186 4169 tiores
2214 4115 2524 4168 Graecorum
2588 4127 2707 4164 cum
2740 4109 2961 4181 synodis
3005 4105 3318 4174 Latinisque
3353 4102 3406 4155 in
3443 4099 3586 4152 veri-

2021 4208 2147 4262 tatis
2177 4205 2520 4260 coufessioue
2555 4203 2882 4274 perstitisse.

2096 4300 2260 4354 lilmc.
2299 4298 2681 4363 Perstitcrunt,
2712 4310 2835 4349 vere
2859 4293 3062 4358 dixisti,
3095 4289 3365 4346 nonnulli.
3396 4297 3449 4340 at
3473 4305 3579 4342 tum

2021 4395 2074 4448 in
2103 4403 2262 4447 rectae
2297 4391 2419 4446 tidei
2455 4388 2801 4443 confessione
2827 4425 2842 4445 .
2875 4385 2968 4439 sed
3016 4384 3069 4436 in
3104 4382 3423 4436 Latinorum
3457 4397 3582 4434 sett-

348 4486 477 4557 δόξῃ
541 4487 951 4556 βεϐαιωθέντες,
997 4491 1180 4559 γυμνῇ
1229 4491 1294 4560 τῇ
1333 4490 1542 4561 κεφαλῇ
1605 4491 1915 4560 ἀνακηρύτ-

2023 4487 2190 4541 tentia
2234 4482 2565 4546 confirmati,
2595 4495 2755 4549 quam
2797 4486 2982 4547 aperto
3014 4475 3192 4546 capite
3241 4474 3533 4544 praedicant
3568 4490 3581 4524 :

351 4595 525 4632 τουσιο
578 4582 670 4634 καὶ
734 4580 824 4638 διὰ
855 4581 1014 4635 τοῦτο
1069 4581 1467 4653 Λατινόφρονας
1507 4583 1702 4645 αὐτοὺς
1742 4587 1916 4655 ἀναμ-

351 4674 588 4744 φιϐόλως
630 4674 906 4729 ἀποκαλοῦ
914 4693 1035 4742 μεν.

435 4768 586 4834 Ἀκρ.
619 4765 794 4819 Βαϐαὶ
833 4765 933 4835 τῆς
974 4766 1213 4837 τόλμηςί
1260 4767 1459 4836 βαὸαίί

425 4859 573 4914 Eiet.
625 4859 788 4916 Ἐλεῶ
819 4879 880 4915 σε
912 4861 1010 4927 τῆς
1059 4862 1288 4930 τόλμης,
1319 4861 1522 4928 μᾶλλον
1548 4861 1608 4914 δὲ
1646 4861 1919 4930 Θαυμάζω

353 4947 455 5000 κὰν
485 4949 684 5020 τούτῳ.
715 4950 790 5014 ὡς
846 4951 940 5003 καὶ
992 4949 1052 5001 ὲν
1096 4950 1208 5012 τοῖς
1258 4949 1440 5012 ἄλλοις
1489 4953 1603 5014 τοῖς
1635 4951 1788 5021 παρὰ
1819 4953 1914 5006 σοῦ

353 5041 691 5110 εἰρημένοις.

434 5130 598 5185 Ῥακ.
639 5129 705 5184 Τί
731 5149 814 5186 σοι
841 5131 902 5187 τὸ
931 5133 1347 5203 θαυμαζόμενον
1373 5149 1388 5198 ;
1443 5131 1674 5203 φράσον.

425 5223 579 5279 Εὐλ.
625 5225 838 5278 Ἀκούω
878 5242 999 5290 σου,
1044 5225 1127 5279 ὅτι
1158 5225 1343 5288 καλεῖς
1378 5226 1782 5293 Λατινόφρονας
1820 5228 1918 5278 πᾶ-

353 5331 454 5367 σαν
477 5315 575 5385 τὴν
601 5315 710 5369 τῶν
748 5317 999 5386 Γραικῶν
1039 5316 1390 5383 Ἐκκλησίαν,
1421 5317 1521 5386 τὴν
1567 5317 1920 5384 Ἀνατολικὴν

351 5403 579 5474 δηλαδὴ,
608 5407 706 5458 κα¹ι
738 5405 999 5476 βασιλεῖς,
1046 5405 1141 5460 καὶ
1165 5406 1532 5474 πατριάρχας,
1565 5405 1919 5474 ἀρχιεπισκό-

351 5513 510 5561 πούς,
547 5499 899 5564 ἐπισκόπους,
935 5497 1300 5566 ἡγουμένους,
1356 5497 1784 5566 σταυροφόρους,
1821 5499 1917 5549 καὶ

352 5589 478 5651 τοὺς
503 5589 753 5652 λοιποὺς,
805 5589 900 5645 καὶ
949 5589 1010 5645 οὐ
1064 5587 1190 5649 τοὺς
1219 5584 1428 5638 δώδεκα
1459 5585 1638 5655 μόνον.
1678 5585 1736 5638 Ei
1760 5585 1853 5638 οὖν
1885 5589 1919 5654 ἡ

355 5677 672 5748 ’Λνατολικὴ
739 5678 1033 5748 Ἐκκλησία
1065 5678 1215 5737 πᾶσα
1253 5677 1320 5731 τὰ
1359 5676 1466 5728 τῶν
1492 5674 1735 5728 Λατίνων
1762 5677 1919 5746 ἐφρῦ-

356 5787 505 5836 νησε,
536 5776 626 5825 καὶ
656 5773 703 5825 οἱ
737 5772 837 5826 δὼδ
871 5790 962 5835 κα,
999 5767 1077 5836 οἷς
1120 5769 1423 5838 ἐγκαλεῖτε,
1457 5769 1520 5822 τὰ
1565 5768 1659 5837 τῆς
1707 5769 1918 5823 ’.Χνατςο

2024 4591 2414 4649 proptereaque
2444 4591 2537 4628 eos
2568 4589 2690 4628 cum
2717 4571 2928 4626 Latinis
2973 4569 3272 4624 sentientes
3318 4568 3435 4624 sine
3475 4566 3587 4622 ullo

2021 4672 2184 4726 dubio
2218 4681 2616 4737 uuucupamus.

2093 4761 2232 4816 Aud.
2269 4762 2427 4829 Papae
2459 4755 2775 4813 audaciam!
2821 4771 2973 4826 papa-
3002 4755 3015 4808 !

2092 4855 2242 4909 Pius.
2284 4853 2503 4908 Miseret
2532 4867 2616 4904 me
2663 4860 2809 4902 tuam
2847 4847 3168 4911 audaciam;
3199 4861 3373 4915 neque
3405 4845 3583 4900 minus

2020 4950 2258 5004 demiror
2284 4948 2350 5001 de
2386 4948 2504 5010 hoc,
2535 4959 2696 5015 quam
2731 4943 2798 4997 de
2825 4943 2947 4999 aliis
2981 4941 3088 4996 tuis
3118 4941 3301 4995 dictis.
3376 4923 3379 4926 h

2091 5128 2257 5183 thac.
2291 5125 2430 5191 Quid
2467 5133 2551 5180 est
2585 5124 2729 5193 quod
2769 5120 3098 5177 admiraris?
3129 5119 3313 5172 effare.

2098 5219 2247 5272 Pius.
2283 5217 2455 5269 Audio
2494 5215 2591 5274 abs
2625 5225 2675 5268 te
2706 5215 3012 5267 universam
3050 5209 3366 5269 Graecorum
3399 5204 3586 5259 Eccle-

2021 5313 2182 5375 siam,
2208 5308 2536 5364 Orientalem
2567 5321 2781 5375 nempe,
2814 5306 3193 5372 imperatores,
3225 5297 3582 5368 patriarchas.

2023 5400 2482 5468 arebiepiscopos,
2524 5398 2809 5467 episc0pos
2835 5434 2850 5458 ,
2883 5393 3122 5456 abbates,
3155 5391 3470 5460 erucigeros
3531 5396 3586 5440 et

2023 5494 2261 5562 reliquos
2299 5505 2520 5552 omnes,
2558 5505 2664 5541 non
2695 5483 2984 5541 deodeeim
3029 5493 3236 5537 tantum
3271 5480 3587 5535 sacerdotes

2021 5597 2074 5641 et
2096 5585 2318 5644 Latinos
2343 5587 2484 5636 inter
2514 5598 2571 5635 se
2600 5579 2946 5634 concorditer
2976 5589 3300 5643 congruere.
3334 5575 3512 5638 Quare
3538 5571 3584 5624 si

2011 5681 2278 5734 universa
2334 5673 2628 5729 Orientalis
2682 5671 2925 5726 Ecclesia
2971 5668 3288 5722 Latinorum
3348 5663 3584 5734 dogmati

2025 5768 2270 5834 adbzesit,
2326 5775 2376 5821 et
2428 5773 2681 5834 praeterea
2723 5761 2776 5816 bi
2812 5759 3117 5824 duodecim,
3168 5771 3302 5827 quos
3343 5755 3394 5809 iu
3440 5753 3591 5824 judi-
