4022 6196
346 320 483 416 1005

1308 341 1812 412 DISCEPTATIO
1854 349 2007 410 PRO
2048 351 2258 416 CONC.
2304 350 2680 413 FLORENT-

3465 353 3606 418 1006

347 469 542 538 ἐπίσης
590 464 953 535 ἐκπορεύεται
1009 468 1160 535 παρὰ
1193 467 1404 536 Πατρὸς
1435 467 1530 519 καὶ
1569 465 1722 530 Υἰοῦ,
1769 465 1924 518 οὐδε·

2057 466 2153 519 iter
2181 467 2424 534 procedit
2454 483 2482 519 a
2523 467 2689 520 Patre
2719 475 2774 520 et
2831 465 2992 531 Filio,
3024 479 3243 521 omnem
3273 465 3418 521 tollit
3468 482 3607 538 pra!-

351 564 481 628 μίαν
537 560 801 613 κατέλιπε
857 559 1132 630 πρόφασιν
1179 561 1288 614 τῶν
1337 560 1651 628 ζητούντων
1708 558 1920 628 προφά-

343 673 474 718 σεις.

429 751 592 805 Ῥιικ.
624 748 853 818 Μεγάλα
910 747 1004 800 καὶ
1057 746 1268 816 φοϐερά
1317 746 1387 799 τὰ
1438 745 1594 815 παρὰ
1647 739 1742 798 σοῦ
1772 746 1926 815 εἰρη-

348 846 504 912 μένα,
549 845 699 910 τὶμιε
731 839 1099 909 πρεσϐύτερε,
1138 841 1230 892 καὶ
1278 839 1445 892 ίκανὰ
1477 837 1838 892 διασκεδάσαι
1868 838 1930 888 τὸ

346 940 507 1003 νέφος
538 933 647 985 τῶν
673 931 974 999 λογισμῶν.
1018 930 1182 982 Ἀλλὰ
1217 931 1313 983 καὶ
1358 929 1439 980 ἔτι
1484 930 1564 990 εἰς
1613 927 1930 994 ίκανοποίη-

348 1049 433 1081 σιν
465 1027 739 1097 ἡμετέραν
785 1022 960 1086 δεῖξόν
1018 1038 1108 1091 μοι
1156 1022 1250 1074 καὶ
1278 1020 1468 1091 ἕτερον
1517 1019 1674 1087 ἅγιον
1700 1018 1933 1086 λέγοντα

349 1120 494 1173 κατὰ
522 1118 771 1178 τούτους.

433 1214 578 1278 Ἁκρ.
619 1210 678 1261 ’0
709 1210 921 1270 τούτοις
956 1205 1034 1276 μὴ
1085 1205 1436 1273 πειθόμενος,
1474 1204 1582 1257 οὐδ’
1625 1205 1726 1258 ὅσα
1755 1203 1819 1257 ἄν
1848 1220 1932 1265 τις

348 1307 498 1376 εῐπῃ,
529 1302 911 1370 πεισθήσεται.

422 1399 565 1450 Καθ.
625 1391 890 1460 Κύριλλος
939 1393 969 1443 ὁ
1013 1388 1286 1460 μακάριος
1329 1393 1386 1441 ὲν
1426 1392 1494 1458 τῇ
1555 1386 1828 1458 ἑρμηνείᾳ
1866 1389 1934 1452 τῇ

351 1490 432 1547 εἰς
482 1487 570 1538 τὸν
602 1484 896 1553 προφήτην
940 1482 1097 1551 Ἰωήλ
1128 1497 1332 1550 φησιν⁹
1371 1499 1389 1531 ι
1437 1474 1514 1552 ᾟ
1546 1480 1644 1550 μὲν
1677 1479 1784 1551 γάρ
1817 1482 1937 1532 ἐστι

350 1579 504 1642 Θεὸς,
541 1578 635 1629 καὶ
681 1578 746 1629 ὲκ
795 1572 931 1626 Θεοῦ
979 1574 1120 1626 κατὰ
1169 1577 1336 1642 φύσιν
1375 1576 1404 1627 ὁ
1432 1573 1583 1638 Υἱὸς,
1608 1574 1938 1641 γεγέννηται

349 1671 460 1740 γάρ
490 1673 553 1722 ἐκ
587 1666 681 1719 τοῦ
715 1665 852 1718 Θεοῦ
888 1670 984 1716 καὶ
1010 1664 1245 1733 Πατρός,
1284 1663 1417 1716 ῐδιον
1442 1661 1612 1714 αὑτοῦ
1641 1678 1701 1714 τε
1755 1662 1850 1714 καὶ
1880 1661 1939 1714 ὲν

351 1762 523 1831 αὐτῷ,
569 1764 665 1815 καὶ
745 1759 802 1824 ἐξ
856 1757 1024 1810 αὑτοῦ
1079 1756 1140 1810 τὸ
1186 1755 1413 1825 Πνεῦμά
1473 1756 1626 1807 ἐστι·
1684 1753 1939 1823 καθάπερ

351 1850 544 1920 ἀμέλει
572 1850 665 1901 καὶ
691 1849 785 1900 ἀπ’
809 1845 974 1899 αὑτοῦ
1003 1848 1202 1900 νοεῖται
1228 1846 1323 1899 τοῦ
1349 1844 1487 1899 Θεοῦ
1514 1845 1612 1897 καὶ
1638 1843 1873 1915 Πατρός.
1912 1861 1932 1894 ι

351 1945 425 1997 Τὸ
453 1944 532 2006 δὲ,
583 1961 601 1992 t
638 1941 891 2010 καθάπερ
943 1939 1137 2009 ἀμέλει
1170 1939 1265 1993 καὶ
1303 1942 1369 1993 ἐκ
1415 1937 1510 1991 τοῦ
1559 1937 1792 2009 Πατρός,
1826 1955 1845 1988 s
1883 1936 1936 1988 τί

351 2035 548 2106 δηλοῦν
597 2035 935 2106 βούλεται,ἧ
981 2035 1084 2099 ὅτι,
1115 2032 1309 2102 ὥσπερ
1357 2033 1422 2085 ἐκ
1458 2029 1552 2084 τοῦ
1602 2030 1817 2101 Πατρὸς
1846 2031 1938 2082 ἐκ-

351 2129 669 2197 πορεύεται,
709 2128 854 2182 οὖτω
885 2128 979 2180 καὶ
1003 2129 1066 2180 ὲκ
1096 2129 1190 2179 τοῦ
1225 2127 1357 2179 Υίοῦ
1390 2124 1796 2196 ἐκπορεύεταις

429 2227 551 2277 Δικ.
580 2224 799 2284 Δίκαιος
832 2223 943 2283 τοῖς
981 2219 1294 2289 νουνεχέσιν
1323 2211 1480 2282 οὗτος
1510 2220 1538 2272 ό
1581 2218 1762 2285 λόγος.

437 2407 602 2462 Ῥακ.
632 2404 790 2458 Ἐστι
811 2402 910 2457 καὶ
942 2401 1102 2464 ἄλλος
1130 2417 1214 2464 τις
1245 2398 1356 2454 τῶν
1387 2399 1732 2454 διδασκάλων
1764 2396 1941 2466 λέγων

353 2500 532 2564 οὕτως
549 2516 563 2564 ;

611 2589 818 2653 Πάντες
841 2588 891 2642 ol
932 2586 1270 2641 Ἀνατολικοῖ
1308 2584 1405 2638 καὶ
1437 2583 1663 2637 Δυτικοι
1696 2585 1845 2652 ἅγιοι
1881 2583 1941 2636 τὸ

356 2692 492 2746 αὐτὸ
524 2689 795 2756 λέγουσιν.

440 2779 606 2834 Ῥακ.
646 2774 792 2843 Ἐγὼ
817 2771 943 2826 οὔτε
969 2768 1130 2835 εἶδον,
1159 2767 1286 2823 οὔτε
1334 2768 1548 2838 ἡκουσά
1603 2785 1736 2821 ποτε
1766 2767 1939 2822 τοιού-

355 2892 468 2928 των
491 2890 506 2903 ·
548 2872 707 2941 μόνον
739 2868 796 2922 δὶ
849 2863 1146 2920 Κασάσιλά
1189 2879 1362 2927 τινος,
1396 2860 1636 2928 Ψελλοῦ,
1666 2860 1939 2916 Νικολάου

358 2965 650 3032 Μεθώνης,
716 2960 1054 3028 Παναρέτου,
1111 2957 1208 3010 καὶ
1264 2954 1464 3018 ἄλλων,
1530 2954 1626 3006 καὶ
1689 2952 1786 3006 νῦν
1843 2955 1939 3009 τοῦ

369 3057 600 3127 Ἐφέσου
630 3055 841 3127 ηκουσα
866 3050 1128 3105 τάναντία
1152 3050 1403 3118 λέγοντος
1432 3045 1668 3113 τούτοις,
1701 3045 1844 3118 ἅπερ
1873 3048 1938 3101 σὺ

360 3149 595 3310 φῄᾷκρ,
633 3232 742 3295 Καὶ
785 3239 898 3292 τίσι
944 3235 1152 3290 δίκαιον
1201 3235 1433 3289 ἕπεσθαι
1463 3238 1577 3299 τοῖς
1619 3235 1798 3305 ἁγίοις
1841 3235 1944 3305 τῆς

373 3334 708 3406 Ἐκκλησὶας
748 3330 1117 3396 διδασκάλοις,
1172 3327 1207 3399 ἢ
1269 3328 1482 3392 τούτοις
1534 3329 1647 3392 τοῖς
1705 3329 1845 3397 μετὰ
1882 3325 1946 3380 τὸ

364 3428 569 3500 σχίσμα
595 3429 690 3481 καὶ
721 3426 902 3497 μάχην
928 3421 1324 3492 συγγράψασις

449 3609 605 3662 Ῥακ.
639 3605 766 3665 Τοῖς
789 3601 1134 3662 διδασκάλοις
1163 3599 1574 3669 ἀναμφιϐόλως.

433 3703 576 3758 Καθ.
596 3697 663 3752 Τί
694 3715 777 3750 σοι
807 3695 957 3749 δοκεῖ
979 3693 1108 3759 νῦν;
1136 3692 1418 3765 Δίρετικοί
1448 3691 1590 3745 εἰσιν
1619 3690 1670 3743 οι
1693 3689 1947 3764 λέγοντες

362 3794 424 3849 τὸ
455 3790 677 3861 Πνεῦμα
709 3790 773 3842 ὲκ
804 3787 900 3840 τοῦ
938 3783 1106 3852 Υίοῦς

445 3885 603 3940 Ῥακ.
676 3879 876 3941 Καθὼς
944 3875 1146 3947 ἀρτίως
1213 3877 1462 3948 ηκουσα,
1522 3875 1727 3945 ἥκιστα
1787 3871 1946 3925 τοῦτο

366 3979 629 4049 φήσαιμι.

437 4071 578 4124 Nat).
615 4066 679 4118 Τί
735 4060 828 4118 οὖν
877 4064 1014 4126 ὅλως
1049 4063 1198 4134 ἡμᾶς
1249 4057 1518 4130 μάχεσθες
1555 4058 1620 4111 Et
1668 4058 1774 4128 γάρ
1805 4059 1945 4110 άπε-

365 4160 553 4232 δείχθη
581 4157 885 4229 διαρῤήδην
919 4157 980 4211 τὸ
1015 4153 1244 4222 Πνεῦμα
1275 4152 1337 4204 τὸ
1367 4151 1523 4218 ἅγιον
1565 4151 1944 4221 ἐκπορευόμε-

367 4270 456 4306 νον
489 4252 577 4306 διά
602 4253 694 4305 τοῦ
729 4249 862 4303 Υίοῦ
894 4251 988 4302 καὶ
1018 4249 1084 4302 ἐκ
1112 4245 1206 4300 τοῦ
1244 4245 1378 4298 Υίοῦ
1408 4245 1468 4296 ὲν
1493 4244 1619 4306 ταῖς
1644 4243 1752 4297 τῶν
1785 4241 1947 4312 ίερῶν

367 4346 626 4413 Πατέρων
672 4345 767 4397 καὶ
811 4339 1150 4396 διδασκάλων
1204 4335 1363 4408 ἡμῶν
1395 4335 1820 4406 ἀναντιρρήτοις
1851 4333 1946 4386 καὶ

369 4442 562 4508 σοφαῖς
625 4437 1003 4507 ὑφηγήσεσιν,
1073 4426 1194 4484 εἶτα
1273 4431 1593 4500 συμφωνεῖν
1670 4427 1807 4497 τῷδε
1866 4423 1946 4496 τῷ

2031 570 2233 612 textum
2270 571 2563 629 pi-aatextus
2595 560 2980 630 quaerentium.

2110 739 2273 797 ΒΙιαε.
2326 739 2477 796 Dicta
2526 752 2641 807 tua,
2689 756 2724 796 o
2775 741 3092 797 venerande
3153 757 3342 809 senex,
3412 759 3614 818 magna

2033 841 2163 888 Sunt
2194 843 2250 887 et
2278 834 2551 888 terribilia
2615 842 2854 905 aptaque
2916 836 3315 904 cogitationum
3379 838 3612 894 nebulas

2033 925 2334 979 discutere.
2364 925 2470 980 Sed
2489 926 2692 991 adhuc,
2725 937 2782 980 ut
2814 929 3093 983 cumulate
3129 928 3488 997 disputationi
3519 945 3615 984 sa-

2037 1017 2106 1070 tis
2142 1017 2252 1080 liat,
2285 1018 2512 1072 ostende
2545 1018 2679 1073 mihi
2712 1027 2769 1073 et
2801 1018 2968 1072 alitttn
2999 1028 3249 1074 sanctum
3273 1023 3463 1075 eadem
3489 1038 3613 1092 qua:

2036 1117 2090 1162 ct
2120 1108 2172 1161 hi
2213 1110 2617 1173 enuntiantetn.

2113 1201 2253 1254 And.
2283 1201 2386 1268 Qui
2426 1203 2514 1257 his
2549 1220 2658 1259 non
2696 1205 2986 1272 suadetur,
3030 1223 3209 1278 neque
3233 1208 3280 1263 si
3317 1209 3422 1262 alia
3455 1209 3617 1264 innu-

2040 1307 2189 1344 mera
2222 1292 2445 1355 dixerit,
2485 1295 2834 1351 suadebitur.

2112 1381 2268 1437 Catii.
2303 1382 2502 1440 Beatus
2535 1385 2798 1456 Cyrillus,
2834 1389 3296 1459 interpretatione
3330 1392 3383 1446 in
3405 1392 3618 1448 .loelem

2041 1476 2390 1550 prophetam,
2414 1478 2655 1532 scribit:
2694 1498 2714 1531 ι
2750 1477 2808 1533 In
2847 1490 3113 1549 quantum
3154 1484 3302 1538 enim
3341 1484 3482 1540 Deus
3506 1495 3616 1548 est,

2041 1577 2181 1620 etex
2213 1566 2324 1620 Deo
2360 1568 2669 1624 secundum
2739 1582 2997 1626 naturam
3062 1572 3242 1628 Filius
3294 1586 3400 1641 est,
3456 1589 3619 1630 natus

2041 1659 2243 1726 quippe
2268 1668 2348 1712 est
2389 1674 2456 1712 ex
2483 1660 2591 1714 Deo
2640 1677 2695 1716 et
2723 1661 2910 1727 Patre,
2945 1667 3205 1735 proprius
3264 1668 3418 1723 illius
3447 1677 3502 1724 et
3563 1672 3620 1724 in

2045 1748 2186 1816 ipso,
2205 1756 2262 1801 et
2291 1763 2356 1802 ex
2389 1748 2508 1819 ipso
2537 1753 2780 1821 Spiritus
2809 1765 2932 1820 est;
2967 1758 3438 1825 quemadmodum
3464 1761 3622 1814 scili-

1973 1819 2012 1875 Β
2044 1849 2130 1893 cet
2159 1850 2214 1892 et
2241 1855 2306 1894 ex
2337 1843 2457 1911 ipso
2501 1819 2830 1915 intelligitur
2897 1819 3005 1904 Deo
3051 1861 3105 1904 et
3165 1850 3349 1904 Patre.
3385 1867 3406 1901 ι
3478 1851 3619 1907 lllud

2045 1949 2231 2001 porro,
2277 1953 2296 1988 ι
2334 1935 2800 2004 quemadmodum
2852 1942 3068 1996 scilicet
3129 1953 3185 1997 et
3240 1959 3304 1997 ex
3369 1942 3554 2007 Patre,
3593 1961 3612 1996 ι

2041 2026 2169 2095 quid
2204 2037 2384 2094 notat,
2418 2045 2607 2098 quam,
2641 2033 3111 2100 quemadmodum
3135 2051 3198 2090 ex
3225 2037 3390 2091 Patre
3425 2051 3623 2106 proce-

2041 2118 2140 2184 dit,
2172 2118 2246 2173 ita
2272 2122 2436 2175 etiam
2468 2124 2716 2192 procedit
2745 2140 2811 2179 ex
2836 2122 3009 2179 Filio?

2112 2211 2233 2266 Dic.
2265 2212 2444 2284 AEqua
2487 2225 2541 2271 et
2566 2216 2710 2270 bona
2763 2217 2877 2273 haec
2909 2219 3086 2273 oratio
3117 2217 3483 2288 prudentibus
3536 2233 3625 2274 re-

2044 2305 2347 2374 putabitur.

2117 2395 2286 2452 Rhac.
2321 2398 2488 2455 Estne
2519 2411 2783 2472 praeterea
2834 2404 2980 2460 alius
3032 2405 3308 2477 quispiam
3341 2421 3407 2461 ex
3425 2406 3626 2462 docto-

2044 2487 2220 2550 ribus,
2258 2489 2353 2558 qtti
2380 2490 2456 2543 ita
2490 2490 2750 2561 loquatur
2766 2491 2791 2543 ἲ

2116 2580 2274 2636 (ἰαιΙι.
2304 2579 2509 2639 Omnes
2532 2585 2709 2640 sancti
2751 2582 3140 2643 Occidentales
3199 2595 3257 2643 et
3309 2587 3624 2646 Orientales

2043 2670 2186 2727 idem
2213 2674 2508 2731 allirmant.

2117 2764 2282 2821 Rhac.
2313 2765 2426 2836 Ego
2478 2783 2657 2840 neque
2717 2770 2852 2836 vidi,
2908 2787 3087 2843 neque
3143 2787 3386 2843 unquam
3441 2772 3628 2828 audivi

2044 2858 2246 2915 similia
2281 2877 2296 2916 :
2333 2861 2714 2916 tantummodo
2747 2878 2861 2933 pra:
2888 2865 3145 2921 manibus
3196 2865 3350 2920 luere
3372 2865 3630 2922 Cabasila

2044 2952 2289 3021 quidam,
2315 2953 2546 3020 Psellus,
2575 2954 2837 3011 Nicolaus
2888 2956 3288 3023 Methonensis,
3313 2957 3623 3014 Panaretus

2046 3053 2102 3098 et
2134 3044 2248 3098 alii.
2294 3043 2360 3099 Et
2378 3062 2524 3101 nunc
2555 3048 2774 3104 demum
2811 3048 3112 3120 Ephesium
3169 3051 3381 3120 audivi,
3428 3053 3630 3124 quibus

1973 3160 2016 3218 ο
2051 3143 2111 3191 ιιι
2142 3136 2286 3193 dicis
2312 3140 2596 3196 contraria
2638 3141 3002 3197 dictitantem.

2123 3232 2266 3287 Aud.
2302 3231 2538 3298 Quinam
2561 3237 2748 3306 potius
2765 3236 3024 3290 audiendi
3053 3244 3184 3290 sunt
3239 3239 3415 3293 sancti
3439 3238 3631 3294 docto-

2052 3339 2140 3380 res
2166 3325 2446 3390 Ecclesiae,
2509 3341 2580 3380 an
2613 3326 2692 3380 illi
2750 3328 2842 3396 qui
2889 3335 3014 3397 post
3038 3329 3302 3393 schisma,
3331 3338 3384 3384 et
3419 3331 3626 3387 multas

2053 3419 2433 3474 contentiones
2499 3427 2555 3474 et
2630 3419 2782 3475 rixas
2845 3420 3245 3475 commentaria
3297 3420 3628 3477 ediderunt?

2125 3592 2294 3646 llhac.
2333 3591 2598 3648 Doctores
2622 3591 2835 3663 absque
2863 3591 3055 3648 dubio.

2123 3684 2278 3740 Cll/It.
2308 3684 2453 3751 Quid
2477 3701 2624 3740 nunc
2657 3686 2756 3740 tibi
2779 3686 3035 3742 videtur?
3071 3684 3323 3743 [heretici
3356 3678 3625 3761 sunt,qui

2055 3781 2268 3845 dicunt,
2294 3781 2563 3852 Spiritum
2597 3797 2663 3836 ex
2695 3780 2876 3836 Filio?

2125 3873 2292 3927 thac.
2328 3872 2534 3938 Exhis,
2573 3889 2696 3943 quae
2749 3872 2915 3930 modo
2978 3873 3189 3942 audivi,
3226 3890 3510 3947 nunquam
3573 3877 3631 3933 id

2052 3968 2306 4022 dixerim.

2125 4060 2282 4114 Catlt.
2317 4060 2497 4125 Quare
2525 4061 2709 4130 itaque
2741 4061 2901 4117 nobis
2931 4061 3350 4117 adversamiui?
3409 4063 3625 4119 Etenim

2052 4154 2098 4207 si
2140 4150 2472 4208 suﬂicieuter
2510 4151 2782 4222 planeque
2839 4152 3284 4208 demonstratum
3310 4166 3418 4220 est,
3450 4155 3632 4226 Spiri-

2055 4256 2168 4298 tum
2205 4252 2457 4299 sanctum
2491 4259 2585 4314 per
2627 4243 2826 4300 Filium
2851 4254 2908 4300 et
2939 4260 3007 4299 ex
3035 4243 3176 4300 Filio
3207 4247 3533 4316 procedere,
3558 4263 3628 4303 ex

2054 4351 2334 4392 sacrorum
2390 4335 2615 4391 Patrum
2693 4336 3097 4408 doctorumque
3147 4349 3462 4394 nostrorum
3536 4356 3630 4396 sa-

2054 4427 2332 4500 pientibus
2392 4430 2674 4500 ﬁrmisque
2732 4431 2869 4485 citra
2928 4433 3429 4488 contradictionem
3482 4448 3636 4489 com-

365 4533 596 4599 δόγματι
624 4530 684 4582 τὸ
719 4528 874 4599 παρὰ
908 4527 1010 4595 τῆς
1045 4521 1372 4593 Ῥωμαῖκῆς
1414 4519 1745 4589 Ἐκκλησίας
1777 4520 1835 4571 εν
1863 4517 1942 4588 τῷ

2057 4520 2366 4587 mentariis,
2397 4536 2500 4576 nos
2551 4530 2740 4590 postea
2792 4519 2960 4577 simili
3019 4523 3326 4590 sententiae,
3383 4525 3530 4595 quod
3599 4543 3631 4581 a

366 4621 632 4691 Σνμὸόλῳ
678 4620 780 4689 τῆς
845 4616 1083 4679 πίστεως
1141 4612 1553 4684 κηρυττόμενον
1619 4609 1944 4678 ἐγνωκότες,

267 4721 278 4728 ‘
365 4714 467 4782 τὴν
498 4713 720 4782 εἰρήνην
751 4709 847 4762 καὶ
895 4707 1090 4762 ἕνωσιν
1132 4707 1239 4760 τῶν
1299 4703 1644 4773 Ἑκκλησιῶν
1679 4717 1948 4772 χρεωστι-

366 4805 481 4868 κῶς
512 4805 627 4874 ἅμα
657 4804 756 4857 καὶ
789 4801 1034 4863 εὐλαϐῶς
1063 4801 1234 4868 αὐτὴν
1257 4797 1508 4865 ἀσμένως
1541 4793 1945 4864 ὑπεδεξάμεθα,

365 4900 462 4948 καὶ
506 4898 606 4966 τὴν
660 4896 799 4964 μετὰ
835 4893 1135 4962 Ῥωμαίων
1186 4892 1467 4959 ὁμόνοιαν,
1514 4888 1610 4941 καὶ
1666 4888 1728 4940 τὸ
1767 4888 1945 4955 φίλιον

368 4985 758 5056 προειλόμεθα,
800 4985 852 5036 τί
885 4984 995 5036 τῶν
1031 4983 1248 5035 ἀτόπων
1285 4976 1737 5050 διεπραξάμεθας
1775 4977 1948 5029 Πόθεν

369 5082 499 5149 ὑμῖν
544 5079 845 5146 ἐξεγένετο,
904 5076 1148 5144 ἀδελφοὶ,
1206 5075 1333 5134 τοὺς
1380 5071 1687 5142 ὁμοφύλους
1739 5086 1796 5121 τε
1857 5068 1950 5122 καὶ

364 5174 671 5241 ὁμογενεῖς,
710 5170 776 5225 ἵν’
808 5169 947 5221 εἴπω
976 5171 1069 5220 καὶ
1103 5167 1368 5235 συμφυεῖς
1396 5165 1543 5218 ἐστιν
1583 5165 1672 5216 ὅτε
1701 5163 1854 5231 ὑμῖν,
1875 5160 1951 5222 ὡς

366 5263 614 5324 ὲθνικοὺς
672 5263 769 5316 καὶ
821 5260 1154 5326 ἀλλοφύλους
1207 5258 1480 5326 ἡγεῖσθαι,
1511 5257 1607 5310 καὶ
1659 5256 1820 5325 ἀράς,
1858 5255 1953 5307 καὶ

367 5355 746 5424 βλασφημίας,
775 5347 873 5405 καὶ
923 5351 1287 5416 συκοφαντίας
1336 5346 1778 5416 ἀλλεπαλλήλους
1825 5347 1953 5416 συῤ-

369 5455 602 5522 ῥάπτειν
649 5449 768 5502 καθ’
824 5447 984 5516 ἡμῶν
1039 5446 1316 5516 ὁσημέραι
1349 5445 1410 5497 ού
1471 5441 1744 5505 παύεσθε;
1779 5441 1954 5494 Τοῦτο

364 5543 703 5612 παναληθες.
750 5541 826 5592 Ut)
865 5541 975 5608 γάρ
1027 5538 1307 5606 δυνηθείη,
1347 5537 1495 5598 ὅστις
1543 5536 1609 5588 ἂν
1640 5534 1748 5604 εἴη,
1781 5534 1952 5602 ἀρνήο

367 5636 591 5690 σασθαι.
633 5637 741 5687 Καὶ⁸
784 5635 895 5700 γάρ
953 5633 1008 5682 ἐν
1043 5633 1164 5692 ταῖς
1200 5630 1493 5699 καπήλοις,
1529 5630 1585 5678 ἐν
1619 5632 1739 5688 ταῖς
1788 5626 1952 5688 ὁδοῖς,

362 5731 427 5780 ιν
467 5729 585 5788 ταῖς
628 5726 877 5795 ἀγοραῖς,
928 5724 1016 5776 διὰ
1067 5723 1286 5775 πάντων
1336 5722 1429 5773 καὶ
1482 5718 1783 5788 πανταχοῦ,
1844 5717 1953 5770 τῶν

367 5818 645 5871 ἑνωτικῶν
701 5818 896 5886 ἱερέων
932 5813 1305 5885 κατασύρεται
1338 5813 1399 5864 τὸ
1435 5811 1756 5870 πολίτευμα.
1793 5811 1885 5862 καὶ
1917 5811 1948 5878 ἡ

2054 4611 2300 4675 Romana
2331 4613 2573 4668 Ecclesia
2605 4615 2658 4668 in
2702 4612 2960 4686 Symbolo
2983 4615 3107 4670 ﬁdei
3133 4619 3467 4686 praedicatur
3499 4635 3633 4673 con-

2053 4705 2284 4760 cordarc
2315 4715 2730 4781 cognoscentes,
2771 4722 2959 4776 pacem
3023 4717 3075 4763 et
3123 4711 3380 4765 unionem
3441 4709 3634 4766 Eccle-

2053 4797 2262 4851 siarum
2322 4800 2640 4853 necessario
2672 4810 2726 4854 et
2756 4811 3071 4856 reverenter
3113 4801 3348 4859 libentes
3399 4804 3633 4861 decacu-

2054 4889 2151 4945 lati
2184 4906 2399 4954 smnus,
2433 4900 2487 4946 et
2540 4893 2894 4948 concordiam
2963 4910 3089 4950 cum
3147 4895 3410 4954 Romanis
3467 4907 3633 4969 atque

2055 4982 2358 5036 amicitiam
2393 4983 2673 5050 inivimus,
2739 4986 2872 5054 quid
2928 4986 3155 5043 absurdi
3205 4989 3634 5044 commisimus?

2062 5073 2213 5130 Unde
2254 5074 2456 5129 factum
2489 5085 2593 5140 est,
2629 5075 2847 5143 fratres,
2889 5089 2946 5133 ut
2984 5095 3082 5134 vos
3101 5078 3350 5148 ejusdem
3390 5081 3633 5134 nationis

2058 5175 2112 5220 ct
2139 5167 2379 5235 ejusdem
2413 5169 2650 5237 generis,
2674 5169 2973 5240 aliquando
3033 5172 3193 5225 etiam
3231 5183 3286 5226 et
3343 5172 3632 5242 sanguinis

2059 5256 2334 5324 homines,
2373 5268 2635 5328 tanquam
2680 5263 2936 5316 ethnicos
2987 5272 3039 5316 et
3070 5263 3280 5319 alienos
3315 5265 3637 5334 reputetis?

2056 5361 2110 5406 ct
2145 5352 2317 5418 diras,
2346 5353 2595 5409 convicia
2646 5364 2698 5408 et
2741 5353 3054 5408 calumnias
3117 5355 3380 5409 continuo
3435 5365 3626 5411 contra

2057 5459 2151 5498 eos
2178 5455 2230 5499 et
2257 5445 2501 5513 quotidie
2565 5447 2901 5499 concinnare
2949 5460 3059 5499 non
3120 5445 3461 5502 dcsistatis?
3519 5447 3634 5504 lloc

2058 5537 2403 5589 verissimum
2440 5545 2544 5598 est,
2579 5549 2757 5602 neque
2796 5536 3228 5606 aliquisinﬁcias
3257 5538 3450 5606 iverit;
3477 5554 3632 5593 nam-

2060 5643 2164 5694 que
2197 5626 2248 5679 in
2280 5626 2570 5695 cauponis,
2608 5627 2809 5692 triviis,
2866 5628 3024 5693 foris,
3061 5628 3200 5683 locis
3259 5630 3314 5684 in
3371 5631 3633 5686 omnibus

2059 5719 2346 5770 calumniae
2381 5719 2588 5786 amplas
2624 5721 2946 5772 occasiones
2996 5721 3403 5788 nanciscentes,
3440 5735 3629 5777 sacer-

2059 5812 2246 5865 dotum
2304 5811 2394 5869 .gni
2433 5811 2693 5874 unionem
2727 5825 3085 5884 acceperunt,
3139 5817 3303 5872 vitam
3339 5811 3634 5888 atque_in-
