4022 6196
500 198 633 291 ton

1490 224 1810 289 JOSEPHI
1845 178 2392 290 METHONENSlS
2423 228 2768 290 EPISCOPI

3571 240 3681 298 lci!

567 345 691 401 Dic.
721 343 1178 415 Quandoquidem
1201 345 1349 413 silet,
1399 345 1523 411 hoc,
1552 353 1811 415 tanquam
1838 345 2072 398 cuicnn-

2250 349 2371 398 Δικ.
2416 346 2637 414 Ἐπειδὴ
2696 346 2897 414 σιωπᾷ,
2963 341 3037 406 ὡς
3091 343 3464 415 ἀναντίρρητον
3508 348 3681 413 πάντως

497 438 697 494 tradiei
729 440 938 505 nequit,
974 439 1360 508 praetermittit.
1406 438 1519 492 lino
1543 440 1735 492 nolens
1768 437 1897 490 illud
1932 452 2072 507 pro-

498 543 770 596 pugnare,
803 529 1070 583 Catholici
1126 529 1585 584 demonstrationi
1635 543 1928 584 assmsum
1982 541 2077 580 ex-

502 620 675 676 hibet.
718 620 814 675 llic
834 621 987 675 enim
1017 635 1137 674 mos
1165 631 1250 676 est
1278 621 1696 689 disputantilms
1746 636 1853 672 non
1908 619 2076 673 silere

498 713 554 768 in
577 713 783 781 aliquo,
828 712 1000 781 quod,
1020 711 1068 765 si
1101 711 1376 775 siluerint,
1428 712 1585 780 plane
1620 709 1859 765 fatentur
1898 724 1958 765 se
1996 708 2077 761 vi-

498 815 616 860 ctos
643 820 787 869 esse,
825 819 926 859 nec
956 805 1093 867 velle
1127 804 1195 859 de
1224 819 1291 859 eo
1324 804 1563 874 amplius
1619 802 2073 873 disceptationem

499 898 656 951 inire.

571 988 731 1045 Catii.
768 988 885 1055 Dic,
921 989 1079 1044 Pater
1110 990 1437 1053 reterende,
1469 1002 1589 1056 qute
1640 986 1693 1040 in
1728 986 1956 1041 dubium
1985 999 2076 1038 v0-

494 1095 611 1143 cas,
636 1088 690 1135 et
719 1080 1074 1148 respondebo.

568 1174 743 1229 Blmc.
778 1175 1066 1243 Quomodo
1094 1175 1289 1245 prohat
1308 1173 1574 1245 synodus,
1609 1172 1824 1228 animas
1849 1170 2073 1242 purgari

495 1276 623 1337 post
654 1267 931 1322 mortem?

565 1357 725 1414 Catii.
746 1358 953 1415 Probat
997 1369 1054 1415 et
1096 1359 1440 1416 demonstrat
1468 1373 1592 1415 cum
1614 1356 1851 1422 ratione,
1878 1370 2076 1427 quem-

496 1449 791 1507 admodum
820 1459 876 1507 et
907 1452 1141 1519 reliqua.

571 1543 745 1599 Rhac.
777 1544 913 1613 Age,
943 1543 1113 1599 dicito
1150 1543 1307 1609 mihi,
1346 1545 1493 1600 unde
1542 1545 1648 1601 hoc
1704 1544 2071 1600 demonstrat.

562 1635 726 1691 Cath.
751 1638 998 1692 Primum
1035 1637 1255 1709 quidem
1278 1639 1531 1709 exemplo
1559 1639 1756 1706 nostri,
1794 1638 1939 1708 quod
1971 1651 2073 1692 nos

2181 439 2375 508 ἀφίησι
2409 436 2591 490 τοῦτο.
2620 438 2743 492 Ἔτι
2774 438 2853 498 δὲ,
2901 437 2977 507 μὴ
3009 436 3180 489 θέλων
3227 436 3382 489 αὖτοῦ
3414 438 3682 504 ἀντέχεσθαι

2180 531 2281 593 ἔτι,
2325 532 2780 598 συγκατατίθεται
2823 533 2890 599 τῇ
2939 529 3033 582 τοῦ
3095 528 3391 583 Καθολικοῦ
3436 533 3683 598 ἀποφάσει.

2180 624 2352 678 Τοῦτο
2389 625 2497 694 γὰρ
2527 625 2646 689 ἔθος
2678 626 2792 686 τοῖς
2822 623 3228 693 διαλεγομένοις
3262 623 3389 686 ἐστὶ,
3419 624 3488 693 μὴ
3517 629 3686 694 σιωπᾷν

2181 719 2324 772 κατὰ
2371 734 2444 772 τι.
2478 718 2774 788 Σιωπήσας
2799 717 2881 781 δὲ,
2908 716 3183 769 δείκνυσιν
3212 715 3294 767 ὄτι
3321 715 3589 783 νενίκηται,
3614 719 3688 769 καὶ

2177 810 2239 863 ού
2272 809 2525 880 βούλεται
2557 809 2637 863 ἔτι
2675 810 2806 880 περὶ
2833 807 3040 863 ἐκείνου
3063 807 3267 876 λέγειν.

2252 992 2395 1044 Καθ.
2433 989 2597 1057 Λέγε,
2631 988 2819 1059 Πάτερ
2875 987 3144 1057 αἰδέσιμε,
3190 986 3329 1057 ἅπερ
3377 987 3693 1055 ἀπορεῖς,καῖ.

2176 1081 2585 1149 ἀποκρινοῦμαί
2620 1098 2721 1136 σοι.
3552 1076 3567 1085 ί

2258 1170 2423 1226 Ῥακ.
2470 1171 2598 1236 Πῶς
2643 1173 2971 1244 παρίστησιν
3014 1172 3048 1243 ἠ
3102 1172 3317 1236 σύνοδος
3362 1171 3510 1241 αὕτη,
3536 1172 3608 1226 ὅτι
3651 1172 3695 1224 ai

2174 1259 2343 1331 ψυκαὶ
2372 1261 2729 1331 καθαίρονται
2767 1264 2905 1331 μετά
2936 1263 3203 1329 θάνατονς

2248 1357 2394 1409 Καθ.
2430 1354 2733 1425 Παρίστησι
2774 1358 2869 1409 καὶ
2903 1355 3251 1433 ἀποδεικνύει
3297 1357 3388 1409 καὶ
3418 1357 3560 1411 τοῦτο
3589 1357 3699 1426 μετα

2174 1445 2355 1513 λόγου,
2394 1446 2585 1519 ὥσπερ
2614 1450 2711 1503 καί⁵
2734 1450 2804 1503 τὰ
2834 1450 3021 1507 λοιπά.

2261 1539 2426 1595 Ῥακ.
2460 1541 2601 1607 Λέγε
2630 1560 2720 1612 μοι
2750 1542 2837 1612 δὴ,
2867 1544 3033 1596 πόθεν
3063 1544 3301 1597 δεικνύει
3335 1544 3502 1599 τοῦτο.

2247 1636 2392 1688 Καθ.
2429 1633 2653 1702 Πρῶτον
2704 1634 2805 1704 μὲν
2843 1637 2907 1688 ἐκ
2970 1637 3411 1707 παραδείγματος
3454 1636 3699 1705 ἡμετέρου.

494 1728 599 1798 ipsi
627 1726 865 1785 facimus
893 1748 908 1785 :
940 1729 1141 1785 deinde
1172 1718 1509 1784 testimoniis
1541 1738 1859 1785 sanctorum
1888 1728 2072 1785 Eccle-

2181 1726 2310 1796 ὅπερ
2354 1726 2509 1779 αὐτοὶ
2551 1726 2713 1795 ἡμεῖς
2754 1727 3019 1799 ποιοῦμεν
3043 1745 3058 1761 ⁸
3110 1725 3233 1783 εἶτα
3282 1729 3386 1783 ἀπὸ
3427 1727 3700 1798 μαρτυριῶν

493 1821 592 1877 sise
621 1822 935 1887 doctorum,
958 1828 1014 1877 et
1033 1821 1103 1877 ab
1139 1820 1256 1891 ipsa
1291 1820 1370 1876 rei
1410 1829 1632 1876 natura.

572 2003 740 2059 Rnac.
772 2004 968 2059 Profer
1000 2004 1139 2061 mihi
1159 2000 1413 2060 nostrum
1434 2003 1767 2073 exemplum,
1793 2002 1938 2074 quod
1976 2018 2076 2058 nos

493 2094 598 2164 ipsi
627 2097 863 2164 agimus.

570 2187 730 2242 Cum.
759 2191 843 2242 An
869 2189 1054 2243 nescis
1087 2189 1265 2245 adhuc
1295 2189 1424 2259 quid
1482 2198 1676 2242 notent
1738 2186 2073 2250 oblationes,

494 2282 689 2355 colyba
754 2282 1015 2346 candelae,
1049 2283 1255 2345 oleum,
1289 2281 1627 2352 psalmodim,
1676 2294 2078 2334 commemora-

496 2377 700 2439 tiones,
753 2384 810 2431 et
860 2375 1143 2430 memoriae
1203 2389 1303 2445 pro
1352 2373 1582 2429 mortuis
1613 2376 1667 2427 in
1702 2373 2077 2428 sacrosanctis

496 2469 791 2525 sacrificiis
810 2469 834 2522 ?
1866 2524 1869 2529 ί

572 2560 736 2617 Rhac.
768 2561 935 2619 Estne
961 2561 1012 2617 id
1039 2560 1326 2631 hoc,quod
1352 2558 1532 2615 Latini
1577 2565 1899 2630 nuncupant
1936 2554 2077 2610 Pur-

496 2657 785 2727 gaton’ttm,
809 2669 912 2711 nos
935 2654 1326 2728 Καθαρτήριον
1349 2654 1372 2707 ?

570 2748 731 2803 (ἔπιθι.
763 2746 880 2805 Hoc
895 2762 1093 2818 nempe
1120 2757 1229 2817 est,
1271 2758 1453 2804 etnon
1477 2747 1651 2804 aliud.

573 2839 744 2894 Rhac.
792 2840 1096 2896 Asseruisti
1148 2840 1483 2895 testimoniis
1541 2855 1763 2911 quoque
1816 2838 2079 2895 Ecclesia:

498 2932 791 2988 doctorqu
826 2933 931 2987 hoc
958 2931 1192 3001 probare
1223 2933 1496 3001 synodum
1529 2948 1546 2999 ;
1589 2930 1865 2986 ostendito
1916 2930 2075 2984 mihi.

573 3143 735 3201 Cath.
777 3141 1044 3196 Percurre
1073 3138 1301 3193 tertium
1342 3137 1547 3193 decreti
1598 3144 1800 3201 caput;
1831 3134 1904 3189 ibi
1931 3134 2077 3189 enim

497 3238 781 3297 cumulate
817 3232 1247 3305 disputavimus,
1295 3229 1500 3302 quibus
1558 3227 1831 3283 dubitatio
1892 3226 2080 3282 omnis

496 3332 743 3388 tolletur.

571 3423 737 3479 Rhac.
767 3420 1141 3477 Procedamus
1167 3416 1281 3488 jam
1304 3414 1373 3471 ad
1404 3421 1688 3485 quartum.

573 3517 731 3572 Cath.
757 3514 815 3569 Si
848 3510 979 3581 quid
1009 3510 1079 3565 de
1106 3508 1215 3563 hoc
1241 3506 1502 3575 ambigis,
1530 3502 1720 3559 eﬁ‘are.

573 3607 748 3663 Rhac.
778 3604 897 3671 Qua
920 3600 1156 3667 ratione,
1189 3614 1315 3653 cum
1355 3598 1601 3653 nondum
1655 3591 1967 3649 communis
1994 3605 2079 3646 re-

499 3700 778 3760 surrectio
809 3695 1162 3759 successerit,
1197 3691 1331 3762 justi
1365 3691 1495 3744 item
1555 3696 1612 3743 et
1642 3695 1960 3755 peccatores
1986 3697 2079 3736 re-

498 3800 767 3864 ceperunt
792 3787 1095 3845 secundum
1155 3798 1276 3849 vos,
1308 3781 1419 3836 imo
1481 3778 1788 3835 secundum
1820 3775 2077 3867 'hujusce

499 3885 694 3958 synodi
723 3884 1032 3946 decretum,
1056 3892 1179 3948 quae
1195 3872 1618 3933 eommeruere?

568 3977 727 4032 Cath.
765 3975 841 4029 De
871 3973 975 4027 hoc
1000 3984 1221 4040 quoque
1256 3970 1329 4022 ita
1357 3965 1707 4023 sentiendum
1745 3971 1850 4028 est,
1884 3976 2078 4033 quem-

496 4068 792 4125 admodum
831 4078 885 4120 et
908 4064 974 4119 de
1000 4062 1126 4118 aliis
1145 4062 1256 4131 jam
1287 4062 1424 4115 bene
1451 4056 1620 4112 nosti.
1662 4055 1757 4109 Dei
1827 4053 2075 4109 Ecclesia

494 4168 651 4217 tenet
682 4166 999 4214 sanctorum
1047 4154 1265 4209 animas
1292 4167 1419 4205 cum
1482 4150 1591 4204 Deo
1619 4156 1674 4203 et
1703 4146 1918 4202 sanctis
1973 4159 2075 4196 an-

493 4251 657 4324 gelis,
676 4249 859 4305 statim
885 4256 1050 4316 atque
1069 4258 1134 4301 ex
1155 4244 1260 4299 hac.
1277 4243 1389 4296 vita
1407 4239 1775 4301 excesserint,
1802 4235 2070 4299 habitare,

492 4345 682 4401 multis
745 4341 1072 4414 praemunita
1127 4336 1433 4393 rationibus
1502 4342 1554 4388 et
1614 4327 2068 4393 circumstantiis,

493 4446 557 4492 nt
580 4444 638 4492 et
665 4435 720 4490 in
747 4433 874 4488 aliis
907 4432 1095 4486 rebus.
1318 4424 1329 4439 ’

579 4621 732 4676 (illac.
755 4615 814 4670 St
841 4629 988 4669 nunc
1018 4613 1073 4666 in
1110 4612 1250 4667 coelo
1276 4608 1817 4675 habitantjustorum
1849 4606 2066 4670 animae,

438 4745 441 4751 -
492 4719 548 4766 et
575 4708 880 4779 possident,
919 4714 976 4759 ut
1008 4704 1109 4768 ais,
1154 4702 1357 4756 flustra
1383 4698 1651 4769 judicium
1686 4698 1860 4766 fleret,
1887 4708 1939 4753 et
1973 4698 2067 4768 ju-

493 4803 598 4859 dex
630 4803 845 4856 sederet
875 4800 930 4853 in
961 4798 1183 4851 throno.

564 4985 721 5043 Catia.
753 4983 813 5039 Si
842 4982 1174 5045 diceremus,
1212 4986 1434 5033 sanctos
1487 4991 1721 5046 corpore
1751 4984 1804 5032 et
1878 4976 2067 5031 animo

494 5082 734 5156 perfecte
764 5079 1062 5148 recepisse,
1096 5085 1209 5132 tum
1244 5074 1347 5129 hoc
1389 5073 1688 5128 absurdum
1727 5086 1835 5126 non
1858 5071 2067 5127 absone

491 5184 837 5247 sequeretur.
870 5171 1028 5226 Nune
1055 5183 1184 5223 vero
1209 5181 1309 5221 nos
1336 5179 1447 5220 non
1484 5165 1557 5219 ita
1576 5163 1931 5228 aflirmamus,
1968 5162 2063 5217 sed

491 5268 709 5322 animas
735 5269 947 5316 tantum
976 5258 1217 5329 perfecte
1239 5256 1504 5324 recipere,
1535 5260 1592 5305 ut
1622 5259 1850 5307 sanctus
1894 5249 2064 5304 Joan-

490 5374 594 5415 nes
625 5356 1002 5412 Damascenus
1052 5348 1242 5412 refert,
1276 5366 1295 5400 ι
1335 5346 1399 5399 Ει
1435 5344 1732 5415 perfectam
1790 5343 1843 5397 in
1911 5341 2066 5396 ctelis

491 5463 753 5506 coronam
784 5452 1147 5512 receperunt;
1182 5461 1202 5495 ι
1258 5439 1406 5511 quod
1436 5438 1504 5492 de
1562 5434 1892 5506 corporibus
1952 5447 2060 5487 non

492 5540 781 5604 asseritur,
824 5535 919 5592 sed
954 5534 1023 5589 de
1048 5533 1268 5587 animis.
1301 5531 1359 5585 In
1410 5529 1618 5599 judicio
1645 5542 1773 5582 vero
1798 5534 1912 5580 tum
1943 5523 2069 5578 ani-

490 5647 617 5695 mm,
647 5602 773 5683 tum
795 5642 1027 5698 corpora
1061 5623 1225 5680 simul
1255 5621 1425 5693 gloria
1456 5602 1842 5689 perfruantur.

2177 1816 2286 1869 τῶν
2313 1816 2485 1883 ἀγίων
2514 1816 2613 1887 τῆς
2646 1817 2975 1889 Ἑκκλησίας
3002 1820 3367 1885 διδασκάλων,
3398 1822 3486 1873 καὶ
3514 1819 3597 1871 ἀπ’
3622 1818 3703 1870 αὐ-

2176 1909 2277 1979 τῆς
2306 1910 2403 1978 τῆς
2432 1909 2526 1963 τοῦ
2556 1912 2883 1981 πράγματος
2912 1913 3150 1981 φύσεως.

2259 2002 2425 2058 Ῥακ.
2451 2005 2661 2075 Φράσον
2693 2024 2783 2076 μοι
2802 2006 2888 2075 δὴ,
2912 2008 2963 2059 τί
2987 2005 3047 2059 τὸ
3068 2008 3344 2078 ἡμέτερον
3374 1985 3705 2073 παράδειγμα,

2178 2094 2317 2164 ὅπερ
2351 2096 2512 2165 ἡμεῖς
2544 2096 2698 2150 αὐτοὶ
2734 2097 3021 2166 ποιοῦμεν.

2250 2191 2396 2243 Καθ.
2434 2188 2555 2242 Ἔτι
2580 2188 2683 2241 οὐκ
2711 2187 2908 2258 ἔγνως,
2947 2189 3002 2241 τί
3039 2186 3303 2259 δηλοῦσιν
3335 2190 3386 2241 αἱ
3413 2187 3705 2257 προσφορτὶ,

2180 2285 2275 2338 καὶ
2310 2284 2377 2337 τὰ
2406 2284 2628 2351 κύλυὸα,
2660 2284 2753 2339 καὶ¹
2795 2285 2845 2337 οἱ
2876 2286 3063 2355 κηροὶ,
3098 2286 3192 2338 καί
3228 2285 3290 2339 τδ
3337 2284 3527 2345 ἔλαιον,
3558 2283 3637 2335 καὶ
3666 2282 3709 2333 ci

2178 2375 2512 2447 ψαλμῳδίαι,
2545 2377 2640 2430 καὶ
2670 2380 2739 2430 τά
2767 2379 3105 2447 μνημόσυνα,
3139 2378 3240 2432 καὶ
3264 2377 3325 2432 τὸ
3367 2377 3542 2447 μνείας
3570 2376 3713 2428 ποιεῖν

2179 2467 2321 2538 ὑπὲρ
2359 2467 2469 2521 τῶν
2496 2468 2923 2538 κεκοιμημένων
2952 2470 3008 2522 ὲν
3037 2471 3156 2532 ταῖς
3195 2469 3373 2541 ἱεραῖς
3398 2466 3656 2527 τελεταῖςς

2263 2562 2430 2618 Ῥακ.
2488 2537 2665 2616 Τοῦτὸί
2712 2537 2888 2624 ἔστιν,
2943 2562 3085 2632 ὅπερ
3150 2564 3200 2616 0i
3255 2537 3483 2618 -Λατῖνοι
3532 2537 3716 2627 λέγουέι
3770 2628 3777 2641 κ

2180 2654 2615 2726 Πουργατόριον,
2650 2653 2772 2725 ἦτοι
2797 2652 3184 2724 Καθαρτήριον
3208 2673 3227 2721 ;

2249 2750 2394 2802 Καθ.
2422 2746 2594 2800 Τοῦτό
2626 2747 2766 2812 ἐστι,
2792 2748 2890 2802 καὶ
2918 2746 3019 2800 οὐκ
3050 2747 3202 2802 ἄλλο.

2261 2839 2419 2893 Ῥακ.
2454 2838 2632 2908 Ἔφης
2658 2838 2738 2891 ὅτι
2770 2838 2867 2890 καὶ
2891 2836 2981 2889 διὰ
3023 2840 3355 2909 μαρτυριῶν
3373 2837 3484 2892 τῶν
3504 2837 3593 2906 τῆς
3618 2836 3717 2887 Ἐκ-

2181 2931 2408 3002 κλησίας
2458 2930 2797 2985 διδασκάλων
2847 2929 2881 3001 ἡ
2918 2927 3139 2994 σύνοδος
3182 2931 3349 2986 τοῦτό
3391 2949 3453 3000 γε
3495 2929 3715 3001 παριστᾷ.

2184 3025 2369 3090 Δεῖξόν
2397 3042 2488 3096 μοι
2514 3024 2700 3080 τοῦτο.
3326 3012 3327 3015 η

2255 3121 2399 3173 Καθ.
2450 3117 2749 3186 Ἀνάγνωθι
2796 3120 2859 3173 τὸ
2904 3120 3091 3191 τρίτον
3132 3120 3232 3173 τοῦ
3279 3122 3407 3190 ὅρου
3438 3116 3718 3185 κεφάλαιον

2183 3213 2299 3265 ἐκεῖ
2336 3211 2444 3281 γὰρ
2473 3211 2675 3275 ἱκανῶς
2709 3212 3043 3283 εἰρήκαμεν,
3076 3214 3170 3267 καὶ
3209 3214 3345 3287 περὶ
3373 3211 3527 3267 τοῦτο
3553 3208 3720 3276 πληρο-

2182 3304 2492 3377 φορηθήσῃ.

2259 3395 2428 3450 Ῥακ.
2465 3397 2725 3465 Ἄγωμεν
2754 3394 2820 3467 δὴ
2850 3397 2947 3450 καὶ
2971 3396 3064 3450 ἐπὶ
3095 3396 3157 3450 τὸ
3187 3397 3481 3467 τέταρτον.

2252 3488 2397 3541 Καθ.
2433 3485 2571 3553 Λέγε
2600 3486 2730 3557 περὶ
2760 3488 2977 3549 τούτου,
3004 3487 3108 3540 ὅσα
3136 3502 3199 3552 γε
3230 3487 3481 3556 ἀπορεῖς.

2263 3580 2423 3635 Ῥακ.
2455 3579 2581 3642 Πῶς
2638 3580 2805 3649 μήπω
2850 3579 2952 3649 τῆς
3006 3581 3196 3649 κοινῆς
3234 3578 3579 3638 ἀναστάσεως
3604 3587 3723 3639 γενο-

2185 3670 2378 3742 μένης,
2409 3670 2459 3723 οἱ
2498 3670 2700 3724 δίκαιοι
2735 3669 3032 3733 ἀπέλασον,
3077 3669 3173 3723 καὶ
3231 3672 3283 3725 0i
3334 3664 3637 3738 ἀμαρτωλοὶ
3674 3661 3725 3711 τὰ

2182 3763 2306 3817 κατ’
2338 3761 2496 3826 ἀξίαν
2542 3762 2726 3815 αὐτῶν
2776 3761 2899 3815 καθ’
2942 3761 3109 3830 ὑμᾶς,
3143 3761 3357 3830 μᾶλλον
3388 3760 3445 3813 δὲ
3484 3754 3615 3810 κατά
3655 3750 3726 3802 τδν

2179 3855 2278 3924 τῆς
2310 3855 2532 3909 συνόδου
2564 3856 2794 3922 ταυτησὶ
2828 3856 2994 3924 δρον;

2250 3950 2394 4002 Καθ.
2427 3945 2592 4012 Σύνες
2622 3945 2718 3998 καὶ
2753 3946 2885 4015 περὶ
2912 3944 3129 4009 τούτου,
3166 3944 3360 4016 Πάτερ
3393 3942 3645 4009 αίδέσιμε,
3671 3936 3728 3995 ὡς

2179 4041 2275 4093 καὶ
2326 4040 2454 4108 περὶ
2501 4037 2609 4091 τῶν
2654 4038 2832 4092 ἄλλων
2885 4038 3069 4101 καλῶς
3124 4039 3328 4106 ἔγνως.
3367 4040 3432 4093 Ἥ
3483 4036 3573 4089 τοῦ
3620 4026 3730 4084 Θεοῦ

2190 4130 2484 4198 Ἐκκλησία
2512 4128 2726 4194 δοξάζει
2748 4129 2844 4192 τὰς
2880 4128 3059 4199 ψυχὰς
3088 4128 3195 4181 τῶν
3235 4130 3417 4197 ἁγίων
3444 4120 3731 4188 αὐλίζεσθαι

2181 4223 2318 4293 μετά
2363 4221 2458 4275 τοῦ
2500 4220 2659 4286 Θεοῦ,
2687 4222 2781 4275 καὶ
2831 4222 2939 4274 τῶν
3000 4222 3175 4289 ἁγίων
3237 4222 3493 4290 ἀγγέλων
3538 4216 3731 4272 εὐθέως,

2178 4311 2342 4381 ἡνίκα
2381 4311 2641 4377 ἐξέλθωσι
2686 4310 2780 4363 τοῦ
2829 4311 2957 4382 τῇδε
2994 4311 3139 4382 βίου,
3172 4306 3386 4374 πολλὰς
3423 4308 3613 4380 ἔχουσά
3658 4301 3733 4354 καὶ

2107 4434 2151 4490 D
2179 4405 2240 4456 ἐν
2267 4403 2445 4472 τούτῳ
2490 4404 2748 4474 ἀφορμάς
2793 4420 2855 4455 τε
2888 4402 2986 4456 καὶ
3034 4404 3443 4474 παραστάσεις,
3467 4400 3539 4464 ὡς
3575 4398 3657 4451 καὶ
3690 4396 3735 4444 ὲν

2180 4498 2293 4556 τοῖς
2317 4495 2547 4558 λοιποῖς.

2265 4587 2431 4644 Ῥακ.
2468 4590 2529 4641 Ei
2562 4588 2658 4642 νῦν
2704 4587 3013 4652 αὐλίζονται
3040 4590 3100 4641 ἐν
3150 4588 3232 4655 τῷ
3259 4587 3483 4661 ούρανῷ
3508 4587 3561 4639 αἱ
3594 4580 3736 4650 ψυχαὶ

2183 4684 2293 4737 τῶν
2317 4683 2560 4748 δικαίων,
2595 4681 2705 4736 καὶ
2737 4681 3247 4750 ἀπολαμϐάνουσιν,
3281 4682 3362 4742 ὡς
3414 4682 3479 4733 σὺ
3514 4679 3629 4747 φῂς.
3661 4690 3736 4722 πῖ·

2186 4776 2377 4846 ρισσόν
2413 4777 2552 4839 ἐστι,
2581 4774 2679 4843 τὴν
2724 4774 2909 4843 κρίσιν
2952 4772 3230 4840 γενέσθαι,
3284 4774 3383 4824 καὶ
3434 4772 3525 4823 τὶν
3572 4764 3739 4836 κριτὴν

2185 4868 2278 4920 ἐπὶ
2306 4867 2498 4935 θρόνου
2524 4866 2765 4917 καθίσαι.

2257 4960 2399 5013 Καθ.
2434 4958 2495 5009 Ei
2525 4957 2626 5024 μὲν
2654 4956 2939 5024 ἐλέγομεν,
2960 4954 3195 5016 Τελείως
3232 4954 3518 5007 ἀπέλαϐον
3547 4952 3590 5003 oi
3617 4947 3739 5010 ἅγιοι

2180 5046 2327 5116 ψυχῇ
2375 5063 2433 5099 τε
2482 5046 2579 5098 καὶ
2628 5045 2866 5113 σώματι,
2898 5045 3016 5097 τότε
3042 5045 3271 5106 δικαίως
3308 5044 3378 5098 ἂν
3409 5032 3739 5112 ἐπηκολούθει

2178 5138 2334 5191 τουτὶ
2362 5139 2423 5190 τὸ
2451 5137 2654 5190 ἄτοπον
2681 5153 2694 5166 ·
2729 5136 2823 5189 νῦν
2852 5136 2906 5188 δὲ
2952 5137 3049 5205 οὐχ
3098 5135 3277 5198 οὕτως
3315 5136 3481 5205 ἡμεῖς
3512 5133 3740 5197 λέγομεν,

2182 5235 2296 5288 ἀλλ’
2341 5235 2425 5288 ὃτι
2471 5233 2567 5286 νῦν
2605 5232 3053 5301 ἀπολαμόἀνουσι
3094 5231 3233 5283 καθὸ
3263 5232 3445 5301 ψυχαὶ
3483 5230 3635 5299 μόνον
3666 5237 3737 5271 τε·

2180 5327 2359 5390 λείως,
2400 5327 2543 5380 κατά
2594 5325 2684 5377 τὸν
2742 5326 2885 5393 ἱερὶν
2937 5325 3189 5396 ’ῐωὰνντῃι
3242 5326 3341 5375 τὸν
3399 5315 3740 5390 Δαμασκηνὸν

2178 5422 2427 5488 λέγοντα,
2458 5437 2477 5471 ι
2518 5418 2629 5471 Καὶ
2679 5418 2888 5471 τέλειον
2936 5416 3210 5468 ἀπέλαϐον
3256 5415 3355 5467 τὸν
3411 5398 3664 5479 στέφανᾶν
3692 5407 3739 5452 ἐν

2178 5515 2449 5581 οὐρανοῖς.
2493 5530 2510 5561 ι
2548 5510 2719 5563 Τοῦτο
2752 5508 2844 5560 οὖν
2895 5509 2954 5560 οὐ
2989 5506 3118 5577 περὶ
3146 5505 3267 5558 τῶν
3298 5505 3571 5575 σωμάτων
3601 5501 3737 5561 λέγει

2178 5622 2291 5668 ται,
2312 5604 2445 5656 ἀλλὰ
2466 5601 2595 5673 περὶ
2618 5600 2725 5652 τῶν
2738 5600 2958 5668 ψυχῶν.
2997 5600 3085 5651 Ἐν
3107 5601 3172 5666 τῇ
3198 5598 3390 5665 κρίσει
3425 5597 3484 5649 δὲ
3516 5595 3571 5645 αι
3591 5588 3737 5658 ψυχαὶ

2180 5694 2316 5767 ὁμοῦ
2349 5694 2442 5747 καὶ
2470 5694 2537 5745 τὰ
2564 5692 2793 5761 σώματα
2823 5695 2885 5762 τῇ
2924 5690 3050 5761 δόξῃ
3076 5689 3559 5759 εὐφρανθήσονται
