4022 6196
282 295 418 363 ῙΟῘΒ

1273 308 1778 369 DISCEI’TATIO
1815 310 1960 369 l‘llO
2003 314 2211 375 CONC.
2258 314 2627 375 FLORENI‘.

3408 313 3541 380 10H

351 414 475 464 Anc.
525 411 918 482 Ἀληῡέστατος
974 416 1067 470 καὶ
1118 418 1457 485 δικαιότατος
1492 413 1646 482 οὗτος
1693 422 1721 472 ὀ
1767 422 1897 481 λόολ

2033 425 2149 480 Dic.
2188 425 2483 483 Verissima
2509 426 2923 495 justissimaque
2948 435 3037 483 est
3060 427 3177 482 haec
3205 428 3402 481 oratio.

284 520 402 570 γος.

359 595 530 651 Ῥακ.
568 596 795 667 Συνῆκα
823 601 851 653 ὃ
880 600 1085 668 λέγεις,
1119 603 1216 656 καὶ
1252 604 1583 674 πέπεισμαι,
1615 606 1697 659 ὅτι
1733 610 1862 658 πολ-

278 687 351 741 λὰ
391 689 743 757 εὑρίσκονται
792 691 887 744 καὶ
942 692 1212 763 Ἰδιόμελα
1263 695 1359 748 καὶ
1408 697 1701 766 Τροπάρια
1755 696 1863 749 τῶν

283 781 546 834 Κανὸνων
574 780 760 834 ,τοῦτο
815 782 1104 852 δηλοῦντα,
1158 786 1254 839 καὶ
1312 786 1587 856 πολλαχοῦ
1641 788 1865 842 ἄλλοοεν

287 874 659 943 μαρτυρεῖται
693 874 791 941 μὲν
844 876 877 943 ἠ
925 875 1036 929 τῶν
1086 877 1260 945 ἁγίων
1294 878 1627 941 ἀπόλαυσις·
1661 880 1773 947 ἐγὼ
1811 882 1867 934 δὲ

285 962 472 1035 ἀκμὴν
503 965 717 1033 ἀπορῶ,
754 965 877 1029 πῶς
896 965 1123 1021 δύναται
1153 967 1312 1021 τοῦτο
1338 964 1499 1037 εἶναι,
1536 971 1623 1023 ἵνα
1660 974 1691 1041 ἡ
1721 971 1869 1043 ψυχὴ

285 1058 458 1127 χωρὶς
494 1058 587 1112 τοῦ
614 1059 869 1128 σώματος
895 1061 990 1115 νῦν
1022 1062 1394 1135 ἀπολαμϐάνῃ
1420 1083 1434 1127 ;

360 1154 502 1205 Καθ.
555 1150 629 1215 Οὐ
672 1150 845 1204 δεῖσε
880 1152 1136 1222 ἀπορεῖν,
1170 1152 1279 1206 ἔνθ’
1319 1154 1526 1225 ἀπορία
1577 1155 1679 1208 οὐκ
1728 1157 1869 1212 ἔστι.

288 1244 434 1299 Πᾶσι
486 1244 597 1315 γὰρ
635 1250 730 1298 καὶ
770 1245 991 1314 τυφλοῖς
1034 1247 1195 1317 δῆλόν
1228 1248 1398 1311 ἐστιν,
1429 1249 1574 1319 ὅτιὴ
1612 1249 1760 1318 ψυχὴ
1790 1268 1872 1303 τι-

292 1336 541 1406 μιωτέρα
570 1337 689 1390 ἐστὶ
724 1336 819 1390 τοῦ
858 1339 1137 1409 σώματος.
1173 1341 1269 1393 καὶ
1296 1340 1487 1410 κυρίαο
1522 1343 1646 1395 κατ’
1682 1343 1873 1396 εἰκόνα

291 1425 403 1494 γάρ
425 1424 563 1478 Θεοῦ
597 1425 848 1493 γέγονεν,
884 1428 967 1480 διδ
1016 1430 1110 1482 καὶ
1164 1429 1437 1494 ἀθάνατος
1469 1446 1484 1463 ο
1529 1432 1593 1485 τδ
1619 1433 1675 1486 δὲ
1718 1433 1878 1503 σῶμα

296 1519 399 1571 καὶ
423 1518 608 1572 δοῦλόν
645 1519 764 1572 ἐστι
812 1521 915 1590 τῆς
956 1520 1161 1592 ψυχῆς,
1210 1524 1304 1576 καὶ
1354 1523 1593 1591 ὄργανον
1639 1525 1777 1595 πρὸς
1843 1525 1879 1579 ἃ

297 1612 553 1681 βούλεται
609 1613 874 1682 πράττειν
900 1655 913 1677 ,
958 1618 1055 1667 καὶ
1099 1615 1298 1682 θνητὸν
1329 1616 1574 1683 λέγεται,
1608 1619 1703 1669 καὶ
1738 1618 1876 1673 ἔστι.

297 1708 393 1760 Δι’)
452 1708 484 1775 ἡ
533 1705 681 1778 ψυχὴ
718 1706 820 1775 μὲν
867 1705 943 1769 ὡς
981 1706 1253 1770 ἀθάνατος
1298 1709 1717 1778 ’ἀπολαμσάνει,
1747 1699 1882 1764 καοδ

2038 600 2203 657 Rhac.
2238 602 2462 671 Percepi
2499 602 2648 671 quod
2678 603 2838 667 dicis,
2874 617 3049 672 eoque
3093 604 3347 657 suadeor.
3382 602 3546 664 Nam-

1967 706 2073 758 que
2147 692 2314 747 tnulla
2366 693 2720 747 inveniuntur
2769 702 2824 748 et
2872 694 3127 749 ldiomela
3186 704 3239 748 el
3283 693 3547 762 Troparia
3586 692 3593 697 ’

1968 782 2253 838 Canonum
2276 783 2380 838 hoc
2413 784 2798 848 monstrantia,
2833 793 2887 839 et
2916 800 2979 839 ex
3023 785 3208 841 multis
3240 786 3365 839 alﬁs
3417 785 3554 839 locis

1972 877 2285 931 testimonia
2338 877 2479 931 sumi
2526 885 2755 946 possunt
2794 876 2863 933 de
2909 878 3166 933 fruitioue
3209 886 3551 931 sanctorum.

1972 966 2363 1023 Verumtamen
2427 969 2544 1036 ipse
2575 984 2718 1022 nunc
2759 969 2961 1031 haereo,
2994 970 3270 1039 quomodo
3327 969 3382 1022 id
3435 968 3581 1023 tieri‘

1973 1067 2159 1129 queat,
2193 1070 2254 1114 ut
2287 1059 2467 1113 anima
2493 1061 2701 1129 absque
2726 1074 2958 1129 cerpore
2990 1062 3293 1130 possideat.

2048 1152 2204 1208 Cath.
2241 1152 2612 1207 llmsitandnm
2652 1166 2758 1205 non
2789 1161 2895 1217 est,
2952 1152 3044 1206 ubi
3095 1150 3366 1207 haesitatio
3408 1151 3557 1204 nulla

1976 1254 2107 1300 est:
2165 1245 2423 1301 omnibus
2449 1245 2595 1299 enim
2636 1257 2688 1303 et
2728 1247 2886 1303 ca‘cis
2931 1253 3099 1315 patet,
3152 1244 3391 1298 animam
3432 1258 3558 1298 esse

1980 1335 2358 1406 pretiosiorem
2390 1351 2621 1408 corpore
2674 1346 2729 1392 et
2782 1338 3099 1393 dominam:
3139 1352 3376 1403 namque
3416 1336 3556 1390 facta

1979 1435 2063 1481 est
2090 1428 2157 1482 ad
2192 1426 2486 1499 imaginem
2522 1429 2638 1495 Dci,
2675 1438 3073 1500 proptereaque
3102 1440 3156 1485 et
3187 1429 3513 1485 immortalis
3544 1446 3560 1494 ;

1981 1534 2182 1589 corpus
2212 1528 2391 1574 autem
2421 1523 2590 1576 servit
2624 1524 2840 1589 animae,
2881 1538 3056 1594 eoque
3084 1532 3340 1594 tanquam
3360 1524 3563 1578 lﬂSll‘ll-

1985 1619 2172 1667 mento
2204 1627 2305 1682 pro
2336 1614 2568 1670 arbitrio
2600 1617 2797 1678 utitur,
2849 1615 3164 1687 diciturque
3195 1617 3447 1682 mortale,
3511 1626 3565 1671 et

1985 1710 2091 1758 est.
2120 1702 2417 1774 Propterea
2456 1706 2639 1760 anima
2669 1714 2727 1760 ut
2749 1708 3099 1773 immortalis,
3135 1723 3260 1763 cum
3286 1709 3357 1762 sit
3394 1708 3567 1769 domi-

296 1802 466 1871 κυρία
521 1802 617 1853 καὶ
668 1800 980 1869 τιμιωτέρα
1035 1799 1129 1853 τοῦ
1182 1800 1472 1870 σώματος’
1511 1802 1571 1854 τὸ
1621 1801 1679 1855 δὲ
1722 1801 1882 1870 σῶμα

2009 1810 2056 1849 ta
2087 1803 2142 1852 et
2168 1796 2470 1866 pretiosior
2492 1812 2747 1868 corpore,
2806 1800 2998 1869 recipit
3028 1818 3043 1867 ;
3076 1816 3278 1871 corpus
3341 1800 3569 1857 mortale

296 1893 498 1962 θνητὸν
528 1890 612 1958 ὃν,
647 1890 802 1944 οὔπω
835 1890 1064 1958 ἀνέστη.
1101 1890 1214 1943 οὐδ’
1244 1890 1513 1944 ἀπέλαϐε.
1560 1891 1651 1947 Ἐν
1690 1893 1758 1961 τῇ
1790 1887 1884 1944 οὖν

298 1983 598 2039 ἀναστάσει
658 1984 985 2040 ἐνδύσεται
1045 1983 1223 2038 τοῦτο
1270 1983 1308 2051 ἡ
1362 1983 1534 2053 ψυχὴ
1581 1984 1887 2054 ἄφθαρτον

300 2079 401 2133 καὶ
430 2077 739 2132 ἀθάνατον
771 2078 913 2131 κατὰ
950 2077 1044 2130 τὸν
1079 2077 1356 2147 μακάριον
1393 2077 1630 2141 Παῦλον,
1673 2078 1769 2130 καὶ
1799 2078 1889 2130 οῦ-

297 2190 379 2226 τω
409 2171 502 2225 καὶ
535 2170 667 2223 αὑτὸ
705 2170 803 2223 σὺν
839 2171 907 2239 τῇ
942 2169 1088 2241 ψυχῇ
1138 2172 1204 2239 τῇ
1257 2170 1387 2241 δόξῃ
1419 2169 1885 2239 εὐφρανθήσεται.

303 2265 417 2319 Καὶ
445 2261 890 2333 παραδείγματος
921 2260 1107 2331 χάριν·
1154 2261 1182 2312 ὁ
1230 2258 1486 2329 βασιλεὺς
1518 2259 1728 2329 στήσας
1760 2258 1888 2312 Θέα-

303 2374 455 2424 τρον,
490 2355 676 2423 τίθησι
726 2352 879 2424 δῶρά
915 2368 975 2405 τε
1027 2353 1124 2405 καὶ
1181 2351 1483 2418 στεφάνους
1524 2353 1637 2414 τοῖς
1687 2352 1891 2419 ἀγωνι-

301 2448 582 2519 ζομένοις,
614 2447 757 2516 ὑπὲρ
810 2440 885 2499 ὧν
925 2445 1180 2516 ἔρχονται
1230 2442 1418 2497 πολλοὶ
1450 2442 1761 2513 τρέχοντες,
1797 2443 1894 2495 καὶ

306 2542 711 2612 ἀγωνιζόμενοι
758 2541 815 2593 ἐν
856 2538 934 2607 τῷ
986 2536 1187 2608 σταδίῳ
1211 2580 1226 2596 .
1261 2538 1358 2590 καὶ
1394 2536 1525 2590 ὅταν
1572 2554 1658 2599 τις
1694 2536 1894 2605 νικήσῃ

310 2634 455 2702 μετά
497 2631 590 2685 τοῦ
634 2631 807 2685 ἵππου
868 2628 1037 2684 αὐτοῦ
1063 2668 1079 2693 ,
1140 2630 1236 2683 καὶ
1281 2627 1420 2699 λάϐῃ
1475 2628 1536 2681 τὸ
1590 2627 1851 2699 βραϐεῖον
1877 2668 1892 2690 ,

305 2727 496 2781 τάττει
527 2725 622 2779 τὸν
652 2725 825 2778 ἵππον
872 2725 932 2776 ὲν
976 2721 1286 2776 ἀναπαύσει
1314 2760 1328 2784 ,
1361 2721 1459 2773 καὶ
1497 2719 1662 2783 αὐτὸς
1707 2736 1898 2772 συνευ-

310 2820 605 2890 φραίνεται
643 2818 723 2890 τῷ
750 2818 966 2889 βασιλεῖ
1010 2816 1150 2886 μετὰ
1178 2812 1510 2884 διαδήματος
1543 2811 1618 2875 ὡς
1649 2809 1897 2880 νικητής.

312 2913 590 2975 Δυθέντος
623 2906 717 2965 οὖν
764 2910 860 2963 τοῦ
914 2908 1171 2978 Θεάτρου,
1225 2904 1453 2960 ἱππεύει
1479 2903 1573 2958 τὸν
1615 2903 1781 2956 ἵππον
1806 2901 1902 2956 αύο

306 3006 409 3059 τοῦ
440 3008 468 3059 ὁ
501 3004 729 3074 νικητὴς
764 3000 1214 3071 κεκοσμημένον.
1249 3000 1347 3053 καὶ
1376 2997 1646 3067 λαμδάνει
1676 2995 1903 3058 διπλοῦς

315 3098 639 3164 στεφάνους,
688 3093 783 3149 καὶ
831 3094 1019 3164 ἵστησι
1058 3092 1342 3161 τρόπαιον,
1376 3092 1470 3143 καὶ
1508 3089 1763 3158 περιάγει
1796 3088 1897 3159 τὴν

316 3189 477 3243 πόλιν
527 3187 750 3258 κύκλῳ,
795 3184 1329 3257 συνευφραινόμενος
1361 3183 1442 3253 τῷ
1494 3183 1649 3252 ἵππῳ
1684 3181 1856 3234 αὑτοῦ
1882 3221 1898 3246 ,

315 3284 389 3337 δι’
420 3283 482 3338 οὗ
535 3285 628 3337 τὸν
673 3282 861 3351 ἀγῶνα
889 3280 1114 3351 ἤνυσεν.
1148 3278 1306 3331 Οῦτω
1351 3277 1451 3329 καὶ
1490 3277 1524 3347 ἡ
1559 3274 1705 3344 ψυχὴ
1751 3275 1907 3341 νικήιο

321 3394 469 3431 σασα
500 3376 591 3429 τὸν
616 3373 863 3428 διάδολον
904 3374 964 3426 ὲν
1010 3374 1074 3441 τῇ
1109 3370 1255 3441 πάλῃ
1285 3367 1378 3422 τοῦ
1410 3364 1752 3438 προσκαίρου
1788 3364 1904 3435 βίου

319 3471 518 3523 τούτου
554 3466 692 3538 μετὰ
750 3465 846 3520 τοῦ
898 3463 1184 3535 σώματος,
1234 3458 1562 3525 ἀποτίθησιν
1612 3458 1670 3508 ὲν
1722 3458 1786 3525 τῇ
1817 3456 1904 3524 1γῇ

317 3561 385 3615 τδ
410 3560 594 3630 σῶμα,
625 3563 720 3613 καὶ
745 3555 885 3628 αὐτὴ
908 3554 1101 3627 τρέχει
1134 3551 1274 3623 πρὸς
1303 3548 1563 3618 οὐρανὸν.
1590 3547 1683 3601 καὶ
1719 3563 1907 3599 συνευ-

322 3653 715 3725 φραίνεταιτῷ
744 3653 942 3720 Κυρίῳ
998 3647 1440 3719 στεφανηφόρος.
1500 3643 1775 3705 Λυθέντος
1815 3638 1910 3695 οὖν

324 3747 424 3799 τοῦ
461 3746 659 3808 αἰῶνος
701 3743 890 3797 τούτου
911 3780 928 3807 ,
962 3742 1057 3795 καὶ
1089 3738 1398 3809 γενομένης
1457 3738 1555 3807 τῆς
1592 3738 1785 3802 ,κοινῆς
1817 3735 1910 3788 καὶ

324 3837 675 3906 παγκοσμίου
705 3834 1082 3894 ἀναστάσεως,
1114 3831 1396 3884 ἐνδύσεται
1426 3831 1460 3899 ἡ
1485 3830 1634 3900 ψυχὴ
1658 3828 1718 3880 τὸ
1750 3828 1909 3894 σῶμα

325 3928 787 3999 κεκοσμημένον,
840 3924 1128 3979 τουτέστιν
1175 3922 1459 3993 ἄφθαρτον
1511 3923 1604 3973 καὶ
1639 3920 1911 3975 ἀθάνατον

326 4026 471 4076 κατὰ
522 4023 615 4076 τὸν
666 4022 843 4091 μέγαν
884 4018 1231 4080 ’Δπόστολον,
1279 4017 1384 4068 καὶ
1418 4014 1653 4084 λήψεται
1688 4013 1912 4069 διπλοῦς

328 4115 656 4183 στεφάνους,
713 4114 813 4164 καὶ
862 4108 1418 4178 συνευφρανθήσεται
1457 4106 1535 4172 τῷ
1577 4103 1811 4173 σώματι,
1845 4104 1912 4158 δι’

324 4203 392 4262 οὗ
424 4208 518 4261 τὸν
552 4206 817 4275 πολέμιον
854 4204 1061 4271 ἔτρωσε
1093 4201 1191 4254 καὶ
1224 4200 1468 4267 ἐνίκησε.

417 4300 579 4357 Ἀκο.
629 4298 706 4350 Τὸ
764 4296 1127 4366 παράδειγμα
1169 4291 1329 4345 τοῦτο
1363 4292 1549 4343 ἱκανόν
1578 4292 1689 4344 ἐστι
1725 4291 1912 4343 πεῖσαι

327 4393 517 4445 πᾶσαν
547 4408 748 4460 ψυχήν.

1987 1904 2111 1944 cum
2147 1890 2242 1955 sit,
2274 1891 2514 1946 nondum
2547 1893 2872 1959 resurrexit,
2901 1909 3003 1950 nec
3032 1895 3262 1965 recepit.
3295 1895 3352 1950 ln
3385 1908 3571 1950 resur-

1987 1985 2231 2041 rectione
2270 1985 2455 2058 itaque
2486 1988 2666 2043 anima
2701 1989 2882 2045 induet
2931 1991 3029 2046 hoc
3079 1992 3381 2047 immortale
3408 2001 3457 2046 et
3492 1993 3572 2044 in-

1993 2077 2351 2147 rorrnptibile,
2377 2086 2436 2133 ut
2469 2080 2660 2137 beatus
2683 2079 2883 2136 Paulus
2911 2082 3099 2149 tradit,
3127 2091 3181 2137 et
3211 2083 3291 2138 sic
3312 2093 3367 2138 et
3394 2084 3570 2150 ipsum

1990 2184 2116 2224 cum
2154 2169 2335 2224 anima
2364 2171 2418 2225 in
2450 2170 2620 2238 gloria
2652 2172 3041 2228 delectabitur.
3080 2173 3325 2243 Exempli
3350 2174 3525 2239 gratia
3556 2188 3571 2225 :

1991 2279 2089 2318 rex
2138 2272 2333 2333 aperto
2377 2264 2611 2328 theatro,
2650 2280 2875 2320 munera
2899 2273 2951 2319 et
2973 2280 3206 2322 coronas
3233 2264 3575 2320 certantibus

1992 2355 2268 2425 proponit,
2297 2371 2396 2424 pro
2427 2355 2627 2424 quibus
2692 2357 2847 2411 multi
2890 2365 3313 2429 congregantur
3343 2357 3486 2413 inter
3515 2370 3578 2410 se

1994 2458 2160 2500 cursu
2191 2453 2485 2508 certantes,
2512 2454 2566 2500 et
2628 2447 2752 2503 aliis
2805 2448 3200 2504 contendentes
3256 2448 3310 2502 in
3374 2446 3574 2502 stadio.

1997 2533 2188 2589 Victor
2208 2536 2481 2605 equestris
2528 2545 2750 2607 recepto
2808 2539 3030 2608 prtcmio
3068 2554 3266 2610 equum
3304 2539 3356 2593 in
3391 2537 3577 2608 quiete

1997 2627 2235 2695 reponit,
2269 2627 2389 2698 ipse
2412 2644 2518 2683 ttna
2545 2644 2667 2684 cum
2701 2645 2827 2698 rege
2866 2644 3071 2685 corona
3108 2640 3166 2685 ut
3220 2629 3399 2685 victor
3424 2629 3576 2684 redi-

2000 2719 2167 2774 mitus
2208 2719 2444 2775 laetatur.
2479 2719 2717 2775 Theatro
2745 2722 2953 2786 clauso,
2984 2721 3159 2776 victor
3180 2736 3380 2791 equum
3413 2735 3578 2777 suum

2003 2810 2329 2881 perpulcltre
2351 2812 2680 2867 adornatum
2706 2815 2978 2880 ascendit,
3011 2823 3064 2869 ct
3097 2830 3359 2870 coronam
3401 2814 3584 2883 dupli-

2000 2917 2117 2957 cem
2152 2903 2373 2972 accipit,
2406 2913 2458 2957 et
2484 2914 2747 2974 tropmum
2780 2905 2963 2976 erigit,
3001 2913 3056 2960 et
3090 2907 3279 2961 urbem
3329 2906 3586 2961 circumit

2002 3008 2124 3047 cum
2154 3008 2293 3064 equo
2320 3011 2441 3058 suo,
2467 3010 2563 3065 per
2590 3012 2753 3066 quem
2788 2997 3072 3051 victoriam
3113 3008 3444 3055 consecutus
3475 3006 3582 3061 est,

2001 3096 2235 3141 onustus
2292 3087 2478 3141 latitia
2508 3098 2561 3142 et
2589 3088 2854 3144 labentia.
2885 3089 2976 3143 Sic
3005 3099 3059 3145 et
3094 3091 3271 3145 anima
3329 3102 3587 3160 superato

2011 3177 2230 3250 diabolo
2264 3178 2318 3233 in
2345 3179 2465 3233 vita-
2499 3179 2724 3249 hujusce
2763 3184 3110 3252 temporariae
3165 3184 3423 3241 conﬂictu
3460 3202 3585 3239 cum

2008 3287 2259 3341 corpore,
2295 3288 2499 3343 corpus
2541 3275 2594 3328 in
2628 3284 2775 3330 terra
2822 3277 3061 3345 reponit,
3104 3277 3224 3345 ipsa
3279 3279 3331 3332 in
3387 3278 3586 3334 caelum

2007 3363 2290 3429 advolans,
2320 3374 2371 3419 et
2400 3374 2663 3421 coronata
2696 3381 2822 3421 cum
2857 3368 3087 3423 Domino
3138 3370 3355 3424 lzetatnr
3386 3389 3401 3425 :
3440 3380 3592 3440 post-

2010 3455 2231 3511 modum
2262 3456 2446 3513 soluto
2476 3471 2613 3522 aevo,
2648 3466 2703 3513 et
2726 3459 3007 3513 communi
3033 3459 3448 3531 universalique
3472 3475 3592 3515 om-

2012 3548 2163 3603 nium
2197 3558 2497 3606 consecuta
2525 3538 2959 3617 resurrectione,
2992 3552 3181 3609 induet
3221 3554 3404 3609 anima
3462 3566 3591 3609 cor-

2014 3658 2113 3711 pus
2145 3643 2495 3711 adornatum,
2529 3644 2948 3715 incorruptibile
2978 3660 3175 3715 nempe
3222 3653 3278 3703 et
3311 3647 3597 3703 immorta-

2010 3734 2062 3790 le
2093 3734 2281 3805 (verba
2309 3746 2441 3792 sunt
2473 3737 2654 3809 magni
2686 3738 2866 3806 Pauli)
2904 3755 2919 3806 ;
2958 3746 3015 3794 et
3039 3738 3272 3809 accipiet
3318 3739 3592 3810 duplicem

2012 3842 2295 3892 coronam,
2358 3836 2414 3883 et
2486 3843 2608 3883 cum
2671 3844 2902 3901 corpore
2968 3845 3068 3900 per
3133 3831 3278 3901 quod
3343 3832 3599 3887 adversa-

2014 3918 2156 3973 rium
2196 3919 2508 3975 vulneravit
2568 3919 2990 3992 debellavitque,
3041 3920 3413 3978 cumulabitur
3461 3936 3598 3992 gau-

2013 4008 2138 4063 diis.

2094 4293 2238 4347 Aud.
2276 4293 2594 4363 Exemplum
2630 4293 2734 4349 hoc
2760 4295 2895 4350 satis
2924 4303 3008 4351 est
3036 4293 3103 4349 ad
3144 4293 3439 4363 quemlibet
3482 4310 3602 4364 per-

2018 4386 2383 4441 suadendum.

414 4481 579 4537 'Pax.
616 4481 813 4543 Καλῶς
847 4482 946 4534 καλ.
969 4479 1289 4547 Θαυμασῖως
1323 4478 1525 4546 λέγεις.
1567 4477 1711 4531 Ἀλλ’
1740 4478 1819 4531 ἔτι
1853 4478 1897 4529 τί

2092 4477 2260 4535 thac.
2298 4478 2478 4535 Probe
2531 4486 2583 4533 et
2618 4478 3021 4535 admirabiliter
3071 4479 3231 4535 dicis.
3286 4480 3391 4536 Sed
3439 4484 3600 4534 verba

326 4574 430 4628 τοῦ
462 4574 679 4629 Παύλου
716 4574 951 4639 ἀπορίαν
982 4590 1072 4642 μοι
1103 4571 1314 4637 δίδωσι,
1341 4570 1424 4635 τὸ,
1467 4564 1644 4625 Οὗτοι
1693 4569 1918 4634 πάντες

324 4666 813 4738 μαρτυρηθέντες
856 4664 953 4717 διὰ
990 4664 1101 4730 τῆς
1146 4662 1428 4728 πίστεως,
1458 4662 1568 4716 οὐκ
1596 4661 1920 4729 ἐκομίσαν-

325 4774 407 4814 το
436 4759 552 4826 τὴν
575 4756 970 4826 ἐπαγγελίαν,
994 4756 1091 4809 καὶ
1114 4755 1183 4808 τά
1215 4753 1407 4808 λοιπά.

413 4855 555 4906 Ῐιάθ.
595 4850 709 4904 Καὶ
740 4848 873 4917 περὶ
906 4846 1100 4901 τούτου
1152 4846 1338 4900 ίκανὶν
1381 4844 1808 4914 ἀποδεδώκαμεν
1837 4843 1924 4897 λό-

333 4960 440 5013 γον
488 4945 549 4995 ὲν
596 4942 676 5014 τῷ
728 4941 972 5011 τετάρτῳ
1026 4938 1309 5008 κεφαλαίῳ
1359 4938 1453 4991 τοῦ
1507 4938 1636 5007 ὅρου
1698 4938 1837 5007 πρὸς
1864 4936 1923 4989 τὸ

334 5035 517 5097 τέλοςο
548 5033 645 5088 καὶ
698 5033 726 5086 ὁ
766 5031 1095 5102 βουλόμενος
1133 5028 1380 5099 ἀκριϐῶς
1441 5029 1570 5083 ἰδεῖν
1618 5030 1798 5082 ἐκεῖσε
1830 5045 1924 5080 πο-

339 5127 615 5200 ρευθήτω,
651 5125 747 5179 καὶ
783 5123 986 5187 ἱκανῶς
1015 5118 1171 5193 οἶμαι
1195 5122 1781 5192 πληροφορηθήσεται.

426 5218 592 5272 Ῥακ.
646 5216 862 5284 Φράσον
922 5232 1015 5284 μοι
1066 5213 1399 5285 παρακαλῶ,
1438 5212 1513 5283 μὴ
1559 5213 1798 5281 ὀκνήσας
1831 5212 1926 5265 καὶ

338 5311 478 5379 περὶ
507 5310 603 5361 τοῦ
636 5307 948 5361 τελευταίου
1002 5305 1303 5373 κεφαλαίου
1353 5302 1449 5358 τοῦ
1487 5304 1634 5375 ὅρου.
1672 5304 1798 5367 Πῶς
1837 5305 1928 5357 τὸν

350 5398 582 5468 Ῥώμης
622 5398 888 5468 ἀρχιερέα
918 5396 1107 5464 λέγετε
1143 5392 1286 5450 εἶναι
1330 5393 1577 5465 κεφαλὴν
1611 5396 1791 5464 πάσης
1826 5395 1928 5463 τῆς

355 5487 716 5557 Ἑκκλησὶας,
755 5488 852 5541 καὶ
885 5486 963 5557 μὴ
988 5488 1083 5540 καὶ
1107 5486 1268 5539 αὐτὸν
1296 5484 1372 5550 ὡς
1400 5484 1497 5538 ἕνα
1528 5481 1667 5538 εἶναι
1697 5484 1807 5539 τῶν
1837 5486 1929 5541 ἄλ-

340 5577 715 5648 ττατριαρχῶν
740 5595 755 5641 ;
1674 5564 1683 5571 ’

420 5673 563 5725 ιιάθ.
617 5670 931 5739 Θαυμάζω,
978 5670 1095 5731 πῶς
1154 5669 1451 5741 ἠρώτησας
1504 5667 1741 5723 τοιοῦτον
1794 5670 1928 5744 ἐρώ-

344 5778 524 5832 τημα,
560 5762 720 5832 δήλου
752 5762 903 5827 “to;
950 5763 1041 5818 τοῦ
1077 5764 1424 5835 πράγματες.

2022 4573 2174 4626 Pauli
2205 4587 2397 4627 novam
2447 4572 2584 4626 mihi
2615 4569 2848 4627 all'erunt
2904 4572 3299 4627 dubitationem
3338 4592 3351 4627 :
3410 4572 3604 4629 Omnes

2022 4665 2077 4716 hi
2104 4680 2196 4734 per
2218 4665 2376 4733 ﬁdem
2408 4664 2780 4731 consummati,
2831 4680 2934 4719 non
2964 4664 3258 4719 retulerunt
3302 4665 3608 4734 promissio-

2022 4773 2161 4821 nem,
2184 4767 2290 4811 etc.

2098 4846 2254 4902 Cath.
2321 4845 2654 4902 lioc'etiam
2715 4856 2972 4902 accurate
3029 4848 3487 4918 pertractavimus
3553 4849 3609 4903 in

2025 4947 2223 5004 quarto
2263 4940 2442 5007 capite
2469 4938 2676 4992 decreti
2714 4953 2881 5008 prope
2923 4938 3084 4994 tinem
3120 4958 3134 4994 :
3168 4941 3407 5010 indeque
3439 4949 3609 5009 petat,

2027 5029 2118 5100 qui
2151 5030 2416 5084 similium
2470 5030 2575 5085 sibi
2612 5031 3030 5102 intelligentiam
3068 5033 3289 5097 astruit,
3362 5041 3418 5087 et
3478 5042 3610 5100 puto

2028 5119 2244 5174 abunde
2273 5120 2617 5174 satisfactum
2668 5120 2755 5195 iri.

2101 5208 2265 5266 Rhac.
2303 5213 2415 5279 Age
2443 5212 2600 5276 mibi,
2634 5227 2735 5267 nec
2769 5211 3014 5282 deponas
3072 5212 3314 5266 stmiium
3362 5226 3496 5279 rogo
3546 5213 3614 5267 de

2032 5315 2308 5375 postremo
2328 5305 2533 5359 decreti
2566 5305 2764 5375 capite.
2806 5304 2923 5370 Qua
2952 5304 3167 5358 ratione
3195 5305 3375 5359 dicitis
3409 5305 3603 5358 Rmna-

2033 5413 2163 5451 num
2201 5398 2487 5467 praesulem
2518 5380 2691 5466 “caput
2716 5396 2985 5449 universa:
3036 5395 3315 5461 Ecclesiae,
3354 5411 3451 5451 nec
3479 5410 3617 5450 cen-

2036 5490 2169 5547 setis
2207 5505 2330 5546 eum
2362 5498 2625 5561 tanquam
2655 5503 2823 5543 unum
2858 5502 2922 5544 ex
2976 5488 3350 5559 patriarcliis?

2107 5670 2261 5725 Catii.
2292 5668 2457 5721 Miror
2503 5676 2553 5722 te
2587 5666 2863 5739 similiain
2911 5680 2968 5721 rc
3000 5666 3142 5722 clara
3195 5681 3257 5720 at:
3303 5662 3509 5737 patenti
3538 5664 3619 5718 in-

2035 5776 2362 5835 terrogassa.
