4022 6196
308 219 437 286 1021

1253 236 1756 304 DlSCEPTATIO
1804 242 1952 305 PRO
1980 245 2187 310 CONC.
2221 247 2592 316 FLORENT.

3418 265 3551 333 πολε

304 339 484 406 θημεν
508 342 605 407 τῆς
640 345 882 410 ματαίας
932 349 1277 421 προλήψεως,
1319 354 1418 425 τῆς
1453 360 1761 430 πεισμονῆς
1814 377 1866 413 τε

1976 367 2211 421 tnmacia
2243 377 2297 422 et
2347 385 2547 439 pugna,
2578 386 2681 441 qua
2710 371 2761 426 in
2792 369 2986 430 fratres
3029 376 3403 443 saeviebamus,
3429 399 3550 442 esse

305 432 398 481 xui
425 432 629 500 μάχης.
655 435 756 503 τῆς
791 437 927 506 πρὸς
962 441 1083 503 τοὺς
1136 444 1434 512 ἀδελφοῦςς
1484 448 1547 502 El
1600 451 1701 504 οὐκ
1753 453 1874 520 ἐγέ-

302 536 447 612 νετο.
482 522 577 575 καὶ
605 525 769 592 ἡμεῖς
801 528 861 579 ἐν
888 530 953 599 τῇ
992 528 1129 602 αὐτῇ
1162 534 1477 601 ἀπογνώσει
1505 533 1647 608 ἦμεν
1684 540 1771 606 ἂν,
1801 536 1866 612 ἧς

304 610 557 681 ὑπῆρχον
587 617 636 668 ot
669 617 841 670 πάλαι
894 621 996 690 τὴν
1045 622 1375 693 Ἐκκλησίαν
1427 630 1718 698 σχίσαντες
1775 610 1872 688 καὶ

302 703 750 772 διαμερίσαντες.
780 709 948 763 Ὅθεν
986 713 1195 782 βέλτιον
1239 706 1309 787 ἧν
1365 722 1537 791 αὐτὴν
1591 712 1868 793 γενέσθαι,

300 796 395 849 τοῦ
424 798 561 850 Θεοῦ
580 799 735 853 τοῦτο
764 801 834 854 δι’
862 806 1011 874 ἡμᾶς
1035 809 1503 882 προϐλεψαμένου,
1541 817 1626 869 ἳνα
1660 820 1756 888 μὴ.
1776 822 1872 884 τὰς

299 889 481 958 ψυχὰς
512 892 671 961 ἡμῶν
690 897 1072 967 ἀπολέσαντες,
1094 902 1191 973 τὴν
1210 906 1430 959 αἰώνιον
1447 907 1872 980 κληρονομήσω·-

301 1000 404 1052 μεν
440 986 687 1043 κόλασιν.

381 1076 536 1131 Ῥακ.
568 1080 645 1149 Τῇ
685 1082 924 1151 ἐμαυτοῦ
952 1086 1242 1158 ἐρωτήσει,
1279 1092 1468 1163 ἄριστε
1507 1096 1716 1165 ίερέων,
1752 1098 1872 1152 ἱκα-

302 1166 417 1259 νῶς
438 1169 548 1236 ὁρῶ
581 1172 822 1240 ἐμαυτὸν
855 1176 1368 1251 πληροφορηθέντα,
1416 1187 1509 1240 καὶ
1539 1188 1649 1242 ίδοί)
1681 1192 1742 1243 ἐκ
1771 1192 1870 1259 τῆς

303 1258 509 1350 πολλῆς
537 1264 630 1315 καὶ
674 1264 907 1334 ἀπείρου
963 1270 1144 1338 μάχης
1203 1272 1301 1341 τῆς
1352 1276 1490 1345 πρὸς
1532 1278 1799 1341 Λατίνους
1830 1258 1867 1350 δή

297 1348 444 1419 ψυχή
485 1369 590 1420 μου
644 1357 998 1427 ὁπωσδήποτε
1034 1363 1329 1421 πέπαυται.
1396 1366 1557 1437 Ἀλλ’,
1612 1348 1868 1439 ἄνθρωπε

298 1441 394 1492 τοῦ
449 1441 607 1511 Θεοῦ,
655 1446 717 1499 σύ
772 1466 831 1501 τε
889 1452 984 1504 καὶ
1029 1455 1077 1506 oi
1129 1457 1268 1523 μετὰ
1311 1457 1405 1510 σοῦ
1451 1461 1725 1524 εὐλαϐεῖς,
1775 1464 1868 1516 καὶ⁸

297 1531 591 1600 θειότατοι,
625 1540 718 1591 καὶ
747 1542 968 1612 ἀληθεῖς
996 1545 1187 1615 ίερεῖς,
1238 1548 1405 1617 ἄφετέ
1462 1569 1575 1619 μοι.
1605 1555 1699 1607 καὶ
1731 1572 1869 1623 συγ-

297 1628 589 1696 χωρήσατε
628 1632 730 1685 ὅσα
790 1634 871 1698 είς
910 1636 1053 1706 ὑμᾶς
1101 1639 1212 1708 ἐγώ
1267 1658 1398 1695 ποτε
1440 1645 1860 1717 ἐϐλασφήμησα.

300 1719 595 1791 Μάρτυρες
621 1726 730 1795 γάρ
757 1728 879 1781 ἐστε
926 1730 1023 1784 τοῦ
1061 1731 1217 1801 Θεοῦ,
1275 1738 1372 1789 καὶ
1424 1739 1691 1809 μακάριοί
1719 1743 1862 1796 ἐστε.

308 1813 668 1880 Ὀνειδίζεσθε
715 1822 822 1888 γὰρ
893 1823 1063 1878 ἕνεκα
1121 1828 1221 1897 τῆς
1278 1829 1514 1898 ἀληθοῦς
1587 1833 1862 1900 πίστεως.

291 1909 563 2050 salici);
615 1914 845 1983 μισθοὺς
907 1918 1057 1986 ἕξετε
1114 1922 1265 1993 παρά
1317 1925 1413 1978 τοῦ
1465 1927 1866 1996 μισθαποδότου

342 2015 453 2050 εον)-

342 2015 453 2057 εου.

370 2096 493 2148 Δικ.
538 2097 679 2164 Ἐγὼ
703 2099 874 2168 ἡδέως
913 2103 1157 2168 ἀκούσας
1208 2108 1385 2177 ὑμῶν,
1445 2111 1540 2165 καὶ
1597 2114 1866 2183 νουνεχῶς

297 2186 625 2274 ἀμφοτέρων
656 2196 1006 2264 κατανοήσας
1029 2201 1155 2261 τοὺς
1187 2198 1402 2269 λόγους,
1434 2202 1737 2274 ἐϐουλόμην
1764 2206 1864 2274 μὲν

296 2273 395 2344 τὴν
441 2276 621 2346 ψῆφον
671 2280 871 2336 διδόναι
927 2286 1007 2356 τῷ
1060 2288 1159 2359 τὴν
1203 2290 1466 2360 ἀλήθειαν
1531 2273 1649 2363 per‘
1694 2273 1861 2348 αὐτοῦ

296 2369 495 2437 ἔχοντι,
529 2373 588 2433 ὃς
614 2373 763 2428 ἐστιν
796 2377 825 2428 ὀ
870 2378 1052 2447 ἱερεὺς
1076 2381 1177 2451 τῆς
1206 2383 1371 2450 ἁγίας
1410 2384 1680 2449 ἔνώτεως.
1710 2386 1865 2440 Ἐπεὶ

295 2461 349 2514 δὲ
383 2466 478 2517 καὶ
508 2466 668 2531 αὐτὸς
700 2471 761 2521 τὸ
798 2473 1008 2541 πεῖσμα
1040 2476 1205 2539 ἐάσας
1262 2478 1354 2532 καὶ
1411 2479 1508 2550 τὴν
1555 2480 1716 2550 κενὴν
1770 2481 1865 2534 καὶ

296 2557 540 2622 ματαίαν
588 2561 885 2631 πρόληψιν,
934 2566 1198 2630 ἀποδίδως
1254 2569 1353 2637 τὴν
1400 2570 1604 2640 ψῆφον,
1661 2571 1865 2640 μᾶλλον

294 2648 352 2701 δέ
397 2666 460 2716 γε
486 2650 583 2703 καὶ
652 2657 982 2728 καταπείθῃ,
1012 2658 1090 2727 τῷ
1112 2660 1231 2725 Θεῷ
1258 2660 1411 2730 δόξα,
1439 2661 1515 2733 τῷ
1546 2679 1605 2716 σε
1636 2663 1772 2734 πρὸς
1803 2665 1865 2718 τὸ

293 2741 394 2810 τῆς
417 2741 678 2809 ἀληθείας
710 2746 827 2814 φῶς
855 2748 1217 2819 ὁδηγήσαντι.

370 2837 517 2890 Καθ.
558 2837 881 2908 Εὐχαριστῶ
908 2842 985 2911 τῷ
1008 2842 1127 2913 Θεῷ
1156 2845 1233 2915 τῷ
1265 2849 1365 2917 τῆς
1386 2849 1615 2922 είρήνης
1646 2851 1859 2923 δοτῆρι,

297 2926 374 2997 τῷ
403 2929 497 2981 καὶ
524 2929 582 2982 σὲ
614 2932 943 3001 ὁδηγήσαντι
993 2937 1088 2990 καὶ
1136 2938 1355 2994 σύνεσιν
1383 2941 1551 3006 δόντι.
1592 2946 1755 2999 ἐᾶσαι
1801 2948 1863 3001 τὸ

1977 452 2272 512 liberatos?
2300 458 2361 515 Si
2389 461 2478 514 illa
2521 462 2661 517 facta
2699 479 2804 518 non
2856 465 3067 531 fuisset,
3118 484 3216 523 nos
3254 471 3307 525 in
3357 473 3545 528 eadem

1977 546 2432 605 condemnatione
2480 552 2927 623 perduraremus,
2979 556 3032 613 in
3074 575 3180 626 qua
3229 571 3408 627 erant,
3454 538 3546 634 qui

1975 641 2275 709 antiquitus
2301 640 2597 698 Ecclesium
2648 646 2951 704 diviserunt
2990 660 3043 706 ct
3074 652 3127 707 in
3160 653 3419 711 factiones
3441 658 3548 713 sci-

1976 729 2192 784 derunt.
2221 732 2361 787 Hinc
2392 734 2585 790 melius
2623 736 2745 800 fuit,
2781 742 3026 796 eamdem
3058 754 3303 799 coactam
3354 732 3544 813 fuisse,

1976 817 2087 873 Deo
2110 819 2160 875 id
2190 833 2409 893 propter
2432 839 2529 877 nos
2566 830 2905 895 providente,
2940 848 3007 887 ne
3039 834 3326 890 animabus
3350 837 3543 904 deper-

1974 912 2103 966 ditis
2136 917 2481 987 scnrpitcrna‘
2504 922 2803 991 punitiouis
2840 923 3079 980 haeredes
3112 927 3468 983 eﬂiceremur.

2048 1095 2211 1151 R/mc.
2259 1097 2674 1171 lntcrrogationi
2718 1119 2870 1169 meae,
2906 1107 3108 1177 optime
3152 1112 3540 1175 sacerdos,ctt-

1973 1188 2176 1243 mulate
2207 1205 2529 1260 responsum
2556 1210 2694 1257 esse,
2719 1196 2959 1267 mihique
2979 1200 3319 1256 satisfactum
3347 1204 3539 1272 deprc-

1972 1279 2173 1333 hendu.
2205 1281 2270 1335 Et
2301 1299 2365 1335 en
2394 1299 2458 1337 ex
2492 1286 2718 1352 ingenti,
2749 1296 2801 1341 et
2832 1304 3109 1360 nunquam
3141 1308 3247 1346 non
3278 1295 3346 1348 de
3375 1295 3539 1350 steri-

1970 1382 2096 1425 cnte
2127 1374 2391 1430 adversus
2426 1373 2651 1432 Latinos
2682 1393 2880 1447 pugna,
2911 1380 3127 1436 animus
3162 1398 3316 1438 meus
3360 1400 3539 1439 cessa-

1971 1466 2065 1519 vit.
2095 1465 2200 1519 Sed
2238 1467 2317 1521 vir
2357 1466 2469 1529 Dei,
2505 1478 2559 1522 et
2589 1470 2680 1539 qui
2714 1477 2892 1526 tecum
2926 1487 3030 1527 una
3060 1483 3188 1528 sunt
3219 1476 3314 1543 pii,
3363 1476 3533 1531 divini

1969 1567 2024 1612 et
2055 1560 2164 1611 veri
2202 1559 2540 1624 sacerdotes,
2590 1576 2745 1631 aequo
2775 1563 2960 1617 animo
2985 1564 3268 1632 ignoscite.
3307 1567 3537 1638 dateque

1898 1690 1944 1751 Β
1970 1664 2158 1703 eorum
2192 1653 2426 1714 veniam,
2478 1667 2600 1720 qua:
2655 1653 2771 1722 ipse
2819 1656 3081 1711 adversus
3120 1673 3219 1713 vos
3250 1659 3540 1727 aliquando

1970 1740 2235 1795 maledico
2266 1756 2361 1796 ore
2388 1742 2613 1811 jac'avi.
2643 1744 2908 1817 Martyres
2958 1750 3102 1803 enim
3155 1753 3289 1805 estis
3329 1753 3443 1815 Dei,
3482 1762 3539 1809 et

1968 1834 2134 1896 beati,
2171 1842 2426 1905 tanquam
2469 1839 2561 1906 qui
2597 1840 2956 1896 contumelias
2996 1843 3280 1899 sustinetis
3315 1855 3539 1916 propter

1967 1920 2373 1990 veram’lidem,
2400 1936 2453 1982 et
2482 1928 2786 1984 mercedem
2831 1934 3178 1988 consecuturi
3203 1935 3336 1989 estis
3372 1951 3399 1988 a
3425 1934 3537 1990 Deo

1966 2025 2395 2073 remuneratore.

2040 2110 2158 2164 Dic.
2199 2109 2348 2175 Mihi,
2382 2127 2507 2167 cum
2561 2113 2670 2184 jam
2721 2131 2815 2170 vos
2862 2116 3187 2183 audiverim,
3229 2127 3282 2174 et
3328 2129 3534 2175 attente

1966 2215 2249 2257 sermones
2279 2211 2493 2257 vestros
2515 2203 3239 2272 consideraverim,'animus
3268 2220 3383 2262 erat
3409 2228 3533 2263 sen-

1968 2292 2189 2345 tentiam
2218 2292 2291 2346 illi
2323 2293 2610 2348 candidam
2648 2295 2810 2361 ferre,
2838 2312 2867 2349 a
2898 2314 3007 2368 quo
3042 2308 3149 2354 stat
3185 2301 3406 2367 veritas,
3438 2304 3531 2371 qui

1967 2382 2131 2438 fuerit
2158 2395 2363 2440 sanctas
2396 2388 2617 2442 unionis
2655 2389 2945 2451 sacerdos;
2971 2392 3190 2459 quando
3223 2408 3351 2447 vero
3374 2404 3425 2447 et
3451 2403 3530 2455 tu,

1964 2474 2266 2544 pertinacia
2304 2475 2533 2542 reiecta,
2558 2487 2610 2531 et
2642 2478 2787 2533 inani
2836 2496 3080 2549 vanaque
3110 2483 3533 2551 prmsumptioue

1965 2567 2238 2621 calculum
2278 2567 2483 2633 defers,
2548 2569 2657 2623 imo
2712 2571 2875 2624 etiam
2917 2588 3114 2626 suasus
3150 2574 3348 2635 credis,
3402 2572 3509 2626 Deo

1965 2657 2158 2727 gloria,
2199 2658 2293 2729 qui
2332 2667 2387 2714 te
2416 2660 2481 2714 ad
2510 2662 2758 2717 veritatis
2788 2662 2967 2717 lumen
2996 2664 3270 2733 perduxit.

2034 2835 2191 2891 Cath.
2255 2836 2471 2893 Gratias
2499 2852 2599 2908 ago
2622 2838 2730 2893 Deo
2757 2839 2903 2907 pacis
2930 2840 3131 2903 datori,
3166 2840 3257 2908 qui
3291 2841 3386 2895 tibi
3418 2840 3527 2895 dux

1968 2929 2093 2993 fuit,
2124 2929 2383 3000 deditque
2419 2932 2789 3000 prudentiam,
2835 2940 2893 2986 ut
2955 2934 3255 3003 pertinacia
3305 2934 3531 2989 dimissa

296 3023 532 3088 πεῖσμα,
563 3026 657 3076 καὶ
710 3026 945 3081 ἀκοῦσαι
974 3030 1150 3098 ἡμῶν,
1187 3034 1283 3086 καὶ
1312 3034 1411 3104 τὴν
1439 3036 1702 3105 ἀλήθειαν
1716 3039 1859 3106 γνῶ-

1970 3036 2064 3075 nos
2078 3021 2317 3085 audires,
2337 3031 2392 3077 et
2413 3022 2696 3079 veritatem
2721 3040 3070 3095 agnosceres.
3096 3025 3228 3079 Illud
3257 3026 3310 3079 in
3332 3042 3537 3081 memn-

298 3131 407 3166 ναι.
447 3115 589 3168 Ἀλλ’
626 3117 941 3188 ὐπομνῆσαί
1008 3139 1067 3174 σε
1131 3123 1414 3196 βούλομαι,
1472 3128 1554 3181 ὅτι
1587 3131 1745 3197 ὑμεῖς
1801 3132 1860 3183 ἐν

296 3207 522 3283 συνόψει
558 3229 641 3263 σοι
673 3210 770 3281 τὴν
800 3213 1101 3280 ἀπολογίαν
1135 3215 1247 3269 τῶν
1277 3219 1595 3287 κεφαλαίων
1621 3222 1861 3277 ἐνταῦθα

296 3301 757 3376 προσηνέγκαμεν
779 3320 793 3334 ·
829 3306 1019 3378 ἐπειδὴ
1047 3308 1187 3361 ίδῖαν
1230 3314 1616 3381 πραγματείαν
1675 3317 1862 3383 ἐποιή-

295 3411 471 3464 σαμεν
500 3398 627 3464 περὶ
662 3397 890 3467 τούτων,
926 3401 1019 3452 καὶ
1050 3402 1169 3465 ἐνὸς
1196 3404 1429 3458 ἑκάστου
1480 3404 1639 3474 λόγον
1672 3409 1857 3460 ἱκανζν

295 3488 658 3559 ἐξεδὼκαμεν.
692 3494 799 3546 Καὶ
827 3494 854 3545 ὁ
881 3494 1209 3564 βουλόμενος
1250 3497 1305 3549 ἐν
1336 3496 1566 3561 ἐκείνοις
1615 3500 1707 3551 τὸν
1737 3498 1861 3551 νοῦν

294 3587 647 3653 ἐπιστησάτω
673 3600 688 3614 ·
718 3587 812 3639 καὶ
839 3576 994 3654 οἶμαι
1030 3586 1126 3639 σὺν
1149 3587 1267 3656 Θεῷ
1314 3588 1415 3656 τῆς
1463 3589 1655 3659 ὀδύνης
1684 3592 1860 3643 ἀπαλ-

296 3676 617 3741 λαγήσεται.
646 3675 769 3730 Ὀτι
799 3675 855 3729 δέ
874 3660 941 3743 γε
973 3677 1067 3729 καὶ
1100 3676 1450 3748 συγχώρησιν
1490 3679 1674 3750 ζητεῖς
1729 3685 1862 3752 παρ’

296 3766 455 3834 ἡμῶν
476 3768 555 3827 είς
586 3768 687 3820 ὅσα
722 3769 869 3837 ἡμᾶς
918 3768 1288 3838 ἐλοιδόρησας,
1318 3769 1528 3840 Κύριος
1556 3774 1860 3845 ἀπαλεῖψαι

297 3875 380 3911 σοι
403 3860 463 3911 τὸ
495 3859 693 3927 σφαλὲν
718 3862 813 3913 καὶ
843 3860 936 3912 νῦν
960 3861 1055 3912 καὶ
1083 3862 1139 3914 ἐν
1166 3862 1242 3931 τῷ
1274 3863 1430 3916 αίῶνι
1460 3864 1536 3934 τῷ
1558 3867 1859 3938 ἐρχομένῳ.

306 3949 501 4016 Ἥμεῖς
535 3952 643 4021 γὰρ
674 3951 819 4015 ἅπαξ
856 3952 1082 4015 ἑαυτοὺς
1132 3953 1490 4018 ἐκδεδωκότες
1534 3957 1616 4019 είς
1657 3959 1862 4013 ὑποτα-

294 4043 401 4112 γὴν
428 4041 528 4111 τῆς
565 4042 662 4095 τοῦ
707 4043 949 4114 Χριστοῦ
990 4045 1338 4114 Ἐκκλησίας,
1371 4047 1574 4116 ἥκιστα
1604 4049 1716 4101 τῶν
1755 4050 1863 4103 λοι·-

295 4128 495 4202 δοριῶν
520 4152 582 4190 τε
618 4136 710 4189 καὶ
740 4135 957 4205 ὕϐρεων
990 4137 1375 4208 φροντίζομεν,
1410 4144 1748 4209 μεμνημένοι
1771 4142 1863 4194 τοῦ

296 4228 505 4297 Κυρῖου
546 4227 706 4299 ήμῶν
737 4228 989 4296 λέγοντος
1009 4270 1023 4294 ,
1052 4229 1117 4283 Εἰ
1150 4231 1253 4299 ἐμὲ
1289 4230 1562 4294 ἐδίωξαν,
1592 4233 1688 4286 καὶ
1708 4231 1865 4301 ὑμᾶς

292 4320 640 4384 διώξουσιν.
690 4322 800 4374 Καὶ
858 4320 1037 4385 αὖθις,
1070 4322 1176 4374 Φεῦ
1235 4325 1335 4391 τῆς
1358 4323 1498 4392 ἐμῆς
1529 4323 1818 4388 ἀσθενείας
1846 4326 1858 4377 !

1970 3114 2105 3166 riam
2146 3113 2439 3178 revocabo,
2476 3128 2577 3168 nos
2604 3115 2691 3168 hic
2745 3115 2840 3170 tibi
2889 3116 3338 3184 compcndiosam
3377 3118 3531 3186 capi-

1969 3216 2084 3259 tum
2119 3206 2535 3273 responsionem
2594 3207 2872 3263 attulisse.
2919 3208 3154 3273 Quando
3190 3225 3319 3264 vero
3352 3210 3419 3263 de
3450 3210 3535 3263 his

1974 3296 2249 3367 peculiare
2301 3312 2438 3367 opus
2486 3298 2788 3368 exegimus,
2821 3308 2873 3353 et
2916 3300 3257 3370 singularum
3291 3301 3536 3355 rationes

1968 3388 2358 3452 recensuimus,
2390 3389 2477 3443 cui
2512 3389 2563 3443 id
2606 3389 2801 3457 volupe
2836 3389 3021 3454 fuerit,
3060 3390 3302 3444 animum
3333 3390 3399 3443 ad
3442 3392 3529 3443 illa

1969 3480 2235 3544 advertat,
2266 3489 2320 3535 et
2349 3480 2548 3549 opinor
2597 3497 2722 3534 cum
2757 3481 2889 3545 Deo,
2924 3496 3049 3535 eum
3076 3482 3143 3536 ab
3171 3482 3317 3535 omni
3343 3481 3537 3535 dubie-

1969 3568 2346 3640 tatefuturum
2407 3570 2728 3628 immunem.
2762 3573 2840 3626 Tu
2886 3573 3097 3627 veniam
3136 3574 3274 3641 petis
3318 3588 3345 3626 a
3380 3573 3537 3626 nobis

1969 3678 2157 3719 eorum
2193 3679 2314 3732 qua:
2336 3665 2387 3717 in
2419 3679 2517 3718 nos
2551 3679 2675 3718 cum
2701 3665 2886 3736 jurgio
2936 3674 2988 3719 et
3020 3665 3277 3719 irrisione
3333 3663 3536 3718 ell'utii-

1970 3758 2038 3810 sti
2067 3775 2079 3810 :
2105 3756 2370 3811 Dominus
2392 3766 2637 3811 erratum
2670 3766 2723 3813 et
2758 3773 2905 3813 nunc
2932 3766 2986 3812 et
3023 3760 3076 3810 iu
3125 3755 3309 3812 futuro
3337 3760 3537 3811 saeculo

1973 3849 2168 3903 deleat.
2233 3848 2481 3917 Namque
2533 3850 2694 3904 nobis
2728 3850 2995 3920 obsequio
3019 3849 3234 3904 ‘Christi
3281 3847 3537 3902 Ecclesiae

1926 3934 1931 3945 ’
1976 3942 2146 3997 semel
2175 3941 2526 4010 mancipatis,
2555 3942 2913 3995 dicteriorum
2960 3952 3014 3995 et
3040 3941 3362 4011 iujuriarum
3389 3956 3537 3994 cura:

1970 4050 2076 4088 non
2118 4043 2222 4093 est.
2275 4034 2538 4087 memoria
2601 4033 2974 4087 recalentibus
3010 4032 3213 4086 dictum
3270 4031 3482 4085 Domini
3521 4050 3537 4087 :

1971 4130 2031 4185 Si
2082 4145 2161 4181 me
2214 4129 2478 4197 persecuti
2532 4127 2768 4195 fuerunt,
2800 4135 2850 4179 et
2871 4143 2959 4179 vos
2990 4126 3430 4195 persequentur’.
3477 4125 3541 4178 Et

1971 4236 2164 4277 rursus
2196 4236 2209 4273 :
2237 4218 2348 4272 l‘leu
2374 4234 2547 4272 meam
2576 4218 3023 4272 imbecillitatem!
3049 4216 3451 4271 Samaritanum
3487 4224 3542 4269 ct

1973 4312 2223 4367 daemone
2253 4318 2510 4364 vexatum
2554 4308 2824 4361 vocabant
2856 4309 3050 4377 viperm
3080 4308 3247 4361 catuli
3288 4322 3411 4359 cum
3446 4305 3538 4374 qui

296 4414 647 4483 Σαμαρείτην
714 4413 808 4465 καὶ
893 4413 1241 4481 δαιμονῶντα
1288 4384 1557 4467 ’ἐκόλουν
1622 4418 1691 4468 τὰ.
1763 4384 1864 4481 ei};

1970 4413 2194 4458 vexatos
2222 4417 2253 4456 a
2292 4401 2541 4455 demone
2589 4399 2844 4454 sanabat.
2886 4399 2940 4453 Si
2980 4399 3161 4466 itaque
3199 4412 3322 4451 eum
3376 4411 3537 4464 quem

292 4508 513 4576 ἐχίδνης
566 4509 772 4574 τέκνα,
831 4508 925 4560 τὸν
986 4507 1469 4577 δαιμονιζομένους
1547 4510 1729 4561 ίῶντα.
1805 4509 1869 4561 Εἰ

300 4596 397 4653 οὖν
427 4603 503 4662 εἰς
530 4602 756 4661 ἐκεῖνον,
788 4601 847 4652 ὃν
880 4600 1074 4669 τρέμει
1106 4601 1134 4651 ὁ
1157 4600 1408 4669 οὐρανὸς,
1460 4601 1559 4653 καὶ
1590 4602 1620 4669 ἡ
1653 4601 1747 4668 γῆ,
1775 4600 1871 4653 καὶ

304 4696 487 4749 πάντα
526 4699 591 4747 τὰ
637 4697 694 4749 ὲν
734 4693 813 4760 τῷ
847 4693 1081 4763 οὐρανῷ,
1137 4694 1233 4747 καὶ
1282 4695 1337 4746 ἐν
1370 4697 1434 4765 τῇ
1496 4697 1589 4765 γῇ,
1628 4694 1867 4764 ὕϐριζον,

299 4788 399 4842 καὶ
452 4776 759 4855 ἐλοιδόρουν
798 4787 847 4838 οἱ
895 4784 991 4839 ὑπ’
1023 4784 1187 4839 αὐτοῦ
1250 4784 1723 4853 εὐεργετηθέντες,
1775 4785 1872 4836 καὶ

300 4879 597 4947 ὑπέμενεν,
662 4879 823 4947 ἡμεῖς
890 4878 938 4929 οἱ
999 4879 1249 4929 ταπεινοὶ
1319 4874 1417 4928 καὶ
1464 4876 1515 4927 οἱ
1554 4875 1873 4945 ἁμαρτωλοὶ

294 4973 389 5025 διὰ
419 4972 470 5023 τί
497 4952 956 5039 οὐχ’ὑποίσομενς
994 4969 1375 5037 ’Υποφέρομεν
1431 4966 1526 5019 οὖν
1574 4967 1672 5025 τὰς
1703 4967 1873 5018 λοιδο-

301 5064 428 5133 ρῖας
459 5062 554 5113 καὶ
579 5058 789 5127 ὕϐρεις,
817 5057 1133 5120 ἐλπίζοντες
1168 5056 1274 5107 τῶν
1331 5053 1698 5123 μακαρισμῶν
1727 5052 1872 5103 Exsi-

302 5170 415 5206 νων
445 5150 772 5218 ἀξιωθῆναι,
802 5149 920 5210 τοῦ,
981 5146 1279 5214 Μακάριοί
1323 5146 1485 5210 ἐστε,
1541 5144 1688 5197 ὅταν
1719 5146 1875 5195 ὀνει-

300 5243 562 5297 δίσωσιν
620 5241 775 5309 ὑμᾶς
825 5242 923 5295 καὶ
971 5242 1254 5304 ὄιὼξωσι,
1304 5239 1574 5306 λέγοντος,
1610 5237 1704 5288 καὶ¹
1754 5232 1873 5296 τοῦ,

302 5336 550 5400 Χαίρετε
614 5335 712 5386 καὶ
777 5331 1171 5401 ἀγαλλιᾶσθε,
1228 5331 1318 5382 ὅτι
1365 5333 1398 5384 d
1442 5327 1660 5395 μισθὸς
1708 5324 1876 5393 ὑμῶν

302 5427 501 5491 πολὺς
525 5428 594 5478 ἐν
622 5425 698 5488 τῷ
745 5424 999 5491 οὐρανῷ,
1037 5424 1356 5490 φάσκοντος.
1420 5418 1662 5486 Δεόμεθα
1696 5418 1749 5467 δὲ
1781 5417 1874 5466 καὶ

304 5518 486 5585 ὑμῶν,
515 5518 675 5569 ἐᾶσαι
706 5516 765 5568 τὸ
793 5518 1005 5583 πεῖσμα
1064 5515 1157 5566 καὶ
1190 5512 1285 5579 τὴν
1314 5508 1552 5579 ματαίαν
1582 5505 1875 5575 πρόληψιν.

386 5698 397 5726 ¹
432 5693 585 5747 Juau.
622 5708 706 5755 λε’,
750 5692 839 5747 ‘20.
918 5694 935 5723 ‘
976 5690 1164 5744 Matth.
1205 5702 1253 5751 ν,
1302 5686 1382 5740 ll.

1489 5681 1669 5737 ’ibid.
1722 5680 1801 5751 li,
1897 5700 1911 5715 -

1976 4494 2461 4550 trcmiscitccelum
2498 4500 2550 4546 et
2583 4501 2748 4555 terra,
2792 4499 2845 4545 et
2893 4490 3285 4560 pertimescunt
3337 4503 3457 4556 quae
3485 4486 3537 4539 in

1975 4589 2116 4642 emlo
2160 4592 2417 4654 terraque
2464 4585 2820 4638 continentur
2868 4581 3085 4650 injuriis
3117 4581 3441 4639 onerabant,
3489 4587 3543 4632 et

1976 4679 2286 4736 maledictis
2321 4678 2682 4742 lacessebant,
2742 4677 2837 4746 qui
2868 4676 2939 4731 ab
2971 4692 3038 4731 eo
3069 4674 3350 4731 beneficiis
3384 4675 3541 4729 dilati

1982 4773 2214 4831 fuerant.
2248 4778 2300 4823 et
2331 4768 2635 4822 sustinebat
2694 4785 2708 4821 :
2763 4782 2862 4821 nos
2894 4766 3127 4821 humiles
3150 4774 3202 4819 et
3228 4775 3545 4834 peccatores

1979 4877 2151 4933 quare
2186 4878 2294 4916 non
2340 4858 2779 4915 sustinebimus?
2805 4856 3129 4911 Toleramus
3159 4857 3341 4925 itaque
3371 4855 3544 4924 iurgia

1978 4966 2026 5010 et
2058 4956 2306 5024 injurias,
2339 4952 2624 5023 sperantes
2658 4967 2758 5005 nos
2781 4950 3178 5004 beatitudinum
3208 4949 3426 5001 illarum
3461 4946 3546 4997 di-

1977 5063 2114 5118 gnos
2145 5047 2435 5116 aliquando
2468 5044 2704 5104 futuros,
2739 5052 2873 5103 tum,
2913 5040 3067 5094 Beati
3105 5040 3231 5092 estis
3286 5053 3402 5089 cum
3436 5052 3547 5087 ma-

1981 5140 2257 5193 ledixerint
2296 5138 2462 5198 vobis,
2520 5144 2569 5189 et
2627 5137 2885 5204 persecuti
2930 5150 3016 5186 vos
3074 5130 3349 5200 fuerint’;
3407 5138 3540 5189 tum,

1978 5231 2216 5288 Gaudete
2237 5241 2287 5283 et
2313 5229 2594 5291 exsultate,
2627 5226 2877 5295 quoniam
2910 5239 3103 5275 merces
3134 5231 3303 5274 vestra
3332 5220 3545 5286 copiosa

1981 5332 2055 5375 est
2087 5323 2137 5373 in
2160 5320 2287 5373 c0310
2322 5321 2362 5373 ³.
2399 5319 2673 5387 Rogamus
2708 5329 2869 5382 porro
2904 5328 3019 5375 vos,
3057 5322 3113 5364 ut
3165 5310 3460 5379 pertinacia
3491 5315 3545 5357 et

1984 5428 2119 5466 vana
2170 5412 2595 5483 prmsumptioue
2644 5421 2984 5474 compressa,
3041 5412 3095 5459 et
3160 5402 3344 5457 sedata
3398 5415 3545 5451 arro-

1982 5504 2164 5573 gantia
2195 5503 2562 5572 vosmetipsos
2592 5499 2681 5554 Dei
2738 5495 2996 5552 Ecclesia:
3028 5492 3253 5550 uniatis.
3288 5491 3379 5546 Sic
3399 5491 3548 5546 enim
