4022 6196
678 468 681 471 λ
1232 421 1473 489 EPHES.

559 512 567 517 “
638 518 793 573 Nulla
850 516 1047 581 morbi,
1103 529 1211 585 quo
1253 515 1594 582 laborabam,
1642 516 1855 572 ratione
1920 514 2140 579 habita,

568 627 672 666 nec
704 610 866 666 etiam
905 610 983 663 rei
1018 607 1087 662 de
1121 623 1226 678 qua
1276 608 1558 678 agebatur,
1582 624 1705 663 cum
1752 610 1825 663 sit
1880 608 2141 663 momenti

568 703 728 771 longe
758 700 976 754 maximi
1001 699 1284 754 diilicultat
1308 700 1410 754 bus
1434 700 1763 765 deterritus;
1792 701 1887 755 sed
1914 715 2141 770 sperans

568 793 679 848 Deo
717 791 952 857 favente,
971 799 1024 846 et
1072 784 1353 857 conlidens
1415 806 1580 861 opera
1628 792 2003 847 communium
2040 793 2143 846 ho-

567 899 687 936 rum
713 892 1071 952 patronorum
1107 883 1243 949 fore,
1286 896 1345 939 ut
1378 884 1560 939 omnia
1590 883 1750 939 nobis
1773 898 1837 938 ex
1865 882 2140 939 sententia

566 975 943 1042 succederent,
1008 987 1063 1031 et
1126 993 1379 1047 magnum
1408 977 1623 1047 aliquod
1670 992 1807 1045 opus
1857 976 2144 1046 perlicere-

566 1081 710 1129 mus,
752 1076 804 1119 et
840 1066 1120 1122 laboribus
1154 1068 1359 1123 nostris
1384 1082 1480 1136 spe
1504 1082 1612 1122 non
1639 1067 1945 1137 indignum.

646 1146 655 1152 ’
1258 1160 1455 1215 RESP.

641 1252 883 1309 ilebebas
916 1267 973 1309 ut
1014 1255 1098 1309 vir
1137 1257 1332 1309 doctus
1354 1271 1416 1309 ac
1452 1255 1693 1323 prudens
1720 1253 2021 1323 corporalis
2063 1254 2141 1308 tui

566 1350 741 1400 morbi
800 1349 1065 1402 rationem
1125 1348 1358 1411 habere,
1422 1346 1516 1416 qui
1577 1347 1845 1401 maximus
1908 1356 2049 1409 erat,
2092 1357 2147 1400 et

569 1439 755 1493 multis
782 1449 833 1491 te
864 1440 1144 1493 doloribus
1198 1441 1451 1509 angebat.
1505 1440 1801 1494 Testantur
1844 1440 1945 1493 hoc
1996 1443 2145 1495 cives

578 1531 678 1593 tui,
722 1541 1047 1601 tuarumque
1079 1530 1396 1586 defensores
1441 1531 1785 1600 Opinionum.
1813 1532 2141 1601 Ubicunque

566 1625 714 1678 enim
751 1634 799 1677 te
832 1624 1056 1677 morbus
1084 1624 1383 1677 comitialis
1412 1625 1772 1692 exagitasset,
1803 1624 2144 1678 volutabat-is

567 1732 792 1783 spumas
830 1717 883 1770 in
909 1734 1004 1771 ore
1053 1734 1238 1785 agens,
1272 1728 1325 1771 et
1378 1719 1606 1772 moli-ste
1638 1718 1895 1788 agitatus.
1954 1717 2148 1772 Consi-

567 1810 757 1863 derare
785 1817 947 1864 etiam
983 1810 1219 1865 debebas
1262 1812 1336 1865 rei
1372 1812 1663 1881 proposita:
1690 1811 2140 1879 magnitudinem,

569 1899 632 1952 ad
660 1916 820 1968 quam
847 1916 1042 1971 magno
1076 1918 1217 1970 opus
1259 1913 1405 1957 esset
1449 1902 1633 1958 studio
1676 1912 1729 1955 et
1762 1903 1985 1967 pietate,
2042 1919 2145 1958 nec

571 2008 676 2045 non
714 1993 960 2056 scientia,
986 1995 1341 2065 intelligentia
1376 2004 1428 2049 et
1488 2012 1611 2050 vera
1654 1998 1885 2051 notitia:
1946 2008 1999 2051 et
2027 2014 2143 2052 nm-

571 2084 699 2138 niuo
718 2101 872 2140 mens
894 2086 987 2139 tibi
1021 2085 1305 2151 dirigenda
1338 2097 1455 2141 erat
1485 2096 1593 2141 tota
1620 2088 1686 2141 ad
1718 2089 1892 2157 ipsum
1942 2090 2143 2143 bonum

568 2184 625 2226 et
656 2188 902 2228 sanctum
939 2174 1228 2245 Spiritum,
1287 2193 1384 2247 pro
1417 2193 1524 2247 quo
1580 2181 1742 2233 etiam
1784 2193 1911 2235 tunc
1963 2179 2145 2236 Eccle-

571 2265 651 2320 sia
676 2265 990 2321 laborabat:
1018 2268 1158 2322 etab
1188 2269 1279 2323 illo
1316 2286 1424 2324 uno
1444 2272 1755 2326 conciliatio
1812 2284 1863 2326 et
1920 2287 2020 2341 pax
2055 2287 2145 2342 pe-

573 2359 758 2424 tenda,
783 2375 889 2413 non
923 2360 986 2413 ad
1016 2371 1259 2414 terrenas
1287 2377 1412 2428 spes
1447 2373 1499 2416 et
1523 2363 1712 2432 gloriae
1757 2365 1936 2419 studia
1964 2375 2019 2418 et
2071 2366 2147 2420 si-

571 2450 718 2504 milia
743 2452 1129 2505 convertenda.
1173 2453 1383 2508 Etenim
1415 2452 1665 2508 Salvator
1707 2456 1822 2525 ipse
1851 2458 2102 2526 pt'mcepit
2129 2475 2141 2510 :

573 2541 807 2605 Qua'rite
847 2543 1077 2607 primum
1113 2559 1327 2613 regnum
1366 2545 1476 2608 Dei,
1510 2558 1556 2599 et
1578 2546 1850 2614 justitiam
1898 2548 2038 2617 ejus,
2094 2561 2145 2603 et

570 2636 681 2685 Iure
706 2634 883 2686 omnia
910 2633 1231 2703 adjiciantur
1262 2635 1426 2690 vobis.
1461 2635 1571 2690 Scit
1600 2640 1739 2692 enim
1779 2638 1948 2692 Pater
1980 2653 2149 2694 vester

569 2725 697 2793 quid
714 2741 842 2793 apus
874 2728 943 2778 sit
968 2727 1135 2793 vobis,
1168 2740 1450 2798 antequam
1474 2730 1667 2797 petatis
1692 2746 1811 2783 eum
1834 2732 1876 2785 ⁸.
1907 2729 1984 2783 Tu
2018 2748 2147 2787 vero

574 2825 817 2870 terrenas
846 2817 1205 2886 cogitationes
1253 2817 1462 2872 intento
1511 2820 1693 2873 animo
1724 2822 1966 2887 volvens,
2017 2838 2139 2893 spe-

572 2922 808 2975 lausque
863 2908 1107 2961 futurum
1169 2919 1226 2963 ut
1264 2908 1445 2963 Latini
1498 2910 1597 2964 viri
1642 2913 1786 2965 tloeti
1840 2922 1893 2967 et
1948 2914 2147 2971 virtute

573 3008 893 3066 praestantes
921 3008 1012 3053 tua
1040 3016 1206 3070 opera
1243 3002 1575 3056 sententiam
1611 3015 1905 3072 mutarent,
1931 3006 2147 3077 tuisque

573 3091 876 3147 rationibus
906 3093 1168 3147 cederent
1192 3109 1207 3160 ;
1230 3103 1392 3164 atque
1418 3112 1447 3149 a
1474 3096 1728 3167 Symbolo
1757 3115 1940 3152 vocem
1973 3098 2142 3165 illam,
2175 3122 2218 3181 ε

572 3182 837 3254 Filioque,
893 3194 950 3239 ut
1002 3184 1196 3240 falsam
1250 3198 1658 3257 cxpungcrent;
1712 3200 1766 3244 et
1836 3189 2148 3247 Occidentis

570 3278 843 3347 principes
881 3292 1007 3334 cum
1034 3280 1147 3335 suis
1180 3281 1531 3338 terrestribus
1563 3283 1734 3355 copiis
1770 3294 1822 3339 te
1851 3295 2147 3354 sequentes

570 3369 769 3424 bellum
804 3386 928 3425 cum
959 3372 1143 3444 impiis
1175 3373 1372 3430 Turcis
1426 3376 1769 3445 susciperent
1816 3378 1954 3448 (haec
2001 3378 2147 3433 enim

571 3477 698 3529 spes
729 3472 845 3517 erat
900 3480 1159 3520 curarum
1217 3467 1577 3540 laborumque
1631 3481 1877 3535 tuorum,
1926 3489 2031 3527 non
2092 3480 2149 3527 ut

573 3556 855 3606 veritatem
884 3552 1156 3622 dogmatis
1181 3556 1494 3627 indagares,
1533 3570 1586 3614 et
1611 3561 1868 3616 ecclesias
1923 3562 2151 3631 conjun-

573 3657 729 3710 geres
765 3650 914 3698 tanto
965 3644 1075 3714 jam
1137 3656 1382 3716 tempore
1438 3648 1785 3720 disjunctas),
1847 3653 2042 3707 venisti
2076 3653 2147 3708 'in

573 3736 798 3795 Italiam.
836 3736 893 3791 Si
929 3739 1072 3791 enim
1114 3739 1209 3793 tibi
1234 3738 1452 3809 tuisque
1495 3756 1697 3810 sc0pus
1722 3743 1809 3797 bic
1827 3738 2145 3811 exstitisset,

572 3828 866 3884 subsecuta
908 3846 1124 3901 quoque
1190 3826 1375 3887 essent
1434 3837 1863 3903 consequentia;
1902 3848 1957 3890 at
2019 3854 2149 3894 vero

570 3936 691 3975 cum
726 3932 779 3974 tu
827 3923 942 3990 ipse
979 3924 1163 3992 tuique
1213 3940 1469 3995 perversa
1514 3937 1698 3980 mente
1748 3928 1987 3995 fueritis,
2021 3946 2149 4000 pro-

571 4016 713 4070 fecto
739 4017 919 4069 omnia
961 4031 1213 4085 perverse
1251 4020 1549 4073 subsecuta
1598 4030 1747 4076 sunt.
1779 4022 1847 4077 Et
1877 4022 1992 4080 haec
2022 4026 2145 4097 qui-

569 4105 691 4159 dem
723 4106 929 4173 adilla;
966 4106 1248 4164 videamus
1269 4118 1323 4164 et
1344 4109 1599 4181 deinceps
1633 4113 1830 4184 posita.

1230 4270 1472 4345 Eﬁucs.

639 4378 709 4435 Ut
740 4398 866 4436 vero
899 4380 1026 4436 illuc
1061 4381 1292 4452 profecti
1329 4387 1513 4439 statim
1563 4387 1775 4454 experti
1812 4403 2006 4444 sumus
2042 4388 2145 4444 La-

1513 302 1834 366 JOSEPHI
1872 258 2423 363 METHONENSts
2457 295 2804 357 EPISCOPI

1643 432 1651 443 ‘
2166 422 2215 480 Λ

3630 286 3745 361 ἰθὶθ

2927 410 3117 465 ΕΦΕΣ.

2315 507 2468 578 Μήτε
2526 506 2628 576 τὴν
2699 502 2943 576 ἐμαυτοῦ
3002 502 3291 557 ἀσθένειαν
3330 502 3746 574 ὑπολογισάμενος,

2248 601 2390 671 μήτε
2422 601 2483 653 τὸ
2526 598 2622 653 τοῦ
2658 597 3030 668 προκειμένου
3079 597 3401 667 πράγματος
3463 597 3667 668 ἐργῶδες
3706 617 3748 652 τε

2245 693 2344 747 καὶ
2397 693 2730 763 ὑπέρογκον,
2792 690 2909 744 ἀλλ’
2966 689 3198 753 ἐλπίσας
3256 688 3348 740 ἐπὶ
3379 688 3511 759 Θεῷ,
3549 688 3630 741 καὶ
3670 694 3751 754 τοῖς

2245 789 2448 851 κοινοῖς
2507 785 2724 847 τούτοις
2782 784 3123 855 προστάταις
3180 782 3596 849 πιστεύσας,ὠς
3623 781 3753 836 ἃπαν-

2246 899 2314 935 τα
2364 882 2497 950 ἡμῖν
2549 878 2664 944 ἔξει
2714 878 2918 943 καλῶς,
2967 878 3063 931 καί
3095 894 3147 930 τι
3210 875 3618 944 κατορθώσομεν
3648 876 3752 944 μέγα

2248 975 2342 1030 καὶ
2366 973 2477 1027 τῶν
2509 972 2801 1045 ἡμετέρων
2840 971 3019 1028 πόνων
3049 971 3144 1025 καὶ
3183 970 3291 1025 τῶν
3322 969 3540 1022 ἐλπίδων
3564 966 3702 1033 ἄξιον.

2944 1160 3153 1213 ΛΠΟΛ.
3228 1170 3233 1175 ’
3256 1206 3263 1215 ,

2324 1252 2583 1322 ’Ὠφειλες
2615 1250 2693 1313 ὡς
2734 1250 2905 1319 σοφός
2967 1266 3025 1303 τε
3066 1249 3162 1303 καὶ
3205 1246 3421 1311 συνετὸς
3453 1247 3579 1318 ἀνὴρ
3607 1245 3758 1303 ὑπολο-

2247 1343 2511 1411 γίσασθαι
2534 1340 2641 1413 τὴν
2662 1342 2758 1396 τοῦ
2793 1341 3052 1412 σώματος
3086 1359 3182 1393 σου
3217 1341 3519 1403 ἀσθένειαν,
3546 1341 3757 1408 μεγίστην

2248 1434 2411 1488 οὖσαν
2444 1435 2653 1504 σφόδρα
2703 1451 2763 1487 τε
2828 1434 2924 1487 καὶ
2975 1433 3273 1503 ὀδυνηράνο
3332 1431 3645 1502 μαρτυροῦσι
3683 1430 3757 1498 γὰρ

2248 1527 2408 1581 τοῦτο
2441 1529 2489 1580 οί
2519 1527 2741 1580 πολῖταί
2775 1544 2870 1580 σου
2913 1526 3011 1580 καὶ
3062 1526 3371 1596 ὁμόφρονες
3393 1539 3408 1556 ο
3435 1522 3554 1575 ἔνθα
3598 1523 3689 1591 γὰρ
3714 1523 3760 1574 ἂν

2248 1615 2318 1689 ἦν
2356 1617 2673 1672 καταλαδόν
2723 1634 2785 1669 σε
2830 1616 2892 1669 τὸ
2946 1616 3239 1685 σεληναῖον
3296 1613 3487 1677 πάθος,
3539 1612 3760 1665 ἐκαλινδοῦ

2250 1711 2499 1781 ἀφρίζων
2522 1712 2616 1763 καὶ
2645 1711 3061 1778 ταραττόμενος
3088 1723 3103 1738 ’
3162 1706 3583 1776 ύπολογίσασθαι
3610 1706 3656 1758 δὲ
3694 1705 3761 1756 καὶ

2250 1803 2343 1856 τοῦ
2377 1801 2750 1872 προκειμένου
2806 1801 3138 1871 πράγματος
3191 1801 3355 1871 ἔργον
3379 1840 3394 1865 ,
3440 1799 3512 1861 ὡς
3546 1799 3671 1867 μέγα
3693 1796 3763 1847 καὶ

2250 1896 2505 1965 μεγάλης
2551 1894 2792 1964 σπουδῆς
2820 1894 2900 1947 ἔτι
2943 1894 3038 1947 καὶ
3068 1892 3360 1955 εὐλαῦείας
3391 1891 3642 1958 δεόμενον,
3697 1905 3761 1939 σο-

2249 1989 2377 2054 φίας
2404 2004 2463 2041 τε
2499 1989 2591 2041 καὶ
2650 1987 2923 2050 συνέσεως
2963 1986 3060 2039 καὶ
3103 1984 3343 2054 ἀληθοῦς
3374 1983 3610 2052 γνώσεως
3637 1996 3650 2010 ο
3694 1980 3761 2032 καί

2249 2082 2389 2143 ὅλως
2420 2081 2543 2134 ὅλον
2574 2079 2666 2133 τὸν
2695 2079 2823 2132 νοῦν
2861 2080 3000 2149 πρὸς
3063 2078 3205 2132 αὐτὸ
3246 2076 3479 2145 τάγαθὸν
3522 2075 3607 2128 καὶ
3644 2075 3762 2141 ᾶγιον

2250 2173 2479 2242 Πνεῦμα
2508 2173 2654 2243 ὑπὲρ
2679 2171 2740 2225 οὗ
2778 2173 2873 2225 καὶ
2904 2174 2934 2224 ό
2963 2172 3116 2240 ἀγὼν
3174 2166 3246 2243 ἦν
3286 2172 3408 2225 τότε
3449 2173 3539 2241 τῆς
3584 2168 3762 2235 Ἐκκλη-

2250 2268 2395 2330 σίας,
2429 2268 2717 2332 ἐκτείνειν,
2756 2266 2853 2319 καὶ
2885 2262 3019 2332 παρ’
3039 2265 3255 2318 ἐκείνου
3298 2265 3460 2334 μόνου
3488 2264 3578 2332 τὴν
3613 2261 3762 2313 ἕνωσιν

2248 2360 2344 2412 καὶ
2368 2359 2470 2429 τὴν
2522 2359 2755 2428 εἰρήνην
2786 2358 2964 2411 αἰτεῖν
2988 2372 3004 2389 ’
3040 2357 3137 2411 καὶ
3161 2357 3225 2410 οὐ
3267 2357 3405 2427 πρὸς
3450 2356 3647 2417 ἐλπίδας
3676 2356 3764 2407 tm-

2248 2455 2432 2521 γείους
2487 2453 2585 2506 καὶ
2646 2449 2805 2515 δόξας
2866 2452 2963 2503 καὶ
2998 2449 3136 2504 ἄλλα
3166 2451 3335 2519 ὅμοια
3370 2449 3462 2502 τὸν
3499 2445 3608 2501 νοῦν
3639 2461 3763 2516 μετα-

2251 2544 2530 2613 στρέφειν.
2582 2541 2758 2606 Αὐτὸς
2787 2542 2902 2613 γὰρ
2932 2544 2961 2597 ό
2987 2541 3182 2613 Σωτὴρ
3230 2541 3550 2596 ὲνετείλατο’
3578 2538 3764 2606 Ζητεῖτε

2250 2634 2483 2703 πρῶτον
2506 2635 2622 2702 τὴν
2646 2635 2985 2699 βασιλείαν
3027 2635 3135 2689 τοῦ
3156 2634 3313 2689 Θεοῦ
3351 2634 3447 2688 καί
3476 2634 3580 2699 τὴν
3593 2632 3764 2685 δικαιο-

2249 2727 2450 2792 σύνην
2482 2725 2691 2791 αὐτοῦ,
2727 2726 2826 2779 καί
2864 2724 3056 2778 ταῦτα
3096 2724 3302 2781 πάντα
3352 2723 3762 2794 προστεθήσεται

2250 2815 2423 2884 ὐμῑνδ
2466 2811 2595 2868 οἶδε
2631 2817 2742 2884 γὰρ
2792 2818 2825 2869 ὁ
2853 2814 3058 2882 Πατὴρ
3089 2812 3264 2883 ὑμῶν
3306 2808 3395 2868 ὧν
3426 2814 3621 2884 χρείαν
3637 2812 3764 2881 ἔχετε

2250 2906 2365 2974 πρὸ
2397 2905 2505 2960 τοῦ
2532 2905 2692 2975 ὑμᾶς
2723 2905 3050 2962 αἰτεῖσθαι.
3092 2907 3166 2960 Σὺ
3210 2906 3270 2960 δὲ
3322 2908 3461 2977 πρὸς
3487 2905 3552 2959 τὸ.
3592 2904 3762 2971 ἐπίγεια

2251 3001 2525 3072 ἐπιμελῶς
2554 3002 2646 3054 τὸν
2677 2999 2803 3054 νοῦν
2832 3000 2998 3072 ἔχων,
3032 3001 3284 3065 καὶτοὺς
3335 3001 3584 3064 Λατίνους
3614 2995 3764 3065 σοφούς

2252 3110 2310 3145 τε
2338 3093 2433 3145 καὶ
2459 3092 2744 3159 γενναίους
2773 3092 2937 3155 ὄντας
2960 3093 3163 3162 ἄνδρας
3196 3093 3553 3163 μεταπείσειν
3578 3086 3763 3151 unum

2254 3184 2535 3255 ὑποκύψαι
2566 3187 2679 3249 τοῖς
2704 3185 2909 3254 λόγοις,
2939 3184 3038 3238 καὶ
3056 3186 3157 3256 τὴν
3189 3185 3328 3240 Υίοῦ
3361 3185 3538 3255 φωνὴν
3558 3177 3764 3250 ὠςψιυόῆ

2250 3278 2475 3346 ἀφελεῖν
2503 3278 2612 3333 ἀπὸ
2644 3277 2737 3332 τοῦ
2792 3277 3089 3347 συμὸόλου,
3128 3278 3231 3333 καὶ
3286 3278 3414 3342 τοὺς
3460 3278 3555 3347 τῆς
3601 3274 3764 3331 Δῦσεως

2250 3372 2516 3435 αὐθέντας
2558 3369 3002 3440 ἐπακολουθῆσαί
3027 3387 3111 3424 σοι
3148 3370 3243 3424 διὰ
3273 3371 3445 3442 ξηρᾶς
3489 3369 3643 3424 ἐλθεῖν
3661 3362 3764 3419 κατὰ

2250 3465 2361 3519 τῶν
2389 3464 2566 3518 ἀθέων
2600 3463 2865 3533 Τούρκων
2889 3467 2902 3481 ⁸
2936 3461 3111 3516 ταῦτα
3139 3462 3254 3534 γὰρ
3287 3463 3442 3527 ἐλπὶς
3483 3461 3585 3517 τῶν
3624 3458 3764 3513 κόπων

2252 3575 2349 3611 σου
2384 3558 2481 3611 καὶ
2517 3557 2627 3611 τῶν
2650 3556 2832 3609 πόνων
2876 3551 2968 3625 ἦν,
3018 3557 3116 3609 καὶ
3140 3555 3205 3609 οὗ
3250 3557 3352 3627 τὴν
3388 3555 3629 3625 ἀλήθειαν
3652 3552 3765 3620 {ptu-

2250 3651 2415 3723 νῆσαι
2440 3650 2534 3704 τοῦ
2572 3650 2850 3719 δόγματος
2873 3652 2969 3703 καὶ
2997 3650 3200 3703 ἐνῶσαι
3236 3651 3337 3714 τὰς
3378 3648 3676 3718 Ἐκκλησίας
3696 3658 3762 3694 τοο

2254 3745 2445 3799 σοῦτον
2469 3744 2569 3814 ἠδη
2602 3744 2798 3814 χρόνον
2838 3743 3229 3813 διεσχισμένας
3257 3744 3522 3813 ἀλλήλων,
3553 3737 3689 3811 ἦλθες
3706 3736 3765 3797 εἷς

2264 3836 2514 3890 Ἰταλίαν.
2553 3835 2619 3890 Εἰ
2651 3835 2760 3905 γὰρ
2789 3836 2925 3904 πρὸς
2956 3834 3119 3889 τοῦτό
3150 3853 3238 3889 σοι
3285 3839 3313 3890 ό
3348 3837 3543 3897 σκοπὸς
3573 3832 3652 3885 καὶ
3686 3827 3765 3882 τῶν

2251 3929 2449 3994 ἄλλων,
2484 3926 2926 3996 ἐπηκολούθησεν
2980 3928 3047 3980 ἂν
3088 3927 3159 3980 τὰ
3210 3928 3459 3997 ἑπόμενα
3482 3942 3496 3958 ’
3526 3921 3673 3976 σοῦδὲ
3700 3915 3766 3971 καὶ

2249 4021 2357 4073 τῶν
2411 4022 2553 4091 μετὰ
2626 4020 2724 4072 σοῦ
2782 4019 3237 4090 διεστραμμένων
3307 4018 3479 4072 ὅντων
3521 4016 3603 4070 τὸν
3642 4007 3764 4069 νοῦν.

2248 4111 2697 4182 διεστραμμένους
2742 4110 2914 4175 ὅντως
2946 4110 3397 4184 ἐπηκολούθησεν
3448 4111 3661 4165 ἅπαντα.
3687 4098 3766 4153 Καὶ

2248 4203 2422 4259 ταῦτα
2458 4204 2595 4274 πρὸς
2628 4204 2813 4256 ἐκεῖνα
2848 4203 3047 4272 ἴδωμεν
3085 4203 3143 4257 δὲ
3178 4202 3369 4272 καὶτὰ
3399 4201 3601 4271 ἐφεξῆς.

2926 4295 3119 4350 ΕΦΕΣ.

2333 4390 2491 4445 Ἐπεὶ
2519 4391 2573 4444 δὲ
2618 4390 2857 4445 ἐνταῦθα
2900 4389 3185 4460 γενόμενοι
3220 4388 3333 4443 τῶν
3363 4388 3594 4443 Λατίνων
3646 4378 3769 4440 εὐθὺς

570 4474 715 4527 tinos
747 4473 907 4526 aliter
967 4474 1254 4529 nobiscum
1320 4491 1479 4548 agere
1537 4495 1700 4548 quam
1760 4483 2142 4550 sperabamus,

2251 4484 2629 4554 ἐπειράθημεν
2676 4484 2853 4546 ἄλλως
2899 4483 3034 4552 ἡμῖν
3067 4480 3540 4552 προσενεχθέντων
3578 4475 3683 4545 ἢὼς
3701 4469 3768 4540 ἡὶ·

567 4566 853 4619 confestim
891 4566 1107 4635 quidem
1153 4568 1313 4622 nobis
1358 4571 1673 4638 desperatio
1717 4572 1840 4627 linis
1869 4575 2143 4630 obvenit:

566 4667 621 4708 et
652 4671 820 4726 prope
855 4658 980 4725 quis
1011 4667 1245 4712 stantem
1280 4659 1361 4713 sic
1392 4670 1474 4715 est
1507 4662 1726 4717 aliarier
1758 4678 1918 4720 orsus
1947 4680 1963 4724 :
1992 4664 2147 4722 Haud

567 4763 700 4800 sane
744 4749 992 4802 nomines
1028 4748 1117 4801 isti
1153 4765 1334 4805 mores
1368 4766 1499 4809 suos
1534 4763 1587 4807 et
1617 4756 1867 4825 dogmata
1919 4756 2027 4812 ulla
2078 4774 2144 4814 ex

567 4847 724 4908 parte
755 4838 1031 4906 patientur
1063 4839 1369 4908 itumutari,
1404 4845 1496 4915 qui
1530 4853 1736 4900 tantum
1764 4847 1925 4903 nobis
1956 4864 2150 4919 super-

567 4932 752 4985 cilium
788 4931 1170 4987 ostenderunt.

1246 5028 1441 5083 RESP.

639 5117 909 5186 Expertus
935 5132 997 5173 es
1041 5133 1100 5172 re
1127 5119 1266 5188 ipsa,
1308 5119 1450 5190 quod
1491 5129 1552 5173 ut
1584 5121 1854 5192 incipiens
1888 5138 1997 5177 non
2033 5140 2145 5193 pu-

568 5211 757 5277 tabas;
789 5212 1145 5266 existimabas
1170 5214 1315 5266 enim
1350 5226 1402 5265 tu
1428 5211 1655 5271 Latinos
1676 5230 1797 5270 esse
1821 5215 2144 5283 ineruditos,

566 5315 730 5371 atque
767 5306 840 5357 ita
876 5305 1119 5360 futurum
1155 5317 1212 5360 ut
1250 5307 1330 5362 eis
1362 5314 1721 5378 persuaderes
1752 5310 1942 5364 audire
1972 5319 2023 5365 te
2058 5327 2148 5365 ve-

567 5396 645 5449 lut
680 5396 929 5452 indui-tos
965 5416 978 5451 :
1013 5408 1069 5453 at
1103 5399 1194 5453 ubi
1245 5410 1430 5455 contra
1468 5417 1632 5472 quam
1689 5402 1948 5469 sperabas
1991 5419 2141 5456 com-

569 5488 774 5555 petz'tSti,
810 5489 1069 5559 aufugero
1098 5491 1225 5545 inde
1258 5493 1497 5561 voluisti,
1533 5496 1925 5564 pertimescens
1957 5496 2145 5562 dispu-

568 5583 788 5635 tationis
818 5596 1116 5640 certamen.
1150 5584 1434 5667 Clamabat
1478 5589 1622 5645 enim
1677 5590 1854 5667 palam
1906 5587 2147 5646 Joannes

640 5762 660 5793 ³
688 5757 887 5816 Matth.
922 5779 996 5832 νι,
1036 5764 1129 5835 3‘2,
1163 5766 1255 5819 55.

2251 4577 2504 4645 πίζομεν,
2539 4577 2704 4639 εὐθὺς
2725 4577 2825 4644 μὲν
2848 4577 2981 4645 ἡμῖν
3003 4573 3322 4642 ἀπογνῶναι
3358 4572 3451 4626 τοῦ
3484 4571 3653 4630 τέλους
3669 4581 3761 4617 σννο

2251 4672 2416 4723 έπεσε
2439 4686 2452 4700 ⁶
2498 4671 2591 4723 καί
2624 4687 2705 4732 τις
2730 4669 2891 4739 ἡμῶν
2916 4670 3182 4722 εἴπεσκεν
3207 4665 3337 4720 ἰδὼν
3371 4668 3452 4727 είς
3480 4663 3681 4733 πλησίον
3701 4656 3766 4710 ἱλ-

2251 4763 2343 4816 λον
2363 4778 2377 4793 ο
2405 4762 2579 4833 Σχολῇ
2610 4762 2662 4829 γ’
2695 4760 2763 4816 ἂν
2795 4763 2845 4813 οἱ
2876 4760 3070 4830 ἄνδρες
3093 4752 3245 4813 οὗτοι
3284 4758 3393 4812 τῶν
3433 4758 3633 4810 οἰκείων
3660 4744 3765 4801 ἐθῶν

2251 4870 2305 4905 τι
2337 4856 2433 4906 καὶ
2468 4852 2757 4921 δογμάτων
2795 4852 3263 4923 παρακινήσαιεν,
3287 4851 3336 4902 oi
3360 4845 3615 4914 τοσαύτην
3640 4840 3765 4905 bitt]:-

2251 4946 2383 5016 οχὴν
2407 4946 2539 5015 ἡμῖν
2568 4943 2996 5015 ἐνδεικνύμενοι.

2936 5039 3145 5092 ΑυοΑ.

2338 5130 2670 5202 Ἐπειρὰθης
2699 5130 2869 5200 ἔργῳ,
2903 5129 2930 5181 ὃ
2978 5130 3078 5199 οὐχ
3111 5124 3496 5197 ὑπελάμϐανες
3528 5122 3595 5183 ὡς
3622 5113 3770 5202 ἀσύνε-

2255 5239 2367 5287 τος,
2402 5223 2473 5276 Σὺ
2500 5200 2602 5292 ίιὲν
2633 5224 2742 5293 γὰρ
2778 5220 2885 5293 ᾧου
2914 5222 3041 5285 τοὺς
3084 5222 3346 5285 Λατίνους
3402 5216 3643 5287 ἀπείρους
3666 5200 3770 5258 εἶναι

2257 5316 2471 5383 σοφίας.
2508 5318 2604 5367 καὶ
2642 5314 2785 5367 οὕτω
2816 5312 3029 5368 πείσειν
3074 5313 3276 5375 αὐτοὺς
3306 5311 3381 5374 ὡς
3409 5306 3628 5380 ἀμαθεῖς
3660 5299 3769 5387 α’

2256 5407 2453 5459 κοῦσαι
2487 5407 2592 5460 σοί.
2640 5407 2796 5460 Ἐπεὶ
2832 5406 2889 5458 δὲ
2908 5406 3085 5468 ἄλλως
3119 5404 3282 5475 εὗρες
3310 5405 3343 5472 ἢ
3372 5401 3448 5464 ὡς
3476 5401 3538 5453 σὺ
3568 5388 3768 5465 alii“:

2255 5500 2553 5570 ἑὸουλήθης
2605 5499 2817 5552 ἐκεῖθεν
2860 5502 3079 5566 φυγεῖν,
3141 5496 3233 5550 τὸν
3277 5495 3465 5565 ἀγῶνα
3495 5492 3587 5559 τῆς
3632 5476 3772 5535 διαλι·

2257 5593 2393 5659 ξεως
2426 5592 2731 5655 δειλιάσας.
2800 5592 2964 5646 Ἐὁόα
3017 5591 3128 5668 γὰρ
3173 5584 3513 5661 παρρησίαό
3566 5574 3772 5633 Ἰωάννηί
