  <div class='ocr_page' id='page_1' title='image "/cluster/home/n/w/nwhite01/storage/ocr_20150623/159/hvd.32044073502684/562.png"; bbox 0 0 4022 6196; ppageno 0'>
   <div class='ocr_carea' id='block_1_1' title="bbox 367 259 503 323">
    <p class='ocr_par' dir='ltr' id='par_1_1' title="bbox 367 259 503 323">
     <span class='ocr_line' id='line_1_1' title="bbox 367 259 503 323; baseline 0.029 -4"><span class='ocrx_word' id='word_1_1' title='bbox 367 259 503 323; x_wconf 73' lang='lat'><strong>2029</strong></span> 
     </span>
    </p>
   </div>
   <div class='ocr_carea' id='block_1_2' title="bbox 362 370 812 441">
    <p class='ocr_par' dir='ltr' id='par_1_2' title="bbox 362 370 812 441">
     <span class='ocr_line' id='line_1_2' title="bbox 362 370 812 441; baseline -0.009 -16"><span class='ocrx_word' id='word_1_2' title='bbox 362 375 589 436; x_wconf 66' lang='grc' dir='ltr'>ἐκεῖνος,</span> <span class='ocrx_word' id='word_1_3' title='bbox 617 370 812 441; x_wconf 75' lang='grc' dir='ltr'>Φέρετε</span> 
     </span>
    </p>
   </div>
   <div class='ocr_carea' id='block_1_3' title="bbox 364 462 1930 535">
    <p class='ocr_par' dir='ltr' id='par_1_3' title="bbox 364 462 1930 535">
     <span class='ocr_line' id='line_1_3' title="bbox 364 462 1930 535; baseline -0.003 -18"><span class='ocrx_word' id='word_1_4' title='bbox 364 465 557 535; x_wconf 72' lang='grc' dir='ltr'>μικρὸν</span> <span class='ocrx_word' id='word_1_5' title='bbox 587 462 928 532; x_wconf 73' lang='grc' dir='ltr'><strong>ἐπιδείξομεν</strong></span> <span class='ocrx_word' id='word_1_6' title='bbox 962 462 1118 517; x_wconf 83' lang='grc' dir='ltr'>τοῦτο</span> <span class='ocrx_word' id='word_1_7' title='bbox 1138 478 1153 494; x_wconf 80' lang='grc'><strong>⁸</strong></span> <span class='ocrx_word' id='word_1_8' title='bbox 1184 462 1248 515; x_wconf 79' lang='grc' dir='ltr'>σὺ</span> <span class='ocrx_word' id='word_1_9' title='bbox 1277 463 1332 517; x_wconf 76' lang='grc' dir='ltr'>δὲ</span> <span class='ocrx_word' id='word_1_10' title='bbox 1357 463 1459 515; x_wconf 75' lang='grc' dir='ltr'>οὐκ</span> <span class='ocrx_word' id='word_1_11' title='bbox 1497 464 1768 532; x_wconf 74' lang='grc' dir='ltr'><strong>ἠθέλησας</strong></span> <span class='ocrx_word' id='word_1_12' title='bbox 1803 480 1930 515; x_wconf 79' lang='grc' dir='ltr'>συνο</span> 
     </span>
    </p>
   </div>
   <div class='ocr_carea' id='block_1_4' title="bbox 358 554 1930 625">
    <p class='ocr_par' dir='ltr' id='par_1_4' title="bbox 358 554 1930 625">
     <span class='ocr_line' id='line_1_4' title="bbox 358 554 1930 625; baseline 0.001 -18"><span class='ocrx_word' id='word_1_13' title='bbox 358 556 535 608; x_wconf 86' lang='grc' dir='ltr'>ελθεῖν</span> <span class='ocrx_word' id='word_1_14' title='bbox 566 554 820 623; x_wconf 63' lang='grc' dir='ltr'>πτοηθείς</span> <span class='ocrx_word' id='word_1_15' title='bbox 849 555 979 618; x_wconf 72' lang='grc' dir='ltr'>τοὺς</span> <span class='ocrx_word' id='word_1_16' title='bbox 1010 554 1291 625; x_wconf 78' lang='grc' dir='ltr'><strong>ἐλέγχους.</strong></span> <span class='ocrx_word' id='word_1_17' title='bbox 1350 554 1511 609; x_wconf 72' lang='grc' dir='ltr'>Ἀλλὰ</span> <span class='ocrx_word' id='word_1_18' title='bbox 1542 557 1663 608; x_wconf 77' lang='grc' dir='ltr'>τότε</span> <span class='ocrx_word' id='word_1_19' title='bbox 1694 556 1794 625; x_wconf 82' lang='grc' dir='ltr'>μὲν</span> <span class='ocrx_word' id='word_1_20' title='bbox 1830 556 1930 608; x_wconf 81' lang='grc' dir='ltr'>οὐκ</span> 
     </span>
    </p>
   </div>
   <div class='ocr_carea' id='block_1_5' title="bbox 357 646 1929 718">
    <p class='ocr_par' dir='ltr' id='par_1_5' title="bbox 357 646 1929 718">
     <span class='ocr_line' id='line_1_5' title="bbox 357 646 1929 718; baseline -0.001 -16"><span class='ocrx_word' id='word_1_21' title='bbox 357 647 627 718; x_wconf 77' lang='grc' dir='ltr'>ἡδυνήθης</span> <span class='ocrx_word' id='word_1_22' title='bbox 652 647 1121 715; x_wconf 80' lang='grc' dir='ltr'>ἀπολογήσασθαι,</span> <span class='ocrx_word' id='word_1_23' title='bbox 1146 647 1241 701; x_wconf 75' lang='grc' dir='ltr'>νῦν</span> <span class='ocrx_word' id='word_1_24' title='bbox 1266 647 1327 701; x_wconf 84' lang='grc' dir='ltr'>δὲ</span> <span class='ocrx_word' id='word_1_25' title='bbox 1364 650 1505 700; x_wconf 74' lang='grc' dir='ltr'>κατᾶ</span> <span class='ocrx_word' id='word_1_26' title='bbox 1551 648 1722 714; x_wconf 74' lang='grc' dir='ltr'>μόνας</span> <span class='ocrx_word' id='word_1_27' title='bbox 1774 646 1929 716; x_wconf 85' lang='grc' dir='ltr'>γενό-</span> 
     </span>
    </p>
   </div>
   <div class='ocr_carea' id='block_1_6' title="bbox 358 738 1928 812">
    <p class='ocr_par' dir='ltr' id='par_1_6' title="bbox 358 738 1928 812">
     <span class='ocr_line' id='line_1_6' title="bbox 358 738 1928 812; baseline -0.001 -20"><span class='ocrx_word' id='word_1_28' title='bbox 358 758 519 812; x_wconf 76' lang='grc' dir='ltr'>μενος</span> <span class='ocrx_word' id='word_1_29' title='bbox 540 739 715 796; x_wconf 78' lang='grc' dir='ltr'>ταῦτα</span> <span class='ocrx_word' id='word_1_30' title='bbox 750 739 930 807; x_wconf 81' lang='grc' dir='ltr'>λέγεις</span> <span class='ocrx_word' id='word_1_31' title='bbox 959 740 1093 809; x_wconf 77' lang='grc' dir='ltr'>πρὸς</span> <span class='ocrx_word' id='word_1_32' title='bbox 1114 740 1175 793; x_wconf 84' lang='grc' dir='ltr'>τὸ</span> <span class='ocrx_word' id='word_1_33' title='bbox 1199 740 1543 810; x_wconf 78' lang='grc' dir='ltr'>ἐξαπατῆσαι</span> <span class='ocrx_word' id='word_1_34' title='bbox 1565 742 1691 802; x_wconf 72' lang='grc' dir='ltr'>τοὺς</span> <span class='ocrx_word' id='word_1_35' title='bbox 1728 738 1928 793; x_wconf 84' lang='grc' dir='ltr'>ἁπλου-</span> 
     </span>
    </p>
   </div>
   <div class='ocr_carea' id='block_1_7' title="bbox 355 830 1927 902">
    <p class='ocr_par' dir='ltr' id='par_1_7' title="bbox 355 830 1927 902">
     <span class='ocr_line' id='line_1_7' title="bbox 355 830 1927 902; baseline -0.001 -18"><span class='ocrx_word' id='word_1_36' title='bbox 355 833 584 902; x_wconf 77' lang='grc' dir='ltr'>στέρους</span> <span class='ocrx_word' id='word_1_37' title='bbox 615 833 751 895; x_wconf 83' lang='grc' dir='ltr'>τέως</span> <span class='ocrx_word' id='word_1_38' title='bbox 784 832 1123 896; x_wconf 72' lang='grc' dir='ltr'>σπουδάζων.</span> <span class='ocrx_word' id='word_1_39' title='bbox 1162 832 1347 902; x_wconf 85' lang='grc' dir='ltr'>Δόγμα</span> <span class='ocrx_word' id='word_1_40' title='bbox 1388 832 1445 885; x_wconf 81' lang='grc' dir='ltr'>δὲ</span> <span class='ocrx_word' id='word_1_41' title='bbox 1498 832 1529 898; x_wconf 83' lang='grc' dir='ltr'>ἢ</span> <span class='ocrx_word' id='word_1_42' title='bbox 1577 830 1697 893; x_wconf 75' lang='grc' dir='ltr'>ἔθος</span> <span class='ocrx_word' id='word_1_43' title='bbox 1732 849 1784 883; x_wconf 88' lang='grc' dir='ltr'><strong>τι</strong></span> <span class='ocrx_word' id='word_1_44' title='bbox 1817 832 1927 884; x_wconf 83' lang='grc' dir='ltr'><strong>τῶν</strong></span> 
     </span>
    </p>
   </div>
   <div class='ocr_carea' id='block_1_8' title="bbox 344 921 1926 990">
    <p class='ocr_par' dir='ltr' id='par_1_8' title="bbox 344 921 1926 990">
     <span class='ocr_line' id='line_1_8' title="bbox 344 921 1926 990; baseline -0.001 -15"><span class='ocrx_word' id='word_1_45' title='bbox 344 924 571 978; x_wconf 73' lang='grc' dir='ltr'>οἰκείων</span> <span class='ocrx_word' id='word_1_46' title='bbox 639 921 1082 990; x_wconf 81' lang='grc' dir='ltr'>παρασαλεύσειν</span> <span class='ocrx_word' id='word_1_47' title='bbox 1138 924 1341 985; x_wconf 76' lang='grc' dir='ltr'>αὐτοὺς</span> <span class='ocrx_word' id='word_1_48' title='bbox 1404 922 1736 985; x_wconf 81' lang='grc' dir='ltr'><strong>πεισθέντας</strong></span> <span class='ocrx_word' id='word_1_49' title='bbox 1786 922 1926 988; x_wconf 75' lang='grc' dir='ltr'>πρὸς</span> 
     </span>
    </p>
   </div>
   <div class='ocr_carea' id='block_1_9' title="bbox 356 1010 1923 1085">
    <p class='ocr_par' dir='ltr' id='par_1_9' title="bbox 356 1010 1923 1085">
     <span class='ocr_line' id='line_1_9' title="bbox 356 1010 1923 1085; baseline -0.004 -15"><span class='ocrx_word' id='word_1_50' title='bbox 356 1017 450 1071; x_wconf 72' lang='grc' dir='ltr'>σοῦ</span> <span class='ocrx_word' id='word_1_51' title='bbox 489 1018 587 1070; x_wconf 73' lang='grc' dir='ltr'><strong>καὶ</strong></span> <span class='ocrx_word' id='word_1_52' title='bbox 635 1016 746 1069; x_wconf 82' lang='grc' dir='ltr'>τῶν</span> <span class='ocrx_word' id='word_1_53' title='bbox 795 1018 936 1085; x_wconf 76' lang='grc' dir='ltr'>μετα</span> <span class='ocrx_word' id='word_1_54' title='bbox 987 1014 1081 1068; x_wconf 82' lang='grc' dir='ltr'>σοῦ</span> <span class='ocrx_word' id='word_1_55' title='bbox 1121 1015 1183 1068; x_wconf 81' lang='grc' dir='ltr'><strong>οὐ</strong></span> <span class='ocrx_word' id='word_1_56' title='bbox 1234 1014 1392 1084; x_wconf 81' lang='grc' dir='ltr'>χρεία</span> <span class='ocrx_word' id='word_1_57' title='bbox 1420 1010 1524 1084; x_wconf 75' lang='grc' dir='ltr'><strong>ἦν·</strong></span> <span class='ocrx_word' id='word_1_58' title='bbox 1556 1013 1685 1067; x_wconf 78' lang='grc' dir='ltr'>ἔνθα</span> <span class='ocrx_word' id='word_1_59' title='bbox 1727 1014 1835 1082; x_wconf 82' lang='grc' dir='ltr'><strong>γὰρ</strong></span> <span class='ocrx_word' id='word_1_60' title='bbox 1891 1013 1923 1083; x_wconf 76' lang='grc' dir='ltr'>ἡ</span> 
     </span>
    </p>
   </div>
   <div class='ocr_carea' id='block_1_10' title="bbox 353 1105 1926 1179">
    <p class='ocr_par' dir='ltr' id='par_1_10' title="bbox 353 1105 1926 1179">
     <span class='ocr_line' id='line_1_10' title="bbox 353 1105 1926 1179; baseline -0.003 -16"><span class='ocrx_word' id='word_1_61' title='bbox 353 1110 732 1179; x_wconf 76' lang='grc' dir='ltr'>ἆκαπήλευτος</span> <span class='ocrx_word' id='word_1_62' title='bbox 764 1107 927 1175; x_wconf 82' lang='grc' dir='ltr'>σοφία</span> <span class='ocrx_word' id='word_1_63' title='bbox 979 1106 1312 1172; x_wconf 82' lang='grc' dir='ltr'>διδάσκεται,</span> <span class='ocrx_word' id='word_1_64' title='bbox 1357 1108 1454 1159; x_wconf 72' lang='grc' dir='ltr'><strong>καὶ</strong></span> <span class='ocrx_word' id='word_1_65' title='bbox 1488 1107 1729 1169; x_wconf 77' lang='grc' dir='ltr'><strong>τελείους</strong></span> <span class='ocrx_word' id='word_1_66' title='bbox 1758 1105 1926 1176; x_wconf 79' lang='grc' dir='ltr'>ἐργά-</span> 
     </span>
    </p>
   </div>
   <div class='ocr_carea' id='block_1_11' title="bbox 351 1199 1924 1271">
    <p class='ocr_par' dir='ltr' id='par_1_11' title="bbox 351 1199 1924 1271">
     <span class='ocr_line' id='line_1_11' title="bbox 351 1199 1924 1271; baseline -0.004 -15"><span class='ocrx_word' id='word_1_67' title='bbox 351 1204 502 1266; x_wconf 77' lang='grc' dir='ltr'>ζεται</span> <span class='ocrx_word' id='word_1_68' title='bbox 525 1203 651 1265; x_wconf 73' lang='grc' dir='ltr'>τοὺς</span> <span class='ocrx_word' id='word_1_69' title='bbox 682 1202 883 1271; x_wconf 80' lang='grc' dir='ltr'>ἑαυτῆς</span> <span class='ocrx_word' id='word_1_70' title='bbox 918 1202 1178 1271; x_wconf 70' lang='grc' dir='ltr'>ἐραστὰς,</span> <span class='ocrx_word' id='word_1_71' title='bbox 1211 1200 1274 1252; x_wconf 81' lang='grc' dir='ltr'><strong>οὐ</strong></span> <span class='ocrx_word' id='word_1_72' title='bbox 1324 1199 1550 1268; x_wconf 87' lang='grc' dir='ltr'>θεμιτόν</span> <span class='ocrx_word' id='word_1_73' title='bbox 1580 1202 1700 1252; x_wconf 83' lang='grc' dir='ltr'>ὲστι</span> <span class='ocrx_word' id='word_1_74' title='bbox 1743 1215 1924 1265; x_wconf 84' lang='grc' dir='ltr'>παρα-</span> 
     </span>
    </p>
   </div>
   <div class='ocr_carea' id='block_1_12' title="bbox 350 1290 1923 1364">
    <p class='ocr_par' dir='ltr' id='par_1_12' title="bbox 350 1290 1923 1364">
     <span class='ocr_line' id='line_1_12' title="bbox 350 1290 1923 1364; baseline -0.004 -16"><span class='ocrx_word' id='word_1_75' title='bbox 350 1294 611 1348; x_wconf 81' lang='grc' dir='ltr'>σαλεῦσαι</span> <span class='ocrx_word' id='word_1_76' title='bbox 640 1293 759 1357; x_wconf 76' lang='grc' dir='ltr'>ἔθος</span> <span class='ocrx_word' id='word_1_77' title='bbox 785 1294 817 1364; x_wconf 81' lang='grc' dir='ltr'>ἢ</span> <span class='ocrx_word' id='word_1_78' title='bbox 848 1293 1024 1361; x_wconf 83' lang='grc' dir='ltr'>δόγμα</span> <span class='ocrx_word' id='word_1_79' title='bbox 1062 1292 1279 1346; x_wconf 87' lang='grc' dir='ltr'>πιστόν.</span> <span class='ocrx_word' id='word_1_80' title='bbox 1307 1290 1381 1344; x_wconf 83' lang='grc' dir='ltr'><strong>Τὸ</strong></span> <span class='ocrx_word' id='word_1_81' title='bbox 1423 1293 1479 1346; x_wconf 73' lang='grc' dir='ltr'>δὲ</span> <span class='ocrx_word' id='word_1_82' title='bbox 1504 1294 1570 1347; x_wconf 75' lang='grc' dir='ltr'>ὲν</span> <span class='ocrx_word' id='word_1_83' title='bbox 1606 1291 1807 1361; x_wconf 83' lang='grc' dir='ltr'><strong>Ἰταλίᾳ</strong></span> <span class='ocrx_word' id='word_1_84' title='bbox 1833 1306 1923 1343; x_wconf 93' lang='grc' dir='ltr'><strong>σο-</strong></span> 
     </span>
    </p>
   </div>
   <div class='ocr_carea' id='block_1_13' title="bbox 349 1383 1920 1454">
    <p class='ocr_par' dir='ltr' id='par_1_13' title="bbox 349 1383 1920 1454">
     <span class='ocr_line' id='line_1_13' title="bbox 349 1383 1920 1454; baseline -0.002 -17"><span class='ocrx_word' id='word_1_85' title='bbox 349 1386 482 1453; x_wconf 78' lang='grc' dir='ltr'>φοὺς</span> <span class='ocrx_word' id='word_1_86' title='bbox 506 1385 601 1439; x_wconf 73' lang='grc' dir='ltr'>καὶ</span> <span class='ocrx_word' id='word_1_87' title='bbox 631 1384 873 1446; x_wconf 78' lang='grc' dir='ltr'><strong>τελείους</strong></span> <span class='ocrx_word' id='word_1_88' title='bbox 920 1384 1288 1454; x_wconf 80' lang='grc' dir='ltr'>εὑρίσκεσθαι</span> <span class='ocrx_word' id='word_1_89' title='bbox 1329 1385 1554 1452; x_wconf 80' lang='grc' dir='ltr'>ἄνδρας,</span> <span class='ocrx_word' id='word_1_90' title='bbox 1602 1385 1700 1436; x_wconf 70' lang='grc' dir='ltr'>καὶ</span> <span class='ocrx_word' id='word_1_91' title='bbox 1751 1383 1920 1454; x_wconf 77' lang='grc' dir='ltr'>μηδὲν</span> 
     </span>
    </p>
   </div>
   <div class='ocr_carea' id='block_1_14' title="bbox 345 1475 1922 1544">
    <p class='ocr_par' dir='ltr' id='par_1_14' title="bbox 345 1475 1922 1544">
     <span class='ocr_line' id='line_1_14' title="bbox 345 1475 1922 1544; baseline -0.004 -14"><span class='ocrx_word' id='word_1_92' title='bbox 345 1479 597 1539; x_wconf 73' lang='grc' dir='ltr'><strong>ἐλάττους</strong></span> <span class='ocrx_word' id='word_1_93' title='bbox 617 1477 725 1528; x_wconf 85' lang='grc' dir='ltr'>τῶν</span> <span class='ocrx_word' id='word_1_94' title='bbox 762 1476 1008 1529; x_wconf 86' lang='grc' dir='ltr'>παλαιῶν</span> <span class='ocrx_word' id='word_1_95' title='bbox 1064 1477 1291 1528; x_wconf 70' lang='grc' dir='ltr'>ἐκείνων</span> <span class='ocrx_word' id='word_1_96' title='bbox 1346 1477 1439 1530; x_wconf 74' lang='grc' dir='ltr'>καὶ</span> <span class='ocrx_word' id='word_1_97' title='bbox 1490 1475 1781 1544; x_wconf 79' lang='grc' dir='ltr'>μακαρίων</span> <span class='ocrx_word' id='word_1_98' title='bbox 1824 1478 1922 1529; x_wconf 83' lang='grc' dir='ltr'><strong>ἁν-</strong></span> 
     </span>
    </p>
   </div>
   <div class='ocr_carea' id='block_1_15' title="bbox 344 1566 1921 1639">
    <p class='ocr_par' dir='ltr' id='par_1_15' title="bbox 344 1566 1921 1639">
     <span class='ocr_line' id='line_1_15' title="bbox 344 1566 1921 1639; baseline -0.003 -17"><span class='ocrx_word' id='word_1_99' title='bbox 344 1570 509 1639; x_wconf 84' lang='grc' dir='ltr'>δρῶν,</span> <span class='ocrx_word' id='word_1_100' title='bbox 543 1571 652 1630; x_wconf 69' lang='grc' dir='ltr'><strong>πᾶς</strong></span> <span class='ocrx_word' id='word_1_101' title='bbox 700 1585 784 1630; x_wconf 88' lang='grc' dir='ltr'><strong>τις</strong></span> <span class='ocrx_word' id='word_1_102' title='bbox 820 1570 886 1621; x_wconf 79' lang='grc' dir='ltr'>ἂν</span> <span class='ocrx_word' id='word_1_103' title='bbox 933 1568 1097 1634; x_wconf 79' lang='grc' dir='ltr'>εἴποι,</span> <span class='ocrx_word' id='word_1_104' title='bbox 1143 1571 1191 1620; x_wconf 78' lang='grc' dir='ltr'><strong>εί</strong></span> <span class='ocrx_word' id='word_1_105' title='bbox 1247 1568 1407 1636; x_wconf 75' lang='grc' dir='ltr'>μόνον</span> <span class='ocrx_word' id='word_1_106' title='bbox 1446 1567 1521 1637; x_wconf 83' lang='grc' dir='ltr'>μὴ</span> <span class='ocrx_word' id='word_1_107' title='bbox 1580 1568 1665 1637; x_wconf 84' lang='grc' dir='ltr'>εἴη</span> <span class='ocrx_word' id='word_1_108' title='bbox 1720 1566 1921 1629; x_wconf 85' lang='grc' dir='ltr'>κακίας</span> 
     </span>
    </p>
   </div>
   <div class='ocr_carea' id='block_1_16' title="bbox 344 1660 1916 1733">
    <p class='ocr_par' dir='ltr' id='par_1_16' title="bbox 344 1660 1916 1733">
     <span class='ocr_line' id='line_1_16' title="bbox 344 1660 1916 1733; baseline -0.001 -18"><span class='ocrx_word' id='word_1_109' title='bbox 344 1662 825 1733; x_wconf 76' lang='grc' dir='ltr'>ἐμπεπλησμένος.</span> <span class='ocrx_word' id='word_1_110' title='bbox 861 1662 920 1714; x_wconf 76' lang='grc' dir='ltr'><strong>Εἰ</strong></span> <span class='ocrx_word' id='word_1_111' title='bbox 982 1661 1037 1713; x_wconf 81' lang='grc' dir='ltr'>δὲ</span> <span class='ocrx_word' id='word_1_112' title='bbox 1089 1662 1147 1713; x_wconf 83' lang='grc' dir='ltr'>ὲν</span> <span class='ocrx_word' id='word_1_113' title='bbox 1183 1660 1386 1731; x_wconf 77' lang='grc' dir='ltr'>Ἰταλίᾳ</span> <span class='ocrx_word' id='word_1_114' title='bbox 1431 1660 1611 1725; x_wconf 83' lang='grc' dir='ltr'>τοῦτο,</span> <span class='ocrx_word' id='word_1_115' title='bbox 1661 1661 1817 1731; x_wconf 81' lang='grc' dir='ltr'>πόσῳ</span> <span class='ocrx_word' id='word_1_116' title='bbox 1853 1677 1916 1727; x_wconf 84' lang='grc' dir='ltr'><strong>γε</strong></span> 
     </span>
    </p>
   </div>
   <div class='ocr_carea' id='block_1_17' title="bbox 1367 254 2504 333">
    <p class='ocr_par' dir='ltr' id='par_1_17' title="bbox 1367 254 2504 333">
     <span class='ocr_line' id='line_1_17' title="bbox 1367 254 2504 333; baseline -0.002 -14"><span class='ocrx_word' id='word_1_117' title='bbox 1367 254 1807 333; x_wconf 70' lang='grc' dir='ltr'><strong>ΒΕἘΙΙΤΑΤΙΟ</strong></span> <span class='ocrx_word' id='word_1_118' title='bbox 1845 254 2081 314; x_wconf 77' lang='lat' dir='ltr'><strong>MARCI</strong></span> <span class='ocrx_word' id='word_1_119' title='bbox 2119 254 2504 319; x_wconf 76' lang='lat' dir='ltr'><strong>EPIIESINI.</strong></span> 
     </span>
    </p>
   </div>
   <div class='ocr_carea' id='block_1_18' title="bbox 873 365 1912 447">
    <p class='ocr_par' dir='ltr' id='par_1_18' title="bbox 873 369 1912 441">
     <span class='ocr_line' id='line_1_18' title="bbox 873 369 1912 441; baseline -0.003 -18"><span class='ocrx_word' id='word_1_120' title='bbox 873 371 949 434; x_wconf 84' lang='grc' dir='ltr'><strong>ὡς</strong></span> <span class='ocrx_word' id='word_1_121' title='bbox 1013 371 1163 441; x_wconf 70' lang='grc' dir='ltr'>ἡμᾶς</span> <span class='ocrx_word' id='word_1_122' title='bbox 1195 369 1284 423; x_wconf 57' lang='grc' dir='ltr'>τὶν</span> <span class='ocrx_word' id='word_1_123' title='bbox 1327 369 1599 439; x_wconf 78' lang='grc' dir='ltr'>Ἐφέσου,</span> <span class='ocrx_word' id='word_1_124' title='bbox 1665 373 1741 435; x_wconf 82' lang='grc' dir='ltr'>ὡς</span> <span class='ocrx_word' id='word_1_125' title='bbox 1797 373 1912 441; x_wconf 72' lang='grc' dir='ltr'>μετέ</span> 
     </span>
    </p>
   </div>
   <div class='ocr_carea' id='block_1_19' title="bbox 2023 365 3611 447">
    <p class='ocr_par' dir='ltr' id='par_1_19' title="bbox 2044 365 3611 447">
     <span class='ocr_line' id='line_1_19' title="bbox 2044 365 3611 447; baseline 0.01 -28"><span class='ocrx_word' id='word_1_126' title='bbox 2044 365 2131 419; x_wconf 73' lang='lat' dir='ltr'><strong>ille.</strong></span> <span class='ocrx_word' id='word_1_127' title='bbox 2165 384 2179 420; x_wconf 91' lang='lat'><strong>:</strong></span> <span class='ocrx_word' id='word_1_128' title='bbox 2208 367 2478 423; x_wconf 85' lang='lat' dir='ltr'><strong>Adducite</strong></span> <span class='ocrx_word' id='word_1_129' title='bbox 2505 369 2801 439; x_wconf 83' lang='lat' dir='ltr'><strong>Ephesium</strong></span> <span class='ocrx_word' id='word_1_130' title='bbox 2858 372 2926 428; x_wconf 90' lang='lat' dir='ltr'><strong>ad</strong></span> <span class='ocrx_word' id='word_1_131' title='bbox 2982 389 3099 442; x_wconf 88' lang='lat' dir='ltr'><strong>nos,</strong></span> <span class='ocrx_word' id='word_1_132' title='bbox 3151 377 3611 447; x_wconf 79' lang='lat' dir='ltr'><strong>quemadmounni</strong></span> 
     </span>
    </p>
   </div>
   <div class='ocr_carea' id='block_1_20' title="bbox 3478 272 3614 338">
    <p class='ocr_par' dir='ltr' id='par_1_20' title="bbox 3478 272 3614 338">
     <span class='ocr_line' id='line_1_20' title="bbox 3478 272 3614 338; baseline -0.022 0"><span class='ocrx_word' id='word_1_133' title='bbox 3478 272 3614 338; x_wconf 79' lang='lat'><strong>1030</strong></span> 
     </span>
    </p>
   </div>
   <div class='ocr_carea' id='block_1_21' title="bbox 2037 459 3613 529">
    <p class='ocr_par' dir='ltr' id='par_1_21' title="bbox 2037 459 3613 529">
     <span class='ocr_line' id='line_1_21' title="bbox 2037 459 3613 529; baseline 0.013 -20"><span class='ocrx_word' id='word_1_134' title='bbox 2037 459 2199 527; x_wconf 88' lang='lat' dir='ltr'><strong>paulo</strong></span> <span class='ocrx_word' id='word_1_135' title='bbox 2229 470 2349 528; x_wconf 89' lang='lat' dir='ltr'><strong>post</strong></span> <span class='ocrx_word' id='word_1_136' title='bbox 2381 461 2732 518; x_wconf 74' lang='lat' dir='ltr'><strong>ostendemus</strong></span> <span class='ocrx_word' id='word_1_137' title='bbox 2764 480 2779 518; x_wconf 88' lang='lat'><strong>:</strong></span> <span class='ocrx_word' id='word_1_138' title='bbox 2816 473 2871 519; x_wconf 92' lang='lat' dir='ltr'><strong>tu</strong></span> <span class='ocrx_word' id='word_1_139' title='bbox 2907 481 3033 520; x_wconf 77' lang='lat' dir='ltr'><strong>vero</strong></span> <span class='ocrx_word' id='word_1_140' title='bbox 3059 468 3369 524; x_wconf 86' lang='lat' dir='ltr'><strong>detrectasti</strong></span> <span class='ocrx_word' id='word_1_141' title='bbox 3395 484 3613 529; x_wconf 77' lang='lat' dir='ltr'><strong>causes-</strong></span> 
     </span>
    </p>
   </div>
   <div class='ocr_carea' id='block_1_22' title="bbox 2034 553 3611 631">
    <p class='ocr_par' dir='ltr' id='par_1_22' title="bbox 2034 553 3611 631">
     <span class='ocr_line' id='line_1_22' title="bbox 2034 553 3611 631; baseline 0.008 -28"><span class='ocrx_word' id='word_1_142' title='bbox 2034 564 2179 615; x_wconf 82' lang='lat' dir='ltr'><strong>sum,</strong></span> <span class='ocrx_word' id='word_1_143' title='bbox 2220 553 2268 606; x_wconf 75' lang='lat' dir='ltr'><strong>vi</strong></span> <span class='ocrx_word' id='word_1_144' title='bbox 2302 565 2745 622; x_wconf 80' lang='lat' dir='ltr'><strong>argumentorum</strong></span> <span class='ocrx_word' id='word_1_145' title='bbox 2782 556 3099 625; x_wconf 79' lang='lat' dir='ltr'><strong>deterritus,</strong></span> <span class='ocrx_word' id='word_1_146' title='bbox 3147 571 3199 615; x_wconf 83' lang='lat' dir='ltr'><strong>et</strong></span> <span class='ocrx_word' id='word_1_147' title='bbox 3237 563 3611 631; x_wconf 82' lang='lat' dir='ltr'><strong>tunc&#39;quidem</strong></span> 
     </span>
    </p>
   </div>
   <div class='ocr_carea' id='block_1_23' title="bbox 2034 644 3612 722">
    <p class='ocr_par' dir='ltr' id='par_1_23' title="bbox 2034 644 3612 722">
     <span class='ocr_line' id='line_1_23' title="bbox 2034 644 3612 722; baseline 0.007 -26"><span class='ocrx_word' id='word_1_148' title='bbox 2034 644 2369 711; x_wconf 85' lang='lat' dir='ltr'><strong>respondere</strong></span> <span class='ocrx_word' id='word_1_149' title='bbox 2418 661 2525 701; x_wconf 91' lang='lat' dir='ltr'><strong>non</strong></span> <span class='ocrx_word' id='word_1_150' title='bbox 2560 648 2815 714; x_wconf 80' lang='lat' dir='ltr'><strong>valuisti;</strong></span> <span class='ocrx_word' id='word_1_151' title='bbox 2850 664 2995 704; x_wconf 89' lang='lat' dir='ltr'><strong>nunc</strong></span> <span class='ocrx_word' id='word_1_152' title='bbox 3033 666 3183 718; x_wconf 79' lang='lat' dir='ltr'><strong>vero,</strong></span> <span class='ocrx_word' id='word_1_153' title='bbox 3217 653 3435 722; x_wconf 80' lang='lat' dir='ltr'><strong>quando</strong></span> <span class='ocrx_word' id='word_1_154' title='bbox 3460 656 3612 708; x_wconf 91' lang='lat' dir='ltr'><strong>solus</strong></span> 
     </span>
    </p>
   </div>
   <div class='ocr_carea' id='block_1_24' title="bbox 2030 735 3612 813">
    <p class='ocr_par' dir='ltr' id='par_1_24' title="bbox 2030 735 3612 813">
     <span class='ocr_line' id='line_1_24' title="bbox 2030 735 3612 813; baseline 0.008 -27"><span class='ocrx_word' id='word_1_155' title='bbox 2030 746 2110 798; x_wconf 88' lang='lat' dir='ltr'><strong>es,</strong></span> <span class='ocrx_word' id='word_1_156' title='bbox 2148 735 2261 789; x_wconf 78' lang='lat' dir='ltr'><strong>haec</strong></span> <span class='ocrx_word' id='word_1_157' title='bbox 2290 736 2447 804; x_wconf 86' lang='lat' dir='ltr'><strong>dicis,</strong></span> <span class='ocrx_word' id='word_1_158' title='bbox 2493 739 2718 795; x_wconf 89' lang='lat' dir='ltr'><strong>studens</strong></span> <span class='ocrx_word' id='word_1_159' title='bbox 2753 740 2968 795; x_wconf 92' lang='lat' dir='ltr'><strong>interim</strong></span> <span class='ocrx_word' id='word_1_160' title='bbox 3017 741 3272 813; x_wconf 74' lang='lat' dir='ltr'><strong>decipere</strong></span> <span class='ocrx_word' id='word_1_161' title='bbox 3316 744 3612 813; x_wconf 73' lang='lat' dir='ltr'><strong>simplicio-</strong></span> 
     </span>
    </p>
   </div>
   <div class='ocr_carea' id='block_1_25' title="bbox 2030 826 3611 903">
    <p class='ocr_par' dir='ltr' id='par_1_25' title="bbox 2030 826 3611 903">
     <span class='ocr_line' id='line_1_25' title="bbox 2030 826 3611 903; baseline 0.007 -26"><span class='ocrx_word' id='word_1_162' title='bbox 2030 839 2138 879; x_wconf 87' lang='lat' dir='ltr'><strong>res.</strong></span> <span class='ocrx_word' id='word_1_163' title='bbox 2175 826 2283 881; x_wconf 89' lang='lat' dir='ltr'><strong>Sed</strong></span> <span class='ocrx_word' id='word_1_164' title='bbox 2317 843 2494 899; x_wconf 90' lang='lat' dir='ltr'><strong>neque</strong></span> <span class='ocrx_word' id='word_1_165' title='bbox 2518 846 2655 900; x_wconf 89' lang='lat' dir='ltr'><strong>opus</strong></span> <span class='ocrx_word' id='word_1_166' title='bbox 2704 843 2822 887; x_wconf 87' lang='lat' dir='ltr'><strong>erat</strong></span> <span class='ocrx_word' id='word_1_167' title='bbox 2865 835 3009 903; x_wconf 91' lang='lat' dir='ltr'><strong>ipsos</strong></span> <span class='ocrx_word' id='word_1_168' title='bbox 3036 852 3065 889; x_wconf 89' lang='lat' dir='ltr'><strong>a</strong></span> <span class='ocrx_word' id='word_1_169' title='bbox 3095 844 3145 889; x_wconf 92' lang='lat' dir='ltr'><strong>te</strong></span> <span class='ocrx_word' id='word_1_170' title='bbox 3169 835 3249 890; x_wconf 88' lang='lat' dir='ltr'><strong>vel</strong></span> <span class='ocrx_word' id='word_1_171' title='bbox 3284 851 3311 889; x_wconf 88' lang='lat' dir='ltr'><strong>a</strong></span> <span class='ocrx_word' id='word_1_172' title='bbox 3348 837 3455 891; x_wconf 86' lang='lat' dir='ltr'><strong>tuis</strong></span> <span class='ocrx_word' id='word_1_173' title='bbox 3482 836 3611 890; x_wconf 74' lang='lat' dir='ltr'><strong>edo-</strong></span> 
     </span>
    </p>
   </div>
   <div class='ocr_carea' id='block_1_26' title="bbox 2028 919 3609 997">
    <p class='ocr_par' dir='ltr' id='par_1_26' title="bbox 2028 919 3609 997">
     <span class='ocr_line' id='line_1_26' title="bbox 2028 919 3609 997; baseline 0.006 -25"><span class='ocrx_word' id='word_1_174' title='bbox 2028 929 2145 972; x_wconf 87' lang='lat' dir='ltr'><strong>etos</strong></span> <span class='ocrx_word' id='word_1_175' title='bbox 2175 919 2369 989; x_wconf 81' lang='lat' dir='ltr'><strong>dogma</strong></span> <span class='ocrx_word' id='word_1_176' title='bbox 2408 930 2621 978; x_wconf 85' lang='lat' dir='ltr'><strong>mutare</strong></span> <span class='ocrx_word' id='word_1_177' title='bbox 2658 925 2745 980; x_wconf 83' lang='lat' dir='ltr'><strong>vel</strong></span> <span class='ocrx_word' id='word_1_178' title='bbox 2790 927 3123 982; x_wconf 73' lang='lat' dir='ltr'><strong>inatitutum.</strong></span> <span class='ocrx_word' id='word_1_179' title='bbox 3156 927 3257 982; x_wconf 86' lang='lat' dir='ltr'><strong>Ubi</strong></span> <span class='ocrx_word' id='word_1_180' title='bbox 3307 928 3452 982; x_wconf 88' lang='lat' dir='ltr'><strong>enim</strong></span> <span class='ocrx_word' id='word_1_181' title='bbox 3485 943 3609 997; x_wconf 66' lang='lat' dir='ltr'><strong>ger-</strong></span> 
     </span>
    </p>
   </div>
   <div class='ocr_carea' id='block_1_27' title="bbox 2026 1009 3609 1087">
    <p class='ocr_par' dir='ltr' id='par_1_27' title="bbox 2026 1009 3609 1087">
     <span class='ocr_line' id='line_1_27' title="bbox 2026 1009 3609 1087; baseline 0.008 -27"><span class='ocrx_word' id='word_1_182' title='bbox 2026 1022 2187 1061; x_wconf 89' lang='lat' dir='ltr'><strong>mana</strong></span> <span class='ocrx_word' id='word_1_183' title='bbox 2241 1009 2470 1066; x_wconf 85' lang='lat' dir='ltr'><strong>docetur</strong></span> <span class='ocrx_word' id='word_1_184' title='bbox 2520 1015 2805 1084; x_wconf 82' lang='lat' dir='ltr'><strong>sapientia,</strong></span> <span class='ocrx_word' id='word_1_185' title='bbox 2861 1026 2915 1071; x_wconf 89' lang='lat' dir='ltr'><strong>et</strong></span> <span class='ocrx_word' id='word_1_186' title='bbox 2969 1017 3235 1087; x_wconf 84' lang='lat' dir='ltr'><strong>perfectos</strong></span> <span class='ocrx_word' id='word_1_187' title='bbox 3294 1018 3383 1073; x_wconf 87' lang='lat' dir='ltr'><strong>illa</strong></span> <span class='ocrx_word' id='word_1_188' title='bbox 3441 1018 3609 1073; x_wconf 79' lang='lat' dir='ltr'><strong>etIicit</strong></span> 
     </span>
    </p>
   </div>
   <div class='ocr_carea' id='block_1_28' title="bbox 2026 1100 3605 1179">
    <p class='ocr_par' dir='ltr' id='par_1_28' title="bbox 2026 1100 3605 1179">
     <span class='ocr_line' id='line_1_28' title="bbox 2026 1100 3605 1179; baseline 0.008 -27"><span class='ocrx_word' id='word_1_189' title='bbox 2026 1100 2109 1154; x_wconf 91' lang='lat' dir='ltr'><strong>sui</strong></span> <span class='ocrx_word' id='word_1_190' title='bbox 2151 1101 2449 1170; x_wconf 84' lang='lat' dir='ltr'><strong>studiosos,</strong></span> <span class='ocrx_word' id='word_1_191' title='bbox 2494 1120 2602 1159; x_wconf 91' lang='lat' dir='ltr'><strong>non</strong></span> <span class='ocrx_word' id='word_1_192' title='bbox 2648 1116 2732 1162; x_wconf 91' lang='lat' dir='ltr'><strong>est</strong></span> <span class='ocrx_word' id='word_1_193' title='bbox 2786 1107 2868 1163; x_wconf 87' lang='lat' dir='ltr'><strong>l&#39;as</strong></span> <span class='ocrx_word' id='word_1_194' title='bbox 2912 1109 3225 1164; x_wconf 86' lang='lat' dir='ltr'><strong>institutum</strong></span> <span class='ocrx_word' id='word_1_195' title='bbox 3275 1119 3371 1164; x_wconf 90' lang='lat' dir='ltr'><strong>aut</strong></span> <span class='ocrx_word' id='word_1_196' title='bbox 3410 1110 3605 1179; x_wconf 90' lang='lat' dir='ltr'><strong>dogma</strong></span> 
     </span>
    </p>
   </div>
   <div class='ocr_carea' id='block_1_29' title="bbox 2025 1188 3606 1272">
    <p class='ocr_par' dir='ltr' id='par_1_29' title="bbox 2025 1188 3606 1272">
     <span class='ocr_line' id='line_1_29' title="bbox 2025 1188 3606 1272; baseline 0.008 -30"><span class='ocrx_word' id='word_1_197' title='bbox 2025 1188 2149 1249; x_wconf 81' lang='lat' dir='ltr'><strong>ﬁdei</strong></span> <span class='ocrx_word' id='word_1_198' title='bbox 2185 1204 2542 1251; x_wconf 87' lang='lat' dir='ltr'><strong>commutare.</strong></span> <span class='ocrx_word' id='word_1_199' title='bbox 2578 1197 2711 1252; x_wconf 88' lang='lat' dir='ltr'><strong>Esse</strong></span> <span class='ocrx_word' id='word_1_200' title='bbox 2744 1210 2923 1254; x_wconf 88' lang='lat' dir='ltr'><strong>autem</strong></span> <span class='ocrx_word' id='word_1_201' title='bbox 2967 1201 3020 1255; x_wconf 91' lang='lat' dir='ltr'><strong>in</strong></span> <span class='ocrx_word' id='word_1_202' title='bbox 3055 1203 3213 1257; x_wconf 87' lang='lat' dir='ltr'><strong>Italia</strong></span> <span class='ocrx_word' id='word_1_203' title='bbox 3263 1202 3454 1257; x_wconf 88' lang='lat' dir='ltr'><strong>doctos</strong></span> <span class='ocrx_word' id='word_1_204' title='bbox 3485 1219 3606 1272; x_wconf 86' lang='lat' dir='ltr'><strong>per-</strong></span> 
     </span>
    </p>
   </div>
   <div class='ocr_carea' id='block_1_30' title="bbox 2024 1278 3603 1360">
    <p class='ocr_par' dir='ltr' id='par_1_30' title="bbox 2024 1278 3603 1360">
     <span class='ocr_line' id='line_1_30' title="bbox 2024 1278 3603 1360; baseline 0.009 -28"><span class='ocrx_word' id='word_1_205' title='bbox 2024 1278 2305 1348; x_wconf 79' lang='lat' dir='ltr'><strong>fectasque</strong></span> <span class='ocrx_word' id='word_1_206' title='bbox 2332 1285 2497 1352; x_wconf 75' lang='lat' dir='ltr'><strong>viros,</strong></span> <span class='ocrx_word' id='word_1_207' title='bbox 2528 1289 2672 1342; x_wconf 88' lang='lat' dir='ltr'><strong>nulla</strong></span> <span class='ocrx_word' id='word_1_208' title='bbox 2702 1303 2765 1343; x_wconf 80' lang='lat' dir='ltr'><strong>ex</strong></span> <span class='ocrx_word' id='word_1_209' title='bbox 2797 1301 2949 1360; x_wconf 88' lang='lat' dir='ltr'><strong>parte</strong></span> <span class='ocrx_word' id='word_1_210' title='bbox 2978 1294 3267 1348; x_wconf 83' lang='lat' dir='ltr'><strong>inferiores</strong></span> <span class='ocrx_word' id='word_1_211' title='bbox 3300 1294 3469 1347; x_wconf 79' lang='lat' dir='ltr'><strong>beatis</strong></span> <span class='ocrx_word' id='word_1_212' title='bbox 3496 1292 3603 1347; x_wconf 91' lang='lat' dir='ltr'><strong>illis</strong></span> 
     </span>
    </p>
   </div>
   <div class='ocr_carea' id='block_1_31' title="bbox 2024 1375 3605 1452">
    <p class='ocr_par' dir='ltr' id='par_1_31' title="bbox 2024 1375 3605 1452">
     <span class='ocr_line' id='line_1_31' title="bbox 2024 1375 3605 1452; baseline 0.009 -30"><span class='ocrx_word' id='word_1_213' title='bbox 2024 1386 2160 1439; x_wconf 90' lang='lat' dir='ltr'><strong>quos</strong></span> <span class='ocrx_word' id='word_1_214' title='bbox 2191 1375 2314 1427; x_wconf 88' lang='lat' dir='ltr'><strong>tulit</strong></span> <span class='ocrx_word' id='word_1_215' title='bbox 2342 1378 2664 1446; x_wconf 82' lang='lat' dir='ltr'><strong>antiquitas,</strong></span> <span class='ocrx_word' id='word_1_216' title='bbox 2713 1399 2873 1437; x_wconf 92' lang='lat' dir='ltr'><strong>nemo</strong></span> <span class='ocrx_word' id='word_1_217' title='bbox 2903 1387 3197 1452; x_wconf 76' lang='lat' dir='ltr'><strong>negaverit,</strong></span> <span class='ocrx_word' id='word_1_218' title='bbox 3232 1386 3362 1439; x_wconf 87' lang='lat' dir='ltr'><strong>dum</strong></span> <span class='ocrx_word' id='word_1_219' title='bbox 3401 1401 3507 1438; x_wconf 90' lang='lat' dir='ltr'><strong>non</strong></span> <span class='ocrx_word' id='word_1_220' title='bbox 3534 1384 3605 1437; x_wconf 88' lang='lat' dir='ltr'><strong>sit</strong></span> 
     </span>
    </p>
   </div>
   <div class='ocr_carea' id='block_1_32' title="bbox 2022 1463 3602 1542">
    <p class='ocr_par' dir='ltr' id='par_1_32' title="bbox 2022 1463 3602 1542">
     <span class='ocr_line' id='line_1_32' title="bbox 2022 1463 3602 1542; baseline 0.006 -30"><span class='ocrx_word' id='word_1_221' title='bbox 2022 1463 2287 1529; x_wconf 78' lang='lat' dir='ltr'><strong>pravitate</strong></span> <span class='ocrx_word' id='word_1_222' title='bbox 2321 1467 2591 1534; x_wconf 85' lang='lat' dir='ltr'><strong>oppletus.</strong></span> <span class='ocrx_word' id='word_1_223' title='bbox 2625 1469 2779 1535; x_wconf 86' lang='lat' dir='ltr'><strong>Quod</strong></span> <span class='ocrx_word' id='word_1_224' title='bbox 2810 1488 2931 1526; x_wconf 87' lang='lat' dir='ltr'><strong>cum</strong></span> <span class='ocrx_word' id='word_1_225' title='bbox 2968 1474 3018 1526; x_wconf 90' lang='lat' dir='ltr'><strong>in</strong></span> <span class='ocrx_word' id='word_1_226' title='bbox 3060 1473 3206 1528; x_wconf 78' lang='lat' dir='ltr'><strong>Italia</strong></span> <span class='ocrx_word' id='word_1_227' title='bbox 3246 1476 3338 1540; x_wconf 83' lang='lat' dir='ltr'><strong>sit,</strong></span> <span class='ocrx_word' id='word_1_228' title='bbox 3396 1482 3602 1542; x_wconf 76' lang='lat' dir='ltr'><strong>quanto</strong></span> 
     </span>
    </p>
   </div>
   <div class='ocr_carea' id='block_1_33' title="bbox 2024 1554 3596 1635">
    <p class='ocr_par' dir='ltr' id='par_1_33' title="bbox 2024 1554 3596 1635">
     <span class='ocr_line' id='line_1_33' title="bbox 2024 1554 3596 1635; baseline 0.008 -29"><span class='ocrx_word' id='word_1_229' title='bbox 2024 1554 2199 1622; x_wconf 85' lang='lat' dir='ltr'><strong>magis</strong></span> <span class='ocrx_word' id='word_1_230' title='bbox 2226 1556 2281 1608; x_wconf 89' lang='lat' dir='ltr'><strong>in</strong></span> <span class='ocrx_word' id='word_1_231' title='bbox 2316 1555 2559 1613; x_wconf 72' lang='lat' dir='ltr'><strong>liornana</strong></span> <span class='ocrx_word' id='word_1_232' title='bbox 2604 1562 2871 1630; x_wconf 82' lang='lat' dir='ltr'><strong>Ecclesia,</strong></span> <span class='ocrx_word' id='word_1_233' title='bbox 2910 1566 2962 1619; x_wconf 93' lang='lat' dir='ltr'><strong>in</strong></span> <span class='ocrx_word' id='word_1_234' title='bbox 2995 1582 3100 1635; x_wconf 88' lang='lat' dir='ltr'><strong>qua</strong></span> <span class='ocrx_word' id='word_1_235' title='bbox 3135 1583 3233 1620; x_wconf 90' lang='lat' dir='ltr'><strong>nec</strong></span> <span class='ocrx_word' id='word_1_236' title='bbox 3282 1567 3596 1633; x_wconf 75' lang='lat' dir='ltr'><strong>inﬁdelitas,</strong></span> 
     </span>
    </p>
   </div>
   <div class='ocr_carea' id='block_1_34' title="bbox 2022 1648 3599 1722">
    <p class='ocr_par' dir='ltr' id='par_1_34' title="bbox 2022 1648 3599 1722">
     <span class='ocr_line' id='line_1_34' title="bbox 2022 1648 3599 1722; baseline 0.009 -27"><span class='ocrx_word' id='word_1_237' title='bbox 2022 1659 2122 1697; x_wconf 86' lang='lat' dir='ltr'><strong>nec</strong></span> <span class='ocrx_word' id='word_1_238' title='bbox 2159 1655 2315 1716; x_wconf 87' lang='lat' dir='ltr'><strong>turpe</strong></span> <span class='ocrx_word' id='word_1_239' title='bbox 2367 1648 2561 1719; x_wconf 84' lang='lat' dir='ltr'><strong>dogma</strong></span> <span class='ocrx_word' id='word_1_240' title='bbox 2618 1668 2856 1722; x_wconf 79' lang='lat' dir='ltr'><strong>unquam</strong></span> <span class='ocrx_word' id='word_1_241' title='bbox 2914 1658 3159 1711; x_wconf 84' lang='lat' dir='ltr'><strong>mansit?</strong></span> <span class='ocrx_word' id='word_1_242' title='bbox 3210 1657 3599 1710; x_wconf 79' lang='lat' dir='ltr'><strong>Excellentiam</strong></span> 
     </span>
    </p>
   </div>
   <div class='ocr_carea' id='block_1_35' title="bbox 349 1738 1912 1826">
    <p class='ocr_par' dir='ltr' id='par_1_35' title="bbox 349 1753 1912 1826">
     <span class='ocr_line' id='line_1_35' title="bbox 349 1753 1912 1826; baseline -0.002 -18"><span class='ocrx_word' id='word_1_243' title='bbox 349 1756 547 1826; x_wconf 78' lang='grc' dir='ltr'>μᾶλλον</span> <span class='ocrx_word' id='word_1_244' title='bbox 566 1758 626 1808; x_wconf 82' lang='grc' dir='ltr'>ὲν</span> <span class='ocrx_word' id='word_1_245' title='bbox 661 1759 728 1826; x_wconf 81' lang='grc' dir='ltr'>τῇ</span> <span class='ocrx_word' id='word_1_246' title='bbox 755 1755 1039 1825; x_wconf 80' lang='grc' dir='ltr'>Ῥωμαϊκῇ</span> <span class='ocrx_word' id='word_1_247' title='bbox 1088 1753 1412 1823; x_wconf 74' lang='grc' dir='ltr'>Ἐκκλησία,</span> <span class='ocrx_word' id='word_1_248' title='bbox 1470 1753 1599 1804; x_wconf 75' lang='grc' dir='ltr'>ἔνθα</span> <span class='ocrx_word' id='word_1_249' title='bbox 1657 1753 1912 1805; x_wconf 65' lang='grc' dir='ltr'>οὐδέποτε</span> 
     </span>
    </p>
   </div>
   <div class='ocr_carea' id='block_1_36' title="bbox 2023 1738 3602 1826">
    <p class='ocr_par' dir='ltr' id='par_1_36' title="bbox 2023 1740 3602 1817">
     <span class='ocr_line' id='line_1_36' title="bbox 2023 1740 3602 1817; baseline 0.008 -28"><span class='ocrx_word' id='word_1_250' title='bbox 2023 1752 2184 1805; x_wconf 90' lang='lat' dir='ltr'><strong>porro</strong></span> <span class='ocrx_word' id='word_1_251' title='bbox 2216 1740 2618 1812; x_wconf 82' lang='lat' dir='ltr'><strong>sublimemque</strong></span> <span class='ocrx_word' id='word_1_252' title='bbox 2647 1748 2889 1800; x_wconf 89' lang='lat' dir='ltr'><strong>animum</strong></span> <span class='ocrx_word' id='word_1_253' title='bbox 2933 1764 3043 1817; x_wconf 73' lang='lat' dir='ltr'><strong>pra:</strong></span> <span class='ocrx_word' id='word_1_254' title='bbox 3091 1766 3151 1804; x_wconf 91' lang='lat' dir='ltr'><strong>sc</strong></span> <span class='ocrx_word' id='word_1_255' title='bbox 3192 1751 3430 1803; x_wconf 87' lang='lat' dir='ltr'><strong>tulerunt</strong></span> <span class='ocrx_word' id='word_1_256' title='bbox 3482 1758 3602 1803; x_wconf 80' lang='lat' dir='ltr'><strong>tan-</strong></span> 
     </span>
    </p>
   </div>
   <div class='ocr_carea' id='block_1_37' title="bbox 343 1844 1917 1918">
    <p class='ocr_par' dir='ltr' id='par_1_37' title="bbox 343 1844 1917 1918">
     <span class='ocr_line' id='line_1_37' title="bbox 343 1844 1917 1918; baseline -0.003 -16"><span class='ocrx_word' id='word_1_257' title='bbox 343 1848 638 1918; x_wconf 82' lang='grc' dir='ltr'>ἀπιστίαῆ</span> <span class='ocrx_word' id='word_1_258' title='bbox 688 1847 913 1917; x_wconf 72' lang='grc' dir='ltr'>αἰσχρὸν</span> <span class='ocrx_word' id='word_1_259' title='bbox 957 1846 1136 1916; x_wconf 83' lang='grc' dir='ltr'>δόγμα</span> <span class='ocrx_word' id='word_1_260' title='bbox 1200 1845 1453 1915; x_wconf 78' lang='grc' dir='ltr'>ἔμεινεν;</span> <span class='ocrx_word' id='word_1_261' title='bbox 1496 1845 1804 1915; x_wconf 83' lang='grc' dir='ltr'>’Υπεροχὴν</span> <span class='ocrx_word' id='word_1_262' title='bbox 1858 1844 1917 1897; x_wconf 85' lang='grc' dir='ltr'>δὲ</span> 
     </span>
    </p>
   </div>
   <div class='ocr_carea' id='block_1_38' title="bbox 344 1935 1916 2006">
    <p class='ocr_par' dir='ltr' id='par_1_38' title="bbox 344 1935 1916 2006">
     <span class='ocr_line' id='line_1_38' title="bbox 344 1935 1916 2006; baseline -0.002 -16"><span class='ocrx_word' id='word_1_263' title='bbox 344 1941 437 1991; x_wconf 78' lang='grc' dir='ltr'>καὶ</span> <span class='ocrx_word' id='word_1_264' title='bbox 477 1937 874 2006; x_wconf 86' lang='grc' dir='ltr'>μεγαλειότητα</span> <span class='ocrx_word' id='word_1_265' title='bbox 914 1937 971 1999; x_wconf 84' lang='grc' dir='ltr'>ἐς</span> <span class='ocrx_word' id='word_1_266' title='bbox 1006 1936 1151 2005; x_wconf 77' lang='grc' dir='ltr'>ὑμᾶς</span> <span class='ocrx_word' id='word_1_267' title='bbox 1181 1936 1516 2001; x_wconf 74' lang='grc' dir='ltr'><strong>ἐνεδείξαντο</strong></span> <span class='ocrx_word' id='word_1_268' title='bbox 1549 1935 1623 1999; x_wconf 84' lang='grc' dir='ltr'><strong>ὡς</strong></span> <span class='ocrx_word' id='word_1_269' title='bbox 1654 1936 1810 2004; x_wconf 76' lang='grc' dir='ltr'>σοφοὶ</span> <span class='ocrx_word' id='word_1_270' title='bbox 1824 1935 1916 1988; x_wconf 78' lang='grc' dir='ltr'>καὶ</span> 
     </span>
    </p>
   </div>
   <div class='ocr_carea' id='block_1_39' title="bbox 340 2025 1901 2096">
    <p class='ocr_par' dir='ltr' id='par_1_39' title="bbox 340 2025 1901 2096">
     <span class='ocr_line' id='line_1_39' title="bbox 340 2025 1901 2096; baseline -0.001 -17"><span class='ocrx_word' id='word_1_271' title='bbox 340 2030 579 2095; x_wconf 88' lang='grc' dir='ltr'>γενναῖοι</span> <span class='ocrx_word' id='word_1_272' title='bbox 607 2026 820 2096; x_wconf 73' lang='grc' dir='ltr'>ἄνδρες,</span> <span class='ocrx_word' id='word_1_273' title='bbox 853 2027 951 2096; x_wconf 78' lang='grc' dir='ltr'>τὴν</span> <span class='ocrx_word' id='word_1_274' title='bbox 968 2026 1133 2094; x_wconf 83' lang='grc' dir='ltr'>τιμὴν</span> <span class='ocrx_word' id='word_1_275' title='bbox 1146 2026 1444 2096; x_wconf 74' lang='grc' dir='ltr'>ἡγούμενοι</span> <span class='ocrx_word' id='word_1_276' title='bbox 1469 2027 1604 2093; x_wconf 68' lang='grc' dir='ltr'>πρὸς</span> <span class='ocrx_word' id='word_1_277' title='bbox 1630 2025 1901 2095; x_wconf 79' lang='grc' dir='ltr'>ἀλλήλους</span> 
     </span>
    </p>
   </div>
   <div class='ocr_carea' id='block_1_40' title="bbox 342 2117 1911 2172">
    <p class='ocr_par' dir='ltr' id='par_1_40' title="bbox 342 2117 1911 2172">
     <span class='ocr_line' id='line_1_40' title="bbox 342 2117 1911 2172; baseline 0 0"><span class='ocrx_word' id='word_1_278' title='bbox 342 2120 484 2172; x_wconf 70' lang='grc' dir='ltr'>κατὰ</span> <span class='ocrx_word' id='word_1_279' title='bbox 506 2119 597 2171; x_wconf 67' lang='grc' dir='ltr'><strong>τὸν</strong></span> <span class='ocrx_word' id='word_1_280' title='bbox 651 2117 791 2171; x_wconf 88' lang='grc' dir='ltr'>θεῖον</span> <span class='ocrx_word' id='word_1_281' title='bbox 822 2117 1183 2171; x_wconf 76' lang='grc' dir='ltr'>Ἀπόστολονο</span> <span class='ocrx_word' id='word_1_282' title='bbox 1217 2118 1333 2171; x_wconf 78' lang='grc' dir='ltr'>ἀλλ’</span> <span class='ocrx_word' id='word_1_283' title='bbox 1383 2119 1444 2170; x_wconf 70' lang='lat'><strong>0&#39;3</strong></span> <span class='ocrx_word' id='word_1_284' title='bbox 1494 2118 1582 2172; x_wconf 72' lang='grc' dir='ltr'><strong>διὰ</strong></span> <span class='ocrx_word' id='word_1_285' title='bbox 1610 2118 1772 2171; x_wconf 75' lang='grc' dir='ltr'>τοῦτο</span> <span class='ocrx_word' id='word_1_286' title='bbox 1803 2119 1911 2172; x_wconf 75' lang='grc' dir='ltr'>ἔδει</span> 
     </span>
    </p>
   </div>
   <div class='ocr_carea' id='block_1_41' title="bbox 341 2210 1912 2281">
    <p class='ocr_par' dir='ltr' id='par_1_41' title="bbox 341 2210 1912 2281">
     <span class='ocr_line' id='line_1_41' title="bbox 341 2210 1912 2281; baseline 0.001 -17"><span class='ocrx_word' id='word_1_287' title='bbox 341 2212 540 2274; x_wconf 73' lang='grc' dir='ltr'>αὐτοὺς</span> <span class='ocrx_word' id='word_1_288' title='bbox 573 2212 802 2280; x_wconf 70' lang='grc' dir='ltr'>φανῆναι</span> <span class='ocrx_word' id='word_1_289' title='bbox 831 2210 1281 2280; x_wconf 78' lang='grc' dir='ltr'>ἀνεπιστήμονας</span> <span class='ocrx_word' id='word_1_290' title='bbox 1326 2211 1463 2263; x_wconf 77' lang='grc' dir='ltr'>ἐθῶν</span> <span class='ocrx_word' id='word_1_291' title='bbox 1493 2213 1589 2263; x_wconf 82' lang='grc' dir='ltr'>καὶ</span> <span class='ocrx_word' id='word_1_292' title='bbox 1617 2212 1912 2281; x_wconf 70' lang='grc' dir='ltr'>δογμάτων</span> 
     </span>
    </p>
   </div>
   <div class='ocr_carea' id='block_1_42' title="bbox 340 2300 1913 2374">
    <p class='ocr_par' dir='ltr' id='par_1_42' title="bbox 340 2300 1913 2374">
     <span class='ocr_line' id='line_1_42' title="bbox 340 2300 1913 2374; baseline 0 -15"><span class='ocrx_word' id='word_1_293' title='bbox 340 2304 639 2374; x_wconf 69' lang='grc' dir='ltr'>ἀληθινῶν,</span> <span class='ocrx_word' id='word_1_294' title='bbox 671 2306 809 2374; x_wconf 66' lang='grc' dir='ltr'>πρὸς</span> <span class='ocrx_word' id='word_1_295' title='bbox 838 2303 899 2355; x_wconf 82' lang='grc' dir='ltr'>τὸ</span> <span class='ocrx_word' id='word_1_296' title='bbox 948 2300 1145 2371; x_wconf 83' lang='grc' dir='ltr'>μαθεῖν</span> <span class='ocrx_word' id='word_1_297' title='bbox 1190 2302 1326 2368; x_wconf 85' lang='grc' dir='ltr'>παρ’</span> <span class='ocrx_word' id='word_1_298' title='bbox 1362 2304 1519 2372; x_wconf 84' lang='grc' dir='ltr'>ὑμῶν</span> <span class='ocrx_word' id='word_1_299' title='bbox 1552 2304 1913 2370; x_wconf 75' lang='grc' dir='ltr'>σπεύδοντας,</span> 
     </span>
    </p>
   </div>
   <div class='ocr_carea' id='block_1_43' title="bbox 342 2393 1912 2465">
    <p class='ocr_par' dir='ltr' id='par_1_43' title="bbox 342 2393 1912 2465">
     <span class='ocr_line' id='line_1_43' title="bbox 342 2393 1912 2465; baseline -0.001 -14"><span class='ocrx_word' id='word_1_300' title='bbox 342 2396 745 2465; x_wconf 72' lang='grc' dir='ltr'>ἀμαθεστάτων</span> <span class='ocrx_word' id='word_1_301' title='bbox 782 2396 885 2448; x_wconf 86' lang='grc' dir='ltr'>οὐκ</span> <span class='ocrx_word' id='word_1_302' title='bbox 916 2393 1117 2457; x_wconf 60' lang='grc' dir='ltr'>,αὐτῶν</span> <span class='ocrx_word' id='word_1_303' title='bbox 1146 2393 1326 2465; x_wconf 85' lang='grc' dir='ltr'>μόνων</span> <span class='ocrx_word' id='word_1_304' title='bbox 1358 2393 1552 2457; x_wconf 76' lang='grc' dir='ltr'>ὄντων.</span> <span class='ocrx_word' id='word_1_305' title='bbox 1605 2396 1744 2449; x_wconf 84' lang='grc' dir='ltr'>ἀλλὰ</span> <span class='ocrx_word' id='word_1_306' title='bbox 1779 2398 1912 2449; x_wconf 79' lang='grc' dir='ltr'>πολ-</span> 
     </span>
    </p>
   </div>
   <div class='ocr_carea' id='block_1_44' title="bbox 340 2482 1914 2558">
    <p class='ocr_par' dir='ltr' id='par_1_44' title="bbox 340 2482 1914 2558">
     <span class='ocr_line' id='line_1_44' title="bbox 340 2482 1914 2558; baseline 0.004 -19"><span class='ocrx_word' id='word_1_307' title='bbox 340 2488 418 2557; x_wconf 79' lang='grc' dir='ltr'>λῷ</span> <span class='ocrx_word' id='word_1_308' title='bbox 470 2486 673 2555; x_wconf 78' lang='grc' dir='ltr'>μᾶλλον</span> <span class='ocrx_word' id='word_1_309' title='bbox 716 2486 816 2555; x_wconf 80' lang='grc' dir='ltr'>τῆς</span> <span class='ocrx_word' id='word_1_310' title='bbox 870 2484 1137 2553; x_wconf 82' lang='grc' dir='ltr'>δοκούσης</span> <span class='ocrx_word' id='word_1_311' title='bbox 1176 2485 1309 2556; x_wconf 81' lang='grc' dir='ltr'>παρ’</span> <span class='ocrx_word' id='word_1_312' title='bbox 1336 2486 1467 2556; x_wconf 78' lang='grc' dir='ltr'>ὑμῖν</span> <span class='ocrx_word' id='word_1_313' title='bbox 1512 2482 1658 2540; x_wconf 77' lang='grc' dir='ltr'>εῖναι</span> <span class='ocrx_word' id='word_1_314' title='bbox 1692 2488 1914 2558; x_wconf 77' lang='grc' dir='ltr'>σοφίας.</span> 
     </span>
    </p>
   </div>
   <div class='ocr_carea' id='block_1_45' title="bbox 353 2578 1911 2652">
    <p class='ocr_par' dir='ltr' id='par_1_45' title="bbox 353 2578 1911 2652">
     <span class='ocr_line' id='line_1_45' title="bbox 353 2578 1911 2652; baseline 0.003 -20"><span class='ocrx_word' id='word_1_315' title='bbox 353 2580 516 2632; x_wconf 83' lang='grc' dir='ltr'><strong>Ἀλλὰ</strong></span> <span class='ocrx_word' id='word_1_316' title='bbox 576 2578 751 2633; x_wconf 80' lang='grc' dir='ltr'>ταῦτα</span> <span class='ocrx_word' id='word_1_317' title='bbox 804 2578 903 2647; x_wconf 71' lang='grc' dir='ltr'>μὲν</span> <span class='ocrx_word' id='word_1_318' title='bbox 970 2581 1233 2641; x_wconf 66' lang='grc' dir='ltr'>ἐάσαντες</span> <span class='ocrx_word' id='word_1_319' title='bbox 1290 2579 1541 2649; x_wconf 76' lang='grc' dir='ltr'>ἔλθωμεν</span> <span class='ocrx_word' id='word_1_320' title='bbox 1612 2581 1754 2652; x_wconf 83' lang='grc' dir='ltr'>πρὸς</span> <span class='ocrx_word' id='word_1_321' title='bbox 1810 2585 1911 2644; x_wconf 56' lang='grc' dir='ltr'><strong>τὰς</strong></span> 
     </span>
    </p>
   </div>
   <div class='ocr_carea' id='block_1_46' title="bbox 340 2652 1912 2745">
    <p class='ocr_par' dir='ltr' id='par_1_46' title="bbox 340 2652 1912 2745">
     <span class='ocr_line' id='line_1_46' title="bbox 340 2652 1912 2745; baseline 0.003 -20"><span class='ocrx_word' id='word_1_322' title='bbox 340 2652 651 2742; x_wconf 73' lang='grc' dir='ltr'>ἐπιλήψεις,</span> <span class='ocrx_word' id='word_1_323' title='bbox 702 2674 760 2725; x_wconf 72' lang='grc' dir='ltr'>ἐν</span> <span class='ocrx_word' id='word_1_324' title='bbox 817 2666 905 2733; x_wconf 78' lang='grc' dir='ltr'><strong>αἷς</strong></span> <span class='ocrx_word' id='word_1_325' title='bbox 956 2671 1303 2743; x_wconf 77' lang='grc' dir='ltr'>δυνησόμεθα</span> <span class='ocrx_word' id='word_1_326' title='bbox 1356 2672 1689 2745; x_wconf 80' lang='grc' dir='ltr'>ἀξιωτέρους</span> <span class='ocrx_word' id='word_1_327' title='bbox 1730 2675 1912 2729; x_wconf 74' lang='grc' dir='ltr'>εἰπεῖν</span> 
     </span>
    </p>
   </div>
   <div class='ocr_carea' id='block_1_47' title="bbox 338 2762 556 2833">
    <p class='ocr_par' dir='ltr' id='par_1_47' title="bbox 338 2762 556 2833">
     <span class='ocr_line' id='line_1_47' title="bbox 338 2762 556 2833; baseline 0.009 -18"><span class='ocrx_word' id='word_1_328' title='bbox 338 2762 556 2833; x_wconf 85' lang='grc' dir='ltr'>λόγους.</span> 
     </span>
    </p>
   </div>
   <div class='ocr_carea' id='block_1_48' title="bbox 1040 2854 1230 2909">
    <p class='ocr_par' dir='ltr' id='par_1_48' title="bbox 1040 2854 1230 2909">
     <span class='ocr_line' id='line_1_48' title="bbox 1040 2854 1230 2909; baseline -0.005 0"><span class='ocrx_word' id='word_1_329' title='bbox 1040 2854 1230 2909; x_wconf 76' lang='grc' dir='ltr'><strong>ΕΦΕΣ.</strong></span> 
     </span>
    </p>
   </div>
   <div class='ocr_carea' id='block_1_49' title="bbox 409 2946 1907 3021">
    <p class='ocr_par' dir='ltr' id='par_1_49' title="bbox 409 2946 1907 3021">
     <span class='ocr_line' id='line_1_49' title="bbox 409 2946 1907 3021; baseline 0.003 -20"><span class='ocrx_word' id='word_1_330' title='bbox 409 2947 558 3009; x_wconf 79' lang='grc' dir='ltr'>Τέως</span> <span class='ocrx_word' id='word_1_331' title='bbox 596 2946 641 3000; x_wconf 83' lang='grc' dir='ltr'>δ’</span> <span class='ocrx_word' id='word_1_332' title='bbox 660 2947 752 3001; x_wconf 81' lang='grc' dir='ltr'>οὖν</span> <span class='ocrx_word' id='word_1_333' title='bbox 779 2947 1144 3017; x_wconf 80' lang='grc' dir='ltr'>ἀνεμείναμεν</span> <span class='ocrx_word' id='word_1_334' title='bbox 1200 2947 1603 3013; x_wconf 62' lang='grc' dir='ltr'>κελευσθέντες,</span> <span class='ocrx_word' id='word_1_335' title='bbox 1630 2952 1721 3003; x_wconf 77' lang='grc' dir='ltr'><strong>καὶ</strong></span> <span class='ocrx_word' id='word_1_336' title='bbox 1770 2967 1907 3021; x_wconf 84' lang='grc' dir='ltr'>προ-</span> 
     </span>
    </p>
   </div>
   <div class='ocr_carea' id='block_1_50' title="bbox 340 3038 1897 3110">
    <p class='ocr_par' dir='ltr' id='par_1_50' title="bbox 340 3038 1897 3110">
     <span class='ocr_line' id='line_1_50' title="bbox 340 3038 1897 3110; baseline 0.004 -19"><span class='ocrx_word' id='word_1_337' title='bbox 340 3039 572 3107; x_wconf 75' lang='grc' dir='ltr'>θεσμίας</span> <span class='ocrx_word' id='word_1_338' title='bbox 610 3038 828 3109; x_wconf 69' lang='grc' dir='ltr'>μακρὰς</span> <span class='ocrx_word' id='word_1_339' title='bbox 868 3039 1213 3109; x_wconf 77' lang='grc' dir='ltr'>ἠνεσχόμεθα</span> <span class='ocrx_word' id='word_1_340' title='bbox 1272 3039 1408 3110; x_wconf 73' lang='grc' dir='ltr'>πρὸς</span> <span class='ocrx_word' id='word_1_341' title='bbox 1437 3040 1498 3092; x_wconf 71' lang='grc' dir='ltr'>τὸ</span> <span class='ocrx_word' id='word_1_342' title='bbox 1533 3042 1812 3096; x_wconf 79' lang='grc' dir='ltr'>συνελθεῖν</span> <span class='ocrx_word' id='word_1_343' title='bbox 1837 3061 1897 3100; x_wconf 84' lang='grc' dir='ltr'><strong>τε</strong></span> 
     </span>
    </p>
   </div>
   <div class='ocr_carea' id='block_1_51' title="bbox 340 3129 1201 3203">
    <p class='ocr_par' dir='ltr' id='par_1_51' title="bbox 340 3129 1201 3203">
     <span class='ocr_line' id='line_1_51' title="bbox 340 3129 1201 3203; baseline 0.005 -21"><span class='ocrx_word' id='word_1_344' title='bbox 340 3132 437 3184; x_wconf 69' lang='grc' dir='ltr'>καὶ</span> <span class='ocrx_word' id='word_1_345' title='bbox 464 3129 807 3200; x_wconf 80' lang='grc' dir='ltr'>καταστῆναι</span> <span class='ocrx_word' id='word_1_346' title='bbox 832 3132 934 3203; x_wconf 78' lang='grc' dir='ltr'>τὴν</span> <span class='ocrx_word' id='word_1_347' title='bbox 960 3130 1201 3186; x_wconf 75' lang='grc' dir='ltr'>σύνοδον.</span> 
     </span>
    </p>
   </div>
   <div class='ocr_carea' id='block_1_52' title="bbox 1039 3228 1248 3281">
    <p class='ocr_par' dir='ltr' id='par_1_52' title="bbox 1039 3228 1248 3281">
     <span class='ocr_line' id='line_1_52' title="bbox 1039 3228 1248 3281; baseline 0.014 -3"><span class='ocrx_word' id='word_1_348' title='bbox 1039 3228 1248 3281; x_wconf 82' lang='grc' dir='ltr'>ΑιιυΛ.</span> 
     </span>
    </p>
   </div>
   <div class='ocr_carea' id='block_1_53' title="bbox 415 3317 1907 3396">
    <p class='ocr_par' dir='ltr' id='par_1_53' title="bbox 415 3317 1907 3396">
     <span class='ocr_line' id='line_1_53' title="bbox 415 3317 1907 3396; baseline 0.003 -24"><span class='ocrx_word' id='word_1_349' title='bbox 415 3317 678 3388; x_wconf 77' lang='grc' dir='ltr'>Ἐμελλες</span> <span class='ocrx_word' id='word_1_350' title='bbox 711 3318 1011 3387; x_wconf 74' lang='grc' dir='ltr'>ὑπομένειν</span> <span class='ocrx_word' id='word_1_351' title='bbox 1040 3335 1097 3371; x_wconf 85' lang='grc' dir='ltr'><strong>τε</strong></span> <span class='ocrx_word' id='word_1_352' title='bbox 1156 3322 1248 3374; x_wconf 79' lang='grc' dir='ltr'><strong>καὶ</strong></span> <span class='ocrx_word' id='word_1_353' title='bbox 1277 3322 1587 3394; x_wconf 73' lang='grc' dir='ltr'>προσδοκᾷν</span> <span class='ocrx_word' id='word_1_354' title='bbox 1644 3324 1741 3386; x_wconf 82' lang='grc' dir='ltr'><strong>τὰς</strong></span> <span class='ocrx_word' id='word_1_355' title='bbox 1774 3341 1907 3396; x_wconf 89' lang='lat'><strong>1:90-</strong></span> 
     </span>
    </p>
   </div>
   <div class='ocr_carea' id='block_1_54' title="bbox 340 3407 1910 3485">
    <p class='ocr_par' dir='ltr' id='par_1_54' title="bbox 340 3407 1910 3485">
     <span class='ocr_line' id='line_1_54' title="bbox 340 3407 1910 3485; baseline 0.004 -23"><span class='ocrx_word' id='word_1_356' title='bbox 340 3412 591 3480; x_wconf 71' lang='grc' dir='ltr'>θεσμίας,</span> <span class='ocrx_word' id='word_1_357' title='bbox 638 3410 828 3481; x_wconf 77' lang='grc' dir='ltr'>ἐπειδὴ</span> <span class='ocrx_word' id='word_1_358' title='bbox 878 3412 909 3479; x_wconf 78' lang='grc' dir='ltr'>ἡ</span> <span class='ocrx_word' id='word_1_359' title='bbox 951 3411 1100 3465; x_wconf 80' lang='grc' dir='ltr'>αἰτία</span> <span class='ocrx_word' id='word_1_360' title='bbox 1162 3407 1229 3479; x_wconf 76' lang='grc' dir='ltr'>ἦν</span> <span class='ocrx_word' id='word_1_361' title='bbox 1280 3412 1521 3480; x_wconf 76' lang='grc' dir='ltr'>εὔλογος.</span> <span class='ocrx_word' id='word_1_362' title='bbox 1559 3414 1910 3485; x_wconf 71' lang='grc' dir='ltr'>Πάσαςγὰρ</span> 
     </span>
    </p>
   </div>
   <div class='ocr_carea' id='block_1_55' title="bbox 340 3503 1910 3577">
    <p class='ocr_par' dir='ltr' id='par_1_55' title="bbox 340 3503 1910 3577">
     <span class='ocr_line' id='line_1_55' title="bbox 340 3503 1910 3577; baseline 0.003 -21"><span class='ocrx_word' id='word_1_363' title='bbox 340 3504 449 3556; x_wconf 66' lang='lat' dir='ltr'><strong>Eds:</strong></span> <span class='ocrx_word' id='word_1_364' title='bbox 478 3508 577 3566; x_wconf 77' lang='grc' dir='ltr'><strong>τας</strong></span> <span class='ocrx_word' id='word_1_365' title='bbox 603 3503 826 3566; x_wconf 77' lang='grc' dir='ltr'>δυτικὰς</span> <span class='ocrx_word' id='word_1_366' title='bbox 862 3505 1036 3573; x_wconf 69' lang='grc' dir='ltr'>ἀρχὰς</span> <span class='ocrx_word' id='word_1_367' title='bbox 1090 3507 1154 3574; x_wconf 77' lang='grc' dir='ltr'>τῇ</span> <span class='ocrx_word' id='word_1_368' title='bbox 1210 3505 1415 3575; x_wconf 77' lang='grc' dir='ltr'>συνόδῳ</span> <span class='ocrx_word' id='word_1_369' title='bbox 1470 3508 1727 3575; x_wconf 86' lang='grc' dir='ltr'>παρεῖναι</span> <span class='ocrx_word' id='word_1_370' title='bbox 1765 3506 1799 3577; x_wconf 75' lang='grc' dir='ltr'>ἢ</span> <span class='ocrx_word' id='word_1_371' title='bbox 1839 3506 1910 3560; x_wconf 84' lang='grc' dir='ltr'><strong>δι’</strong></span> 
     </span>
    </p>
   </div>
   <div class='ocr_carea' id='block_1_56' title="bbox 341 3590 1909 3667">
    <p class='ocr_par' dir='ltr' id='par_1_56' title="bbox 341 3590 1909 3667">
     <span class='ocr_line' id='line_1_56' title="bbox 341 3590 1909 3667; baseline 0.004 -20"><span class='ocrx_word' id='word_1_372' title='bbox 341 3590 521 3647; x_wconf 67' lang='grc' dir='ltr'>αὐτῶν</span> <span class='ocrx_word' id='word_1_373' title='bbox 559 3594 666 3646; x_wconf 81' lang='grc' dir='ltr'>τῶν</span> <span class='ocrx_word' id='word_1_374' title='bbox 720 3594 1019 3664; x_wconf 83' lang='grc' dir='ltr'>ἀρχόντων,</span> <span class='ocrx_word' id='word_1_375' title='bbox 1054 3595 1086 3666; x_wconf 78' lang='grc' dir='ltr'>ἢ</span> <span class='ocrx_word' id='word_1_376' title='bbox 1139 3596 1228 3648; x_wconf 81' lang='grc' dir='ltr'>διὰ</span> <span class='ocrx_word' id='word_1_377' title='bbox 1262 3599 1651 3667; x_wconf 82' lang='grc' dir='ltr'>τοποτηρητῶν</span> <span class='ocrx_word' id='word_1_378' title='bbox 1679 3615 1693 3629; x_wconf 75' lang='grc' dir='ltr'><strong><em>ο</em></strong></span> <span class='ocrx_word' id='word_1_379' title='bbox 1726 3603 1909 3653; x_wconf 81' lang='grc' dir='ltr'>οἰκουο</span> 
     </span>
    </p>
   </div>
   <div class='ocr_carea' id='block_1_57' title="bbox 345 3690 1909 3769">
    <p class='ocr_par' dir='ltr' id='par_1_57' title="bbox 345 3690 1909 3769">
     <span class='ocr_line' id='line_1_57' title="bbox 345 3690 1909 3769; baseline 0.006 -27"><span class='ocrx_word' id='word_1_380' title='bbox 345 3692 542 3759; x_wconf 80' lang='grc' dir='ltr'>μενικὴ</span> <span class='ocrx_word' id='word_1_381' title='bbox 576 3690 684 3758; x_wconf 84' lang='grc' dir='ltr'>γὰρ</span> <span class='ocrx_word' id='word_1_382' title='bbox 708 3690 1117 3759; x_wconf 80' lang='grc' dir='ltr'>συνηθροίζετο,</span> <span class='ocrx_word' id='word_1_383' title='bbox 1147 3693 1238 3743; x_wconf 78' lang='grc' dir='ltr'>καὶ</span> <span class='ocrx_word' id='word_1_384' title='bbox 1290 3693 1434 3755; x_wconf 81' lang='grc' dir='ltr'>εἰκὸς</span> <span class='ocrx_word' id='word_1_385' title='bbox 1465 3690 1532 3764; x_wconf 78' lang='grc' dir='ltr'>ἧν</span> <span class='ocrx_word' id='word_1_386' title='bbox 1565 3696 1623 3748; x_wconf 72' lang='grc' dir='ltr'>τὸ</span> <span class='ocrx_word' id='word_1_387' title='bbox 1675 3699 1909 3769; x_wconf 71' lang='grc' dir='ltr'>πρᾶγμα</span> 
     </span>
    </p>
   </div>
   <div class='ocr_carea' id='block_1_58' title="bbox 340 3783 1908 3855">
    <p class='ocr_par' dir='ltr' id='par_1_58' title="bbox 340 3783 1908 3855">
     <span class='ocr_line' id='line_1_58' title="bbox 340 3783 1908 3855; baseline 0.009 -23"><span class='ocrx_word' id='word_1_388' title='bbox 340 3783 570 3844; x_wconf 64' lang='grc' dir='ltr'>πολλοὺς</span> <span class='ocrx_word' id='word_1_389' title='bbox 597 3784 742 3853; x_wconf 73' lang='grc' dir='ltr'>ἔχειν</span> <span class='ocrx_word' id='word_1_390' title='bbox 766 3784 895 3847; x_wconf 85' lang='grc' dir='ltr'>τοὺς</span> <span class='ocrx_word' id='word_1_391' title='bbox 953 3786 1265 3855; x_wconf 84' lang='grc' dir='ltr'>μάρτυρας.</span> <span class='ocrx_word' id='word_1_392' title='bbox 1328 3788 1537 3842; x_wconf 77' lang='grc' dir='ltr'>Οὐκοῦν</span> <span class='ocrx_word' id='word_1_393' title='bbox 1571 3791 1665 3843; x_wconf 78' lang='grc' dir='ltr'><strong>καὶ</strong></span> <span class='ocrx_word' id='word_1_394' title='bbox 1714 3792 1776 3845; x_wconf 73' lang='grc' dir='ltr'>σὺ</span> <span class='ocrx_word' id='word_1_395' title='bbox 1810 3809 1908 3845; x_wconf 88' lang='grc' dir='ltr'>κα-</span> 
     </span>
    </p>
   </div>
   <div class='ocr_carea' id='block_1_59' title="bbox 340 3873 1910 3950">
    <p class='ocr_par' dir='ltr' id='par_1_59' title="bbox 340 3873 1910 3950">
     <span class='ocr_line' id='line_1_59' title="bbox 340 3873 1910 3950; baseline 0.006 -25"><span class='ocrx_word' id='word_1_396' title='bbox 340 3873 443 3937; x_wconf 85' lang='grc' dir='ltr'><strong>λῶς</strong></span> <span class='ocrx_word' id='word_1_397' title='bbox 504 3874 765 3944; x_wconf 80' lang='grc' dir='ltr'>ἐποίησας</span> <span class='ocrx_word' id='word_1_398' title='bbox 830 3874 1170 3945; x_wconf 75' lang='grc' dir='ltr'>ὑπομένειν·</span> <span class='ocrx_word' id='word_1_399' title='bbox 1220 3877 1335 3931; x_wconf 78' lang='grc' dir='ltr'>ἀλλ’</span> <span class='ocrx_word' id='word_1_400' title='bbox 1389 3877 1493 3933; x_wconf 83' lang='grc' dir='ltr'>εῖθ’</span> <span class='ocrx_word' id='word_1_401' title='bbox 1544 3878 1774 3949; x_wconf 81' lang='grc' dir='ltr'>ὦφειλες</span> <span class='ocrx_word' id='word_1_402' title='bbox 1813 3882 1910 3950; x_wconf 69' lang='grc' dir='ltr'>με·</span> 
     </span>
    </p>
   </div>
   <div class='ocr_carea' id='block_1_60' title="bbox 340 3956 1909 4042">
    <p class='ocr_par' dir='ltr' id='par_1_60' title="bbox 340 3956 1909 4042">
     <span class='ocr_line' id='line_1_60' title="bbox 340 3956 1909 4042; baseline 0.007 -26"><span class='ocrx_word' id='word_1_403' title='bbox 340 3982 429 4036; x_wconf 77' lang='grc' dir='ltr'><strong>χρι</strong></span> <span class='ocrx_word' id='word_1_404' title='bbox 481 3956 668 4028; x_wconf 68' lang='grc' dir='ltr'>τέλους</span> <span class='ocrx_word' id='word_1_405' title='bbox 716 3966 857 4037; x_wconf 78' lang='grc' dir='ltr'>πρὸς</span> <span class='ocrx_word' id='word_1_406' title='bbox 893 3967 1169 4038; x_wconf 82' lang='grc' dir='ltr'>σωτηρίαν</span> <span class='ocrx_word' id='word_1_407' title='bbox 1225 3969 1324 4039; x_wconf 76' lang='grc' dir='ltr'>τῆς</span> <span class='ocrx_word' id='word_1_408' title='bbox 1377 3970 1478 4039; x_wconf 76' lang='grc' dir='ltr'>σῆς</span> <span class='ocrx_word' id='word_1_409' title='bbox 1534 3970 1712 4042; x_wconf 78' lang='grc' dir='ltr'>ψυχῆς</span> <span class='ocrx_word' id='word_1_410' title='bbox 1745 3971 1909 4027; x_wconf 78' lang='grc' dir='ltr'>τοῦτο</span> 
     </span>
    </p>
   </div>
   <div class='ocr_carea' id='block_1_61' title="bbox 340 4056 1904 4133">
    <p class='ocr_par' dir='ltr' id='par_1_61' title="bbox 340 4056 1904 4133">
     <span class='ocr_line' id='line_1_61' title="bbox 340 4056 1904 4133; baseline 0.008 -26"><span class='ocrx_word' id='word_1_411' title='bbox 340 4056 581 4123; x_wconf 76' lang='grc' dir='ltr'>πρᾶξαιο</span> <span class='ocrx_word' id='word_1_412' title='bbox 613 4056 711 4128; x_wconf 75' lang='grc' dir='ltr'>τὴν</span> <span class='ocrx_word' id='word_1_413' title='bbox 766 4057 875 4128; x_wconf 75' lang='grc' dir='ltr'><strong>γὰρ</strong></span> <span class='ocrx_word' id='word_1_414' title='bbox 936 4060 1231 4128; x_wconf 84' lang='grc' dir='ltr'>καλλίστην</span> <span class='ocrx_word' id='word_1_415' title='bbox 1279 4062 1459 4133; x_wconf 76' lang='grc' dir='ltr'>ἀρχὴν</span> <span class='ocrx_word' id='word_1_416' title='bbox 1498 4062 1579 4126; x_wconf 85' lang='grc' dir='ltr'><strong>εἰς</strong></span> <span class='ocrx_word' id='word_1_417' title='bbox 1626 4064 1904 4120; x_wconf 77' lang='grc' dir='ltr'>ἀπευκτὸν</span> 
     </span>
    </p>
   </div>
   <div class='ocr_carea' id='block_1_62' title="bbox 338 4151 1901 4224">
    <p class='ocr_par' dir='ltr' id='par_1_62' title="bbox 338 4151 1901 4224">
     <span class='ocr_line' id='line_1_62' title="bbox 338 4151 1901 4224; baseline 0.007 -21"><span class='ocrx_word' id='word_1_418' title='bbox 338 4152 677 4220; x_wconf 81' lang='grc' dir='ltr'>κατέστησας</span> <span class='ocrx_word' id='word_1_419' title='bbox 711 4151 885 4215; x_wconf 81' lang='grc' dir='ltr'>τέλος.</span> <span class='ocrx_word' id='word_1_420' title='bbox 928 4151 1067 4205; x_wconf 81' lang='grc' dir='ltr'>Ἀλλ’</span> <span class='ocrx_word' id='word_1_421' title='bbox 1100 4152 1300 4224; x_wconf 74' lang='grc' dir='ltr'>ἴδωμέν</span> <span class='ocrx_word' id='word_1_422' title='bbox 1336 4172 1431 4208; x_wconf 85' lang='grc' dir='ltr'><strong>σου</strong></span> <span class='ocrx_word' id='word_1_423' title='bbox 1464 4154 1565 4210; x_wconf 82' lang='grc' dir='ltr'>καὶ</span> <span class='ocrx_word' id='word_1_424' title='bbox 1612 4157 1684 4209; x_wconf 77' lang='grc' dir='ltr'>τὰ</span> <span class='ocrx_word' id='word_1_425' title='bbox 1717 4156 1901 4214; x_wconf 84' lang='grc' dir='ltr'>λοιπά.</span> 
     </span>
    </p>
   </div>
   <div class='ocr_carea' id='block_1_63' title="bbox 1003 4249 1190 4303">
    <p class='ocr_par' dir='ltr' id='par_1_63' title="bbox 1003 4249 1190 4303">
     <span class='ocr_line' id='line_1_63' title="bbox 1003 4249 1190 4303; baseline -0.011 -1"><span class='ocrx_word' id='word_1_426' title='bbox 1003 4249 1190 4303; x_wconf 80' lang='grc' dir='ltr'>ΕΦΕΣ.</span> 
     </span>
    </p>
   </div>
   <div class='ocr_carea' id='block_1_64' title="bbox 409 4337 1901 4420">
    <p class='ocr_par' dir='ltr' id='par_1_64' title="bbox 409 4337 1901 4420">
     <span class='ocr_line' id='line_1_64' title="bbox 409 4337 1901 4420; baseline 0.01 -31"><span class='ocrx_word' id='word_1_427' title='bbox 409 4337 606 4390; x_wconf 76' lang='grc' dir='ltr'>Ἐλαῦε</span> <span class='ocrx_word' id='word_1_428' title='bbox 635 4338 789 4403; x_wconf 70' lang='grc' dir='ltr'>τέλος</span> <span class='ocrx_word' id='word_1_429' title='bbox 822 4341 854 4410; x_wconf 79' lang='grc' dir='ltr'><strong>ἡ</strong></span> <span class='ocrx_word' id='word_1_430' title='bbox 889 4341 1222 4412; x_wconf 81' lang='grc' dir='ltr'>προθεσμία,</span> <span class='ocrx_word' id='word_1_431' title='bbox 1265 4345 1365 4398; x_wconf 72' lang='grc' dir='ltr'>καὶ</span> <span class='ocrx_word' id='word_1_432' title='bbox 1398 4345 1539 4415; x_wconf 84' lang='grc' dir='ltr'>μετὰ</span> <span class='ocrx_word' id='word_1_433' title='bbox 1568 4348 1728 4402; x_wconf 79' lang='grc' dir='ltr'>τοῦτο</span> <span class='ocrx_word' id='word_1_434' title='bbox 1754 4366 1901 4420; x_wconf 83' lang='grc' dir='ltr'>παρ·</span> 
     </span>
    </p>
   </div>
   <div class='ocr_carea' id='block_1_65' title="bbox 2022 1832 3598 1907">
    <p class='ocr_par' dir='ltr' id='par_1_65' title="bbox 2022 1832 3598 1907">
     <span class='ocr_line' id='line_1_65' title="bbox 2022 1832 3598 1907; baseline 0.008 -25"><span class='ocrx_word' id='word_1_435' title='bbox 2022 1844 2184 1898; x_wconf 87' lang='lat' dir='ltr'><strong>quam</strong></span> <span class='ocrx_word' id='word_1_436' title='bbox 2227 1832 2426 1887; x_wconf 84' lang='lat' dir='ltr'><strong>eruditi</strong></span> <span class='ocrx_word' id='word_1_437' title='bbox 2475 1835 2576 1889; x_wconf 84' lang='lat' dir='ltr'><strong>viri</strong></span> <span class='ocrx_word' id='word_1_438' title='bbox 2608 1850 2672 1891; x_wconf 91' lang='lat' dir='ltr'><strong>ac</strong></span> <span class='ocrx_word' id='word_1_439' title='bbox 2725 1841 3001 1907; x_wconf 75' lang='lat' dir='ltr'><strong>generosi,</strong></span> <span class='ocrx_word' id='word_1_440' title='bbox 3050 1840 3105 1893; x_wconf 84' lang='lat' dir='ltr'><strong>in</strong></span> <span class='ocrx_word' id='word_1_441' title='bbox 3138 1841 3333 1896; x_wconf 81' lang='lat' dir='ltr'><strong>honore</strong></span> <span class='ocrx_word' id='word_1_442' title='bbox 3380 1843 3598 1896; x_wconf 81' lang='lat' dir='ltr'><strong>invicem</strong></span> 
     </span>
    </p>
   </div>
   <div class='ocr_carea' id='block_1_66' title="bbox 2019 1929 3595 2005">
    <p class='ocr_par' dir='ltr' id='par_1_66' title="bbox 2019 1929 3595 2005">
     <span class='ocr_line' id='line_1_66' title="bbox 2019 1929 3595 2005; baseline 0.008 -27"><span class='ocrx_word' id='word_1_443' title='bbox 2019 1929 2389 1993; x_wconf 78' lang='lat' dir='ltr'><strong>pra’veuicmes</strong></span> <span class='ocrx_word' id='word_1_444' title='bbox 2414 1932 2455 1994; x_wconf 85' lang='grc'>³,</span> <span class='ocrx_word' id='word_1_445' title='bbox 2487 1930 2645 2000; x_wconf 79' lang='lat' dir='ltr'><strong>juxta</strong></span> <span class='ocrx_word' id='word_1_446' title='bbox 2677 1932 2919 1989; x_wconf 87' lang='lat' dir='ltr'><strong>divinum</strong></span> <span class='ocrx_word' id='word_1_447' title='bbox 2962 1936 3274 2005; x_wconf 83' lang='lat' dir='ltr'><strong>Apostolnm</strong></span> <span class='ocrx_word' id='word_1_448' title='bbox 3295 1956 3315 2001; x_wconf 87' lang='lat'><strong>,-</strong></span> <span class='ocrx_word' id='word_1_449' title='bbox 3349 1938 3441 1991; x_wconf 91' lang='lat' dir='ltr'><strong>sed</strong></span> <span class='ocrx_word' id='word_1_450' title='bbox 3485 1954 3595 1991; x_wconf 91' lang='lat' dir='ltr'><strong>non</strong></span> 
     </span>
    </p>
   </div>
   <div class='ocr_carea' id='block_1_67' title="bbox 2020 2023 3598 2095">
    <p class='ocr_par' dir='ltr' id='par_1_67' title="bbox 2020 2023 3598 2095">
     <span class='ocr_line' id='line_1_67' title="bbox 2020 2023 3598 2095; baseline 0.007 -24"><span class='ocrx_word' id='word_1_451' title='bbox 2020 2030 2306 2089; x_wconf 86' lang='lat' dir='ltr'><strong>propterea</strong></span> <span class='ocrx_word' id='word_1_452' title='bbox 2341 2023 2506 2077; x_wconf 86' lang='lat' dir='ltr'><strong>videri</strong></span> <span class='ocrx_word' id='word_1_453' title='bbox 2564 2025 2711 2093; x_wconf 89' lang='lat' dir='ltr'><strong>ipsos</strong></span> <span class='ocrx_word' id='word_1_454' title='bbox 2764 2027 3051 2095; x_wconf 87' lang='lat' dir='ltr'><strong>oportebat</strong></span> <span class='ocrx_word' id='word_1_455' title='bbox 3113 2028 3486 2083; x_wconf 84' lang='lat' dir='ltr'><strong>institutorum</strong></span> <span class='ocrx_word' id='word_1_456' title='bbox 3543 2037 3598 2083; x_wconf 92' lang='lat' dir='ltr'><strong>et</strong></span> 
     </span>
    </p>
   </div>
   <div class='ocr_carea' id='block_1_68' title="bbox 2021 2113 3597 2189">
    <p class='ocr_par' dir='ltr' id='par_1_68' title="bbox 2021 2113 3597 2189">
     <span class='ocr_line' id='line_1_68' title="bbox 2021 2113 3597 2189; baseline 0.006 -25"><span class='ocrx_word' id='word_1_457' title='bbox 2021 2126 2272 2165; x_wconf 66' lang='lat' dir='ltr'><strong>verorum</strong></span> <span class='ocrx_word' id='word_1_458' title='bbox 2308 2113 2509 2169; x_wconf 87' lang='lat' dir='ltr'><strong>inscios</strong></span> <span class='ocrx_word' id='word_1_459' title='bbox 2541 2114 2882 2184; x_wconf 78' lang='lat' dir='ltr'><strong>dogmatum,</strong></span> <span class='ocrx_word' id='word_1_460' title='bbox 2926 2127 2982 2171; x_wconf 92' lang='lat' dir='ltr'><strong>ut</strong></span> <span class='ocrx_word' id='word_1_461' title='bbox 3013 2134 3042 2172; x_wconf 87' lang='lat' dir='ltr'><strong>a</strong></span> <span class='ocrx_word' id='word_1_462' title='bbox 3081 2119 3235 2173; x_wconf 84' lang='lat' dir='ltr'><strong>vobis</strong></span> <span class='ocrx_word' id='word_1_463' title='bbox 3264 2119 3474 2173; x_wconf 80' lang='lat' dir='ltr'><strong>discere</strong></span> <span class='ocrx_word' id='word_1_464' title='bbox 3503 2135 3597 2189; x_wconf 89' lang='lat' dir='ltr'><strong>op-</strong></span> 
     </span>
    </p>
   </div>
   <div class='ocr_carea' id='block_1_69' title="bbox 2020 2204 3595 2276">
    <p class='ocr_par' dir='ltr' id='par_1_69' title="bbox 2020 2204 3595 2276">
     <span class='ocr_line' id='line_1_69' title="bbox 2020 2204 3595 2276; baseline 0.001 -18"><span class='ocrx_word' id='word_1_465' title='bbox 2020 2214 2230 2267; x_wconf 88' lang='lat' dir='ltr'><strong>tarent;</strong></span> <span class='ocrx_word' id='word_1_466' title='bbox 2263 2204 2353 2274; x_wconf 90' lang='lat' dir='ltr'><strong>qui</strong></span> <span class='ocrx_word' id='word_1_467' title='bbox 2377 2221 2483 2259; x_wconf 82' lang='lat' dir='ltr'><strong>non</strong></span> <span class='ocrx_word' id='word_1_468' title='bbox 2514 2206 2690 2261; x_wconf 89' lang='lat' dir='ltr'><strong>solum</strong></span> <span class='ocrx_word' id='word_1_469' title='bbox 2718 2209 2852 2262; x_wconf 86' lang='lat' dir='ltr'><strong>estis</strong></span> <span class='ocrx_word' id='word_1_470' title='bbox 2888 2207 3269 2276; x_wconf 86' lang='lat' dir='ltr'><strong>indoctissimi,</strong></span> <span class='ocrx_word' id='word_1_471' title='bbox 3299 2211 3395 2264; x_wconf 83' lang='lat' dir='ltr'><strong>sed</strong></span> <span class='ocrx_word' id='word_1_472' title='bbox 3424 2211 3595 2265; x_wconf 78' lang='lat' dir='ltr'><strong>multo</strong></span> 
     </span>
    </p>
   </div>
   <div class='ocr_carea' id='block_1_70' title="bbox 2017 2293 3591 2367">
    <p class='ocr_par' dir='ltr' id='par_1_70' title="bbox 2017 2293 3591 2367">
     <span class='ocr_line' id='line_1_70' title="bbox 2017 2293 3591 2367; baseline 0.005 -20"><span class='ocrx_word' id='word_1_473' title='bbox 2017 2293 2180 2347; x_wconf 89' lang='lat' dir='ltr'><strong>etiam</strong></span> <span class='ocrx_word' id='word_1_474' title='bbox 2214 2294 2501 2351; x_wconf 83' lang='lat' dir='ltr'><strong>interiores</strong></span> <span class='ocrx_word' id='word_1_475' title='bbox 2527 2311 2590 2350; x_wconf 89' lang='lat' dir='ltr'><strong>ca</strong></span> <span class='ocrx_word' id='word_1_476' title='bbox 2628 2312 2753 2367; x_wconf 74' lang='lat' dir='ltr'><strong>qua:</strong></span> <span class='ocrx_word' id='word_1_477' title='bbox 2789 2299 2933 2367; x_wconf 88' lang='lat' dir='ltr'><strong>apud</strong></span> <span class='ocrx_word' id='word_1_478' title='bbox 2966 2314 3062 2352; x_wconf 84' lang='lat' dir='ltr'><strong>vos</strong></span> <span class='ocrx_word' id='word_1_479' title='bbox 3096 2315 3218 2354; x_wconf 89' lang='lat' dir='ltr'><strong>esse</strong></span> <span class='ocrx_word' id='word_1_480' title='bbox 3258 2302 3473 2355; x_wconf 79' lang='lat' dir='ltr'><strong>videtur</strong></span> <span class='ocrx_word' id='word_1_481' title='bbox 3498 2316 3591 2355; x_wconf 86' lang='lat' dir='ltr'><strong>sa-</strong></span> 
     </span>
    </p>
   </div>
   <div class='ocr_carea' id='block_1_71' title="bbox 2018 2384 3594 2454">
    <p class='ocr_par' dir='ltr' id='par_1_71' title="bbox 2018 2384 3594 2454">
     <span class='ocr_line' id='line_1_71' title="bbox 2018 2384 3594 2454; baseline 0.009 -19"><span class='ocrx_word' id='word_1_482' title='bbox 2018 2384 2243 2454; x_wconf 87' lang='lat' dir='ltr'><strong>pientia.</strong></span> <span class='ocrx_word' id='word_1_483' title='bbox 2287 2386 2391 2439; x_wconf 85' lang='lat' dir='ltr'><strong>Sed</strong></span> <span class='ocrx_word' id='word_1_484' title='bbox 2425 2387 2513 2443; x_wconf 80' lang='lat' dir='ltr'><strong>liis</strong></span> <span class='ocrx_word' id='word_1_485' title='bbox 2562 2389 2785 2444; x_wconf 87' lang='lat' dir='ltr'><strong>omissis</strong></span> <span class='ocrx_word' id='word_1_486' title='bbox 2820 2391 2887 2444; x_wconf 91' lang='lat' dir='ltr'><strong>ad</strong></span> <span class='ocrx_word' id='word_1_487' title='bbox 2945 2390 3321 2449; x_wconf 59' lang='lat' dir='ltr'><strong>incusationes</strong></span> <span class='ocrx_word' id='word_1_488' title='bbox 3378 2404 3594 2449; x_wconf 86' lang='lat' dir='ltr'><strong>transe-</strong></span> 
     </span>
    </p>
   </div>
   <div class='ocr_carea' id='block_1_72' title="bbox 2019 2474 3594 2550">
    <p class='ocr_par' dir='ltr' id='par_1_72' title="bbox 2019 2474 3594 2550">
     <span class='ocr_line' id='line_1_72' title="bbox 2019 2474 3594 2550; baseline 0.01 -24"><span class='ocrx_word' id='word_1_489' title='bbox 2019 2488 2196 2539; x_wconf 85' lang='lat' dir='ltr'><strong>amus,</strong></span> <span class='ocrx_word' id='word_1_490' title='bbox 2233 2474 2287 2529; x_wconf 89' lang='lat' dir='ltr'><strong>iu</strong></span> <span class='ocrx_word' id='word_1_491' title='bbox 2336 2476 2539 2545; x_wconf 81' lang='lat' dir='ltr'><strong>quibus</strong></span> <span class='ocrx_word' id='word_1_492' title='bbox 2571 2480 2822 2547; x_wconf 77' lang='lat' dir='ltr'><strong>graviora</strong></span> <span class='ocrx_word' id='word_1_493' title='bbox 2870 2482 3118 2550; x_wconf 63' lang='lat' dir='ltr'><strong>quaedam</strong></span> <span class='ocrx_word' id='word_1_494' title='bbox 3158 2482 3316 2537; x_wconf 84' lang='lat' dir='ltr'><strong>nobis</strong></span> <span class='ocrx_word' id='word_1_495' title='bbox 3364 2481 3594 2541; x_wconf 52' lang='lat' dir='ltr'><strong>diuenda</strong></span> 
     </span>
    </p>
   </div>
   <div class='ocr_carea' id='block_1_73' title="bbox 2018 2566 2415 2621">
    <p class='ocr_par' dir='ltr' id='par_1_73' title="bbox 2018 2566 2415 2621">
     <span class='ocr_line' id='line_1_73' title="bbox 2018 2566 2415 2621; baseline 0.008 -3"><span class='ocrx_word' id='word_1_496' title='bbox 2018 2580 2124 2619; x_wconf 88' lang='lat' dir='ltr'><strong>non</strong></span> <span class='ocrx_word' id='word_1_497' title='bbox 2164 2566 2415 2621; x_wconf 85' lang='lat' dir='ltr'><strong>deerunt.</strong></span> 
     </span>
    </p>
   </div>
   <div class='ocr_carea' id='block_1_74' title="bbox 2692 2906 2933 2963">
    <p class='ocr_par' dir='ltr' id='par_1_74' title="bbox 2692 2906 2933 2963">
     <span class='ocr_line' id='line_1_74' title="bbox 2692 2906 2933 2963; baseline 0.008 -1"><span class='ocrx_word' id='word_1_498' title='bbox 2692 2906 2933 2963; x_wconf 69' lang='lat' dir='ltr'><strong>EPith.</strong></span> 
     </span>
    </p>
   </div>
   <div class='ocr_carea' id='block_1_75' title="bbox 2087 2979 3595 3081">
    <p class='ocr_par' dir='ltr' id='par_1_75' title="bbox 2087 2979 3595 3081">
     <span class='ocr_line' id='line_1_75' title="bbox 2087 2979 3595 3081; baseline 0.023 -46"><span class='ocrx_word' id='word_1_499' title='bbox 2087 2979 2297 3041; x_wconf 82' lang='lat' dir='ltr'><strong>Interea</strong></span> <span class='ocrx_word' id='word_1_500' title='bbox 2332 3001 2649 3077; x_wconf 77' lang='lat' dir='ltr'><strong>exspectare</strong></span> <span class='ocrx_word' id='word_1_501' title='bbox 2670 2996 2811 3067; x_wconf 83' lang='lat' dir='ltr'><strong>jussi</strong></span> <span class='ocrx_word' id='word_1_502' title='bbox 2843 3017 3056 3074; x_wconf 89' lang='lat' dir='ltr'><strong>sumus,</strong></span> <span class='ocrx_word' id='word_1_503' title='bbox 3090 3018 3144 3063; x_wconf 91' lang='lat' dir='ltr'><strong>et</strong></span> <span class='ocrx_word' id='word_1_504' title='bbox 3172 3009 3360 3081; x_wconf 82' lang='lat' dir='ltr'><strong>longas</strong></span> <span class='ocrx_word' id='word_1_505' title='bbox 3397 3010 3595 3068; x_wconf 83' lang='lat' dir='ltr'><strong>tolera-</strong></span> 
     </span>
    </p>
   </div>
   <div class='ocr_carea' id='block_1_76' title="bbox 2026 3072 3595 3174">
    <p class='ocr_par' dir='ltr' id='par_1_76' title="bbox 2026 3072 3595 3174">
     <span class='ocr_line' id='line_1_76' title="bbox 2026 3072 3595 3174; baseline 0.024 -49"><span class='ocrx_word' id='word_1_506' title='bbox 2026 3072 2209 3131; x_wconf 79' lang='lat' dir='ltr'><strong>vimus</strong></span> <span class='ocrx_word' id='word_1_507' title='bbox 2236 3082 2488 3147; x_wconf 85' lang='lat' dir='ltr'><strong>praetiniti</strong></span> <span class='ocrx_word' id='word_1_508' title='bbox 2523 3072 2786 3159; x_wconf 85' lang='lat' dir='ltr'><strong>temporis</strong></span> <span class='ocrx_word' id='word_1_509' title='bbox 2817 3072 3123 3164; x_wconf 13' lang='lat' dir='ltr'><strong>tuoras,vut</strong></span> <span class='ocrx_word' id='word_1_510' title='bbox 3159 3072 3317 3170; x_wconf 65' lang='lat' dir='ltr'><strong>pletis</strong></span> <span class='ocrx_word' id='word_1_511' title='bbox 3352 3102 3595 3174; x_wconf 72' lang='lat' dir='ltr'><strong>synodus</strong></span> 
     </span>
    </p>
   </div>
   <div class='ocr_carea' id='block_1_77' title="bbox 2019 3177 2465 3238">
    <p class='ocr_par' dir='ltr' id='par_1_77' title="bbox 2019 3177 2465 3238">
     <span class='ocr_line' id='line_1_77' title="bbox 2019 3177 2465 3238; baseline 0.027 -21"><span class='ocrx_word' id='word_1_512' title='bbox 2019 3177 2465 3238; x_wconf 82' lang='lat' dir='ltr'><strong>congregaretur.</strong></span> 
     </span>
    </p>
   </div>
   <div class='ocr_carea' id='block_1_78' title="bbox 2474 3254 2888 3327">
    <p class='ocr_par' dir='ltr' id='par_1_78' title="bbox 2474 3254 2888 3327">
     <span class='ocr_line' id='line_1_78' title="bbox 2474 3254 2888 3327; baseline 0.017 -6"><span class='ocrx_word' id='word_1_513' title='bbox 2474 3254 2477 3255; x_wconf 67' lang='grc'><strong><em>⁷</em></strong></span> <span class='ocrx_word' id='word_1_514' title='bbox 2690 3270 2888 3327; x_wconf 75' lang='lat' dir='ltr'><strong>nnsr.</strong></span> 
     </span>
    </p>
   </div>
   <div class='ocr_carea' id='block_1_79' title="bbox 2048 3352 3589 3450">
    <p class='ocr_par' dir='ltr' id='par_1_79' title="bbox 2048 3352 3589 3450">
     <span class='ocr_line' id='line_1_79' title="bbox 2048 3352 3589 3450; baseline 0.024 -46"><span class='ocrx_word' id='word_1_515' title='bbox 2048 3352 2453 3412; x_wconf 78' lang='lat' dir='ltr'><strong>,Tulerandum</strong></span> <span class='ocrx_word' id='word_1_516' title='bbox 2495 3361 2591 3415; x_wconf 90' lang='lat' dir='ltr'><strong>tibi</strong></span> <span class='ocrx_word' id='word_1_517' title='bbox 2620 3375 2756 3431; x_wconf 90' lang='lat' dir='ltr'><strong>erat,</strong></span> <span class='ocrx_word' id='word_1_518' title='bbox 2794 3378 2849 3421; x_wconf 89' lang='lat' dir='ltr'><strong>et</strong></span> <span class='ocrx_word' id='word_1_519' title='bbox 2894 3377 3245 3442; x_wconf 78' lang='lat' dir='ltr'><strong>exspectandi</strong></span> <span class='ocrx_word' id='word_1_520' title='bbox 3301 3383 3589 3450; x_wconf 69' lang='lat' dir='ltr'><strong>praestituti</strong></span> 
     </span>
    </p>
   </div>
   <div class='ocr_carea' id='block_1_80' title="bbox 2012 3443 3593 3535">
    <p class='ocr_par' dir='ltr' id='par_1_80' title="bbox 2012 3443 3593 3535">
     <span class='ocr_line' id='line_1_80' title="bbox 2012 3443 3593 3535; baseline 0.023 -38"><span class='ocrx_word' id='word_1_521' title='bbox 2012 3443 2169 3511; x_wconf 88' lang='lat' dir='ltr'><strong>dies;</strong></span> <span class='ocrx_word' id='word_1_522' title='bbox 2201 3463 2325 3502; x_wconf 89' lang='lat' dir='ltr'><strong>nam</strong></span> <span class='ocrx_word' id='word_1_523' title='bbox 2348 3450 2497 3520; x_wconf 83' lang='lat' dir='ltr'><strong>justa</strong></span> <span class='ocrx_word' id='word_1_524' title='bbox 2529 3456 2751 3512; x_wconf 86' lang='lat' dir='ltr'><strong>suberat</strong></span> <span class='ocrx_word' id='word_1_525' title='bbox 2783 3475 2969 3527; x_wconf 84' lang='lat' dir='ltr'><strong>causa,</strong></span> <span class='ocrx_word' id='word_1_526' title='bbox 3004 3468 3147 3535; x_wconf 86' lang='lat' dir='ltr'><strong>quod</strong></span> <span class='ocrx_word' id='word_1_527' title='bbox 3181 3443 3409 3529; x_wconf 79' lang='lat' dir='ltr'><strong>cunctos</strong></span> <span class='ocrx_word' id='word_1_528' title='bbox 3430 3473 3593 3533; x_wconf 86' lang='lat' dir='ltr'><strong>Occi-</strong></span> 
     </span>
    </p>
   </div>
   <div class='ocr_carea' id='block_1_81' title="bbox 2011 3538 3592 3638">
    <p class='ocr_par' dir='ltr' id='par_1_81' title="bbox 2011 3538 3592 3638">
     <span class='ocr_line' id='line_1_81' title="bbox 2011 3538 3592 3638; baseline 0.022 -49"><span class='ocrx_word' id='word_1_529' title='bbox 2011 3538 2188 3638; x_wconf 77' lang='lat' dir='ltr'><strong>dentis</strong></span> <span class='ocrx_word' id='word_1_530' title='bbox 2214 3543 2544 3613; x_wconf 85' lang='lat' dir='ltr'><strong>principatus</strong></span> <span class='ocrx_word' id='word_1_531' title='bbox 2571 3550 2761 3606; x_wconf 84' lang='lat' dir='ltr'><strong>adesse</strong></span> <span class='ocrx_word' id='word_1_532' title='bbox 2785 3558 3067 3622; x_wconf 85' lang='lat' dir='ltr'><strong>oportebat</strong></span> <span class='ocrx_word' id='word_1_533' title='bbox 3096 3563 3328 3630; x_wconf 91' lang='lat' dir='ltr'><strong>synodo,</strong></span> <span class='ocrx_word' id='word_1_534' title='bbox 3369 3570 3451 3621; x_wconf 84' lang='lat' dir='ltr'><strong>vel</strong></span> <span class='ocrx_word' id='word_1_535' title='bbox 3496 3583 3592 3638; x_wconf 84' lang='lat' dir='ltr'><strong>per</strong></span> 
     </span>
    </p>
   </div>
   <div class='ocr_carea' id='block_1_82' title="bbox 2011 3628 3667 3723">
    <p class='ocr_par' dir='ltr' id='par_1_82' title="bbox 2011 3628 3667 3723">
     <span class='ocr_line' id='line_1_82' title="bbox 2011 3628 3667 3723; baseline 0.021 -40"><span class='ocrx_word' id='word_1_536' title='bbox 2011 3628 2159 3700; x_wconf 87' lang='lat' dir='ltr'><strong>ipsos</strong></span> <span class='ocrx_word' id='word_1_537' title='bbox 2181 3633 2473 3705; x_wconf 85' lang='lat' dir='ltr'><strong>principes,</strong></span> <span class='ocrx_word' id='word_1_538' title='bbox 2504 3642 2584 3693; x_wconf 84' lang='lat' dir='ltr'><strong>vel</strong></span> <span class='ocrx_word' id='word_1_539' title='bbox 2616 3656 2710 3711; x_wconf 85' lang='lat' dir='ltr'><strong>per</strong></span> <span class='ocrx_word' id='word_1_540' title='bbox 2740 3646 2972 3702; x_wconf 77' lang='lat' dir='ltr'><strong>vicarios</strong></span> <span class='ocrx_word' id='word_1_541' title='bbox 2995 3665 3220 3718; x_wconf 90' lang='lat' dir='ltr'><strong>eorum;</strong></span> <span class='ocrx_word' id='word_1_542' title='bbox 3257 3628 3591 3716; x_wconf 52' lang='lat' dir='ltr'><strong>acumen-ica</strong></span> <span class='ocrx_word' id='word_1_543' title='bbox 3657 3718 3667 3723; x_wconf 75' lang='grc'><strong>,</strong></span> 
     </span>
    </p>
   </div>
   <div class='ocr_carea' id='block_1_83' title="bbox 2010 3723 3589 3816">
    <p class='ocr_par' dir='ltr' id='par_1_83' title="bbox 2010 3723 3589 3816">
     <span class='ocr_line' id='line_1_83' title="bbox 2010 3723 3589 3816; baseline 0.02 -40"><span class='ocrx_word' id='word_1_544' title='bbox 2010 3723 2155 3776; x_wconf 88' lang='lat' dir='ltr'><strong>enim</strong></span> <span class='ocrx_word' id='word_1_545' title='bbox 2178 3726 2576 3798; x_wconf 89' lang='lat' dir='ltr'><strong>celebrabatur,</strong></span> <span class='ocrx_word' id='word_1_546' title='bbox 2598 3744 2650 3787; x_wconf 86' lang='lat' dir='ltr'><strong>et</strong></span> <span class='ocrx_word' id='word_1_547' title='bbox 2678 3734 2880 3792; x_wconf 85' lang='lat' dir='ltr'><strong>multos</strong></span> <span class='ocrx_word' id='word_1_548' title='bbox 2908 3741 2984 3794; x_wconf 85' lang='lat' dir='ltr'><strong>rei</strong></span> <span class='ocrx_word' id='word_1_549' title='bbox 3008 3751 3172 3799; x_wconf 86' lang='lat' dir='ltr'><strong>testes</strong></span> <span class='ocrx_word' id='word_1_550' title='bbox 3190 3762 3312 3801; x_wconf 89' lang='lat' dir='ltr'><strong>esse</strong></span> <span class='ocrx_word' id='word_1_551' title='bbox 3328 3763 3425 3816; x_wconf 88' lang='lat' dir='ltr'><strong>par</strong></span> <span class='ocrx_word' id='word_1_552' title='bbox 3447 3763 3589 3808; x_wconf 86' lang='lat' dir='ltr'><strong>erat.</strong></span> 
     </span>
    </p>
   </div>
   <div class='ocr_carea' id='block_1_84' title="bbox 2012 3811 3592 3913">
    <p class='ocr_par' dir='ltr' id='par_1_84' title="bbox 2012 3811 3592 3913">
     <span class='ocr_line' id='line_1_84' title="bbox 2012 3811 3592 3913; baseline 0.022 -48"><span class='ocrx_word' id='word_1_553' title='bbox 2012 3811 2094 3913; x_wconf 81' lang='lat' dir='ltr'><strong>Tu</strong></span> <span class='ocrx_word' id='word_1_554' title='bbox 2118 3826 2735 3913; x_wconf 27' lang='lat' dir='ltr'><strong>Aqnoque‘exspectando</strong></span> <span class='ocrx_word' id='word_1_555' title='bbox 2774 3828 2913 3884; x_wconf 89' lang='lat' dir='ltr'><strong>bene</strong></span> <span class='ocrx_word' id='word_1_556' title='bbox 2940 3830 3151 3901; x_wconf 82' lang='lat' dir='ltr'><strong>fecisti;</strong></span> <span class='ocrx_word' id='word_1_557' title='bbox 3184 3811 3390 3893; x_wconf 75' lang='lat' dir='ltr'><strong>utinam</strong></span> <span class='ocrx_word' id='word_1_558' title='bbox 3419 3857 3592 3913; x_wconf 84' lang='lat' dir='ltr'><strong>usque</strong></span> 
     </span>
    </p>
   </div>
   <div class='ocr_carea' id='block_1_85' title="bbox 2010 3904 3589 4001">
    <p class='ocr_par' dir='ltr' id='par_1_85' title="bbox 2010 3904 3589 4001">
     <span class='ocr_line' id='line_1_85' title="bbox 2010 3904 3589 4001; baseline 0.022 -45"><span class='ocrx_word' id='word_1_559' title='bbox 2010 3904 2075 3957; x_wconf 89' lang='lat' dir='ltr'><strong>ad</strong></span> <span class='ocrx_word' id='word_1_560' title='bbox 2114 3904 2275 3961; x_wconf 81' lang='lat' dir='ltr'><strong>tinem</strong></span> <span class='ocrx_word' id='word_1_561' title='bbox 2305 3908 2370 3961; x_wconf 85' lang='lat' dir='ltr'><strong>ad</strong></span> <span class='ocrx_word' id='word_1_562' title='bbox 2400 3912 2630 3968; x_wconf 81' lang='lat' dir='ltr'><strong>salutem</strong></span> <span class='ocrx_word' id='word_1_563' title='bbox 2684 3921 2879 3975; x_wconf 66' lang='lat' dir='ltr'><strong>animae</strong></span> <span class='ocrx_word' id='word_1_564' title='bbox 2914 3932 3019 3978; x_wconf 65' lang='lat' dir='ltr'><strong>tua:</strong></span> <span class='ocrx_word' id='word_1_565' title='bbox 3069 3925 3171 3981; x_wconf 82' lang='lat' dir='ltr'><strong>lioe</strong></span> <span class='ocrx_word' id='word_1_566' title='bbox 3206 3904 3589 4001; x_wconf 62' lang='lat' dir='ltr'><strong>prxstitisses;</strong></span> 
     </span>
    </p>
   </div>
   <div class='ocr_carea' id='block_1_86' title="bbox 2010 3996 3589 4079">
    <p class='ocr_par' dir='ltr' id='par_1_86' title="bbox 2010 3996 3589 4079">
     <span class='ocr_line' id='line_1_86' title="bbox 2010 3996 3589 4079; baseline 0.02 -31"><span class='ocrx_word' id='word_1_567' title='bbox 2010 3996 2273 4064; x_wconf 85' lang='lat' dir='ltr'><strong>Optimum</strong></span> <span class='ocrx_word' id='word_1_568' title='bbox 2304 4000 2505 4071; x_wconf 85' lang='lat' dir='ltr'><strong>quippe</strong></span> <span class='ocrx_word' id='word_1_569' title='bbox 2535 4006 2866 4079; x_wconf 88' lang='lat' dir='ltr'><strong>principium</strong></span> <span class='ocrx_word' id='word_1_570' title='bbox 2895 4012 2960 4066; x_wconf 84' lang='lat' dir='ltr'><strong>ad</strong></span> <span class='ocrx_word' id='word_1_571' title='bbox 2988 3996 3384 4075; x_wconf 82' lang='lat' dir='ltr'><strong>exsecrandum</strong></span> <span class='ocrx_word' id='word_1_572' title='bbox 3429 3996 3589 4078; x_wconf 76' lang='lat' dir='ltr'><strong>Iineui</strong></span> 
     </span>
    </p>
   </div>
   <div class='ocr_carea' id='block_1_87' title="bbox 2010 4087 3131 4173">
    <p class='ocr_par' dir='ltr' id='par_1_87' title="bbox 2010 4087 3131 4173">
     <span class='ocr_line' id='line_1_87' title="bbox 2010 4087 3131 4173; baseline 0.022 -37"><span class='ocrx_word' id='word_1_573' title='bbox 2010 4087 2331 4155; x_wconf 73' lang='lat' dir='ltr'><strong>perduxisti.</strong></span> <span class='ocrx_word' id='word_1_574' title='bbox 2350 4090 2455 4148; x_wconf 88' lang='lat' dir='ltr'><strong>Sed</strong></span> <span class='ocrx_word' id='word_1_575' title='bbox 2488 4097 2769 4156; x_wconf 76' lang='lat' dir='ltr'><strong>videamus</strong></span> <span class='ocrx_word' id='word_1_576' title='bbox 2799 4119 2918 4173; x_wconf 75' lang='lat' dir='ltr'><strong>qua:</strong></span> <span class='ocrx_word' id='word_1_577' title='bbox 2944 4104 3131 4163; x_wconf 81' lang='lat' dir='ltr'><strong>infers.</strong></span> 
     </span>
    </p>
   </div>
   <div class='ocr_carea' id='block_1_88' title="bbox 2679 4279 2925 4339">
    <p class='ocr_par' dir='ltr' id='par_1_88' title="bbox 2679 4279 2925 4339">
     <span class='ocr_line' id='line_1_88' title="bbox 2679 4279 2925 4339; baseline 0.024 -6"><span class='ocrx_word' id='word_1_578' title='bbox 2679 4279 2925 4339; x_wconf 82' lang='lat' dir='ltr'><strong>EPllES.</strong></span> 
     </span>
    </p>
   </div>
   <div class='ocr_carea' id='block_1_89' title="bbox 2081 4282 3589 4456">
    <p class='ocr_par' dir='ltr' id='par_1_89' title="bbox 2081 4282 3589 4456">
     <span class='ocr_line' id='line_1_89' title="bbox 2679 4282 2925 4339; baseline 0.024 -6"><span class='ocrx_word' id='word_1_579' title='bbox 2679 4282 2809 4336; x_wconf 83' lang='lat' dir='ltr'><strong>EPll</strong></span> <span class='ocrx_word' id='word_1_580' title='bbox 2868 4284 2925 4339; x_wconf 89' lang='lat' dir='ltr'><strong>S.</strong></span> 
     </span>
     <span class='ocr_line' id='line_1_90' title="bbox 2081 4283 3589 4456; baseline 0.014 -36"><span class='ocrx_word' id='word_1_581' title='bbox 2081 4366 2316 4423; x_wconf 85' lang='lat' dir='ltr'><strong>Advenit</strong></span> <span class='ocrx_word' id='word_1_582' title='bbox 2360 4372 2719 4426; x_wconf 86' lang='lat' dir='ltr'><strong>constitutum</strong></span> <span class='ocrx_word' id='word_1_583' title='bbox 2778 4283 3029 4445; x_wconf 52' lang='lat' dir='ltr'><strong>terimus;</strong></span> <span class='ocrx_word' id='word_1_584' title='bbox 3066 4381 3221 4436; x_wconf 86' lang='lat' dir='ltr'><strong>multi</strong></span> <span class='ocrx_word' id='word_1_585' title='bbox 3261 4384 3422 4438; x_wconf 88' lang='lat' dir='ltr'><strong>etiam</strong></span> <span class='ocrx_word' id='word_1_586' title='bbox 3454 4384 3589 4456; x_wconf 85' lang='lat' dir='ltr'><strong>lapsi</strong></span> 
     </span>
    </p>
   </div>
   <div class='ocr_carea' id='block_1_90' title="bbox 334 4431 1912 4528">
    <p class='ocr_par' dir='ltr' id='par_1_90' title="bbox 334 4431 1905 4516">
     <span class='ocr_line' id='line_1_91' title="bbox 334 4431 1905 4516; baseline 0.013 -36"><span class='ocrx_word' id='word_1_587' title='bbox 334 4431 495 4500; x_wconf 81' lang='grc' dir='ltr'>ἦλθον</span> <span class='ocrx_word' id='word_1_588' title='bbox 516 4435 619 4503; x_wconf 74' lang='grc' dir='ltr'><strong>ἡμὲ</strong></span> <span class='ocrx_word' id='word_1_589' title='bbox 631 4450 719 4502; x_wconf 79' lang='grc' dir='ltr'><strong>ραι</strong></span> <span class='ocrx_word' id='word_1_590' title='bbox 740 4436 953 4504; x_wconf 68' lang='grc' dir='ltr'>συχναὶ,</span> <span class='ocrx_word' id='word_1_591' title='bbox 985 4439 1078 4492; x_wconf 77' lang='grc' dir='ltr'>καὶ</span> <span class='ocrx_word' id='word_1_592' title='bbox 1110 4438 1266 4508; x_wconf 88' lang='grc' dir='ltr'>μόλις</span> <span class='ocrx_word' id='word_1_593' title='bbox 1289 4442 1627 4513; x_wconf 80' lang='grc' dir='ltr'>συνήλθομεν</span> <span class='ocrx_word' id='word_1_594' title='bbox 1648 4445 1705 4499; x_wconf 72' lang='grc' dir='ltr'>ἐν</span> <span class='ocrx_word' id='word_1_595' title='bbox 1723 4446 1905 4516; x_wconf 81' lang='grc' dir='ltr'>ταυτῷ</span> 
     </span>
    </p>
   </div>
   <div class='ocr_carea' id='block_1_91' title="bbox 2023 4431 3587 4528">
    <p class='ocr_par' dir='ltr' id='par_1_91' title="bbox 2023 4431 3587 4528">
     <span class='ocr_line' id='line_1_92' title="bbox 2023 4431 3587 4528; baseline 0.01 -17"><span class='ocrx_word' id='word_1_596' title='bbox 2023 4469 2139 4511; x_wconf 70' lang='lat' dir='ltr'><strong>sunt</strong></span> <span class='ocrx_word' id='word_1_597' title='bbox 2171 4457 2307 4525; x_wconf 89' lang='lat' dir='ltr'><strong>dies,</strong></span> <span class='ocrx_word' id='word_1_598' title='bbox 2350 4468 2403 4514; x_wconf 91' lang='lat' dir='ltr'><strong>et</strong></span> <span class='ocrx_word' id='word_1_599' title='bbox 2432 4462 2516 4514; x_wconf 81' lang='lat' dir='ltr'><strong>vix</strong></span> <span class='ocrx_word' id='word_1_600' title='bbox 2549 4477 2713 4516; x_wconf 89' lang='lat' dir='ltr'><strong>unum</strong></span> <span class='ocrx_word' id='word_1_601' title='bbox 2742 4463 2795 4516; x_wconf 92' lang='lat' dir='ltr'><strong>in</strong></span> <span class='ocrx_word' id='word_1_602' title='bbox 2824 4464 3001 4519; x_wconf 89' lang='lat' dir='ltr'><strong>locum</strong></span> <span class='ocrx_word' id='word_1_603' title='bbox 3034 4470 3393 4526; x_wconf 84' lang='lat' dir='ltr'><strong>convenimus</strong></span> <span class='ocrx_word' id='word_1_604' title='bbox 3414 4431 3587 4528; x_wconf 61' lang='lat' dir='ltr'><strong>Gr;ci</strong></span> 
     </span>
    </p>
   </div>
   <div class='ocr_carea' id='block_1_92' title="bbox 331 4522 949 4593">
    <p class='ocr_par' dir='ltr' id='par_1_92' title="bbox 331 4522 949 4593">
     <span class='ocr_line' id='line_1_93' title="bbox 331 4522 949 4593; baseline 0.013 -21"><span class='ocrx_word' id='word_1_605' title='bbox 331 4522 553 4593; x_wconf 81' lang='grc' dir='ltr'>ι’ραικοὶ</span> <span class='ocrx_word' id='word_1_606' title='bbox 586 4524 679 4576; x_wconf 83' lang='grc' dir='ltr'>καὶ</span> <span class='ocrx_word' id='word_1_607' title='bbox 711 4528 949 4580; x_wconf 81' lang='grc' dir='ltr'>Λατῖνοι.</span> 
     </span>
    </p>
   </div>
   <div class='ocr_carea' id='block_1_93' title="bbox 1000 4623 1205 4680">
    <p class='ocr_par' dir='ltr' id='par_1_93' title="bbox 1000 4623 1205 4680">
     <span class='ocr_line' id='line_1_94' title="bbox 1000 4623 1205 4680; baseline 0.02 -4"><span class='ocrx_word' id='word_1_608' title='bbox 1000 4623 1205 4680; x_wconf 84' lang='grc' dir='ltr'><strong>ΔΠΟΛ.</strong></span> 
     </span>
    </p>
   </div>
   <div class='ocr_carea' id='block_1_94' title="bbox 418 4706 1899 4796">
    <p class='ocr_par' dir='ltr' id='par_1_94' title="bbox 418 4706 1899 4796">
     <span class='ocr_line' id='line_1_95' title="bbox 418 4706 1899 4796; baseline 0.012 -36"><span class='ocrx_word' id='word_1_609' title='bbox 418 4708 635 4780; x_wconf 77' lang='grc' dir='ltr'>Ἐπειδὴ</span> <span class='ocrx_word' id='word_1_610' title='bbox 687 4706 854 4781; x_wconf 79' lang='grc' dir='ltr'>ἦλθον</span> <span class='ocrx_word' id='word_1_611' title='bbox 902 4714 951 4766; x_wconf 85' lang='grc' dir='ltr'><strong>οἱ</strong></span> <span class='ocrx_word' id='word_1_612' title='bbox 983 4716 1430 4786; x_wconf 84' lang='grc' dir='ltr'>προσδοκώμενοι</span> <span class='ocrx_word' id='word_1_613' title='bbox 1491 4721 1691 4787; x_wconf 68' lang='grc' dir='ltr'>πάντες</span> <span class='ocrx_word' id='word_1_614' title='bbox 1727 4724 1784 4777; x_wconf 73' lang='grc' dir='ltr'>ἐν</span> <span class='ocrx_word' id='word_1_615' title='bbox 1832 4726 1899 4796; x_wconf 77' lang='grc' dir='ltr'>τῇ</span> 
     </span>
    </p>
   </div>
   <div class='ocr_carea' id='block_1_95' title="bbox 334 4798 1900 4885">
    <p class='ocr_par' dir='ltr' id='par_1_95' title="bbox 334 4798 1900 4885">
     <span class='ocr_line' id='line_1_96' title="bbox 334 4798 1900 4885; baseline 0.012 -35"><span class='ocrx_word' id='word_1_616' title='bbox 334 4798 560 4868; x_wconf 82' lang='grc' dir='ltr'>συνόδῳ,</span> <span class='ocrx_word' id='word_1_617' title='bbox 586 4799 693 4852; x_wconf 74' lang='grc' dir='ltr'>ἔδει</span> <span class='ocrx_word' id='word_1_618' title='bbox 724 4800 957 4872; x_wconf 82' lang='grc' dir='ltr'>λυθῆναι</span> <span class='ocrx_word' id='word_1_619' title='bbox 991 4805 1089 4876; x_wconf 79' lang='grc' dir='ltr'>τὴν</span> <span class='ocrx_word' id='word_1_620' title='bbox 1136 4808 1517 4880; x_wconf 79' lang='grc' dir='ltr'>προθεσμίαν,’</span> <span class='ocrx_word' id='word_1_621' title='bbox 1555 4814 1603 4865; x_wconf 85' lang='grc' dir='ltr'><strong>εί</strong></span> <span class='ocrx_word' id='word_1_622' title='bbox 1659 4813 1716 4866; x_wconf 67' lang='grc' dir='ltr'>δὲ</span> <span class='ocrx_word' id='word_1_623' title='bbox 1752 4831 1900 4885; x_wconf 83' lang='grc' dir='ltr'>παρ·</span> 
     </span>
    </p>
   </div>
   <div class='ocr_carea' id='block_1_96' title="bbox 331 4889 1900 4974">
    <p class='ocr_par' dir='ltr' id='par_1_96' title="bbox 331 4889 1900 4974">
     <span class='ocr_line' id='line_1_97' title="bbox 331 4889 1900 4974; baseline 0.014 -34"><span class='ocrx_word' id='word_1_624' title='bbox 331 4889 500 4959; x_wconf 79' lang='grc' dir='ltr'>ἦλθον</span> <span class='ocrx_word' id='word_1_625' title='bbox 529 4896 623 4945; x_wconf 71' lang='grc' dir='ltr'>καὶ</span> <span class='ocrx_word' id='word_1_626' title='bbox 658 4894 795 4961; x_wconf 77' lang='grc' dir='ltr'>μετὰ</span> <span class='ocrx_word' id='word_1_627' title='bbox 820 4895 1000 4950; x_wconf 85' lang='grc' dir='ltr'>ταῦτα</span> <span class='ocrx_word' id='word_1_628' title='bbox 1031 4900 1235 4968; x_wconf 77' lang='grc' dir='ltr'>ἡμέραι</span> <span class='ocrx_word' id='word_1_629' title='bbox 1266 4910 1435 4967; x_wconf 79' lang='grc' dir='ltr'>τινες,</span> <span class='ocrx_word' id='word_1_630' title='bbox 1470 4903 1578 4957; x_wconf 79' lang='grc' dir='ltr'>ἔδει</span> <span class='ocrx_word' id='word_1_631' title='bbox 1614 4908 1708 4960; x_wconf 76' lang='grc' dir='ltr'>καὶ</span> <span class='ocrx_word' id='word_1_632' title='bbox 1742 4910 1900 4974; x_wconf 80' lang='grc' dir='ltr'>γενέ-</span> 
     </span>
    </p>
   </div>
   <div class='ocr_carea' id='block_1_97' title="bbox 332 4985 1904 5063">
    <p class='ocr_par' dir='ltr' id='par_1_97' title="bbox 332 4985 1904 5063">
     <span class='ocr_line' id='line_1_98' title="bbox 332 4985 1904 5063; baseline 0.013 -27"><span class='ocrx_word' id='word_1_633' title='bbox 332 4990 456 5036; x_wconf 77' lang='grc' dir='ltr'>σθαι</span> <span class='ocrx_word' id='word_1_634' title='bbox 536 4985 595 5035; x_wconf 72' lang='grc' dir='ltr'><strong>οὐ</strong></span> <span class='ocrx_word' id='word_1_635' title='bbox 625 4986 733 5055; x_wconf 78' lang='grc' dir='ltr'>γὰρ</span> <span class='ocrx_word' id='word_1_636' title='bbox 762 4986 923 5050; x_wconf 74' lang='grc' dir='ltr'>εὐθὺς</span> <span class='ocrx_word' id='word_1_637' title='bbox 950 4991 1097 5052; x_wconf 74' lang='grc' dir='ltr'>εἰκὸς</span> <span class='ocrx_word' id='word_1_638' title='bbox 1133 4986 1201 5060; x_wconf 74' lang='grc' dir='ltr'>ἦν</span> <span class='ocrx_word' id='word_1_639' title='bbox 1229 4992 1329 5063; x_wconf 80' lang='grc' dir='ltr'>τὴν</span> <span class='ocrx_word' id='word_1_640' title='bbox 1362 4995 1582 5050; x_wconf 85' lang='grc' dir='ltr'>σύνοδον</span> <span class='ocrx_word' id='word_1_641' title='bbox 1624 5001 1904 5056; x_wconf 79' lang='grc' dir='ltr'>συνελθεῖν</span> 
     </span>
    </p>
   </div>
   <div class='ocr_carea' id='block_1_98' title="bbox 333 5072 1901 5150">
    <p class='ocr_par' dir='ltr' id='par_1_98' title="bbox 333 5072 1901 5150">
     <span class='ocr_line' id='line_1_99' title="bbox 333 5072 1901 5150; baseline 0.015 -27"><span class='ocrx_word' id='word_1_642' title='bbox 333 5075 439 5141; x_wconf 69' lang='grc' dir='ltr'>πρὸ</span> <span class='ocrx_word' id='word_1_643' title='bbox 469 5072 560 5127; x_wconf 71' lang='grc' dir='ltr'>τοὲ</span> <span class='ocrx_word' id='word_1_644' title='bbox 599 5075 958 5147; x_wconf 80' lang='grc' dir='ltr'>οἰκονομῆσαι</span> <span class='ocrx_word' id='word_1_645' title='bbox 1016 5081 1145 5143; x_wconf 75' lang='grc' dir='ltr'>τοὺς</span> <span class='ocrx_word' id='word_1_646' title='bbox 1194 5084 1411 5150; x_wconf 80' lang='grc' dir='ltr'>τόπους,</span> <span class='ocrx_word' id='word_1_647' title='bbox 1464 5092 1557 5140; x_wconf 84' lang='grc' dir='ltr'>καὶ</span> <span class='ocrx_word' id='word_1_648' title='bbox 1607 5092 1677 5142; x_wconf 73' lang='grc' dir='ltr'>τὰ</span> <span class='ocrx_word' id='word_1_649' title='bbox 1712 5093 1901 5145; x_wconf 82' lang='grc' dir='ltr'>καθίσ-</span> 
     </span>
    </p>
   </div>
   <div class='ocr_carea' id='block_1_99' title="bbox 333 5168 1902 5253">
    <p class='ocr_par' dir='ltr' id='par_1_99' title="bbox 333 5168 1902 5253">
     <span class='ocr_line' id='line_1_100' title="bbox 333 5168 1902 5253; baseline 0.014 -37"><span class='ocrx_word' id='word_1_650' title='bbox 333 5182 504 5234; x_wconf 83' lang='grc' dir='ltr'>ματα,</span> <span class='ocrx_word' id='word_1_651' title='bbox 543 5168 634 5219; x_wconf 71' lang='grc' dir='ltr'>καὶ</span> <span class='ocrx_word' id='word_1_652' title='bbox 671 5171 767 5230; x_wconf 76' lang='grc' dir='ltr'>τὰς</span> <span class='ocrx_word' id='word_1_653' title='bbox 798 5170 965 5238; x_wconf 75' lang='grc' dir='ltr'>τιμὰς</span> <span class='ocrx_word' id='word_1_654' title='bbox 1000 5173 1109 5225; x_wconf 85' lang='grc' dir='ltr'>τῶν</span> <span class='ocrx_word' id='word_1_655' title='bbox 1168 5178 1488 5243; x_wconf 84' lang='grc' dir='ltr'>προσώπων</span> <span class='ocrx_word' id='word_1_656' title='bbox 1530 5181 1731 5236; x_wconf 72' lang='grc' dir='ltr'>διδόναι</span> <span class='ocrx_word' id='word_1_657' title='bbox 1794 5185 1902 5253; x_wconf 82' lang='grc' dir='ltr'>πρὸ</span> 
     </span>
    </p>
   </div>
   <div class='ocr_carea' id='block_1_100' title="bbox 326 5248 1900 5344">
    <p class='ocr_par' dir='ltr' id='par_1_100' title="bbox 328 5257 1900 5344">
     <span class='ocr_line' id='line_1_101' title="bbox 328 5257 1900 5344; baseline 0.015 -35"><span class='ocrx_word' id='word_1_658' title='bbox 328 5257 432 5326; x_wconf 68' lang='grc' dir='ltr'>τῆς</span> <span class='ocrx_word' id='word_1_659' title='bbox 485 5260 785 5329; x_wconf 18' lang='grc' dir='ltr'>ὲνάρξεωςηο</span> <span class='ocrx_word' id='word_1_660' title='bbox 840 5263 925 5316; x_wconf 88' lang='grc' dir='ltr'><strong>ῖνα</strong></span> <span class='ocrx_word' id='word_1_661' title='bbox 963 5265 1037 5336; x_wconf 79' lang='grc' dir='ltr'>μὴ</span> <span class='ocrx_word' id='word_1_662' title='bbox 1099 5269 1155 5319; x_wconf 82' lang='grc' dir='ltr'>ὲν</span> <span class='ocrx_word' id='word_1_663' title='bbox 1195 5274 1257 5338; x_wconf 75' lang='grc' dir='ltr'>τῇ</span> <span class='ocrx_word' id='word_1_664' title='bbox 1317 5274 1631 5329; x_wconf 78' lang='grc' dir='ltr'>συνελευσει</span> <span class='ocrx_word' id='word_1_665' title='bbox 1688 5278 1900 5344; x_wconf 80' lang='grc' dir='ltr'>γένοιτο</span> 
     </span>
    </p>
   </div>
   <div class='ocr_carea' id='block_1_101' title="bbox 330 5348 1893 5438">
    <p class='ocr_par' dir='ltr' id='par_1_101' title="bbox 330 5348 1893 5438">
     <span class='ocr_line' id='line_1_102' title="bbox 330 5348 1893 5438; baseline 0.015 -36"><span class='ocrx_word' id='word_1_666' title='bbox 330 5348 577 5416; x_wconf 75' lang='grc' dir='ltr'>θόρυϐος,</span> <span class='ocrx_word' id='word_1_667' title='bbox 609 5351 748 5422; x_wconf 74' lang='grc' dir='ltr'>ὅπερ</span> <span class='ocrx_word' id='word_1_668' title='bbox 779 5358 843 5406; x_wconf 76' lang='grc' dir='ltr'>σὺ</span> <span class='ocrx_word' id='word_1_669' title='bbox 896 5357 1061 5419; x_wconf 66' lang='grc' dir='ltr'>αὐτὸς</span> <span class='ocrx_word' id='word_1_670' title='bbox 1105 5361 1371 5429; x_wconf 79' lang='grc' dir='ltr'>ἔπραξας.</span> <span class='ocrx_word' id='word_1_671' title='bbox 1410 5365 1587 5419; x_wconf 75' lang='grc' dir='ltr'>Τόπον</span> <span class='ocrx_word' id='word_1_672' title='bbox 1641 5370 1750 5438; x_wconf 85' lang='grc' dir='ltr'>γὰρ</span> <span class='ocrx_word' id='word_1_673' title='bbox 1784 5372 1893 5424; x_wconf 81' lang='grc' dir='ltr'>τῶν</span> 
     </span>
    </p>
   </div>
   <div class='ocr_carea' id='block_1_102' title="bbox 340 5442 1895 5533">
    <p class='ocr_par' dir='ltr' id='par_1_102' title="bbox 340 5442 1895 5533">
     <span class='ocr_line' id='line_1_103' title="bbox 340 5442 1895 5533; baseline 0.017 -41"><span class='ocrx_word' id='word_1_674' title='bbox 340 5442 730 5512; x_wconf 73' lang='grc' dir='ltr'>Ἰεροσολύμων</span> <span class='ocrx_word' id='word_1_675' title='bbox 761 5447 993 5517; x_wconf 62' lang='grc' dir='ltr'>ὲπέιων,</span> <span class='ocrx_word' id='word_1_676' title='bbox 1021 5452 1168 5516; x_wconf 81' lang='grc' dir='ltr'>ὅστις</span> <span class='ocrx_word' id='word_1_677' title='bbox 1213 5457 1461 5524; x_wconf 73' lang='grc' dir='ltr'>πέμπτος</span> <span class='ocrx_word' id='word_1_678' title='bbox 1496 5460 1733 5532; x_wconf 81' lang='grc' dir='ltr'>ὑπάρχει</span> <span class='ocrx_word' id='word_1_679' title='bbox 1766 5468 1895 5533; x_wconf 50' lang='lat'><strong>096:-</strong></span> 
     </span>
    </p>
   </div>
   <div class='ocr_carea' id='block_1_103' title="bbox 328 5536 1892 5619">
    <p class='ocr_par' dir='ltr' id='par_1_103' title="bbox 328 5536 1892 5619">
     <span class='ocr_line' id='line_1_104' title="bbox 328 5536 1892 5619; baseline 0.017 -35"><span class='ocrx_word' id='word_1_680' title='bbox 328 5550 437 5597; x_wconf 86' lang='grc' dir='ltr'>νος,</span> <span class='ocrx_word' id='word_1_681' title='bbox 475 5536 553 5596; x_wconf 77' lang='grc' dir='ltr'><strong>είς</strong></span> <span class='ocrx_word' id='word_1_682' title='bbox 605 5536 694 5587; x_wconf 79' lang='grc' dir='ltr'><strong>τὸν</strong></span> <span class='ocrx_word' id='word_1_683' title='bbox 746 5538 839 5589; x_wconf 75' lang='grc' dir='ltr'><strong>τοῦ</strong></span> <span class='ocrx_word' id='word_1_684' title='bbox 894 5542 1298 5616; x_wconf 73' lang='grc' dir='ltr'>Ἀλεξανδρείας</span> <span class='ocrx_word' id='word_1_685' title='bbox 1344 5550 1624 5618; x_wconf 66' lang='grc' dir='ltr'>ὲκάθισας,</span> <span class='ocrx_word' id='word_1_686' title='bbox 1670 5555 1728 5619; x_wconf 83' lang='grc' dir='ltr'>ὃς</span> <span class='ocrx_word' id='word_1_687' title='bbox 1777 5559 1892 5611; x_wconf 73' lang='grc' dir='ltr'>ὲττι</span> 
     </span>
    </p>
   </div>
   <div class='ocr_carea' id='block_1_104' title="bbox 402 5717 868 5788">
    <p class='ocr_par' dir='ltr' id='par_1_104' title="bbox 402 5717 868 5788">
     <span class='ocr_line' id='line_1_105' title="bbox 402 5717 868 5788; baseline 0.019 -19"><span class='ocrx_word' id='word_1_688' title='bbox 402 5717 421 5747; x_wconf 91' lang='grc'><strong><em>³</em></strong></span> <span class='ocrx_word' id='word_1_689' title='bbox 456 5718 608 5773; x_wconf 78' lang='lat' dir='ltr'><strong>lium.</strong></span> <span class='ocrx_word' id='word_1_690' title='bbox 647 5737 739 5788; x_wconf 71' lang='lat' dir='ltr'><strong>an,</strong></span> <span class='ocrx_word' id='word_1_691' title='bbox 786 5725 868 5780; x_wconf 81' lang='grc' dir='ltr'><strong>ιο.</strong></span> 
     </span>
    </p>
   </div>
   <div class='ocr_carea' id='block_1_105' title="bbox 2007 4547 2391 4620">
    <p class='ocr_par' dir='ltr' id='par_1_105' title="bbox 2007 4547 2391 4620">
     <span class='ocr_line' id='line_1_106' title="bbox 2007 4547 2391 4620; baseline 0.008 -18"><span class='ocrx_word' id='word_1_692' title='bbox 2007 4559 2168 4620; x_wconf 88' lang='lat' dir='ltr'><strong>atque</strong></span> <span class='ocrx_word' id='word_1_693' title='bbox 2194 4547 2391 4605; x_wconf 87' lang='lat' dir='ltr'><strong>Latini.</strong></span> 
     </span>
    </p>
   </div>
   <div class='ocr_carea' id='block_1_106' title="bbox 2698 4642 2901 4704">
    <p class='ocr_par' dir='ltr' id='par_1_106' title="bbox 2698 4642 2901 4704">
     <span class='ocr_line' id='line_1_107' title="bbox 2698 4642 2901 4704; baseline 0.025 -5"><span class='ocrx_word' id='word_1_694' title='bbox 2698 4642 2901 4704; x_wconf 76' lang='lat' dir='ltr'><strong>RESP.</strong></span> 
     </span>
    </p>
   </div>
   <div class='ocr_carea' id='block_1_107' title="bbox 2076 4733 3589 4812">
    <p class='ocr_par' dir='ltr' id='par_1_107' title="bbox 2076 4733 3589 4812">
     <span class='ocr_line' id='line_1_108' title="bbox 2076 4733 3589 4812; baseline 0.014 -24"><span class='ocrx_word' id='word_1_695' title='bbox 2076 4733 2436 4806; x_wconf 77' lang='lat' dir='ltr'><strong>Posteaquam</strong></span> <span class='ocrx_word' id='word_1_696' title='bbox 2471 4752 2659 4793; x_wconf 86' lang='lat' dir='ltr'><strong>omnes</strong></span> <span class='ocrx_word' id='word_1_697' title='bbox 2686 4740 2780 4808; x_wconf 87' lang='lat' dir='ltr'><strong>qui</strong></span> <span class='ocrx_word' id='word_1_698' title='bbox 2825 4744 3291 4812; x_wconf 72' lang='lat' dir='ltr'><strong>exspemabantur</strong></span> <span class='ocrx_word' id='word_1_699' title='bbox 3328 4763 3589 4809; x_wconf 81' lang='lat' dir='ltr'><strong>venerunt</strong></span> 
     </span>
    </p>
   </div>
   <div class='ocr_carea' id='block_1_108' title="bbox 2006 4826 3589 4905">
    <p class='ocr_par' dir='ltr' id='par_1_108' title="bbox 2006 4826 3589 4905">
     <span class='ocr_line' id='line_1_109' title="bbox 2006 4826 3589 4905; baseline 0.014 -25"><span class='ocrx_word' id='word_1_700' title='bbox 2006 4826 2072 4881; x_wconf 91' lang='lat' dir='ltr'><strong>ad</strong></span> <span class='ocrx_word' id='word_1_701' title='bbox 2111 4830 2402 4898; x_wconf 84' lang='lat' dir='ltr'><strong>synodum,</strong></span> <span class='ocrx_word' id='word_1_702' title='bbox 2449 4830 2702 4899; x_wconf 65' lang='lat' dir='ltr'><strong>praeliniti</strong></span> <span class='ocrx_word' id='word_1_703' title='bbox 2737 4838 3000 4905; x_wconf 90' lang='lat' dir='ltr'><strong>temporis</strong></span> <span class='ocrx_word' id='word_1_704' title='bbox 3044 4840 3316 4898; x_wconf 86' lang='lat' dir='ltr'><strong>terminus</strong></span> <span class='ocrx_word' id='word_1_705' title='bbox 3345 4854 3464 4899; x_wconf 85' lang='lat' dir='ltr'><strong>erat</strong></span> <span class='ocrx_word' id='word_1_706' title='bbox 3490 4848 3589 4901; x_wconf 87' lang='lat' dir='ltr'><strong>tol-</strong></span> 
     </span>
    </p>
   </div>
   <div class='ocr_carea' id='block_1_109' title="bbox 2011 4920 3587 5005">
    <p class='ocr_par' dir='ltr' id='par_1_109' title="bbox 2011 4920 3587 5005">
     <span class='ocr_line' id='line_1_110' title="bbox 2011 4920 3587 5005; baseline 0.013 -32"><span class='ocrx_word' id='word_1_707' title='bbox 2011 4920 2249 4976; x_wconf 87' lang='lat' dir='ltr'><strong>lendus:</strong></span> <span class='ocrx_word' id='word_1_708' title='bbox 2293 4923 2435 4991; x_wconf 91' lang='lat' dir='ltr'><strong>quod</strong></span> <span class='ocrx_word' id='word_1_709' title='bbox 2462 4924 2505 4976; x_wconf 85' lang='lat' dir='ltr'><strong>si</strong></span> <span class='ocrx_word' id='word_1_710' title='bbox 2546 4923 2664 4980; x_wconf 91' lang='lat' dir='ltr'><strong>dies</strong></span> <span class='ocrx_word' id='word_1_711' title='bbox 2707 4927 2869 4982; x_wconf 87' lang='lat' dir='ltr'><strong>etiam</strong></span> <span class='ocrx_word' id='word_1_712' title='bbox 2934 4931 3139 5001; x_wconf 86' lang='lat' dir='ltr'><strong>aliquot</strong></span> <span class='ocrx_word' id='word_1_713' title='bbox 3178 4933 3451 5005; x_wconf 71' lang='lat' dir='ltr'><strong>eﬂIusere,</strong></span> <span class='ocrx_word' id='word_1_714' title='bbox 3482 4938 3587 4993; x_wconf 88' lang='lat' dir='ltr'><strong>idi-</strong></span> 
     </span>
    </p>
   </div>
   <div class='ocr_carea' id='block_1_110' title="bbox 2007 5016 3581 5093">
    <p class='ocr_par' dir='ltr' id='par_1_110' title="bbox 2007 5016 3581 5093">
     <span class='ocr_line' id='line_1_111' title="bbox 2007 5016 3581 5093; baseline 0.01 -26"><span class='ocrx_word' id='word_1_715' title='bbox 2007 5028 2166 5083; x_wconf 87' lang='lat' dir='ltr'><strong>psum</strong></span> <span class='ocrx_word' id='word_1_716' title='bbox 2194 5029 2414 5085; x_wconf 84' lang='lat' dir='ltr'><strong>quoque</strong></span> <span class='ocrx_word' id='word_1_717' title='bbox 2448 5016 2561 5070; x_wconf 89' lang='lat' dir='ltr'><strong>lieri</strong></span> <span class='ocrx_word' id='word_1_718' title='bbox 2615 5032 2754 5088; x_wconf 88' lang='lat' dir='ltr'><strong>opus</strong></span> <span class='ocrx_word' id='word_1_719' title='bbox 2806 5030 2943 5076; x_wconf 84' lang='lat' dir='ltr'><strong>erat.</strong></span> <span class='ocrx_word' id='word_1_720' title='bbox 2973 5023 3161 5093; x_wconf 76' lang='lat' dir='ltr'><strong>Neque</strong></span> <span class='ocrx_word' id='word_1_721' title='bbox 3218 5027 3363 5080; x_wconf 85' lang='lat' dir='ltr'><strong>enim</strong></span> <span class='ocrx_word' id='word_1_722' title='bbox 3398 5029 3581 5083; x_wconf 88' lang='lat' dir='ltr'><strong>statim</strong></span> 
     </span>
    </p>
   </div>
   <div class='ocr_carea' id='block_1_111' title="bbox 2011 5107 3588 5182">
    <p class='ocr_par' dir='ltr' id='par_1_111' title="bbox 2011 5107 3588 5182">
     <span class='ocr_line' id='line_1_112' title="bbox 2011 5107 3588 5182; baseline 0.008 -21"><span class='ocrx_word' id='word_1_723' title='bbox 2011 5107 2306 5161; x_wconf 82' lang='lat' dir='ltr'><strong>convenire</strong></span> <span class='ocrx_word' id='word_1_724' title='bbox 2336 5107 2560 5162; x_wconf 87' lang='lat' dir='ltr'><strong>decebat</strong></span> <span class='ocrx_word' id='word_1_725' title='bbox 2592 5111 2863 5179; x_wconf 83' lang='lat' dir='ltr'><strong>synodum</strong></span> <span class='ocrx_word' id='word_1_726' title='bbox 2896 5122 3184 5182; x_wconf 86' lang='lat' dir='ltr'><strong>antequam</strong></span> <span class='ocrx_word' id='word_1_727' title='bbox 3208 5115 3323 5170; x_wconf 82' lang='lat' dir='ltr'><strong>loca</strong></span> <span class='ocrx_word' id='word_1_728' title='bbox 3348 5128 3401 5171; x_wconf 90' lang='lat' dir='ltr'><strong>et</strong></span> <span class='ocrx_word' id='word_1_729' title='bbox 3430 5118 3588 5174; x_wconf 82' lang='lat' dir='ltr'><strong>sedes</strong></span> 
     </span>
    </p>
   </div>
   <div class='ocr_carea' id='block_1_112' title="bbox 2004 5200 3585 5273">
    <p class='ocr_par' dir='ltr' id='par_1_112' title="bbox 2004 5200 3585 5273">
     <span class='ocr_line' id='line_1_113' title="bbox 2004 5200 3585 5273; baseline 0.008 -21"><span class='ocrx_word' id='word_1_730' title='bbox 2004 5210 2354 5270; x_wconf 84' lang='lat' dir='ltr'><strong>pararentur,</strong></span> <span class='ocrx_word' id='word_1_731' title='bbox 2378 5210 2457 5253; x_wconf 18' lang='lat' dir='ltr'><strong>ret</strong></span> <span class='ocrx_word' id='word_1_732' title='bbox 2492 5200 2665 5257; x_wconf 84' lang='lat' dir='ltr'><strong>honor</strong></span> <span class='ocrx_word' id='word_1_733' title='bbox 2717 5205 2965 5273; x_wconf 82' lang='lat' dir='ltr'><strong>personis</strong></span> <span class='ocrx_word' id='word_1_734' title='bbox 2999 5204 3326 5261; x_wconf 86' lang='lat' dir='ltr'><strong>tribueretur</strong></span> <span class='ocrx_word' id='word_1_735' title='bbox 3349 5216 3475 5263; x_wconf 89' lang='lat' dir='ltr'><strong>ante</strong></span> <span class='ocrx_word' id='word_1_736' title='bbox 3500 5208 3585 5264; x_wconf 85' lang='lat' dir='ltr'><strong>in-</strong></span> 
     </span>
    </p>
   </div>
   <div class='ocr_carea' id='block_1_113' title="bbox 2007 5292 3583 5369">
    <p class='ocr_par' dir='ltr' id='par_1_113' title="bbox 2007 5292 3583 5369">
     <span class='ocr_line' id='line_1_114' title="bbox 2007 5292 3583 5369; baseline 0.006 -24"><span class='ocrx_word' id='word_1_737' title='bbox 2007 5292 2331 5360; x_wconf 83' lang='lat' dir='ltr'><strong>ceptionem,</strong></span> <span class='ocrx_word' id='word_1_738' title='bbox 2367 5307 2433 5348; x_wconf 90' lang='lat' dir='ltr'><strong>ne</strong></span> <span class='ocrx_word' id='word_1_739' title='bbox 2455 5294 2609 5349; x_wconf 82' lang='lat' dir='ltr'><strong>ﬁeret</strong></span> <span class='ocrx_word' id='word_1_740' title='bbox 2642 5296 2695 5349; x_wconf 92' lang='lat' dir='ltr'><strong>in</strong></span> <span class='ocrx_word' id='word_1_741' title='bbox 2727 5307 2998 5351; x_wconf 85' lang='lat' dir='ltr'><strong>conventu</strong></span> <span class='ocrx_word' id='word_1_742' title='bbox 3035 5296 3323 5362; x_wconf 81' lang='lat' dir='ltr'><strong>tumultus,</strong></span> <span class='ocrx_word' id='word_1_743' title='bbox 3357 5302 3503 5369; x_wconf 90' lang='lat' dir='ltr'><strong>quod</strong></span> <span class='ocrx_word' id='word_1_744' title='bbox 3530 5310 3583 5354; x_wconf 92' lang='lat' dir='ltr'><strong>tu</strong></span> 
     </span>
    </p>
   </div>
   <div class='ocr_carea' id='block_1_114' title="bbox 2006 5384 3586 5463">
    <p class='ocr_par' dir='ltr' id='par_1_114' title="bbox 2006 5384 3586 5463">
     <span class='ocr_line' id='line_1_115' title="bbox 2006 5384 3586 5463; baseline 0.006 -25"><span class='ocrx_word' id='word_1_745' title='bbox 2006 5384 2207 5438; x_wconf 80' lang='lat' dir='ltr'><strong>fecisti.</strong></span> <span class='ocrx_word' id='word_1_746' title='bbox 2234 5384 2368 5439; x_wconf 85' lang='lat' dir='ltr'><strong>Cum</strong></span> <span class='ocrx_word' id='word_1_747' title='bbox 2415 5390 2559 5441; x_wconf 85' lang='lat' dir='ltr'><strong>cnim</strong></span> <span class='ocrx_word' id='word_1_748' title='bbox 2606 5388 2753 5444; x_wconf 87' lang='lat' dir='ltr'><strong>sedis</strong></span> <span class='ocrx_word' id='word_1_749' title='bbox 2800 5387 3304 5460; x_wconf 67' lang='lat' dir='ltr'><strong>Ilierosolymitanae</strong></span> <span class='ocrx_word' id='word_1_750' title='bbox 3368 5407 3586 5463; x_wconf 78' lang='lat' dir='ltr'><strong>gereres</strong></span> 
     </span>
    </p>
   </div>
   <div class='ocr_carea' id='block_1_115' title="bbox 2005 5478 3584 5552">
    <p class='ocr_par' dir='ltr' id='par_1_115' title="bbox 2005 5478 3584 5552">
     <span class='ocr_line' id='line_1_116' title="bbox 2005 5478 3584 5552; baseline 0.008 -24"><span class='ocrx_word' id='word_1_751' title='bbox 2005 5478 2172 5543; x_wconf 83' lang='lat' dir='ltr'><strong>vices,</strong></span> <span class='ocrx_word' id='word_1_752' title='bbox 2206 5493 2328 5546; x_wconf 76' lang='lat' dir='ltr'><strong>quze</strong></span> <span class='ocrx_word' id='word_1_753' title='bbox 2351 5481 2539 5547; x_wconf 88' lang='lat' dir='ltr'><strong>quinta</strong></span> <span class='ocrx_word' id='word_1_754' title='bbox 2565 5488 2666 5546; x_wconf 89' lang='lat' dir='ltr'><strong>est,</strong></span> <span class='ocrx_word' id='word_1_755' title='bbox 2697 5479 2873 5534; x_wconf 89' lang='lat' dir='ltr'><strong>locum</strong></span> <span class='ocrx_word' id='word_1_756' title='bbox 2900 5484 3179 5552; x_wconf 84' lang='lat' dir='ltr'><strong>occupasti</strong></span> <span class='ocrx_word' id='word_1_757' title='bbox 3204 5483 3584 5540; x_wconf 73' lang='lat' dir='ltr'><strong>Alesamlrina:</strong></span> 
     </span>
    </p>
   </div>
   <div class='ocr_carea' id='block_1_116' title="bbox 2003 5571 3582 5639">
    <p class='ocr_par' dir='ltr' id='par_1_116' title="bbox 2003 5571 3582 5639">
     <span class='ocr_line' id='line_1_117' title="bbox 2003 5571 3582 5639; baseline 0.009 -22"><span class='ocrx_word' id='word_1_758' title='bbox 2003 5582 2123 5636; x_wconf 60' lang='lat' dir='ltr'><strong>qtae</strong></span> <span class='ocrx_word' id='word_1_759' title='bbox 2178 5571 2336 5624; x_wconf 85' lang='lat' dir='ltr'><strong>tertia</strong></span> <span class='ocrx_word' id='word_1_760' title='bbox 2383 5580 2467 5624; x_wconf 90' lang='lat' dir='ltr'><strong>est</strong></span> <span class='ocrx_word' id='word_1_761' title='bbox 2496 5590 2508 5622; x_wconf 94' lang='lat'><strong>:</strong></span> <span class='ocrx_word' id='word_1_762' title='bbox 2540 5586 2776 5639; x_wconf 85' lang='lat' dir='ltr'><strong>cumque</strong></span> <span class='ocrx_word' id='word_1_763' title='bbox 2815 5573 3219 5629; x_wconf 75' lang='lat' dir='ltr'><strong>Alexandrinus</strong></span> <span class='ocrx_word' id='word_1_764' title='bbox 3264 5590 3365 5631; x_wconf 89' lang='lat' dir='ltr'><strong>suo</strong></span> <span class='ocrx_word' id='word_1_765' title='bbox 3422 5576 3582 5632; x_wconf 81' lang='lat' dir='ltr'><strong>vellet</strong></span> 
     </span>
    </p>
   </div>
  </div>
