4022 6196
298 292 437 355 1033

1324 297 1760 363 REFUTATIO
1803 299 2042 358 MARCI
2082 298 2471 363 EPllESlNl.

3407 310 3537 372 1034

290 411 382 463 νῦν
411 410 511 463 οὐκ
568 409 879 463 ἐπαύσαντο
934 408 1115 463 πάντα
1179 410 1327 464 λίθον
1383 415 1661 478 κινοῦντες
1718 415 1844 467 κατέ

1968 429 2183 468 omnem
2218 431 2432 471 movere
2471 416 2725 484 lapidem,
2763 424 2815 471 et
2858 417 3085 473 dicenda
3122 420 3459 490 tacendaque
3485 426 3535 478 in

290 503 558 566 Λατίνων,
594 504 687 557 κοιλ⁵
717 506 857 574 ῥητὰ
892 506 988 558 καὶ
1020 506 1237 577 ἀρῤητα
1269 508 1391 560 κατ’
1446 509 1626 561 αὐτῶν
1658 511 1813 578 ἐμεῖν
1846 526 1860 540 ’

286 596 380 648 καὶ
413 594 537 647 οὔτε
594 596 754 665 (9662;
810 598 967 661 Θεοῦ,
1004 598 1129 651 οὔτε
1178 599 1529 669 πολυχρόνιος
1569 601 1822 663 ἔνστασις
1846 644 1861 667 ,

283 687 407 741 οὔτε
435 689 655 751 σύνοδος
684 691 1062 761 οἱκουμενικὴ,
1099 690 1214 744 οὒτ’
1239 692 1379 760 αὐτὴ
1419 693 1452 763 ἡ
1484 694 1717 763 ἀλήθεια
1735 696 1863 764 ἡδυ-

286 782 422 850 νήθη
457 784 647 833 πεῖσαι
682 782 906 844 αύτούς.
948 783 1345 851 Ἀπελογοῢντο
1390 785 1448 838 δέ
1486 803 1571 839 σοι
1617 787 1709 840 διὰ
1764 787 1859 840 τοῦ

284 876 723 944 ἀρχιεπισκόπου
778 875 985 941 Ῥόδου,
1013 877 1327 940 δεικνύντες
1355 878 1527 947 ψευδῆ
1559 873 1860 949 εἷναιὸιπερ

281 968 488 1031 ἔλεγες
512 968 586 1030 ὡς
602 969 701 1038 οὐχ
721 971 756 1039 ἡ
793 970 1087 1039 Ἐκκλησία
1104 972 1203 1041 τῆς
1232 970 1474 1043 Ῥώμης,
1500 972 1609 1025 οὐδ’
1634 976 1664 1043 ἠ
1692 991 1859 1042 προσ-

285 1059 429 1127 θήκη
461 1059 611 1112 αἰτία
653 1062 750 1128 τῆς
777 1059 1094 1130 διαιρέσεὼς
1117 1079 1175 1114 τε
1201 1062 1294 1116 καὶ
1319 1064 1498 1133 μάχης
1521 1060 1609 1135 ἦν·
1646 1066 1777 1118 διότι
1797 1066 1857 1117 ού

284 1152 448 1220 μόνον
471 1152 577 1219 πρὸ
600 1152 896 1222 σχίσματος
936 1153 1048 1205 τῶν
1091 1155 1397 1224 ἐκκλησιῶν
1421 1158 1478 1208 ὲν
1499 1156 1577 1224 τῷ
1599 1158 1858 1227 Συμϐόλῳ

281 1242 625 1312 ἡπροσθήκη
654 1244 837 1311 ἐτέθη,
874 1243 1009 1297 ἀλλά
1040 1246 1133 1298 καὶ
1174 1248 1280 1315 πρὸ
1313 1247 1424 1303 τῶν
1456 1249 1857 1316 οἰκουμενικῶν

281 1334 539 1398 συνόδων,
578 1336 677 1404 τῆς
702 1335 939 1405 ἑϐδόμης
969 1337 1114 1406 φημὶ⁸
1150 1340 1241 1392 καὶ
1278 1340 1375 1408 τῆς
1407 1341 1594 1411 ἕκτης,
1627 1344 1700 1404 ὡς
1718 1360 1857 1415 μαρ-

278 1426 487 1493 τυρεῖὸ
518 1425 859 1494 όμολογητὴς
913 1426 1168 1496 Μάξιμος
1217 1429 1275 1481 ἐν
1306 1432 1370 1499 τῇ
1430 1431 1567 1501 πρὸς
1610 1433 1855 1501 Μαρῖνον

275 1516 366 1567 τὸν
431 1516 804 1587 πρεσϐύτερον
864 1520 1094 1589 Κύπρου
1144 1522 1445 1591 ὲπιστολῇθ
1502 1525 1598 1577 καὶ
1632 1525 1693 1577 ού
1747 1527 1854 1594 πρὸ

280 1608 487 1660 τούτων
548 1609 733 1677 μόνον,
779 1610 854 1673 ὼς
911 1612 1151 1681 εἴρηται,
1201 1613 1314 1665 ἀλλ’
1342 1613 1504 1677 εὐθὺς
1555 1616 1694 1685 μετὰ
1750 1618 1850 1687 τὴν

274 1700 538 1769 δευτέραν
596 1698 811 1753 σύνοδον
859 1702 916 1753 ὲν
970 1702 1047 1771 τῷ
1109 1703 1283 1774 καιρῷ
1328 1705 1585 1773 Δαμάσου
1625 1709 1848 1776 πάππα,

275 1792 349 1853 ὡς
379 1794 650 1862 μαρτυρεῖ
674 1792 951 1863 Γεὼργιος
983 1794 1285 1862 Ἀριστινὸς
1311 1800 1338 1849 ὁ
1369 1798 1659 1865 ἱστορικός.
1688 1801 1852 1854 Ὥστε

276 1884 527 1939 ἐντεῦθεν
567 1886 921 1955 ἐλεγχόμενος
952 1886 1119 1957 φαίνῃ
1165 1887 1331 1956 μηδὲν
1372 1889 1575 1957 ἀληθὲς
1609 1890 1791 1959 λέγων
1825 1908 1840 1923 ο

280 1977 527 2030 dii/3068’
578 1978 925 2049 ἡπροσθήκη
978 1979 1201 2045 γέγονεν
1243 1980 1392 2033 αἰτία
1422 1980 1519 2034 τοῦ
1579 1984 1855 2054 διαιρεθῆ-

277 2086 365 2122 ναι
424 2068 522 2130 τὰς
576 2068 895 2138 ἐκκλησίας.
930 2069 994 2121 Εἰ
1050 2070 1148 2137 μὲν
1210 2070 1321 2142 γάρ
1368 2073 1427 2125 τὸ
1472 2074 1679 2142 σχίσμα
1734 2076 1852 2128 ὲστὶ

278 2160 417 2229 μετά
447 2160 547 2229 τὴν
595 2161 831 2231 ἑϐδόμην
858 2161 1099 2222 σύνοδον,
1148 2163 1244 2215 καὶ
1277 2163 1457 2234 πολλῷ
1495 2166 1666 2219 πλείω
1699 2166 1852 2221 ὔστε-

280 2272 371 2323 ρον
404 2253 630 2322 ταύτης,
666 2256 698 2324 ἡ
725 2255 781 2307 δὲ
817 2255 1109 2324 προσθήκη
1144 2255 1252 2307 ἀπὸ
1282 2259 1381 2325 τῆς
1408 2258 1666 2327 δευτέρας
1691 2261 1849 2327 γέγο-

274 2361 388 2409 νεν,
418 2347 474 2398 αἱ
500 2346 544 2398 δ’
573 2346 858 2415 ὲκιλησίαι
894 2348 1171 2417 ἡνωμέναι
1223 2342 1361 2417 ἦσαν
1395 2349 1558 2417 μέχρι
1624 2350 1714 2402 καὶ
1752 2351 1849 2418 τῆς

270 2438 529 2506 ἑϐδόμης,
582 2440 673 2491 καὶ
719 2439 821 2492 οὐκ
855 2439 1146 2493 ἐνεκάλουν
1184 2440 1446 2509 ἀλλήλαις
1483 2440 1669 2494 ἕνεκεν
1726 2441 1849 2494 τού-

270 2548 367 2583 του
392 2548 407 2562 *
442 2532 557 2595 πῶς
586 2534 618 2601 ἡ
660 2532 953 2602 προσθήκη
980 2532 1128 2585 αἰτία
1160 2533 1351 2599 γέγονε
1384 2533 1482 2603 τῆς
1504 2534 1848 2603 διαιρέσεως;

271 2624 489 2676 Μᾶλλον
542 2624 598 2676 δὲ
648 2624 929 2677 δείκνυται
991 2624 1099 2677 ἀπὸ
1159 2625 1391 2687 τούτου,
1459 2626 1543 2678 ὃτι
1603 2626 1849 2696 ἐδέχοντο

269 2716 319 2767 oi
355 2716 691 2770 ἁνατολικοὶ·
716 2718 813 2785 τὴν
854 2716 1157 2787 σαφήνειαν
1184 2716 1411 2787 ταύτην,
1468 2717 1657 2787 ἐπειδὴ
1702 2717 1851 2786 ὡμο-

271 2810 423 2861 νόουν
476 2805 940 2875 προστεθειμένον
963 2809 1019 2860 ἐν
1043 2808 1123 2877 τῷ
1177 2807 1438 2878 Συμϐόλῳ
1473 2808 1567 2862 καὶ
1606 2809 1724 2875 τοῦ,
1776 2812 1845 2863 ἐκ

272 2902 379 2955 τοῦ
416 2901 571 2954 Υἰοῦ.

220 2970 229 2979 ί’
961 2996 1145 3050 eoas.

344 3086 577 3137 Ἔπειτα
632 3101 771 3138 κατα
808 3088 907 3150 τὰς
966 3088 1166 3157 ἐφεξῆς
1217 3090 1561 3155 συνελεύσεις
1618 3109 1840 3162 προχει-
1871 3128 1917 3188 G

274 3177 572 3246 ρισάμενος
604 3176 702 3239 τὰς
743 3177 977 3247 Πράξεις
1007 3179 1116 3229 τῶν
1158 3179 1319 3246 ἱερῶν
1351 3183 1585 3235 συνόδων
1603 3184 1844 3250 ἀνέγνων

271 3270 331 3332 ἐξ
352 3268 533 3321 αὐτῶν
562 3269 689 3330 τοὺς
722 3270 904 3337 ὅρους,
942 3271 998 3321 ὲν
1034 3266 1114 3331 οἷς
1154 3273 1592 3340 ἀπαγορεύουσιν
1632 3275 1680 3325 oi
1709 3275 1841 3326 θεῖοι

276 3359 519 3427 Ιιατὲρες
555 3359 752 3410 ἐκεῖνοι
788 3357 884 3428 τὴν
936 3359 1241 3430 ἐναλλαγὴν
1268 3362 1362 3414 τοῦ
1420 3363 1707 3432 Συμϐόλου
1744 3364 1842 3432 μέν

274 3468 365 3519 χρι
417 3447 612 3513 λέξεώς
661 3466 719 3501 τε
764 3452 859 3503 καὶ
900 3449 1193 3518 συλλαϐῆς,
1234 3453 1327 3504 καὶ
1378 3452 1672 3523 φρικώδεις
1704 3456 1843 3525 ἀρὰς

269 3535 577 3601 ἐκφωνούσι
611 3536 752 3589 κατά
804 3538 913 3589 τῶν
969 3538 1179 3609 ταύτην
1240 3542 1372 3595 ποτὲ
1420 3544 1837 3613 τολμησὸντων·

268 3627 411 3679 ὥστε
444 3629 570 3692 τοὺς
594 3630 927 3694 ἐπισκόπους
969 3633 1069 3702 μὲν
1093 3635 1189 3687 καὶ
1217 3637 1345 3699 τοὺς
1373 3636 1667 3707 κληρικοὺς
1699 3641 1843 3693 ἀνιέ-

271 3738 400 3790 ρους
432 3717 574 3774 εἶναι
610 3723 669 3774 τὸ
706 3725 812 3776 ἀπό
844 3724 1023 3789 τοῦδε,
1060 3728 1151 3778 καὶ
1183 3729 1281 3796 τῆς
1323 3729 1620 3800 δεδομένης
1658 3734 1841 3795 αὐτοῖς

268 3813 489 3881 χάριτος
515 3814 851 3884 ἀλλοτρίους,
885 3817 1013 3881 τοὺς
1041 3819 1097 3871 δὲ
1148 3819 1372 3882 λαῖκοὺς
1410 3824 1735 3877 ὑποκεῖσθαι
1765 3826 1839 3896 τῷ

267 3903 581 3973 ἁναθέματι
600 3920 611 3933 ·
646 3906 803 3959 τοῦτο
822 3906 877 3959 δέ
895 3908 1042 3961 ἐστιν
1070 3912 1097 3963 ό
1125 3912 1230 3963 ἀπὸ
1250 3912 1343 3965 τοῦ
1362 3912 1497 3966 Θεοῦ
1527 3918 1831 3986 χωρισμός.
1880 3954 1883 3957 ‹

944 4001 1161 4056 ἈΠΟΛ.

344 4084 468 4137 Ὅτι
502 4087 601 4154 μὲν
644 4089 881 4157 ἀνέγνως
910 4093 971 4143 ὲκ
1003 4093 1113 4145 τῶν
1153 4097 1551 4165 οἱκουμενικῶν
1600 4100 1835 4154 συνόδων

263 4174 403 4238 ἐκεῖ,
442 4176 819 4246 μαρτυροῦσιν
860 4180 919 4231 αἱ
975 4181 1215 4251 Πράξεις
1243 4199 1256 4213 ’
1299 4188 1414 4239 ἐκεῖ
1446 4189 1554 4257 γάρ
1596 4190 1705 4243 εισι
1745 4207 1837 4260 γε·

260 4268 566 4339 γραμμένα
589 4269 733 4338 ἅπερ
762 4272 1004 4338 ἀνέγνως
1023 4291 1037 4305 ο
1069 4274 1149 4328 ὅτι
1176 4276 1231 4328 δὲ
1259 4279 1413 4332 οὐδὲν
1437 4280 1643 4351 ἔφησας
1669 4286 1838 4353 ἀναγ-

261 4359 444 4419 καῖον,
473 4357 592 4409 οὐδὲ
621 4362 761 4413 κατὰ
788 4361 1030 4415 Λατίνων
1056 4358 1196 4434 ἦσαν
1219 4368 1426 4437 ἐκεῖνα,
1456 4373 1483 4421 ὁ
1510 4370 1836 4442 βουλόμενος

1969 506 2088 561 illos
2121 523 2371 562 evomere
2404 526 2416 562 :
2450 518 2501 563 et
2552 524 2647 563 nec
2697 509 2787 563 Dei
2850 510 3031 575 timor,
3070 527 3245 580 neque
3286 512 3535 568 diuturna

1966 598 2266 663 contentio,
2319 613 2420 653 nec
2472 599 2712 669 synodus
2753 600 3113 662 meumeniea,
3175 616 3274 654 nec
3335 604 3536 658 veritas

1965 689 2080 759 ipsa
2112 690 2441 759 persuadere
2477 690 2584 745 illis
2618 692 2814 759 potuit.
2854 690 2961 745 Pro
2997 707 3093 746 sna
3134 708 3298 761 porro
3344 696 3531 749 defen-

1964 781 2117 845 sione
2151 782 2549 850 respondebant
2579 780 2672 833 tibi
2704 796 2797 851 per
2822 783 3289 851 archiepiscopum
3332 785 3531 856 Rhodi,

1964 872 2097 927 falsa
2124 889 2248 928 esse
2304 874 2652 949 ostendentes
2686 888 2807 943 qua:
2837 874 3053 930 dicebas
3085 894 3098 930 :
3133 878 3278 945 quod
3326 894 3533 949 nequa-

1961 980 2124 1034 quam
2173 963 2412 1019 Ecclesia
2445 944 2712 1031 Romaria,
2748 980 2847 1019 nec
2902 966 3329 1023 additamentum
3381 972 3534 1039 origo

1962 1057 2127 1111 fuerit
2158 1057 2443 1111 divisionis
2470 1066 2524 1111 et
2551 1073 2777 1127 pugnae;
2818 1073 2995 1128 neque
3030 1060 3172 1114 enim
3206 1062 3380 1116 solum
3406 1074 3532 1135 ante

1960 1148 2197 1203 schisma
2262 1150 2616 1204 ecclesiarum
2680 1153 2985 1220 appositum
3033 1167 3151 1209 erat
3221 1157 3527 1227 Symbolo,

1961 1242 2059 1295 sed
2079 1248 2205 1295 ante
2229 1240 2377 1309 ipsas
2405 1241 2643 1311 synodos
2672 1246 3060 1307 (ecumenieas,
3098 1249 3381 1316 septimam
3405 1251 3528 1305 dico

1957 1342 2010 1385 et
2060 1338 2295 1396 sextam,
2339 1340 2398 1385 ut
2451 1340 2683 1386 testatur
2716 1334 2998 1389 confessor
3035 1336 3299 1393 Maximus
3326 1341 3379 1393 in
3416 1342 3531 1409 epi-

1958 1424 2097 1478 stola
2137 1408 2497 1479 adﬂarinum
2532 1426 2908 1496 presbyterum
2939 1431 3195 1500 Cyprium
3232 1450 3247 1487 :
3280 1449 3379 1488 nec
3408 1447 3531 1489 ante

1958 1516 2077 1571 illas
2114 1525 2346 1581 tantum,
2388 1524 2447 1570 ut
2492 1517 2695 1572 dictum
2745 1529 2850 1583 est,
2898 1522 2992 1576 sed
3038 1538 3162 1593 mox
3211 1541 3241 1579 a
3287 1526 3528 1582 secunda

1956 1609 2162 1679 synodo
2199 1617 2443 1678 tempore
2474 1624 2627 1680 papae
2660 1612 2897 1682 Damasi,
2932 1624 2989 1669 ut
3020 1620 3221 1673 asserit
3266 1605 3529 1692 Georgius

1955 1705 2235 1763 Aristinus
2273 1703 2583 1760 historicus.
2614 1706 2793 1762 Ouare
2834 1709 2963 1764 hinc
2998 1712 3340 1784 redargueris
3378 1731 3529 1770 com-

1955 1802 2200 1857 mentitia
2224 1804 2404 1859 dicere
2431 1823 2444 1859 :
2480 1822 2657 1874 neque
2690 1808 2834 1861 enim
2856 1809 3283 1864 additamentum
3309 1826 3527 1866 causam

1955 1893 2105 1947 dedit
2134 1896 2499 1963 sejunctionis
2536 1900 2914 1955 ecclesiarum.
2946 1902 3082 1957 Nam
3132 1904 3177 1957 si
3231 1914 3353 1973 post
3405 1920 3525 1975 sep-

1958 1985 2144 2039 timam
2177 1988 2440 2057 synodum
2488 2002 2737 2047 exortum
2780 2004 2862 2047 est
2930 1994 3193 2062 schisma,
3251 2006 3305 2049 et
3356 1997 3527 2050 multo

1953 2078 2115 2132 etiam
2143 2089 2224 2135 est
2256 2081 2341 2135 illa
2383 2086 2675 2153 posterius,
2720 2086 2961 2140 additum
2994 2103 3121 2142 vero
3168 2088 3528 2160 fueratSym-

1953 2170 2074 2223 bolo
2115 2182 2237 2240 post
2261 2176 2553 2229 secundam
2594 2178 2887 2246 synodum,
2928 2180 3250 2235 etecclesize
3296 2196 3523 2237 concor-

1952 2262 2153 2317 dabant
2183 2281 2355 2335 usque
2387 2267 2451 2321 ad
2500 2270 2810 2336 septimam,
2842 2282 2894 2325 et
2918 2272 3082 2326 altera
3112 2273 3335 2327 alteram
3365 2275 3524 2343 hnjns

1951 2353 2028 2407 rei
2072 2369 2238 2409 causa
2299 2373 2403 2411 non
2458 2362 2765 2429 accusabat,
2813 2365 2906 2430 qui
2950 2365 3041 2419 tiat
3086 2374 3142 2419 ut
3195 2383 3259 2420 cx
3314 2369 3522 2421 addita-

1952 2455 2134 2499 mento
2182 2449 2253 2502 sit
2298 2459 2476 2503 OrIum
2527 2452 2853 2507 dissidinm?
2909 2457 3024 2511 imo
3076 2458 3255 2526 potius
3310 2474 3375 2514 ex
3420 2461 3521 2514 hoc

1951 2539 2639 2607 ostenditur,orientalibus
2670 2547 3106 2615 explanationem
3158 2551 3299 2606 hanc
3348 2554 3520 2607 fuisse

1952 2639 2250 2700 acceptam,
2303 2634 2744 2704 quandoquidem
2802 2639 2982 2694 addita
3028 2643 3205 2697 .etiam
3262 2644 3518 2715 Symbolo

1949 2737 2078 2777 voce
2114 2722 2226 2787 illa,
2255 2721 2515 2797 Filioque,
2550 2741 2656 2781 non
2693 2727 3056 2788 dissidebant.

2602 3002 2731 3058 EPH
2741 3004 2842 3062 ES.

2021 3091 2225 3147 Deinde
2263 3108 2360 3163 per
2394 3107 2793 3165 consequentes
2839 3100 3139 3170 sessiones,
3176 3108 3404 3176 prolatis
3435 3125 3521 3165 sa-

1949 3199 2170 3237 crorum
2194 3186 2553 3241 conciliorum
2575 3189 2751 3252 Actis,
2772 3194 2993 3247 recitavi
3013 3196 3354 3255 definitiones
3377 3201 3522 3271 ipso-

1948 3291 2087 3340 rum,
2131 3277 2182 3328 in
2220 3278 2421 3344 quibus
2446 3283 2620 3335 sancti
2657 3282 2733 3335 illi
2762 3282 2950 3339 Patres
2994 3288 3323 3346 interdicunt
3355 3294 3522 3364 Sym-

1945 3367 2053 3420 boli
2088 3372 2444 3424 mutationem
2479 3387 2655 3442 usque
2685 3373 2751 3427 ad
2788 3376 3087 3431 dictionem
3118 3389 3171 3434 et
3223 3384 3511 3451 syllabam,

1945 3469 2001 3513 et
2036 3459 2341 3515 horrendas
2389 3463 2800 3521 exsecrationes
2860 3470 3117 3525 sanciunt
3165 3473 3216 3526 in
3270 3489 3364 3529 eos
3418 3482 3513 3546 qni

1945 3552 2095 3604 ausi-
2120 3567 2356 3621 unquam
2404 3552 2607 3608 fuerint
2641 3557 2935 3627 quidqnam
2992 3561 3282 3619 immutare
3314 3566 3421 3620 :ita
3457 3578 3515 3621 nt

1946 3642 2187 3711 episcopi
2206 3644 2430 3712 quidem
2452 3655 2504 3700 et
2523 3647 2706 3702 clerici
2729 3651 3038 3707 sacerdotio
3057 3654 3112 3707 in
3135 3668 3405 3723 posterum
3429 3674 3517 3713 ca—

1948 3743 2125 3797 reant,
2167 3737 2388 3804 sintque
2418 3752 2446 3789 a
2484 3740 2658 3808 gratia
2696 3741 2799 3796 sibi
2834 3746 2953 3798 data
2975 3745 3175 3806 alieni;
3232 3748 3355 3803 laici
3387 3766 3515 3803 vero

1946 3825 2179 3896 subjecri
2213 3832 2318 3881 sint
2345 3831 2702 3899 anathemati,
2733 3838 2877 3905 quod
2905 3845 2987 3891 est
3023 3840 3293 3906 separatio
3316 3856 3342 3893 a
3385 3841 3513 3897 Deo.

2642 4015 2684 4069 ιι
2696 4016 2839 4073 ESP.

2013 4100 2167 4166 Quod
2207 4111 2261 4156 tu
2294 4103 2515 4171 quidem
2551 4106 2732 4176 aliqua
2772 4110 2839 4163 ibi
2868 4113 3164 4180 protuleris
3192 4132 3253 4169 ex
3280 4119 3514 4176 decretis

1942 4191 2274 4259 generalium
2312 4197 2698 4261 conciliorum,
2735 4202 2869 4254 Acta
2938 4212 3251 4273 testantur;
3309 4212 3508 4280 scripta

1943 4282 2088 4336 enim
2119 4296 2248 4339 sunt
2286 4287 2391 4341 illis
2429 4303 2550 4357 quae
2582 4293 2850 4347 recitasti.
2882 4292 3028 4348 Nihil
3086 4310 3213 4349 vero
3238 4314 3360 4354 esse
3395 4316 3425 4354 a
3455 4311 3508 4356 te

1950 4373 2182 4441 dictum,
2226 4378 2374 4446 quod
2410 4389 2659 4447 urgeret,
2684 4391 2737 4435 et
2767 4382 2903 4437 nihil
2942 4385 3030 4438 il1a
3064 4397 3255 4442 contra
3286 4389 3511 4447 Latinos

262 4445 566 4510 ἀναγνώτω
590 4450 686 4511 τὰς
724 4452 975 4522 ΙΙράξεις,
1007 4457 1101 4510 καὶ
1128 4456 1355 4527 εὑρήσει
1390 4478 1456 4528 με
1486 4461 1712 4530 λέγοντα
1742 4466 1839 4535 τὴν

1948 4463 2149 4533 facere,
2172 4467 2262 4535 qui
2285 4469 2432 4524 scire
2452 4471 2851 4535 voluerit,Acta
2886 4476 3046 4546 legat,
3081 4484 3135 4531 et.
3157 4494 3342 4534 verum
3373 4496 3400 4533 a
3426 4497 3512 4537 me

265 4537 555 4607 ἀλήθειαν.
579 4540 705 4594 Ὅτι
742 4543 851 4612 γὰρ
880 4546 1321 4618 ἀπαγορεύουσιν
1346 4550 1395 4602 οἱ
1422 4552 1553 4604 θεῖοι
1590 4554 1832 4625 Πατέρες

256 4627 361 4698 τὴν
404 4630 710 4701 ἐναλλαγὴν
759 4634 852 4685 τοῦ
901 4635 1202 4704 Συμϐόλου,
1236 4640 1329 4692 καὶ
1384 4643 1432 4692 οἱ
1473 4643 1695 4696 Λατῖνοι
1741 4648 1833 4697 καὶ

252 4721 424 4785 ἡμεῖς
470 4720 843 4791 ὁμολογοῦμεν
869 4740 882 4753 ·
921 4725 1017 4777 καὶ
1066 4726 1163 4789 ra,-
1200 4728 1497 4798 φρικώδεις
1531 4732 1695 4802 ἀρὰς,
1738 4738 1833 4786 καὶ

259 4813 332 4863 τά
356 4811 704 4882 ἀναθέματα,
751 4816 844 4869 καὶ
886 4817 1010 4881 τοὺς
1048 4818 1210 4888 ἱερεῖς
1244 4821 1516 4890 ἀνιέρους,
1552 4825 1645 4875 καὶ
1703 4826 1829 4888 τοὺς

249 4902 478 4965 λαῖκοὺς
500 4905 606 4957 ἀπὸ
638 4904 731 4957 τοῦ
761 4906 897 4959 Θεοῦ
935 4911 1400 4979 κεχωρισμένους,
1439 4913 1535 4965 καὶ
1570 4918 1637 4967 τά
1664 4915 1829 4967 λοιπὰ

248 4993 288 5043 ἂ
320 4993 498 5059 λέγεις
522 4995 658 5064 πρὸς
686 4999 745 5049 τὸ
770 5002 999 5069 συγχέαι
1033 5003 1158 5063 τοὺς
1182 5003 1609 5073 ἀπλουςτέρους,
1645 5008 1827 5062 πάντα

251 5101 339 5136 σοι
372 5086 797 5155 συνομολογοῦσι
826 5092 1052 5143 Λατῖνοι
1079 5108 1093 5123 ⁸
1125 5094 1468 5162 ἀντιλέγουσι
1495 5098 1551 5149 δέ
1581 5114 1661 5151 σοι
1690 5099 1727 5152 ἃ
1758 5104 1823 5154 σὺ

249 5178 488 5246 σιωπᾷς,
538 5179 620 5231 ὅτι
677 5181 901 5247 γέγονεν
956 5186 1015 5235 ὲν
1066 5188 1132 5254 τῇ
1168 5186 1437 5255 ὀσφρήσει
1485 5207 1581 5242 σου
1610 5194 1820 5265 σίνηπι.

245 5269 521 5322 Δύνανται
576 5272 686 5341 γὰρ
740 5277 960 5327 Λατῖνοι
1018 5280 1112 5327 καὶ
1172 5279 1332 5347 ἡμεῖς
1372 5282 1425 5331 οἱ
1462 5281 1562 5351 τῆς
1603 5287 1821 5341 συνόδου

250 5360 545 5428 συνήγοροι
578 5364 713 5432 προς
772 5365 832 5416 σὲ
879 5368 1179 5432 ἀντειπεῖν,
1236 5370 1318 5421 ὅτι
1370 5372 1562 5435 Καλῶς
1616 5375 1815 5444 λέγεις,

243 5447 497 5517 αἱδέσιμε
530 5449 783 5518 Ἐφέσου,
842 5457 938 5507 καὶ
968 5457 1127 5523 ἡμεῖς
1177 5456 1351 5510 ταῦτα
1398 5460 1773 5533 ὁμολογοῦμεν
1802 5483 1814 5495 ·

246 5537 365 5588 ἀλλ’
402 5540 502 5590 οὑκ
551 5542 921 5613 ἐνηλλάξαμεν
976 5547 1126 5615 ὅμως
1164 5549 1326 5617 ἡμεῖς
1384 5531 1473 5601 τὸ.
1519 5553 1817 5622 ἱερώτατον

248 5626 548 5695 Σύμϐολον,
563 5630 685 5682 οὔτε
705 5633 810 5702 μὴν
828 5635 1225 5705 ἐνηλλαγμένον
1246 5638 1376 5690 αὐτὸ
1396 5656 1497 5710 πρε
1509 5644 1778 5713 σϐεύομεν
1798 5665 1811 5677 ·

253 5720 375 5776 τοις
402 5719 506 5787 γὰρ
535 5722 957 5788 ἐναλλάξαντας,
990 5727 1100 5777 εἴτε
1146 5728 1250 5795 μὴν
1284 5729 1591 5792 ἐναλλάξειν
1618 5737 1817 5807 τολμή-

571 5811 841 5871 ΡΑτιιοι.
872 5819 984 5875 Gn.
1036 5818 1237 5879 CLIX.

1940 4554 2048 4610 dici
2090 4560 2410 4629 comperiet.
2444 4561 2800 4618 Interdietum
2864 4569 3066 4637 quippe
3087 4584 3210 4626 esse
3242 4586 3271 4625 a
3300 4575 3506 4631 sanctis

1939 4646 2214 4715 Patribus,
2238 4667 2304 4704 ne
2331 4653 2435 4705 ulla
2466 4654 2557 4707 liat
2591 4656 2641 4708 in
2663 4654 2926 4726 Symbolo
2958 4661 3289 4729 immutatio,
3314 4676 3366 4720 et
3399 4665 3502 4722 La-

1937 4739 2035 4790 tini
2071 4748 2125 4793 et
2161 4756 2260 4795 nos
2292 4742 2545 4808 fatemur,
2577 4755 2630 4800 et
2659 4751 2842 4803 omnia
2867 4768 2989 4821 quae
3011 4759 3265 4825 congeris
3292 4760 3357 4814 ad
3386 4770 3499 4816 t-ur-

1936 4827 2145 4885 bandos
2175 4831 2563 4902 simpliciores,
2590 4843 3000 4900 exsecrationes
3024 4846 3351 4916 horrendas,
3375 4867 3504 4906 ana-

1939 4921 2142 4993 thema,
2170 4923 2532 4991 privationem
2569 4932 2884 4999 sacerdotii,
2931 4936 3196 4993 laieorum
3232 4957 3260 4994 a
3294 4941 3404 4997 Deo
3419 4960 3506 4998 se-

1934 5014 2305 5081 parationem,
2352 5016 2531 5072 Latini
2563 5021 2658 5076 tibi
2687 5026 3017 5092 concedunt,
3051 5032 3142 5085 sed
3180 5032 3230 5084 in
3262 5047 3328 5086 eo
3374 5049 3505 5088 eon—

1932 5105 2216 5160 tradicunt
2252 5111 2396 5177 quod
2422 5120 2591 5179 taces,
2625 5116 2755 5183 quia
2785 5118 3009 5173 naribus
3064 5122 3172 5175 tuis
3192 5124 3364 5192 sinapi
3396 5135 3499 5180 est.

1937 5192 2173 5250 Possunt
2203 5200 2351 5255 enim
2378 5200 2553 5256 Latini
2586 5216 2640 5258 et
2688 5222 2786 5260 nos
2835 5209 3027 5276 synodi
3074 5210 3391 5269 defensores
3432 5215 3503 5269 ita
3586 5270 3609 5281 η

1936 5286 2036 5340 tibi
2094 5304 2441 5345 occurrere:
2514 5295 2656 5350 Bene
2719 5296 2878 5362 dicis,
2949 5302 3254 5357 venerande
3308 5310 3504 5373 praesul

1927 5374 2187 5444 Ephesie,
2219 5390 2273 5434 et
2299 5397 2400 5438 nos
2434 5384 2546 5439 haec
2573 5388 2758 5441 eadem
2790 5386 3045 5456 fatemur,
3075 5393 3170 5446 sed
3204 5395 3405 5449 nullam
3430 5410 3508 5452 ta-

1924 5483 2044 5522 nien
2088 5485 2188 5525 nos
2216 5473 2654 5532 immutationem
2708 5479 2760 5532 in
2796 5482 3177 5539 sacratissimo
3233 5489 3497 5556 Symbolo

1925 5563 2094 5615 moliti
2120 5580 2335 5629 sumus,
2370 5584 2545 5639 neque
2580 5572 2928 5630 immutatum
2967 5577 3099 5633 illud
3155 5581 3392 5638 colimus
3452 5596 3509 5638 et

1924 5666 2246 5708 veneramur
2305 5673 2432 5711 nam
2475 5676 2567 5714 ens
2590 5663 2679 5730 qui
2712 5665 3075 5722 immutarunt
3109 5672 3191 5724 vel
3216 5672 3507 5745 inminutae:

1924 5744 2231 5809 audebunt,
2271 5764 2370 5803 nos
2408 5750 2569 5805 etiam
2606 5758 2940 5812 anathemati
2975 5744 3500 5819 trailimns.iliteni:n

3028 5852 3099 5910 33

2363 5941 2390 5962 λ
