4022 6196
365 300 500 362 1ῦ37

1388 293 1486 352 RE
1499 291 1823 352 FU'I‘.\TIO
1867 287 2109 347 MARCT
2133 285 2375 344 El‘llES
2391 286 2403 340 l
2421 286 2466 344 Ν
2481 286 2520 344 l.

3477 288 3612 347 liif‘S

356 412 583 472 λύοντας
616 411 830 477 λόγους,
884 409 959 478 μὴ
991 407 1292 475 δυνάμενος
1346 407 1403 458 δὲ
1453 405 1781 472 ἀντιλέγειν,
1817 402 1930 455 ἑτέ-

2039 399 2378 466 apertissith
2430 398 2729 453 dissolvere
2763 407 2854 464 ;et
2913 414 3037 454 cum
3083 415 3191 454 non
3253 416 3442 470 posses
3480 420 3614 456 con-

359 522 474 571 par;
511 506 611 571 τὴν
639 502 878 566 διάλεξιν
918 500 1285 570 ἐνεχείρισας.
1322 499 1432 551 Καὶ
1478 496 1598 550 τότε
1643 497 1668 548 6
1697 493 1932 554 Νικαίας

357 598 650 666 ἀρχιερεὺς
701 595 995 649 ἀνελάὸετο
1041 595 1134 646 τὺν
1188 592 1397 660 ἀγῶνα,
1435 589 1579 643 ὥστε
1643 588 1781 658 μετὰ
1837 587 1931 640 τού

356 692 468 758 φρά
508 689 762 757 Ἀνδρέου
827 687 1265 758 ἀρχιεπισκόπου
1312 684 1498 754 Ῥὁδρυ
1547 682 1929 749 διαλέγεσθαι*

353 784 441 834 ὅτε
478 782 722 842 καὶτοὺς
758 781 1148 849 ἰσχυροτέρους
1177 777 1318 847 ὑπὲρ
1347 774 1604 844 Γραικῶν
1654 774 1786 841 περὶ
1833 772 1933 838 τῆς

355 874 678 943 προσθήκης
722 872 917 940 λόγους
947 870 1110 932 αὑτὸς
1152 867 1275 923 εἷπε
1305 885 1317 898 ·
1351 867 1492 937 πρὸς
1529 864 1792 935 ἀλήθειαν
1823 864 1931 930 γὰρ

352 963 421 1034 ἦν
447 967 629 1027 αὐτοῖς
659 968 687 1018 ὁ
717 963 947 1026 σκοπὸς,
977 965 1068 1016 καὶ
1097 964 1156 1015 οὐ
1185 962 1318 1031 πρὸς
1347 958 1634 1022 ἐπίδειξιν,
1666 956 1740 1017 ὡς
1768 956 1930 1017 αὑτὸς

353 1055 457 1124 φῄς
486 1068 501 1083 ·
531 1055 592 1106 οὑ
635 1055 742 1122 γὰρ
797 1054 874 1115 ὡς
924 1055 1147 1106 Λατῖνοι
1205 1051 1298 1104 καὶ
1361 1049 1502 1120 μέρη
1551 1049 1648 1118 τὴν
1694 1045 1930 1109 διάλεξιν

352 1145 657 1209 ἐποιοῦντο,
690 1144 808 1198 ἀλλ’
857 1145 933 1206 ὡς
987 1145 1310 1214 Χριστιανοὶ
1343 1143 1440 1212 τὴν
1497 1143 1760 1210 ἀλήθειαν
1809 1140 1932 1210 ἑξη-

354 1237 582 1304 ρεύνων,
637 1238 732 1288 καὶ
785 1238 924 1304 μετὰ
961 1234 1202 1303 σπουδῆς
1263 1235 1556 1303 ἑξεζήτουν
1606 1231 1924 1292 ἀπαύστως.

352 1326 736 1395 Φαίνεταιγάρ
765 1326 1065 1397 διαρρήδην
1091 1326 1269 1389 τοῦτο,
1300 1326 1428 1380 ἔνθα
1455 1328 1483 1378 ὁ
1504 1323 1927 1394 μακαριώτατος

353 1423 585 1484 πάπποις
609 1424 724 1483 τοῖς
756 1421 1051 1489 ἡμετέροις
1081 1421 1234 1488 ἔλεγε
1259 1437 1272 1451 ·
1324 1417 1609 1487 Θαυμάξω
1641 1419 1756 1480 πῶς
1790 1418 1927 1486 ἀμε-

351 1515 517 1578 λεῖτε,
547 1514 643 1566 καὶ
681 1511 1051 1564 ἀναϐάλλεσθε
1097 1513 1198 1573 τὰς
1252 1511 1596 1573 συνελεύσεις
1623 1527 1635 1541 ⁸
1689 1512 1782 1564 καὶ
1817 1512 1924 1581 γὰρ

351 1607 412 1658 οὗ
438 1605 681 1674 παύομαι
707 1604 994 1674 διεγείρων
1031 1605 1120 1657 ἀεὶ
1175 1606 1321 1674 ὑμᾶς
1351 1603 1486 1674 πρὸς
1511 1604 1610 1672 τὴν
1641 1607 1739 1673 τῆς
1789 1605 1926 1673 ἁλη-

353 1695 506 1756 θείας
539 1695 813 1761 ἐξέτασιν,
845 1695 960 1747 ἀλλ’
994 1695 1156 1763 ὑμεῖς
1188 1695 1506 1766 ῥᾳθυμεῖτε.
1561 1699 1672 1749 Καὶ
1709 1695 1924 1765 ,ἔχομεν

2044 490 2333 554 tradicere,
2379 490 2499 545 aliis
2559 490 2979 557 disputationem
3043 494 3333 549 tradidisti.
3369 494 3615 566 Tumque

2043 583 2236 650 pracsul
2267 582 2520 639 Nicasnus
2556 592 2829 638 certamen
2886 588 3145 655 suscepit,
3200 598 3255 641 ut
3282 604 3405 643 cum
3445 588 3616 645 fratre

2043 675 2254 729 Audrea
2287 677 2459 730 Rhodi
2492 679 2902 747 arcliicpiscoiio
2934 679 3281 749 disceptaret,
3315 683 3535 750 quando
3563 694 3616 737 ιι

2043 769 2300 822 validiora
2331 786 2424 839 pro
2452 772 2656 827 Graecis
2686 784 3011 843 argumenta
3043 793 3208 845 super
3237 782 3613 836 additamentu

2041 864 2157 932 ipse
2191 867 2598 933 preposuit;ad
2637 867 2922 923 veritatem
2981 872 3126 924 enim
3185 871 3293 927 illis
3347 874 3612 930 tendebat

2040 955 2280 1020 animus,
2307 971 2441 1019 non,
2480 968 2534 1010 ut
2571 961 2797 1023 asset-is,
2829 961 2897 1013 ad
2954 965 3395 1020 ostentationem.
3426 966 3616 1036 Neque

2039 1048 2182 1102 enim
2215 1049 2568 1118 disputabant
2603 1063 2660 1105 ut
2690 1051 2870 1107 Latini
2900 1066 2954 1109 et
2995 1059 3224 1112 adversa
3254 1075 3400 1128 pars,
3427 1061 3523 1116 sed
3558 1071 3616 1115 ut

2038 1141 2338 1195 Christiani
2363 1143 2639 1198 veritatem
2675 1149 3180 1212 perscrutabantur,
3205 1160 3254 1204 et
3277 1167 3394 1206 eam
3428 1154 3612 1209 studio

2039 1245 2318 1299 tunquam
2354 1232 2668 1290 intermisso
2692 1238 3100 1307 perquirebant.
3135 1241 3190 1296 ld
3229 1254 3376 1298 certe
3407 1243 3615 1314 liquido

2037 1331 2254 1375 constat
2280 1338 2346 1376 ex
2371 1325 2552 1380 verbis
2575 1326 2878 1383 beatissimi
2899 1347 3067 1400 νίψαι,
3084 1334 3285 1401 quibus
3305 1338 3369 1389 ad
3396 1346 3614 1393 nostros

2041 1413 2300 1468 utebatur
2336 1415 2527 1471 dicens
2560 1435 2574 1472 :
2609 1418 2774 1475 Miror
2805 1423 2950 1490 quod
2983 1426 3318 1495 negligenter
3343 1430 3540 1498 agatis,
3561 1441 3615 1485 et

2035 1521 2336 1566 conventus
2362 1513 2627 1572 dilferatis
2654 1535 2669 1583 ;
2705 1533 2830 1587 ego,I
2855 1536 2964 1573 non
2991 1521 3183 1576 desino
3232 1540 3330 1580 vos
3374 1528 3614 1580 excitari:

2035 1601 2102 1654 ad
2138 1603 2386 1659 veritatis
2429 1607 2864 1678 indagationem,
2893 1624 2946 1667 at
2981 1628 3079 1670 vos
3110 1616 3393 1685 segniores
3453 1621 3609 1675 estis.

2031 1693 2222 1749 Aunus
2241 1695 2420 1767 agitur
2439 1701 2732 1768 secundus,
2761 1714 3046 1773 postquam
3071 1717 3250 1778 empta
3269 1719 3352 1764 est
3380 1713 3462 1781 agi
3487 1728 3616 1782 syn-

348 1787 590 1841 ἐνταῦθα
648 1790 704 1840 ἐν
745 1790 813 1858 τῇ
879 1788 1090 1858 συνόδῳ
1153 1789 1432 1850 ἐνιαυτοὺς
1482 1788 1599 1853 δύο,
1635 1790 1732 1842 καὶ
1777 1789 1930 1843 οὑπω

2039 1787 2174 1844 odus
2209 1827 2223 1853 ,
2281 1793 2514 1847 necdum
2583 1796 2826 1866 quinque
2882 1809 2936 1853 et
2982 1801 3169 1868 viginti
3231 1814 3362 1858 sunt
3416 1805 3615 1860 habita:

350 1882 526 1934 εἴκοσι
577 1881 672 1934 καὶ
736 1881 898 1934 πέντε
951 1882 1204 1950 ἐγένοντο
1242 1882 1606 1945 συνελεύσεις.
1660 1884 1927 1954 Ἔρχεσθε

351 1976 446 2031 οὖν
480 1978 560 2039 είς
593 1977 690 2047 τὴν
727 1977 963 2042 διάλεξιν
987 1991 1002 2006 ⁸
1029 1980 1149 2031 ἐκεῖ
1178 1979 1288 2046 γὰρ
1335 1979 1698 2048 εὑρεθήσεται
1725 1982 1756 2048 ή
1798 1980 1932 2051 ἀλή-

354 2069 478 2121 θεια
510 2084 522 2098 ·
558 2070 615 2121 οὗ
649 2071 757 2137 γάρ
787 2069 1015 2123 δυνατὸν
1053 2070 1231 2131 ἄλλως
1263 2085 1276 2099 ·
1310 2070 1538 2139 ἔρχεσθε
1567 2071 1663 2122 καὶ⁵
1700 2071 1774 2140 μὴ
1810 2071 1932 2141 μέλ-

354 2162 498 2215 λετε.
538 2162 822 2216 Ἐλυπεῖτο
849 2163 958 2232 γὰρ
985 2165 1012 2216 ὁ
1050 2162 1327 2233 μακάριος
1384 2163 1594 2226 ἐκεῖνος
1623 2163 1784 2233 ἀνὴρ,
1815 2163 1934 2226 πῶς

355 2251 408 2302 οἱ
445 2251 707 2323 ἡμέτεροι
739 2251 1004 2322 ῥᾳθύμως
1055 2249 1225 2321 εἶκον,
1262 2252 1357 2304 καὶ
1389 2253 1450 2304 οὑ
1509 2254 1846 2324 συνήρχοντο
1876 2254 1933 2303 ἐν

355 2349 419 2414 τῇ
443 2345 778 2398 συνελεύσει.
821 2345 1052 2413 Ἔλεγον
1078 2345 1135 2398 δὲ
1171 2345 1266 2398 καὶ
1307 2344 1680 2411 ἀπελογοῦντο
1712 2345 1812 2397 οὑκ
1851 2346 1933 2409 εἰς

354 2441 416 2490 τὸ
444 2438 592 2503 δόξαι
644 2455 696 2491 τι
754 2438 958 2506 λέγειν,
988 2440 1084 2492 καὶ
1115 2439 1214 2502 τὰς
1243 2440 1352 2492 τῶν
1392 2437 1612 2493 οἰκείων
1647 2456 1929 2510 προκατα-

355 2532 505 2599 σχεῐν
539 2531 731 2593 ἀκοάς,
767 2530 844 2592 ὼς
877 2530 984 2602 φῂς
1011 2532 1076 2584 σὺ
1105 2531 1413 2586 διαϐάλλων
1444 2533 1692 2596 πάντας·
1741 2535 1932 2605 πόρρω

354 2623 464 2691 γάρ
488 2622 583 2698 τῇς
610 2621 838 2674 ἐκείνων
890 2621 1128 2685 διανοίας
1152 2640 1208 2674 τε
1237 2625 1328 2676 καὶ
1371 2624 1562 2693 σοφίας
1595 2627 1742 2678 τουτί
1770 2643 1782 2656 ’
1817 2627 1930 2679 αλλ’

352 2715 463 2768 οὐδ’
501 2714 717 2782 ὕστεροι
759 2715 947 2781 ἔλεγον
979 2715 1117 2784 πρὸς
1161 2717 1219 2767 τ’)
1247 2716 1397 2769 λύειν
1425 2719 1524 2781 τὰς
1561 2718 1929 2784 συνελεύσεις,

353 2807 446 2858 καὶ
471 2805 753 2876 λυομένων
783 2807 962 2860 αὑτῶν
991 2807 1176 2860 δοκεῖν
1209 2809 1407 2872 αὐτοὺς
1436 2811 1651 2864 ἅπαντα
1683 2811 1833 2865 λύειν
1864 2814 1931 2866 τὰ

353 2900 485 2968 παρ’
539 2899 695 2969 ὑμῶν
741 2900 1049 2970 λεγόμενα·
1109 2901 1229 2953 ἀλλ’
1263 2903 1629 2972 ἀπελογοῦντο
1687 2905 1930 2975 ὕστεροι,

355 2991 544 3060 ἐπειδὴ
582 2993 740 3061 ὑμεῖς
768 2992 1146 3062 προετείνεσθε
1200 2995 1464 3065 πρότερον
1493 3001 1569 3060 ὡς
1610 2999 1930 3068 κατήγοροι.

356 3086 596 3148 ἐκείνους
646 3085 701 3137 δὲ
745 3081 813 3139 ἶνίν
859 3087 919 3138 τὸ
972 3087 1161 3140 λοιπὸν
1213 3088 1270 3151 ἐξ
1308 3089 1556 3160 ἀνάγκης
1632 3091 2002 3175 ὰπολογίανε

358 3177 650 3230 ποιεῖσθαι.

1037 3277 1227 3331 ΕΦΕΣ.

439 3365 718 3419 Ἐντεῦθεν
774 3368 871 3436 ήδη
921 3368 1011 3421 τού
1058 3369 1244 3435 λέγειν
1295 3373 1639 3442 παυσάμενοι
1689 3391 1931 3444 παρεκα-

355 3461 556 3527 λοῦμεν
586 3462 802 3525 αὑτοὺς,
828 3464 880 3514 τί
911 3462 985 3533 μὴ
1012 3463 1260 3530 λέγοντες
1295 3465 1484 3519 ἱκανὸν
1514 3469 1930 3523 ἐπισπάσασθαι

358 3555 451 3606 καὶ
505 3552 710 3616 λιθίνας
767 3553 980 3623 ψυχάςς
1041 3558 1358 3610 ἐπανελθεῖν
1412 3557 1550 3628 πρδς
1607 3559 1706 3630 τὴν
1757 3561 1931 3632 κγλὴν

363 3645 683 3712 συμφωνίαν
753 3645 1022 3711 ὲκείνην,’
1063 3647 1130 3715 ἢν
1195 3646 1417 3717 εἴχομεν
1494 3651 1762 3719 πρότερον
1837 3654 1932 3705 καὶ

358 3740 495 3805 πρδς
547 3738 694 3807 ἡμᾶς
735 3738 934 3801 αὑτοὺς
985 3740 1078 3791 καὶ
1122 3741 1258 3808 πρῦς
1290 3743 1417 3803 τοὺς
1465 3744 1715 3813 Πατέρας
1747 3745 1926 3816 ἡμῶν,

357 3831 447 3881 ὅτε
496 3829 554 3882 τὸ
597 3831 730 3883 αὐτὸ
773 3830 977 3892 πάντες
1012 3829 1296 3900 ἐλέγομεν,
1341 3838 1437 3885 καὶ
1466 3835 1564 3886 οὑκ
1610 3831 1677 3904 ἦν
1705 3839 1759 3887 ὲν
1795 3839 1928 3905 ἡμῖν

357 3924 581 3992 σχίσμα.

1037 4020 1242 4076 ΑΠΟΛ.

434 4107 625 4172 Καὶοῶς
674 4112 896 4177 οἴδαμεν
929 4114 1022 4162 καὶ
1059 4113 1245 4180 ἡμεῖς,
1286 4112 1368 4164 ὅτι
1402 4113 1625 4165 ἐπαύσω
1660 4113 1760 4181 τῆς
1808 4115 1926 4166 δια-

359 4195 573 4262 λέξεως,
630 4197 705 4265 μὴ
755 4197 1054 4267 δυνάμενος
1113 4201 1414 4267 ἀντιλέγειν
1464 4201 1541 4270 τῷ
1599 4203 1694 4270 τῆς
1739 4202 1927 4270 Ἀγίας

359 4288 590 4358 Σαδίνης
641 4291 1100 4356 καρδινάλειοὸτε
1164 4309 1257 4345 σου
1303 4295 1508 4354 πάντας
1560 4298 1686 4356 τοὺς
1731 4295 1927 4364 λόγους

353 4378 448 4442 οὓς
509 4381 714 4448 ἔλεγες,
767 4383 842 4446 ὡς
899 4383 960 4435 οὑ
1019 4383 1098 4435 δεῖ
1155 4385 1491 4449 προσθεῖναι,
1551 4387 1792 4455 δηλονὲτι
1851 4388 1928 4457 τῷ

2035 1881 2671 1949 sessiones;c0nvenite
2752 1904 2883 1959 ergo
2949 1891 3015 1944 ad
3077 1894 3495 1964 disputandum,
3539 1899 3611 1954 ita

2035 1974 2180 2025 enim
2213 1985 2264 2028 et
2297 1977 2452 2031 nullo
2484 1977 2593 2033 alio
2628 1980 2798 2036 modo
2839 1984 3143 2051 reperietur
3169 1987 3373 2044 veritas
3412 2006 3428 2055 ;
3461 1993 3615 2045 veni-

2040 2074 2090 2118 te
2143 2069 2622 2125 etcunctationem
2656 2073 2894 2141 abjicite.
2923 2075 3152 2131 Dolebat
3176 2081 3379 2150 quippe
3416 2084 3498 2138 vir
3526 2085 3615 2140 ille

2038 2160 2224 2213 beatus
2241 2160 2306 2214 de
2333 2162 2653 2232 negligentia
2682 2175 3015 2229 nostrorum.
3037 2171 3178 2239 quod
3224 2188 3332 2228 non
3361 2180 3618 2233 conveni-

2038 2262 2156 2305 rent
2181 2253 2247 2305 ad
2267 2255 2564 2310 sessiones.
2591 2257 2858 2314 Dicebant
2882 2277 3047 2331 porro
3071 2275 3127 2319 et
3173 2282 3232 2322 se
3254 2268 3616 2327 defendebant

2036 2360 2144 2398 non
2174 2357 2228 2399 ut
2256 2348 2577 2404 viderentur
2615 2351 2817 2408 habere
2845 2355 2976 2425 quid
3005 2357 3276 2428 dicereut,
3304 2373 3356 2416 et
3389 2377 3613 2418 suorum

2035 2453 2198 2492 aures
2255 2455 2723 2512 praeoccuparem.
2789 2457 2844 2501 ut
2874 2457 2929 2502 tu
2981 2451 3364 2511 calumniando
3423 2472 3612 2512 omnes

2037 2529 2274 2587 aliirmas
2299 2535 2513 2602 (procul
2536 2536 2679 2590 enim
2709 2555 2736 2590 ιι
2761 2551 2989 2606 seusuet
3011 2545 3238 2600 scientia
3268 2547 3484 2603 illorutn
3509 2551 3612 2607 hoc

2035 2627 2159 2694 est),
2181 2628 2272 2680 sed
2294 2645 2467 2698 neque
2491 2633 2821 2701 posteriores
2845 2633 3210 2700 disserebant,
3237 2651 3292 2693 ut
3313 2642 3472 2698 tinem
3496 2660 3613 2700 ses—

2037 2717 2279 2773 siouibus
2315 2721 2679 2792 imponerent,
2715 2737 2877 2797 atque
2902 2730 2972 2784 ita
3002 2730 3322 2786 viderentur
3361 2736 3462 2803 ipsi
3495 2752 3609 2791 om-

2037 2808 2123 2861 nia
2159 2811 2366 2868 diluere
2395 2831 2516 2884 qua:
2545 2831 2573 2869 a
2612 2820 2768 2875 vobis
2801 2822 3242 2891 objicicbantur;
3297 2843 3484 2882 verum
3518 2829 3614 2883 de-

2039 2902 2304 2960 fensionis
2339 2922 2500 2962 causa
2536 2913 2964 2980 respondebant,
2994 2918 3255 2984 quoniam
3282 2919 3493 2989 priores
3518 2938 3615 2976 vos

2038 2989 2422 3066 proponebatis
2451 3011 2902 3073 utaccusatores;
2937 3012 3204 3080 reliquum
3232 3028 3366 3082 ergo
3388 3026 3531 3081 erat,
3559 3027 3618 3069 ut

2038 3087 2112 3139 illi
2155 3090 2423 3146 rationem
2451 3099 2762 3151 necessario
2791 3101 3098 3156 redderent.

2704 3277 2942 3332 El’llilS.

2112 3362 2247 3415 Tum
2273 3381 2399 3419 vero
2423 3367 2624 3422 omissa
2649 3369 3020 3437 disputatione
3048 3374 3114 3427 ad
3141 3391 3328 3443 preces
3359 3385 3613 3437 conversi

2039 3461 2246 3521 sumus,
2269 3457 2392 3525 quid
2429 3475 2533 3513 non
2571 3461 2836 3527 dictantes,
2874 3468 3016 3533 quod
3051 3469 3134 3522 vel
3191 3464 3440 3539 lapideos
3484 3477 3618 3530 ‘ani-

2039 3562 2158 3602 mos
2186 3561 2365 3618 posset
2403 3553 2620 3608 allictere
2656 3555 2678 3607 ?
2709 3565 2764 3610 ut
2797 3559 3070 3614 rediretur
3102 3564 3167 3618 ad
3210 3569 3528 3632 przeclaram
3557 3571 3616 3625 il-

2037 3642 2144 3694 iam
2173 3645 2543 3711 concordiam,
2572 3661 2677 3716 qua
2707 3649 2835 3702 olim
2870 3661 2984 3704 tum
3030 3654 3129 3721 ipsi
3181 3661 3617 3727 congruebamus

2038 3735 2178 3788 inter
2202 3749 2318 3801 nes,
2353 3744 2465 3790 tum
2495 3737 2634 3793 idem
2656 3742 2799 3808 quod
2829 3741 3019 3799 Patres
3057 3748 3448 3816 svntiebamus,
3491 3771 3613 3808 cum

2035 3842 2226 3881 omnes
2256 3830 2396 3882 idem
2429 3831 2764 3896 dicebamus,
2796 3843 2848 3888 et
2894 3853 2998 3892 non
3032 3844 3398 3896 eratschisma
3431 3849 3481 3898 in
3519 3865 3617 3900 ιιι)⁴

2037 3917 2136 3970 bis.

2744 4022 2940 4077 RESP.
3543 4085 3551 4093 η

2107 4103 2341 4161 Desiisse
2379 4118 2428 4162 te
2461 4109 2744 4179 disputare
2767 4125 2818 4168 et
2846 4131 2945 4169 nos
2972 4119 3141 4185 probe
3170 4121 3379 4176 scimus
3411 4139 3424 4186 ;
3454 4124 3615 4178 nimi—

2035 4208 2154 4246 rum
2193 4196 2317 4263 quia
2344 4199 2600 4254 resistere
2663 4204 2925 4258 cardinali
2967 4206 3184 4262 Sancta:
3241 4209 3455 4268 Sabinw
3507 4231 3611 4268 non

2035 4299 2252 4354 poteras
2286 4310 2296 4344 :
2328 4297 2546 4360 quan-lo
2579 4311 2770 4354 omnes
2798 4315 2920 4368 quae
2946 4317 2974 4354 a
3014 4311 3066 4356 te
3121 4303 3488 4360 allercbantur
3525 4325 3614 4362 ra-

2035 4381 2230 4447 tiones,
2271 4384 2412 4451 quod
2451 4386 2584 4439 nihil
2637 4389 2708 4441 sit
2773 4392 3080 4447 addendum
3137 4411 3296 4452 sacro
3359 4399 3613 4454 videlic..-t

357 4471 487 4541 ἱερῷ
541 4473 820 4544 Συμὸὁλιε),
860 4476 953 4528 acti.
1005 4476 1074 4528 τὰ
1125 4478 1307 4545 ὅμοια,
1360 4477 1602 4531 διέλυσεν
1647 4478 1721 4540 ὡς
1782 4481 1925 4531 ἰστὸν

2039 4473 2314 4544 Symbolo,
2356 4491 2417 4530 ac
2447 4479 2670 4546 similia,
2708 4481 3089 4554 dissolvitipsc
3115 4489 3280 4543 veluti
3316 4491 3614 4548 telamara-

351 4567 616 4636 ἀράχνης,
660 4568 902 4637 ἐναργῶς
964 4569 1350 4638 παραστήσας,
1399 4571 1474 4632 ὡς
1523 4571 1603 4622 δεῖ
1649 4573 1748 4641 τὴν
1798 4572 1929 4638 ἁλή-

353 4656 502 4706 θειαν
546 4655 773 4709 πάντοτε
825 4656 1236 4726 προστίθεσθαι.
1269 4659 1339 4711 Σὺ
1383 4659 1444 4729 δὴ
1495 4659 1568 4728 μὴ
1620 4660 1762 4730 ἔχων
1792 4662 1930 4714 ἁπο-

349 4746 650 4814 λογεῖσθαι,
683 4749 880 4817 ἑτέραν
911 4751 1154 4818 ὲτράπης
1181 4751 1298 4803 ὁδὸν
1329 4751 1508 4818 λέγων
1533 4767 1547 4782 ·
1583 4751 1928 4808 Ἐπανέλθωο

357 4857 456 4906 μεν
490 4839 626 4908 πρὸς
681 4841 744 4892 τὸ
790 4841 1018 4909 ἀρχαῖον
1077 4842 1256 4893 ἐκεῖνο
1291 4843 1521 4910 μάθημά
1550 4857 1607 4895 τε
1642 4845 1737 4896 καὶ
1785 4845 1929 4913 Σύμ-

353 4931 530 4996 ϐολον,
566 4931 593 4983 ὃ
639 4932 1023 5001 παρελάδομεν
1050 4949 1064 4963 ’
1115 4934 1454 5003 αἰδεσθῶμεν
1499 4937 1625 4998 τοὺς
1674 4936 1926 5006 Πατέρας

354 5023 546 5090 ἡμῶν·
605 5023 936 5092 φυλάξωμεν
1009 5025 1110 5092 τὴν
1187 5028 1690 5098 παρακαταθήκην.
1757 5029 1815 5082 Ὀ
1871 5031 1926 5083 δὲ

365 5113 648 5176 Ἰουλιανὸς
706 5118 972 5182 γενναίως
1030 5117 1235 5187 άντέφη
1302 5118 1440 5188 πρὸς
1480 5119 1654 5172 ταῦτα
1698 5120 1922 5188 λέγων·

355 5206 462 5258 Καὶ
492 5206 651 5274 ἡμεῖς
691 5209 814 5268 τοὺς
844 5207 1090 5276 Πατέρας
1121 5209 1275 5279 ἡμῶν
1320 5212 1701 5284 εὑλαϐούμεθα
1734 5216 1809 5279 ὡς
1856 5220 1932 5270 εἱ-

353 5295 469 5358 κὸς,
511 5296 603 5348 καὶ
634 5297 759 5360 τοὺς
810 5299 970 5369 ὅρους
999 5301 1178 5353 αὐτῶν
1225 5305 1322 5356 καὶ
1355 5303 1536 5366 καλῶς
1567 5307 1802 5376 νοοῦμεν
1831 5309 1925 5360 καὶ

352 5387 595 5452 εὐλαϐῶς
631 5391 972 5459 φυλάττομεν
1000 5409 1012 5422 ’
1065 5394 1125 5444 οὑ
1176 5393 1283 5461 γάρ
1316 5393 1446 5448 ἄλλο
1479 5395 1578 5463 μὲν
1626 5398 1923 5466 Σύμϐολον,

352 5480 529 5532 εῖτουν
583 5484 814 5551 μάθημα
872 5485 1110 5546 πίστεως
1169 5489 1330 5554 ἡμεῖς
1385 5487 1764 5557 πρεσὸεύομεν
1831 5494 1927 5544 καὶ

348 5572 896 5642 ὁμολογοῦμεν,άλλ’
956 5580 1132 5630 ἐκεῖνο
1203 5579 1344 5647 ὅπερ
1403 5581 1434 5649 ἡ
1499 5580 1630 5647 ἁγία
1696 5583 1924 5652 δευτέρα

351 5664 605 5734 ἐξεϐόησε
642 5668 880 5732 σύνοδνς.
933 5670 1116 5740 Λὺτὴν
1144 5671 1199 5723 δὲ
1232 5674 1296 5740 ἢν
1351 5673 1532 5741 λέγεις
1578 5675 1924 5746 προσθήκην,

352 5760 511 5826 ἡμεῖς
542 5762 839 5829 σαφήνειαν
873 5763 966 5816 καὶ
1005 5761 1292 5835 ἐξήγησιν,
1318 5765 1378 5818 ού
1408 5769 1731 5837 προσθήκην
1768 5769 1924 5836 λέγο-

2040 4581 2172 4632 near,
2201 4568 2503 4625 addendam
2549 4587 2672 4629 esse
2701 4574 3081 4632 demonstrans
3106 4584 3298 4650 quovis
3370 4596 3615 4656 tempore

2038 4659 2341 4715 veritatem.
2393 4663 2471 4716 Tu
2526 4681 2652 4719 vero
2684 4682 2805 4721 cum
2827 4677 2917 4723 tua
2950 4687 3053 4724 non
3085 4688 3272 4741 posses
3302 4677 3610 4744 defendere,

2038 4753 2206 4806 altera
2226 4769 2545 4824 progressus
2573 4774 2630 4814 es
2657 4760 2762 4826 via,
2799 4761 3020 4817 dicens:
3046 4763 3352 4822 Redeamus
3381 4771 3446 4824 ad
3471 4773 3614 4825 auti-

2037 4861 2204 4910 qunm
2245 4847 2374 4901 illud
2406 4848 2526 4904 lidci
2561 4851 2928 4909 rudimentum
2966 4875 3028 4912 ac
3071 4858 3407 4930 Symbolum,
3467 4867 3612 4934 quod

2038 4939 2376 5004 accepimus;
2405 4955 2754 4996 revereamur
2807 4943 2994 5002 Patres
3035 4961 3254 5006 nostros
3287 4971 3299 5015 ;
3332 4970 3610 5007 servemus

2039 5028 2366 5098 depositum.
2406 5032 2482 5085 Ad
2511 5049 2633 5099 (tua:
2667 5031 2921 5092 Julianus
2953 5043 3173 5108 egregie
3199 5044 3478 5110 t‘EspUttdil
3508 5043 3610 5095 :E-t

2038 5136 2162 5186 nos,
2192 5123 2383 5192 inquit,
2419 5135 2474 5176 ut
2501 5142 2594 5193 par
2619 5136 2721 5194 est,
2756 5129 2944 5183 Patres
2969 5142 3183 5184 imstros
3199 5147 3523 5199 reveremur,
3559 5148 3612 5187 et

2040 5214 2285 5284 ipsorum
2316 5215 2535 5271 decreta
2576 5233 2720 5272 recta
2775 5221 3128 5289 intelligimus
3198 5233 3251 5276 et
3299 5235 3611 5278 reverenter

2041 5324 2362 5375 servamus;
2395 5326 2571 5378 neque
2603 5314 2746 5364 enim
2791 5327 2891 5366 nos
2929 5315 3071 5366 aliud
3125 5314 3464 5385 Symbolum,
3513 5335 3612 5373 seu

2041 5399 2164 5452 lidei
2197 5401 2563 5456 rudimentum
2604 5411 2850 5457 tenemus
2871 5411 2922 5457 et
2945 5404 3219 5460 credimus
3236 5415 3432 5474 praeter
3453 5408 3610 5475 illud,

2040 5493 2185 5559 quod
2217 5502 2404 5548 sancta
2437 5496 2674 5564 synodus
2724 5496 2962 5550 secunda
3019 5501 3406 5569 promulgavit.
3459 5501 3614 5568 Quod

2044 5600 2171 5639 vero
2206 5595 2257 5639 tu
2293 5586 2721 5641 additamentum
2780 5605 2961 5656 vocas,
3027 5609 3127 5647 nos
3191 5593 3613 5651 declarationem

2043 5683 2096 5727 et
2160 5679 2622 5746 explanationem,
2697 5700 2802 5735 non
2859 5686 3290 5740 additamentum
3326 5687 3612 5756 dicimus;

2043 5768 2468 5826 additamentum
2506 5774 2707 5844 quippe
2763 5777 3053 5834 dicendum
3113 5789 3193 5836 est
3264 5786 3612 5853 peregrinum
