4022 6196
537 287 565 352 ’1
577 288 682 353 θ⁷39

1521 284 1838 348 JUSEPUI
1874 285 2425 347 METUONENSIS
2469 281 2814 345 Ei‘ISCOi‘I

3620 283 3718 345 1010

535 414 777 478 dogma;
821 407 1022 462 veritas
1081 415 1264 460 autem
1324 417 1432 458 non
1486 403 1946 467 additamentum,
2016 400 2110 455 sed

2228 417 2320 468 μεν
2345 415 2356 430 ·
2387 399 2675 470 προσθήκη
2714 397 2825 466 γὰρ
2854 395 2912 447 τδ
2947 393 3226 464 ἀλλότριον
3253 393 3436 462 λέγοιτ’
3463 395 3520 448 ἂν
3554 395 3717 467 δόγμα·

535 501 848 569 explicatio,
883 510 933 553 ut
974 514 1116 567 saepe
1147 497 1353 551 dictum
1385 502 1491 550 est.
1520 493 1676 559 Quod
1702 509 1832 548 vero
1874 493 2112 547 hortaris

535 604 590 647 ut
622 594 890 654 dicamus,
921 589 1376 661 quemadmodum
1415 586 1570 641 initio
1587 586 1922 652 dicebamus,
1945 601 2118 654 quan-

534 685 604 739 do
644 701 749 739 non
771 693 887 740 erat
918 682 1160 738 schisma
1197 681 1339 736 inter
1366 694 1490 744 uos,
1555 677 1609 733 id
1637 692 1770 733 sane
1798 692 1829 732 e
1882 675 2114 746 vestigio

536 778 791 833 falsitatis
827 777 1075 847 arguitur
1114 792 1128 830 :
1163 775 1435 845 siquidem
1473 771 1716 829 schisma
1749 781 1968 826 centum
1991 780 2115 838 post

533 868 822 934 septimam
855 867 1121 938 synodum
1173 867 1332 919 annis
1396 875 1575 918 ortum
1652 871 1734 916 est
1787 861 2114 916 auctoribus

534 958 796 1013 Michaele
831 959 1160 1027 imperatore
1210 967 1264 1012 et
1291 955 1485 1010 Photio
1511 953 1840 1024 patriarcha,
1881 950 2114 1022 Symbo-

535 1055 642 1105 tum
681 1066 809 1106 vero
844 1060 966 1120 post
1009 1049 1307 1105 secundam
1335 1048 1607 1118 synodum
1644 1045 1893 1100 Romana
1953 1058 2114 1098 cane-

535 1143 623 1196 bat
653 1141 918 1207 Ecclesia,
957 1142 1100 1198 sicut
1134 1140 1294 1195 hodie
1329 1139 1496 1206 canit,
1534 1148 1670 1195 teste
1729 1137 1967 1208 Georgio
1992 1135 2116 1190 Ari-

533 1235 702 1300 stino,
733 1242 792 1289 ut
823 1235 1086 1290 diximus.
1125 1233 1259 1287 Nam
1293 1243 1347 1286 ct
1381 1232 1672 1297 Maximus,
1714 1230 1806 1298 qui
1835 1228 1936 1283 fuit
1989 1237 2115 1282 ante

531 1337 742 1381 sextam
777 1325 1069 1396 synodum,
1103 1332 1335 1378 testatur
1360 1323 1464 1376 hoc
1503 1321 1556 1374 in
1590 1318 1820 1389 epistola
1877 1316 1943 1370 ad
2004 1316 2114 1369 Ma-

533 1422 715 1474 rinum
747 1419 1130 1489 presbyterum
1198 1415 1484 1486 Cyprium,
1539 1413 1839 1468 Romanam
1899 1410 2113 1466 scilicet

533 1513 831 1569 Ecclesiam
874 1513 944 1564 ita
1002 1510 1226 1573 sentire,
1259 1509 1336 1562 sic
1387 1507 1675 1562 scribens:
1715 1502 2111 1574 Synodicarum

535 1606 877 1664 sanctissimi
917 1619 1068 1675 papa:
1093 1602 1329 1667 Martini,
1377 1601 1470 1670 qui
1504 1614 1648 1653 nunc
1669 1595 1940 1665 prasidet,
1969 1593 2114 1647 litte-

536 1715 744 1765 rarum,
776 1713 885 1753 non
914 1705 1046 1766 quot
1083 1695 1183 1764 ipsi
1208 1693 1526 1762 scripsistis,
1560 1688 1761 1760 capita,
1790 1685 2111 1743 Constanti-

2222 495 2252 563 ἡ
2285 495 2328 546 δ’
2359 494 2586 563 ἀλήθεια
2627 493 2686 545 ού
2721 489 3036 560 προσθήκη,
3061 489 3175 541 ἀλλ’
3203 488 3501 554 ἀνάπτυξις,
3529 489 3592 554 ὡς
3627 493 3722 544 mit-

2219 588 2374 650 λάκις
2430 587 2673 655 εἴρηται.
2739 585 2863 638 "0::
2923 584 2982 636 δὲ
3039 584 3346 654 παραινεῖς,
3397 582 3476 636 ἵνα
3524 583 3721 651 λέγωμεν

2218 679 2408 750 ὥσπερ
2462 679 2722 748 ἐλέγομεν
2777 680 2899 732 κατ’
2944 677 3145 747 ἀρχὰς,
3173 676 3261 728 ὅτε
3310 676 3404 728 οὐκ
3433 670 3493 746 ἦν
3540 677 3590 725 ἐν
3627 675 3725 743 ἡμῖν

2220 771 2447 841 σχίσμα,
2496 771 2690 825 τούτου
2753 769 2896 823 κατά
2955 769 3124 832 πόδας
3180 770 3208 822 ὁ
3260 767 3508 837 ἐλεγχος·
3551 768 3604 817 τδ
3651 767 3724 834 μὲν

2219 862 2423 931 σχίσμα
2456 862 2594 932 μετά
2645 862 2741 930 τὴν
2772 860 3011 931 ἑϐδόμην
3063 861 3278 914 σύνοδον
3326 858 3506 912 ἐκατδν
3531 857 3610 927 ἔτη
3636 857 3726 924 ἐγέ-

2218 971 2340 1008 νετο
2385 956 2536 1026 αἰτίᾳ
2582 954 2808 1026 Μιχαὴλ
2857 955 3123 1026 βασιλέως
3176 954 3270 1008 καὶ
3295 952 3486 1007 Φωτίου
3513 951 3728 1022 πατριάρ-

2216 1063 2336 1114 χου,
2362 1046 2422 1099 τὺ
2465 1045 2520 1098 δέ
2571 1047 2850 1116 Σύμϐολον
2871 1046 3004 1125 κάπὸ
3055 1047 3155 1116 τῆς
3205 1045 3454 1116 δευτέρας
3498 1044 3725 1113 συνόδουὴ

2227 1137 2513 1208 Ῥωμαῖκὴ
2562 1136 2737 1202 οὕτως
2787 1139 3018 1206 ἔψαλλεν
3061 1138 3376 1206 Ἐκκλησία,
3407 1137 3478 1200 ὡς
3523 1137 3621 1207 ᾄδει
3657 1140 3726 1191 καὶ

2217 1232 2481 1300 σήμερον,
2513 1231 2702 1294 καθὼς
2743 1234 3016 1302 μαρτυρεῖ
3060 1231 3332 1302 Γεώργιος
3383 1232 3411 1284 ό
3461 1231 3727 1301 ’Δριστινὺς,

2215 1323 2288 1386 ὡς
2313 1323 2530 1392 ἔφημεν
2553 1339 2567 1353 ’
2601 1326 2698 1377 καὶ
2728 1324 2985 1393 Μάξιμος
3014 1325 3070 1377 δέ
3106 1327 3134 1378 ὀ
3159 1327 3265 1391 πρὸ
3289 1324 3382 1394 τῆς
3411 1324 3563 1391 ἕκτης
3595 1324 3730 1391 ὑπάρ-

2217 1431 2328 1484 χων
2360 1415 2580 1467 συνόδου
2610 1417 2880 1485 μαρτυρεῖ
2907 1415 3070 1470 τοῦτο
3101 1419 3158 1468 ἐν
3185 1419 3249 1487 τῇ
3277 1415 3517 1485 ἐπιστολῇ
3545 1417 3600 1485 τῇ
3623 1414 3727 1485 πρὸς

2216 1507 2463 1576 Μαρῖνον
2513 1507 2889 1578 πρεσϐύτερον
2954 1509 3220 1578 Κύπρου,
3268 1509 3342 1572 ὡς
3406 1509 3446 1578 ή-
3494 1509 3728 1577 Ῥωμαῑιιὴ

2229 1598 2528 1668 Ἐκκλησία
2559 1589 2767 1670 ταύτην
2801 1601 2914 1670 ἔχει
2946 1601 3046 1670 τὴν
3071 1602 3250 1667 δόξαν,
3287 1601 3460 1670 λέγων
3485 1603 3601 1654 ὠδίο
3634 1601 3726 1652 Τῶν

2216 1688 2309 1744 τοῦ
2368 1689 2464 1743 νῦν
2542 1692 2849 1759 ἀγιωτάτου
2906 1694 3108 1747 πάππα
3161 1696 3438 1763 Μαρτίνου
3483 1693 3725 1747 συνοδικῶν

535 1789 836 1860 nopolitani
861 1794 1137 1851 notarunt,
1174 1783 1268 1838 sed
1297 1782 1406 1837 duo
1425 1791 1654 1846 tantum,
1677 1793 1912 1850 quorum
1945 1789 2112 1829 unum

2228 1781 2317 1834 οὐκ
2375 1782 2432 1833 ἐν
2478 1781 2756 1844 τοσούτοις
2815 1784 2962 1846 ὅσοις
3013 1786 3332 1854 γεγράφατε
3377 1785 3658 1855 κεφαλαίοις
3695 1787 3731 1837 οἱ

533 1885 602 1940 ad
632 1883 814 1937 divina
847 1888 1076 1948 spectat,
1109 1877 1253 1940 quod
1309 1874 1529 1940 dixerit,
1605 1872 1879 1944 inquiunt,
1946 1868 2119 1940 Spiri-

536 1987 651 2032 tum
679 1983 932 2030 sanctum
968 1988 996 2026 a
1046 1969 1185 2024 Filio
1244 1982 1463 2038 quoque
1503 1965 1824 2035 procedere,
1888 1975 1940 2016 et
2000 1975 2120 2030 quae

535 2077 859 2138 sequuntur,
889 2080 958 2119 ne
987 2063 1204 2132 singula
1241 2059 1537 2131 proferam.
1611 2056 1791 2123 Quare
1840 2071 1949 2110 non
2018 2053 2122 2108 fuit

536 2161 689 2233 origo
711 2158 1040 2222 schismatis,
1074 2153 1220 2224 quod
1247 2165 1301 2206 ιιι
1321 2166 1486 2207 vocas
1516 2149 1976 2214 additamentum,
2025 2144 2122 2201 sed

537 2259 784 2313 Romana
816 2253 1056 2310 Ecclesia
1128 2247 1442 2321 Symbolum
1500 2244 1787 2308 recitabat,
1847 2251 1905 2297 ut
1962 2239 2122 2295 hodie

541 2351 738 2404 recitat
803 2363 817 2411 ;
878 2353 933 2400 et
1006 2359 1127 2409 nos,
1197 2340 1411 2396 scilicet
1474 2335 1668 2402 Graeci,
1729 2331 2116 2396 recitabamus,

537 2455 594 2498 ut
651 2456 793 2497 nunc
855 2438 1107 2504 facimus,
1170 2443 1224 2490 et
1275 2432 1516 2487 schisma
1545 2444 1651 2482 non
1716 2434 1834 2482 erat
1901 2424 1955 2478 in
2026 2438 2121 2476 no-

536 2537 643 2592 bis.
677 2535 913 2589 Possunt
958 2543 1088 2599 ergo
1142 2527 1306 2582 etiam
1349 2522 1525 2577 Latini
1570 2519 1760 2575 iisdem
1817 2517 1883 2571 ad
1942 2528 1990 2570 te
2045 2511 2121 2568 uti

539 2628 802 2683 vocibus:
844 2623 1152 2678 Redeamus
1174 2618 1240 2672 ad
1271 2615 1362 2670 illa
1397 2623 1660 2681 tempora,
1696 2609 1896 2678 quibus
1943 2602 2120 2674 juncti

537 2737 800 2780 eramus.
868 2725 924 2772 et
977 2733 1073 2768 uos
1161 2709 1480 2781 Symbolum
1539 2720 1604 2760 eo
1659 2703 1818 2756 modo
1884 2697 2123 2768 profere-

539 2818 756 2878 bamus,
800 2823 910 2879 quo
970 2820 1113 2859 nunc
1143 2800 1496 2872 proferimus,
1549 2805 1604 2850 et
1657 2809 1751 2849 vos
1782 2790 2032 2844 similiter
2061 2801 2124 2842 eo

545 2885 716 2962 modo
779 2899 1066 2964 dicebatis,
1102 2910 1212 2965 quo
1270 2908 1416 2946 nunc
1487 2887 1691 2952 dicitis,
1729 2894 1783 2938 et
1837 2881 2124 2952 unanimes

541 3014 768 3056 eramus
803 3014 820 3062 ;
855 3006 910 3050 et
965 3007 1142 3062 neque
1173 3004 1271 3044 vos
1297 2989 1362 3043 de
1397 2985 1558 3040 nobis
1607 2976 2118 3052 conquerebamiui,

543 3107 722 3163 neque
751 3103 850 3144 nos
884 3088 1086 3157 pariter
1109 3083 1177 3136 de
1207 3079 1385 3136 vobis.
1417 3077 1582 3131 Miror
1629 3083 1810 3130 autem
1846 3069 2125 3142 quomodo

545 3184 743 3259 synodi
803 3175 1159 3237 mcutnenicae
1214 3188 1320 3227 non
1379 3165 1854 3254 reprehenderint,
1921 3163 1965 3217 si
2023 3176 2122 3215 nos

545 3277 924 3347 hlasphemare
963 3269 1232 3333 sciebant,
1260 3273 1320 3320 ut
1351 3279 1446 3319 vos
1485 3276 1629 3316 nunc
1662 3259 1846 3315 dicitis
1877 3266 1930 3312 et
1959 3269 2125 3308 accu-

533 3370 680 3425 satis
709 3385 723 3421 :
758 3363 936 3429 tertia,
971 3361 1213 3428 inquam,
1239 3361 1454 3426 quarta,
1481 3350 1700 3422 quinta,
1741 3353 1916 3410 sexta,
1937 3351 1989 3398 et
2037 3358 2128 3398 se-

551 3462 720 3530 ptima
753 3475 770 3525 ;
807 3469 985 3525 neque
1045 3450 1191 3506 enim
1239 3443 1520 3500 criminari
1549 3440 1796 3511 coepistis
1851 3437 1952 3492 nisi
2006 3443 2128 3505 post

535 3526 822 3609 f’ltotium.
857 3545 1045 3614 Itaque
1068 3540 1484 3602 conveniamus,
1549 3534 1915 3600 dicamusque
1975 3526 2125 3598 quod

549 3659 675 3701 ante
698 3644 936 3700 schisma
971 3634 1311 3696 dicebamus,
1377 3630 1576 3698 lietque
1607 3635 1666 3682 ttt
1714 3625 1854 3680 idem
1910 3621 2128 3690 utrique

547 3741 834 3800 dicamus;
871 3741 925 3789 et
943 3730 1161 3785 tolletur
1191 3724 1453 3789 schisma,
1490 3735 1593 3790 pax
1619 3729 1800 3774 autem
1825 3715 2127 3783 subseque-

545 3847 633 3888 tur
659 3841 713 3885 et
756 3824 1048 3884 concordia
1087 3827 1303 3889 ;atque
1363 3817 1438 3871 ita
1487 3813 1693 3870 erimus
1756 3808 1866 3863 Deo
1915 3806 2127 3860 favente

545 3923 840 3994 conjuncti.

1215 4180 1461 4236 EPIIES.

624 4287 746 4340 lltec
784 4283 1030 4338 dicentes
1059 4276 1381 4332 videbantur
1412 4270 1596 4326 surdis
1634 4265 1858 4322 auribus
1903 4274 2124 4325 canere,

549 4377 896 4449 autlapidem
929 4385 1188 4443 coquere,
1223 4377 1316 4424 aut
1375 4363 1587 4422 semina
1636 4362 1787 4416 saxis
1845 4354 2123 4417 mandare,

2220 1873 2316 1941 τῆς
2379 1872 2654 1943 βασιλίδος
2701 1873 2813 1928 τῶν
2873 1874 3087 1930 πόλεων
3149 1877 3498 1944 ἐπελάϐοντο,
3548 1877 3650 1930 δυσὶ
3693 1876 3733 1927 δὲ

2224 1967 2438 2036 μόνοις·
2499 1961 2572 2022 ὧν
2623 1969 2684 2022 τὸ
2737 1970 2836 2040 μὲν
2894 1971 3132 2040 ὑπάρχει
3184 1974 3317 2042 περὶ
3361 1971 3733 2041 θεολογίας,ὅτι

2219 2076 2302 2124 τε,
2338 2065 2524 2130 φησὶν,
2561 2057 2717 2115 εἶπεν
2747 2063 3152 2132 ἐκπορεύεσθαι
3203 2067 3302 2120 καὶ
3345 2067 3406 2119 ἐκ
3426 2065 3512 2120 τοῦ
3545 2063 3656 2118 Υῖοῦ
3687 2065 3732 2114 τὸ

2224 2152 2445 2220 Πνεῦμα
2474 2153 2535 2206 τὸ
2571 2153 2747 2222 ἅγιον,
2778 2155 2875 2209 καὶ
2926 2156 2994 2209 τά
3025 2155 3216 2225 λοιπὰ,
3250 2159 3336 2212 ἕνα
3369 2159 3440 2227 μὴ
3472 2158 3730 2210 καθέκαστα

2221 2243 2382 2310 λέγω.
2425 2245 2586 2298 Ὥστε
2641 2247 2709 2317 ἢν
2758 2247 2935 2315 λέγεις
2977 2249 3324 2321 προσθήκην,
3369 2251 3463 2304 οὑκ
3513 2246 3574 2322 ἦν
3621 2249 3734 2301 athla

2221 2336 2314 2390 τοῦ
2370 2339 2691 2408 σχίσματος,
2725 2340 2841 2393 ἀλλ’
2896 2341 2929 2411 ἡ
2965 2339 3254 2412 Ῥωμαῖκὴ
3298 2341 3569 2411 Ἐκκλησία
3615 2339 3734 2405 ἔλεγε

2221 2431 2280 2482 τὸ
2321 2432 2618 2500 Σύμϐολον,
2649 2433 2840 2503 ὥσπερ
2886 2434 3034 2504 λέγει
3089 2437 3183 2488 καὶ
3221 2436 3471 2505 σήμερον,
3501 2433 3584 2487 καὶ
3611 2432 3734 2501 ἡμεῖς

2223 2524 2498 2592 ἐλέγομεν,
2531 2525 2580 2576 οἱ
2613 2525 2837 2594 Γραικοὶ
2874 2527 3145 2598 δηλονότι,
3183 2526 3372 2596 ὥσπερ
3407 2527 3494 2580 καὶ
3525 2526 3734 2594 σήμερον,

2224 2615 2319 2668 καὶ
2373 2617 2578 2686 σχίσμα
2623 2618 2723 2670 οὐκ
2772 2613 2841 2689 ἦν
2881 2619 2942 2671 ἐν
2988 2621 3142 2689 ἡμῖν.
3187 2617 3397 2673 Οὐκοῦν
3437 2618 3659 2670 δύνανται
3693 2613 3738 2665 τὸ

2224 2706 2358 2762 αὐτὸ
2381 2709 2476 2761 καὶ
2501 2709 2548 2761 οἱ
2576 2710 2792 2763 Λατῖνοι
2827 2711 2961 2782 πρός
3015 2728 3076 2764 σε
3116 2713 3300 2766 εἰπεῖν
3329 2728 3343 2742 ο
3384 2709 3737 2776 Ἐπανέλθωμεν

2224 2799 2306 2861 είς
2357 2801 2563 2853 ἐκεῖνον
2616 2800 2710 2854 τὸν
2775 2802 2990 2872 καιρὸν,
3026 2803 3148 2857 καθ’
3200 2803 3262 2858 ὃν
3313 2804 3568 2874 ἡνωμέναι
3611 2797 3736 2869 ἦμεν»

2227 2891 2320 2944 καὶ
2351 2893 2513 2960 ἡμεῖς
2554 2892 2818 2962 ἐλέγομεν
2848 2899 2910 2948 τὸ
2945 2894 3230 2965 Σύμϐολον
3279 2896 3464 2968 ὥσπερ
3499 2895 3583 2948 καὶ
3611 2895 3738 2960 stipa-

2231 3001 2344 3054 ρον,
2379 2986 2473 3036 καὶ
2518 2985 2675 3055 ὑμεῖς
2723 2987 2926 3055 ὁμοίως
2953 2987 3142 3058 ὥσπερ
3197 2992 3292 3043 καὶ
3329 2992 3554 3061 σήμερον
3578 2989 3738 3055 λέγετε,

2229 3077 2325 3129 καὶ
2373 3072 2514 3147 ἦμεν
2569 3080 2623 3130 ἐν
2671 3081 2917 3151 ὁμονοίᾳ,
2953 3084 3050 3135 καὶ
3100 3082 3228 3136 οὔτε
3289 3085 3445 3154 ὑμεῖς
3491 3081 3739 3136 ἐνεκαλεῖιε

2229 3171 2385 3240 ἡμῖν,
2415 3169 2538 3223 οὔτε
2563 3172 2726 3241 ἡμεῖς
2779 3173 2933 3243 ὑμῖν.
2963 3175 3246 3246 Θαυμάζω
3275 3177 3351 3244 δέ,
3391 3176 3500 3239 πῶς
3539 3177 3586 3229 αι
3608 3173 3742 3226 circau-

2235 3264 2456 3334 μενικαὶ
2498 3265 2706 3318 σύνοδοι
2767 3266 2868 3319 οὐκ
2924 3268 3276 3335 ἐνεκάλεσαν,
3306 3273 3353 3324 εἰ
3406 3270 3588 3341 ᾔδεσαν
3631 3265 3741 3335 ἡμᾶς

2233 3355 2711 3425 βλασφημοῦντας,
2740 3356 2932 3430 ὥσπερ
2978 3361 3137 3428 ὑμεῖς
3167 3361 3357 3431 λέγετε
3388 3361 3480 3415 νῦν
3509 3361 3591 3414 καὶ
3615 3361 3741 3426 ἐγκα-

2229 3446 2370 3502 λεῖτε
2405 3451 2538 3518 ἡμῖν
2563 3465 2576 3479 ⁸
2603 3450 2748 3517 λέγω
2773 3450 2828 3504 δὲ
2862 3453 2894 3522 ἡ
2930 3455 3161 3524 τρίτη,ἡ
3199 3458 3460 3525 τετάρτη,
3484 3457 3514 3524 ἡ
3543 3453 3740 3523 πέμπτην

2231 3541 2264 3612 η
2291 3541 2447 3610 ἕκτη,
2477 3545 2572 3596 καὶ
2604 3545 2636 3612 ἡ
2669 3544 2874 3615 ἑϐδόμη
2895 3563 2910 3576 ’
2943 3546 3054 3599 οὐδ’
3094 3548 3259 3618 ὑμεῖς
3305 3549 3612 3607 ἐνεκαλεῖτε,
3640 3541 3742 3597 ἀλλὰ

2233 3630 2373 3699 μετά
2435 3631 2525 3683 τὸν
2579 3631 2784 3687 Φώτιον
2842 3634 2934 3688 καὶ
2995 3636 3097 3690 ἔτι.
3157 3639 3512 3709 Συνέλθωμεν
3554 3635 3744 3702 οὓν,κοὶ

2231 3720 2473 3790 εἴπωμεν
2519 3724 2657 3792 ὅπερ
2719 3726 2979 3796 ἐλέγομεν
3031 3728 3136 3800 πρὸ
3190 3729 3288 3785 τοῦ
3333 3731 3628 3802 σχίσματος,
3675 3725 3744 3778 καὶ

2230 3813 2644 3883 εὑρεθησόμεθα
2697 3816 2765 3869 τὰ
2829 3817 2970 3871 αὐτὰ
3019 3818 3273 3887 λέγοντες
3324 3822 3630 3892 ἀμφότεροι,
3675 3818 3745 3870 καὶ

2231 3903 2505 3958 παύσεται
2557 3906 2618 3958 τὸ
2681 3907 2910 3977 σχίσμα,
2951 3911 3389 3984 ἐπακολουθήσει
3439 3914 3495 3967 δὲ
3532 3915 3561 3984 ἡ
3597 3911 3747 3984 εἰρήνη

2232 4012 2290 4047 τε
2323 3996 2420 4048 καὶ
2449 3995 2674 4065 ὁμόνοια
2697 4012 2712 4028 ο
2744 3999 2839 4051 καὶ
2884 3999 3060 4062 οὕτως
3104 4001 3348 4073 ἐσόμεθα
3393 4006 3488 4058 σὺν
3513 4003 3619 4072 Θεῷ
3650 4004 3750 4070 hvm-

2235 4087 2406 4155 μένοι.

2923 4183 3109 4239 ΕΦΕΣ.

2304 4269 2490 4324 Ταῦτα
2527 4271 2779 4339 λέγοντες
2813 4276 2978 4347 κενὴν
3008 4278 3284 4348 ἐῴκειμεν
3316 4283 3553 4351 ψάλλειν,
3585 4283 3612 4350 ἤ
3641 4281 3753 4333 λίθον

2233 4364 2404 4434 ἐψεῖν,
2437 4365 2470 4434 ἢ
2504 4367 2644 4419 κατά
2676 4369 2890 4438 πετρῶν
2921 4370 3190 4438 σπείρειν,
3232 4372 3264 4442 ἦ
3310 4373 3433 4427 καθ’
3461 4374 3626 4443 ὑγρῶν
3649 4372 3754 4440 γράο

548 4485 644 4528 aut
677 4447 732 4526 in
757 4484 896 4539 aqua
923 4466 1186 4528 scribere,
1246 4468 1340 4514 aut
1395 4453 1659 4528 quidquid
1713 4450 1860 4506 aliud
1915 4447 2122 4515 adagiis

2233 4474 2377 4524 φειν,
2409 4458 2441 4526 ἦ
2473 4459 2575 4512 ὅσα
2623 4459 2759 4513 ἄλλα
2801 4462 2896 4513 ἐπὶ
2936 4463 3047 4525 τοῖς
3088 4463 3376 4528 ἀδυνάτοις
3414 4466 3466 4517 αἱ
3513 4461 3754 4531 παροιμίαι

549 4563 924 4635 significamus
949 4557 1016 4612 ad
1045 4550 1401 4625 exprimenda
1423 4544 1802 4616 impossibilia.

1241 4642 1283 4694 fi
1294 4639 1438 4695 ESP.

627 4740 1042 4799 Possuutetiam
1072 4734 1249 4788 Latini
1293 4727 1623 4800 respondere
1653 4726 1754 4781 tibi
1787 4740 1880 4794 per
1900 4724 2090 4795 adagia
2116 4745 2129 4778 :

553 4836 807 4902 Aithiops
859 4846 964 4884 non
1006 4825 1291 4882 dealbatur
1342 4820 1556 4888 ;littori
1601 4820 1873 4891 loquimur
1908 4835 1924 4874 :
1960 4834 2136 4888 neque

549 4927 698 4982 enim
731 4932 788 4977 tu
822 4919 1100 4977 auscultas
1127 4933 1144 4982 ;
1170 4915 1351 4970 fabula
1403 4917 1523 4968 sine
1561 4915 1740 4982 capite
1771 4929 1785 4966 :
1817 4912 2130 4982 imperfecta

538 5017 701 5072 enim
757 5013 894 5068 dicis
927 5018 1022 5077 ;et
1071 5008 1176 5062 alia
1227 5018 1570 5074 quaecunque
1639 5003 1694 5056 in
1773 5012 2132 5057 contutnaCcs

537 5114 892 5177 usurpautur
919 5114 973 5159 et
1000 5107 1338 5171 arrogantes.
1371 5097 1799 5166 lnobsequentes
1815 5096 1961 5149 enim
1992 5112 2131 5148 nun-

554 5215 717 5270 quam
752 5198 1146 5265 obsequentur.
1175 5191 1250 5246 Ita
1277 5191 1438 5261 plane
1465 5195 1519 5244 et
1544 5196 1602 5241 tu
1631 5203 1647 5242 :
1703 5187 1878 5242 visum
1910 5187 2003 5240 tibi
2052 5198 2134 5244 es:

556 5304 779 5345 manere
833 5289 889 5343 iu
930 5285 1226 5340 schismate
1274 5291 1328 5335 et
1391 5277 1756 5347 seiunctione,
1815 5278 2134 5333 seductione

477 5379 484 5386 ’
534 5398 606 5439 -et
634 5383 936 5454 pravitate;
968 5389 1021 5435 ct
1045 5376 1315 5438 mansisti,
1343 5372 1798 5445 permanebisquc
1817 5371 1979 5424 etiam
2013 5381 2135 5440 post

555 5487 785 5531 mortem
815 5475 867 5527 in
901 5475 1040 5542 ipso.
1071 5473 1142 5524 At
1178 5484 1307 5524 vero
1342 5466 1432 5536 qui
1479 5480 1634 5520 suam
1675 5472 1938 5533 expetunt
1983 5465 2133 5519 salu-

536 5577 684 5632 tem,
732 5582 839 5620 non
874 5566 968 5629 ita,
1033 5576 1217 5631 neque
1270 5575 1434 5614 aures
1478 5569 1571 5611 aut
1606 5560 1797 5612 oculos
1845 5558 2129 5626 claudunt,

552 5662 646 5712 sed
686 5658 915 5711 audiunt
955 5666 1010 5710 et
1050 5655 1254 5719 vident,
1293 5662 1347 5707 et
1395 5652 1698 5722 intelligere
1731 5652 1923 5707 volunt
1984 5656 2132 5722 quod

548 5750 746 5802 melius
774 5759 827 5802 et
855 5747 1040 5802 utilius
1083 5754 1166 5800 cst
1200 5745 1265 5799 ad
1296 5758 1450 5798 suam
1486 5743 1731 5812 ipsorum
1762 5743 2014 5798 salutem.
2051 5743 2128 5799 Tu

2237 4549 2419 4619 φασιν.

2809 4703 2812 4706 .
2922 4645 3127 4701 AHOA.

2313 4737 2422 4790 Καὶ
2452 4738 2670 4792 Λατῖνοι
2712 4737 2970 4791 δύνανται
3000 4739 3065 4791 ἐκ
3089 4737 3200 4790 τῶν
3230 4740 3542 4810 παροιμιῶν
3576 4736 3688 4807 πρὸς
3713 4733 3755 4784 σὲ

2237 4828 2487 4898 ἀντερεῖν
2511 4846 2525 4860 ·
2562 4830 2758 4900 Αἰθίοψ
2797 4830 2858 4882 οὑ
2914 4828 3258 4884 λευκαίνεται
3287 4847 3314 4878 ο,
3349 4832 3574 4900 αἰγιαλῷ
3612 4823 3759 4881 λαλοῦ-

2239 4937 2382 4989 μεν·
2432 4922 2662 4991 ἀνήκοος
2737 4924 2846 4994 γὰρ
2921 4925 3224 4992 ὑπάρχεις·
3273 4926 3543 4994 ἀκέφαλος
3590 4921 3758 4993 μῦθος·

2237 5011 2406 5080 ἀτελῆ
2447 5013 2554 5083 γὰρ
2607 5013 2785 5082 λέγεις
2812 5030 2825 5044 ο
2861 5016 2954 5068 καὶ
2985 5017 3088 5070 ὅσα
3125 5015 3262 5070 ἀλλα
3294 5021 3387 5072 ἐπὶ
3419 5018 3524 5070 τῶν
3555 5012 3760 5082 ἀνηκόων

2239 5103 2334 5156 καὶ
2365 5103 2641 5168 ἀλαζόνων
2687 5107 2744 5158 αῖ
2772 5109 3069 5176 παροιμίαι
3096 5109 3354 5176 λέγουσιν
3381 5125 3393 5139 ·
3427 5105 3656 5167 ἀπειθεῖς
3678 5099 3760 5168 γάρ

2239 5193 2497 5248 οὐδέποτε
2529 5197 2831 5256 πείσονται.
2866 5199 3024 5254 Οὕτω
3056 5203 3148 5254 καὶ
3177 5201 3286 5266 uti}
3341 5202 3483 5267 ἐδοξέ
3510 5217 3584 5253 σοι
3617 5198 3761 5266 μένειν

2237 5287 2296 5341 ἐν
2324 5288 2403 5357 τῷ
2436 5288 2698 5358 σχίσματι
2727 5293 2824 5345 καὶ
2867 5293 2946 5362 τῷ
2991 5295 3285 5366 χωρισμῷ,
3324 5298 3391 5366 τῇ
3422 5294 3587 5362 πλάνῃ
3617 5305 3666 5340 τε
3692 5280 3762 5336 καὶ

2239 5379 2430 5451 κακίᾳ,
2486 5383 2580 5434 καὶ
2642 5382 2814 5447 οὕτως
2864 5384 3108 5453 ἔμεινας,
3160 5388 3218 5438 ἐν
3271 5383 3317 5456 ᾧ
3369 5388 3462 5441 καὶ
3521 5383 3646 5455 μετὰ
3696 5377 3765 5429 τὸν

2241 5469 2470 5526 θάνατον
2496 5474 2774 5544 διαμενεῖς
2803 5480 2896 5530 καὶ
2927 5479 3026 5550 ἐσῃ
3056 5480 3162 5534 ἀεῖ.
3212 5480 3358 5534 Ἀλλ’
3391 5482 3439 5533 οῖ
3467 5479 3557 5548 τῆς
3595 5466 3763 5528 ἑαυτῶν

2239 5561 2563 5635 ὀρεγόμενοι
2611 5568 2896 5638 σωτηρίας
2932 5571 3030 5638 οὐχ
3061 5569 3255 5637 οὕτως,
3286 5571 3409 5625 οὐδὲ
3447 5569 3663 5623 κλείουσι
3690 5559 3763 5614 τὰς

2238 5657 2443 5720 ἀκοὰς,
2511 5657 2629 5711 οὑδέ
2697 5661 2822 5723 τούς
2883 5663 3192 5732 ὀφθαλμοὺς
3267 5663 3632 5734 καμμύουσιν,
3676 5645 3765 5704 aii'

2243 5748 2501 5805 ἀκούουσι
2559 5753 2656 5806 καὶ
2705 5753 2961 5822 βλέπουσι
3025 5759 3115 5809 καὶ
3179 5759 3426 5811 συνιέναι
3489 5753 3677 5808 θέλουσι
3719 5741 3767 5793 τὸ
