4022 6196
355 273 484 338 illi!

351 389 602 459 κρεῖττόν
653 409 711 445 τε
757 397 852 448 καὶ
904 401 1078 469 συμξέ

349 483 420 536 Σὺ
467 484 523 536 δὲ
565 484 664 576 οὐκ
709 487 1004 560 ἠθέλησας,
1057 494 1190 549 ἀλλά
1240 501 1305 566 τῇ
1363 501 1539 572 οἰήσει
1591 506 1918 576 ἀπατηθεὶς,

347 575 752 665 φρονιμώτερος
815 582 911 636 καὶ
970 585 1280 658 σοφώτερος
1345 591 1454 662 ᾤου
1516 596 1615 665 τῆς
1688 575 1914 652 συνόδου

345 662 487 762 εἷναί
530 685 588 722 σε
637 671 841 742 πάσης,
892 675 1030 746 ὅπερ
1077 681 1177 748 τῆς
1226 683 1404 752 ἄκρας
1457 662 1669 756 μωρίας
1719 691 1921 762 δεῖγμα

343 754 436 827 ἦν,
461 758 555 812 ἕνα
588 761 880 832 ἄνθρωπον
913 765 1193 834 βέλτιστον
1220 768 1358 828 εἶναι
1392 754 1574 846 πάσης
1608 780 1708 848 τῆς
1739 754 1923 835 οἰκου-

346 848 515 917 μένης
539 865 553 879 ο
594 849 690 904 ἕνα
733 853 867 922 πρὸς
898 854 994 909 ἕνα
1025 857 1138 928 ἔχει
1169 863 1262 914 καὶ
1299 863 1475 931 λόγον,
1523 867 1710 937 πάσης
1735 869 1790 922 δὲ
1820 872 1918 938 τῆς

356 940 686 1010 Ἑκκλησίας
717 945 915 1009 κοινῶς
949 949 1311 1022 συνελθούσης
1337 955 1435 1010 ἕνα
1463 956 1741 1025 βέλτιστον
1776 957 1917 1014 εἶναι

342 1031 634 1087 ἀδύνατον·
655 1038 936 1102 παντελῶς
959 1056 971 1066 ·
1007 1044 1054 1094 εί
1081 1043 1140 1097 δὲ
1195 1047 1268 1116 μή
1309 1063 1393 1116 γε,
1423 1049 1520 1102 καὶ
1550 1050 1792 1122 Ἄρειος,
1825 1053 1917 1106 καὶ

345 1125 631 1196 Εύνόμιος,
662 1131 756 1182 καὶ
803 1132 852 1184 οί
894 1131 1075 1203 ἕτεροι
1108 1135 1220 1188 τῶν
1243 1138 1646 1208 οίκουμενικῶν
1678 1145 1917 1199 συνόδων

340 1217 527 1288 ἐχθροὶ
555 1218 721 1273 ταυτὸ
750 1222 911 1277 τοῦτο
948 1226 1215 1295 φήσουσιν
1235 1245 1250 1260 ο
1276 1230 1393 1283 ἀλλ’
1427 1232 1528 1286 οὐκ
1558 1233 1726 1290 ἔστιν.
1751 1237 1917 1290 Ὅθεν

341 1310 445 1362 ἔδει
481 1313 577 1366 καὶ
611 1314 672 1366 σὲ
725 1315 823 1385 τὴν
860 1316 1127 1388 ἀλήθειαν
1176 1323 1399 1389 γνόντα.
1433 1327 1526 1377 καὶ
1559 1328 1670 1379 τῶν
1697 1329 1915 1383 πολλῶν

340 1403 670 1472 ἀκούσαντα,
700 1404 800 1476 τῆν
824 1410 1090 1479 διχόνοιαν
1115 1414 1271 1467 ἐᾶσαι
1304 1417 1397 1468 καὶ
1421 1417 1481 1470 τὸ
1511 1420 1603 1471 ἐπῖ
1609 1437 1791 1488 μονον,
1820 1426 1914 1475 καὶ

340 1497 438 1567 τὴν
471 1500 705 1566 ματαίαν
735 1501 1004 1571 πρόληψιν
1035 1505 1129 1556 καὶ
1161 1510 1383 1573 κακίαν,
1412 1513 1507 1565 καὶ
1537 1512 1809 1583 ἑνωθῆναι
1840 1519 1908 1586 τῇ

339 1592 449 1646 τῶν
493 1597 704 1650 πολλῶν
750 1595 1045 1662 ἀποφάσει,
1077 1602 1277 1667 μᾶλλον
1306 1603 1361 1656 δὲ
1403 1605 1469 1674 τῇ
1514 1603 1788 1671 ἀποφάσει
1815 1607 1913 1677 τῆς

349 1689 550 1761 Ἐκκλη
560 1692 698 1755 σίας.

1029 1793 1219 1848 ΕΦΕΣ.

422 1885 654 1938 Ἐκεῖνοι
685 1886 794 1956 γὰρ
831 1889 944 1950 τοῖς
979 1890 1079 1959 μὲν
1111 1891 1358 1962 ἐλέγχοις
1389 1895 1908 1964 στενοχωρούμενοι,

336 1975 628 2046 διόρθωσιν
687 1979 743 2032 δὲ
802 1980 1058 2050 οὐδαμῶς
1125 1983 1385 2053 οὐδεμίαν
1445 1988 1909 2058 παραδεχόμενοι,

336 2068 426 2121 διὰ
473 2070 533 2122 τὸ
577 2071 810 2135 ἀνιάτως
843 2073 1004 2144 ἔχειν,
1035 2077 1109 2132 ὡς
1145 2076 1314 2138 ἔοικε,
1351 2081 1703 2148 παρεκάλουν
1759 2083 1910 2152 ἡμᾶς

337 2165 433 2218 ἐπὶ
456 2165 556 2232 τὴν
585 2164 834 2229 ἐξέτασιν
883 2168 1186 2238 μεταϐῆναι
1230 2169 1324 2224 τοῦ
1353 2171 1643 2242 δόγματος,
1675 2176 1748 2237 ὡς
1796 2176 1914 2227 ίκα·

338 2255 447 2307 νῶν
477 2257 575 2327 ἠδη
633 2258 911 2328 ῥηθέντων
941 2261 1050 2314 τῶν
1100 2263 1189 2314 ἐπὶ
1242 2267 1308 2333 τῇ
1360 2265 1650 2339 προσθήκῃ
1698 2267 1910 2334 λόγωνο

335 2353 574 2420 οἰόμενοι
634 2353 704 2406 δι’
747 2356 972 2407 ἐκείνων
1036 2356 1146 2408 τῶν
1205 2358 1384 2423 λόγων
1444 2361 1788 2415 ἐπισκιάσειν
1852 2364 1912 2416 τό

335 2445 430 2498 τοῦ
475 2447 748 2514 Συμϐόλου
799 2448 1074 2519 τόλμημα,
1106 2453 1204 2520 τῆς
1253 2450 1410 2522 δόξης
1457 2453 1646 2521 ὑγιοῦς
1699 2455 1911 2510 δεικνυ-

341 2539 534 2608 μένης.

1021 2638 1226 2692 ΔΠΟΛ.

409 2729 472 2781 Ui
523 2729 633 2788 τοῖς
682 2727 926 2798 ἐλέγχοις
972 2731 1474 2800 στενοχωρηθέντες
1525 2732 1806 2800 φαίνονται
1855 2735 1913 2788 ὲν

334 2821 446 2881 τοῖς
497 2819 828 2886 Πρακτικοίς
876 2823 975 2890 τῆς
1029 2823 1291 2876 συνόδου·
1349 2824 1565 2894 ἐλέγετε
1618 2826 1763 2898 γὰρ,
1817 2828 1912 2882 καὶ

340 2910 553 2977 πρῶτος
591 2911 845 2963 ἀπᾶντων
880 2913 944 2964 σὺ
967 2952 982 2976 ,
1018 2915 1101 2966 ὅτι
1138 2915 1593 2987 Διαζευχθῶμεν,
1629 2919 1912 2988 διαιρεθῶ-

343 3021 471 3066 μεν,
505 3003 835 3071 ἀπέλθωμεν
861 3020 876 3035 ⁶
907 3003 955 3057 οί
989 3005 1206 3059 Λατῖνοι
1241 3008 1392 3076 σοφοὶ
1423 3010 1516 3062 καὶ
1545 3013 1782 3076 γενναῖοι
1815 3013 1908 3066 ἄν·

1369 295 1809 361 REFUTATIO
1852 305 2089 367 MARCI
2135 291 2525 376 Epttssm’i.

1087 421 1179 470 ρον
1238 405 1334 475 τῆς
1381 412 1656 481 σωτηρίας
1713 415 1913 475 αὐτῶν.

2027 439 2153 478 vero
2186 427 2403 481 noluisti
2437 473 2450 490 ,
2495 432 2587 482 sed
2625 421 2864 500 superba
2884 436 2950 488 de
2977 444 3026 490 te
3057 437 3172 505 ipso
3200 443 3456 510 opinione
3506 448 3598 502 de-

1940 1753 1989 1812 B

3464 335 3624 396 lOiI‘

2025 525 2236 584 ceptus,
2285 520 2484 588 putaSti
2527 522 2778 578 universa
2831 535 2882 579 te
2921 529 3128 597 synodo
3187 533 3596 599 prudentiorem

2022 625 2147 664 esse
2173 621 2236 665 et-
2264 613 2563 669 doctiorem
2592 635 2605 680 ;
2656 619 2799 687 quod
2857 628 3114 676 extrema:
3146 625 3388 681 stultitia:
3434 645 3599 697 argu-

2023 713 2266 756 mentum
2300 713 2405 770 est,
2465 722 2635 761 unum
2697 710 2908 765 scilicet
2961 712 3239 768 hominem
3275 720 3600 774 antecellere

2024 793 2319 850 universis.
2379 795 2529 864 Esto,
2579 799 2623 854 si
2674 816 2844 856 unum
2898 819 3017 859 cum
3073 821 3184 860 uno
3219 807 3488 875 conferas,
3547 812 3598 865 id

2021 887 2166 940 enim
2194 889 2452 946 credibile
2475 903 2559 947 est
2583 910 2597 958 ;
2632 903 2685 946 at
2714 895 2968 951 universa
2999 898 3242 954 Ecclesia
3271 914 3596 974 congregata

2022 993 2190 1032 unum
2214 979 2484 1035 hominem
2507 997 2627 1038 esse
2658 991 3084 1054 praestantiorem
3108 991 3328 1045 omnino
3377 1003 3459 1047 est
3494 994 3597 1046 im-

2019 1069 2282 1136 possibile
2313 1089 2326 1126 :
2363 1072 2608 1144 alioquin
2653 1084 2704 1130 et
2731 1077 2913 1145 Arius,
2946 1087 3000 1134 et
3028 1079 3350 1148 Eunomius,
3388 1096 3441 1140 et
3475 1087 3598 1140 reli—

2019 1160 2113 1227 qui
2175 1163 2509 1230 generalium
2573 1167 2932 1222 conciliorum
3008 1170 3192 1227 hostes
3263 1173 3364 1228 hoc
3420 1175 3593 1241 ipsum

2019 1251 2240 1318 dicent;
2281 1270 2465 1310 verum
2499 1256 2547 1311 id
2594 1257 2708 1312 ﬁeri
2754 1276 2859 1314 non
2904 1271 3100 1331 potest.
3138 1263 3313 1330 Quare
3352 1274 3400 1319 te
3431 1267 3592 1320 etiam

2019 1346 2304 1410 Oportebat
2330 1348 2513 1416 agnita
2551 1351 2781 1406 veritate
2819 1355 3018 1409 multos
3055 1357 3264 1422 audire,
3294 1358 3594 1412 dissensio-

2020 1452 2250 1506 nemque
2317 1448 2372 1493 et
2436 1444 2794 1507 pervicaciam
2859 1455 2914 1500 et
2967 1463 3160 1502 vanam
3220 1449 3365 1503 illam
3427 1467 3590 1519 quam

2017 1525 2254 1582 habebas
2289 1531 2470 1586 animo
2510 1543 2848 1605 anteceptam
2899 1539 3211 1607 opinionem
3264 1556 3326 1595 ac
3370 1558 3592 1610 perver-

2017 1623 2230 1676 sitatem
2254 1623 2561 1691 deponere;
2594 1636 2648 1682 et
2687 1630 3006 1695 multorum,
3048 1631 3159 1686 imo
3186 1649 3311 1688 vero
3340 1632 3596 1690 Ecclesiae

2018 1709 2339 1764 sententiam
2370 1715 2550 1781 sequi.

2674 1807 2916 1866 EPHES.

2086 1891 2164 1944 llli
2213 1894 2354 1946 enim
2407 1897 2743 1965 argumentis
2795 1901 3055 1967 convicti,
3095 1913 3149 1959 et
3203 1905 3256 1960 in
3309 1910 3592 1977 angustias

2016 1983 2239 2050 redacti,
2280 1985 2479 2040 nullam
2503 2002 2632 2043 vero
2663 2004 2891 2059 prorsus
2927 1995 3360 2051 emendationem
3388 2000 3591 2054 admit-

2017 2083 2209 2138 tentes,
2242 2076 2409 2142 quod,
2439 2085 2499 2130 ut
2522 2089 2764 2148 apparet,
2793 2082 3249 2141 morbo-laborent
3273 2088 3589 2154 insanabili,

2016 2164 2371 2221 hortabantur
2422 2184 2543 2236 nos,
2599 2181 2656 2225 ut
2717 2173 2784 2226 ad
2843 2175 3256 2243 inquisitionem
3320 2181 3590 2248 degmatis

2017 2259 2394 2327 transiremus,
2435 2263 2577 2332 quod
2617 2275 2764 2320 esset
2789 2266 2855 2320 de
2891 2268 3260 2324 additmnento
3307 2273 3438 2328 satis
3475 2273 3587 2341 jam

2014 2348 2220 2404 dictum
2258 2367 2270 2403 :
2305 2351 2390 2406 his
2448 2353 2630 2409 verbis
2661 2357 3040 2412 existimantes
3076 2360 3277 2430 obtegi,
3336 2363 3478 2430 quod
3531 2365 3584 2418 in

2015 2439 2271 2512 Symbolo
2299 2453 2428 2498 sum
2478 2446 2621 2512 ausi,
2671 2446 2716 2500 si
2753 2448 2937 2517 opinio
2983 2465 3117 2505 sana
3152 2467 3274 2507 esse
3330 2455 3588 2522 probare-

2016 2540 2120 2586 tur.

2707 2637 2900 2693 RESP.

2085 2723 2186 2788 Qui
2245 2723 2445 2779 fuerint
2496 2743 2590 2796 per
2631 2739 2949 2794 argumenta
2996 2732 3366 2798 coangustati,
3407 2729 3590 2784 decla-

2015 2825 2140 2867 rant
2177 2817 2308 2870 Acta
2350 2818 2568 2887 synodi.
2599 2817 2872 2876 Dicebatis
2923 2822 3094 2887 enim,
3135 2833 3187 2876 et
3219 2823 3429 2890 primus
3465 2836 3586 2874 om-

2016 2907 2167 2960 nium
2201 2917 2256 2962 tu
2291 2925 2304 2962 :
2342 2909 2752 2980 Disjungamur,
2811 2913 3142 2976 dividamur,
3191 2914 3585 2978 abscedamus;

2017 2999 2196 3055 Latini
2231 3001 2338 3056 'viri
2372 3003 2514 3056 docti
2541 3015 2592 3056 et
2617 3013 2937 3073 pra-stantes
2976 3007 3180 3061 virtute
3209 3019 3357 3066 sunt.
3385 3018 3436 3060 et
3469 3007 3588 3061 dia-

334 3095 460 3162 δρες
503 3094 645 3159 elei,
683 3096 779 3147 καὶ
812 3095 1150 3150 διαλεκτικοὶ
1184 3098 1591 3170 ἐμπειρότατοι.
1630 3103 1693 3156 Εί
1729 3103 1821 3156 οὖν
1857 3108 1912 3158 ὲν

2019 3093 2222 3148 lecticae
2267 3095 2603 3164 peritissimi.
2647 3095 2802 3162 Quod
2840 3100 2885 3154 si
2921 3100 2976 3153 in
3005 3099 3374 3169 disputatione
3398 3101 3464 3154 de
3493 3101 3587 3154 ad-

337 3186 452 3245 τοῖς
487 3183 614 3250 περὶ
642 3184 740 3254 τὴν
767 3183 1094 3254 προσθήκην
1120 3186 1301 3252 λόγοις
1332 3188 1610 3258 ἐφάνησαν
1637 3188 1779 3242 οὕτω
1809 3192 1915 3244 δει-

339 3275 422 3327 νιὶ
445 3316 456 3334 ,
494 3274 631 3328 ῶστε
671 3279 945 3348 μηδεμίαν
977 3279 1274 3352 ἀπολογίαν
1307 3282 1699 3352 ὑπολειφθῆναι
1741 3287 1873 3353 ἡμῖν
1895 3329 1908 3350 ,

339 3370 485 3433 τίνες
518 3371 582 3424 ἂν
611 3372 914 3439 γένωνται,
948 3375 1077 3426 ὅταν
1111 3375 1238 3444 περὶ
1269 3377 1368 3444 τῆς
1401 3375 1560 3446 δόξης
1591 3376 1690 3448 τὴν
1719 3378 1912 3442 ἐξέτα-

340 3483 426 3518 σιν
455 3465 835 3533 ποιησώμεθα,
865 3468 998 3520 ἕπου
1033 3467 1125 3520 καὶ
1154 3469 1508 3532 διδασκάλους
1538 3471 1638 3538 τῆς
1677 3471 1906 3540 Ἐκκλη-

341 3559 461 3622 σίας
494 3558 679 3628 ἔχουσι
710 3560 912 3627 δεῖξαι,
944 3562 1044 3631 τὴν
1072 3561 1398 3632 ὲκπόρευσιν
1423 3563 1519 3616 τοῦ
1554 3563 1708 3632 ἁγίου
1743 3565 1912 3618 Πνεύ-

345 3669 512 3718 ματος
544 3652 636 3704 καὶ
667 3651 746 3721 τῷ
778 3652 892 3723 Υἱῷ
922 3653 1200 3720 διδόντας;
1237 3654 1438 3708 Λοιπὸν
1475 3657 1742 3726 συμφέρει
1780 3659 1914 3726 ἡμῖν

341 3743 616 3808 ἀπελθεῖν,
666 3745 696 3813 ἦ
749 3745 1052 3815 ἡττηθῆναι
1081 3746 1201 3800 ’καὶ
1253 3749 1371 3817 μετ’
1401 3747 1663 3818 αἰσχύνης
1711 3750 1914 3804 ἐπανα-

342 3838 594 3908 στρέψαι.
632 3837 820 3891 ταῦτα
854 3843 955 3906 μὲν
988 3838 1233 3907 ἐλέγετε,
1271 3839 1487 3910 ἀληθῶς
1521 3844 1635 3904 τοῖς
1669 3843 1915 3912 ἐλέγχοις

343 3931 497 3996 ὑμεῖς
533 3929 1062 4000 στενοχωρούμενοι.
1092 3931 1390 4002 Διόρθωσιν
1418 3933 1476 3986 δὲ
1507 3935 1659 4003 παρά
1690 3935 1783 3988 σοῦ
1813 3937 1914 4002 τὴν

356 4021 670 4091 Ῥωμαϊκὴν
717 4021 975 4086 δέξασθαι
1015 4023 1345 4093 Ἐκκλησίαν
1395 4025 1494 4078 ούκ
1539 4026 1678 4079 ἔδειο
1728 4028 1911 4097 ἐκείνη

343 4117 451 4183 γὰρ
498 4117 690 4168 πασῶν
735 4117 1059 4187 κυϐερνῆτίς
1110 4120 1263 4181 ἐστι,
1317 4121 1413 4174 καὶ
1461 4123 1582 4185 ταῖς
1631 4121 1914 4186 νοσούσαις

341 4208 450 4258 τῶν
479 4209 786 4274 ἐκκλησιῶν
817 4210 1001 4280 ίατρδς
1027 4210 1448 4280 ἐμπειρότατος,
1481 4213 1630 4283 παρὰ
1656 4213 1748 4268 τοῦ
1779 4215 1915 4286 Χρι-

343 4295 467 4349 στοῦ
508 4297 750 4351 λαϐοῦσα
787 4299 887 4368 τὴν
930 4298 1180 4365 ἐξουσίαν
1219 4301 1319 4362 τὰς
1362 4300 1530 4366 ἄλλας
1580 4301 1779 4356 ίθύνειν
1817 4303 1914 4357 καὶ

341 4389 613 4459 κυόερνᾷν
634 4431 648 4454 ,
679 4389 1056 4459 ὲπιστηρίζειν
1086 4392 1183 4444 καὶ
1209 4391 1456 4462 διορθοῦν
1476 4434 1490 4457 ,
1520 4393 1618 4446 οὐκ
1651 4394 1825 4464 αὐτὴν
1854 4397 1910 4449 δὲ

339 4481 682 4550 διορθοῦσθαι
730 4483 885 4552 παρά
925 4483 1034 4536 τῶν
1077 4483 1273 4539 ἀλλων.
1325 4485 1428 4540 Καὶ
1477 4488 1559 4540 σύ
1604 4502 1749 4540 ποτε
1790 4487 1913 4540 ἐπι-

339 4572 656 4640 στραφείς,
690 4577 855 4642 φηςιν
881 4575 909 4626 ό
934 4573 1126 4643 Σωτὴρ
1157 4576 1292 4644 πρὸς
1322 4576 1411 4629 τὸν
1445 4577 1680 4646 Πέτρον,
1709 4577 1911 4645 στήρι-

340 4665 452 4727 ξον
479 4664 619 4730 τοὺς
647 4664 953 4733 ἀδελφούς
983 4682 1101 4720 σου
1126 4681 1140 4696 °
1174 4671 1234 4720 οὺ
1265 4667 1372 4736 γὰρ
1407 4663 1550 4734 εἷπε,
1581 4669 1912 4739 Στηρίχθητι

341 4757 444 4808 ὑπὸ
472 4756 580 4808 τῶν
609 4755 854 4823 ἀδελφῶν
886 4775 1004 4823 σου,
1035 4759 1190 4825 ἀλλὰ,
1225 4758 1542 4826 Στήριεον.
1571 4760 1784 4814 Οὐκοῦν
1812 4762 1911 4814 καὶ

341 4846 403 4899 οὶ
432 4847 536 4901 ἔδει
565 4850 924 4920 στηριχθῆναι
952 4851 1084 4919 παρ’
1109 4851 1278 4920 αὐτῆς
1303 4851 1378 4914 ὡς
1407 4853 1502 4904 καὶ
1530 4853 1579 4904 οἱ
1610 4853 1912 4923 σοφώτεροι

341 4957 434 4992 σου
467 4939 564 4993 καὶ
595 4941 915 5012 λογιώτεροι
948 4943 1376 5013 ἐστηρίχθησαν.
1418 4944 1545 4997 Ἐπὶ
1577 4945 1633 4997 δὲ
1664 4944 1764 5016 τὴν
1795 4945 1913 5010 ὲξέ·

339 5045 496 5082 τοισιν
523 5030 826 5100 μεταϐῆναι
853 5031 948 5085 τοῦ
979 5033 1248 5101 δόγματος
1278 5035 1339 5086 ού
1371 5035 1720 5103 παρεκάλουν
1747 5035 1911 5087 Λατῖ-

339 5137 452 5172 νοι·
486 5121 606 5174 ἀλλ’
624 5124 707 5176 ὅτι
743 5122 918 5192 μῆνας
949 5125 1126 5194 εἴχετε
1159 5123 1562 5195 δεκατέσσαρας
1593 5125 1911 5193 διαλεγόμε-

340 5230 422 5264 νοι
457 5214 584 5285 περὶ
610 5212 726 5277 τοῦ,
759 5215 833 5266 Οὐ
865 5214 947 5267 δεῖ
977 5215 1315 5283 προσθεῖναι,
1352 5216 1499 5270 δυοῖν
1532 5217 1714 5286 μόνοιν
1740 5215 1914 5269 ὄντοιν

341 5306 458 5357 τοῖν
491 5305 864 5374 ζητημάτοιν,
897 5311 955 5360 ὲν
984 5299 1065 5370 οἷς
1097 5309 1287 5370 ίκανάς
1315 5308 1611 5376 ἀπολογίας
1639 5311 1916 5380 παρέσχον

2017 3185 2318 3241 ditamento
2354 3188 2454 3241 visi
2499 3199 2625 3242 sunt
2659 3190 2794 3242 adeo
2837 3204 2996 3243 acres
3035 3192 3275 3260 ingenio,
3305 3201 3363 3246 ut
3403 3193 3586 3248 nullus

2017 3277 2279 3344 apologize
2322 3278 2474 3332 locus
2527 3279 2598 3332 sit
2648 3280 2806 3333 nobis
2844 3282 3086 3346 relictus,
3122 3283 3214 3351 qui
3251 3294 3414 3337 erunt
3458 3299 3583 3338 cum

2017 3372 2188 3434 ipsam
2211 3368 2527 3438 opinionem
2564 3372 3146 3442 examinabimus,pro
3178 3390 3281 3443 qua
3313 3384 3364 3428 et
3397 3379 3586 3430 docto-

2019 3472 2104 3512 res
2138 3456 2396 3514 Ecclesiae
2429 3459 2690 3529 proferre
2727 3461 2950 3527 habent,
2980 3463 3220 3534 Spiritus
3260 3465 3433 3520 sancti
3460 3481 3588 3535 pro-

1971 3548 2330 3609 ,ductionem
2382 3550 2520 3604 Filio
2568 3567 2790 3623 quoque
2845 3555 3399 3611 tribuentesiSatius
3424 3557 3586 3626 igitur

2015 3650 2099 3695 est
2154 3643 2328 3707 abire,
2360 3659 2523 3713 quam
2575 3645 2716 3700 vinci
2748 3655 2954 3702 etcum
3010 3648 3309 3714 ignominia
3362 3649 3585 3706 reverti.

2017 3733 2139 3789 Haec
2172 3735 2433 3793 dicebatis
2468 3737 2569 3808 ipsi
2615 3739 2862 3808 profecto
2899 3741 3157 3807 convicti,
3199 3749 3254 3796 et
3307 3741 3362 3796 in
3410 3757 3584 3813 angu-

2016 3828 2147 3882 stias
2187 3843 2284 3896 per
2318 3839 2639 3898 argumenta
2683 3831 2912 3885 redacti.
2958 3833 3000 3886 A
3027 3845 3079 3886 te
3109 3847 3274 3900 porro
3305 3833 3588 3888 emendari

2018 3919 2321 3974 Romanam
2358 3923 2660 3976 Ecclesiam
2702 3923 2776 3976 nil
2813 3938 2951 3991 opus
2981 3933 3133 3989 erat;
3163 3940 3281 3978 nam
3323 3925 3415 3978 illa
3454 3940 3589 3979 cun-

2015 4023 2232 4067 clarum
2295 4021 2375 4067 est
2415 4013 2770 4083 gubernatrix
2818 4016 3202 4079 ecclesiarum,
3237 4025 3292 4070 et
3320 4025 3591 4088 aegrotan-

2018 4105 2163 4160 tibus
2200 4105 2447 4160 ecclesiis
2471 4106 2803 4176 peritissime
2829 4106 3098 4172 medetur,
3116 4121 3240 4161 cum
3262 4117 3587 4177 potestatem

2015 4212 2044 4250 a
2091 4197 2314 4253 Christo
2357 4199 2630 4266 acceperit
2679 4199 2904 4268 regendi
2953 4199 3090 4254 alias
3122 4207 3176 4252 et
3221 4200 3587 4268 gubernandi,

2015 4291 2372 4344 comit-mandi
2432 4300 2485 4345 et
2513 4292 2855 4360 corrigendi,
2904 4306 3015 4344 non
3045 4301 3101 4345 ut
3150 4293 3265 4360 ipsa
3299 4293 3588 4347 confirme-

2018 4391 2106 4436 tur
2141 4382 2208 4436 ab
2249 4381 2410 4437 aliis:
2450 4381 2518 4436 Et
2571 4392 2649 4446 tu,
2699 4382 2879 4452 inquit
2935 4382 3192 4438 Salvator
3222 4384 3291 4438 ad
3340 4383 3584 4449 Petrum,

2015 4475 2303 4544 aliquando
2349 4491 2624 4529 conversus
2676 4475 2938 4544 conﬁrma
2983 4476 3188 4570 fratres
3223 4486 3339 4530 tuos
3373 4476 3394 4508 ⁵
3424 4493 3443 4542 ;
3476 4491 3585 4530 non

2013 4568 2150 4623 dixit
2177 4585 2192 4623 :
2225 4567 2564 4623 Conﬂrmare
2616 4583 2646 4622 a
2689 4567 2950 4622 fratribus
2977 4567 3113 4635 tuis,
3144 4569 3262 4634 sed,
3290 4569 3582 4638 Con/irata.

2015 4659 2310 4724 Oportebat
2343 4661 2509 4732 igitur
2537 4671 2588 4715 te
2634 4661 2797 4716 etiam
2825 4661 2893 4715 ab
2916 4661 3004 4715 illa
3029 4661 3361 4725 conﬁrmari,
3387 4677 3583 4732 quem-

2012 4756 2306 4811 admodum
2359 4755 2720 4825 sapientiores
2779 4764 2832 4810 et
2857 4755 3144 4812 doctiores
3179 4765 3232 4812 te
3271 4756 3588 4812 conﬁrmati

2015 4859 2164 4905 sunt.
2186 4847 2256 4904 Ut
2287 4847 2596 4902 transiretis
2621 4857 2799 4902 autem
2831 4850 2897 4902 ad
2927 4849 3343 4918 inquisitionem
3364 4851 3588 4922 dogma-

2015 4941 2086 4997 tis
2125 4955 2232 4995 non
2283 4939 2646 4994 hortabantur
2684 4939 2900 5006 Latini;
2942 4956 3133 4997 verum
3190 4943 3320 5011 quia
3372 4957 3590 4998 menses

2011 5035 2122 5106 jam
2184 5039 2340 5086 erant
2409 5029 2852 5099 quatuordecim,
2903 5047 3028 5087 cum
3076 5033 3205 5087 illud
3261 5034 3590 5101 agitabatur,

2016 5125 2152 5179 nihil
2184 5140 2302 5178 esse
2331 5121 2588 5193 Symbolo
2626 5121 3017 5191 adjiciendum,
3047 5131 3101 5175 et
3135 5122 3199 5172 ad
3229 5121 3587 5189 quaesitorum

2023 5217 2252 5271 alterum
2287 5214 2434 5286 (nam
2469 5213 2581 5268 duo
2629 5221 2836 5267 tantum
2879 5215 3058 5276 erant)
3082 5210 3194 5277 jam
3227 5211 3360 5265 satis
3393 5212 3470 5264 illi
3498 5227 3593 5265 vo-

2019 5309 2100 5362 bis
2128 5307 2539 5377 responderant,
2561 5312 2843 5373 propterea
2861 5317 2995 5370 opus
3033 5309 3148 5355 erat
3172 5310 3229 5355 ut
3261 5302 3326 5355 ad
3359 5302 3588 5356 alterum

343 5395 475 5461 ὖμῖν
501 5395 654 5450 αὐτοί
682 5411 697 5426 ⁰
726 5398 815 5451 διὰ
839 5397 997 5452 τοῦτο
1025 5399 1132 5452 ἔδει
1161 5403 1254 5452 καὶ
1279 5401 1418 5469 πρὸς
1441 5401 1504 5454 τὸ
1531 5402 1719 5471 ἓτερον
1751 5419 1913 5470 μετα-

2020 5401 2182 5456 etiam
2215 5399 2655 5470 pertractandum
2690 5393 3034 5454 transiretur,
3059 5408 3168 5463 quo
3205 5392 3474 5460 dogmatis
3500 5409 3588 5447 vc-

345 5488 515 5540 θεῖναι
542 5488 631 5540 τὸν
659 5489 819 5556 λόγον
837 5507 852 5522 ·
885 5491 991 5557 ἵνα,
1019 5492 1325 5562 δειχθέντος
1356 5492 1450 5546 τοῦ
1481 5493 1752 5560 δόγματος
1781 5495 1916 5564 ἀλη-

347 5580 376 5631 θ
397 5579 493 5645 .ὗς,
523 5580 726 5644 ἀδίκως
755 5583 951 5648 αὐτοὺς
980 5584 1287 5649 ὲπιδείξωσι
1319 5585 1447 5656 παρ’
1471 5584 1623 5656 ὑμῶν
1654 5603 1917 5655 συκοφαν-

344 5817 347 5821 λ
419 5760 436 5787 ⁸
462 5754 593 5814 Luc.
624 5775 760 5825 uti,
802 5759 891 5817 3‘2.

2021 5494 2176 5549 ritate
2197 5490 2464 5562 patefacta
2491 5488 2778 5559 probarent
2806 5500 2865 5540 se
2907 5500 2940 5540 a
2965 5484 3122 5541 vobis
3153 5485 3350 5556 injuria
3377 5485 3592 5540 calum-

2032 5588 2134 5640 niis
2164 5583 2296 5654 peti,
2328 5582 2482 5652 quasi
2515 5578 2657 5635 sacri
2691 5577 2930 5648 Symboli
2957 5578 3366 5646 depravatores;
3393 5576 3588 5634 Osten-
