4022 6196
522 279 660 347 tu".

1476 289 1791 348 JOSEPHI
1833 289 2387 357 METUONENSIS
2429 299 2777 360 EPISCOPI

3598 309 3698 374 lilii

522 405 718 455 derunt
758 417 890 470 ergo
951 403 1104 457 nobis
1163 404 1546 473 liquidissime,
1593 417 1916 476 potestatem
1971 425 2092 465 esse

2213 415 2498 484 τουμένους
2545 418 2621 480 ὡς
2668 417 3100 487 παραχαράκτας
3143 417 3232 471 τοῦ
3279 420 3414 489 ἱεροῦ
3458 423 3699 491 Συμϐόλου.

523 499 738 556 sanctze
759 493 834 546 illi
877 495 990 548 sedi
1019 493 1366 549 examinari-li
1394 504 1448 548 et
1480 497 1794 566 corrigendi
1822 515 1945 566 qua:
1974 515 2096 569 spe-

521 590 673 637 ctant
706 584 772 636 ad
805 584 986 637 fidem.
1036 584 1216 650 Quare
1262 600 1396 647 non,
1432 594 1490 639 ut
1525 587 1684 650 dicis,
1731 590 1796 642 ad
1834 589 2096 660 obtegen-

523 679 650 730 dum
703 677 935 741 facinus,
983 678 1129 746 quod
1185 678 1304 732 ausi
1361 679 2096 752 suntinSytnbolo,t-upie-

522 767 651 822 bant
693 769 949 824 devenire
1000 771 1065 825 ad
1117 771 1388 840 dogmatis
1420 774 1889 844 disquisitionem,
1915 777 2007 832 sed
2040 785 2098 830 ut

521 861 674 916 vobis
687 861 1122 918 demonstrarent
1141 865 1281 932 piam
1301 880 1423 921 esse
1444 883 1627 921 vocem
1649 867 2096 942 illam,Filioque,

524 952 576 1004 in
608 950 865 1022 Symbolo
893 957 1148 1024 positam,
1179 974 1414 1028 esseque
1449 961 1731 1015 doctorum
1764 972 1816 1015 et
1840 961 2098 1018 Ecclesiae

522 1047 870 1110 sententiam,
897 1057 950 1101 et
979 1048 1179 1102 frustra
1208 1066 1268 1105 se
1304 1065 1331 1102 a
1367 1050 1522 1106 vobis
1557 1053 1804 1107 accusari
1836 1062 1889 1108 et
1918 1069 2094 1122 oppu-

527 1138 715 1203 gnari:
750 1149 1037 1207 propterea
1071 1142 1135 1196 ad
1171 1147 1657 1209 perscrutationem
1681 1146 1950 1215 dogmatis
1977 1161 2099 1214 per-

530 1229 717 1284 venire
750 1231 1061 1286 studebant.

1192 1419 1434 1474 EPIiES.

596 1511 794 1563 Verum
845 1511 1016 1565 nostri
1081 1512 1132 1565 id
1183 1529 1288 1568 non
1337 1513 1604 1576 ferebant.
1641 1525 1693 1570 et
1752 1517 1902 1571 nullo
1939 1517 2101 1572 modo

528 1602 872 1670 patiebantur
895 1603 958 1656 de
984 1603 1237 1674 dogmate
1253 1610 1610 1675 quaestionem
1637 1608 1847 1677 haberi,
1867 1611 1918 1664 ni
1950 1611 2102 1680 prius

529 1695 896 1763 corrigeretur
921 1696 1378 1751 :ulditazncutiun.

1219 1789 1418 1844 RESP.

601 1877 716 1932 Non
769 1880 1016 1936 ferebant
1062 1897 1192 1940 sane
1244 1885 1419 1938 nostri
1476 1885 1700 1940 alterius
1749 1881 2102 1953 problematis

528 1971 887 2038 quaestionem
938 1974 1154 2042 agitari,
1206 1984 1482 2032 Certamen
1522 1988 1804 2046 paventes,
1858 1979 2102 2046 illudque

531 2062 971 2127 reformidantes,
1005 2080 1071 2118 ne
1107 2066 1159 2118 in
1196 2066 1438 2122 secundo
1473 2069 1637 2122 etiam
1671 2069 1809 2123 idem
1843 2069 1948 2124 illis
1977 2085 2102 2124 eve-

533 2156 698 2210 niret.
737 2157 952 2211 Etenim
982 2174 1079 2212 vos
1109 2159 1282 2213 divisa
1310 2161 1361 2212 in
1398 2163 1531 2214 duas
1560 2171 1741 2230 partes
1773 2163 2098 2232 quaestione,

529 2262 757 2313 quarum
788 2249 956 2302 altera
991 2256 1128 2312 erat,
1157 2250 1293 2303 nihil
1327 2266 1450 2306 esse
1484 2251 1742 2321 Symbolo
1770 2254 2101 2318 addendum,

532 2354 600 2391 ne
655 2341 947 2394 dietionem
999 2342 1215 2410 quidem
1263 2358 1364 2397 nec
1421 2345 1712 2414 syllabam,
1754 2347 1920 2400 altera
1954 2362 2103 2412 vero,

535 2444 632 2482 nec
665 2431 811 2498 pium
853 2447 949 2484 nec.
989 2447 1175 2486 verum
1206 2448 1326 2490 esse
1373 2437 1515 2501 quod
1554 2445 1637 2490 est
1667 2437 1908 2491 additum
1942 2437 2104 2507 Sym-

537 2523 678 2582 bolo.
715 2524 957 2579 rationes
989 2534 1199 2580 vestras
1242 2528 1564 2595 protulistis.
1595 2528 1728 2582 Cum
1763 2545 1891 2583 vero
1924 2528 2101 2584 Latini

534 2615 598 2667 ad
633 2617 866 2685 primum
893 2625 1150 2673 strenuos
1184 2633 1244 2672 se
1275 2621 1678 2688 pra:stitissent,
1709 2622 2103 2691 veritatemque

533 2708 1021 2778 lic-monstrassent,
1083 2726 1145 2772 ac
1210 2712 1580 2768 ostendissent
1635 2713 1982 2768 definitiones
2051 2723 2105 2767 et

535 2799 750 2852 decreta
783 2800 1127 2869 prohibentia
1155 2801 1289 2854 nihil
1325 2803 1426 2856 sibi
1463 2805 1714 2868 obstare;
1751 2802 1992 2872 alioquin
2021 2801 2103 2856 fu-

534 2901 716 2942 turum
754 2901 808 2944 ut
860 2891 1049 2945 Patres
1090 2893 1258 2947 etiam
1323 2896 1576 2949 secundae
1626 2895 1816 2965 synodi
1876 2895 2104 2963 subjecti

536 2983 760 3036 omnino
790 2993 973 3039 essent
1013 2988 1368 3053 anathemati,
1411 2990 1556 3057 quod
1602 2988 1747 3044 aliud
1783 2987 2102 3058 Symbolum

535 3076 798 3131 ediderint
831 3078 898 3132 ab
951 3079 1043 3132 illo
1088 3074 1389 3139 diversum.
1421 3079 1564 3146 quod
1597 3089 1752 3132 antea
1787 3080 1961 3145 prima
1996 3088 2107 3134 tra-

2204 507 2455 573 ’Έδειξαν
2487 506 2580 562 οὖν
2612 512 2744 579 ἡμῖν
2775 510 3163 577 ἐμφανέστατα
3184 555 3196 577 ,
3230 511 3460 575 ἐξουσίαν
3490 515 3610 584 ἔχειν
3635 522 3702 572 τὸν
3758 518 3765 526 “

2201 597 2344 649 θεῖον
2377 598 2568 666 θρόνον
2599 601 2806 656 ἐκεῖνον
2836 599 3113 665 ἐξετάζειν
3143 602 3234 653 καὶ
3265 601 3494 674 διορθοῦν
3519 605 3579 657 τὰ
3607 611 3705 678 περὶ

2198 689 2295 757 τὴν
2329 688 2530 742 πίστιν.
2566 689 2654 741 Διδ
2686 690 2785 742 οὑκ
2815 690 2908 744 ἐπὶ
2940 692 2998 743 τδ
3033 691 3352 745 ὲπισκιάσαι
3382 695 3436 746 τὸ
3465 695 3704 762 τόλμημα,

2199 779 2286 840 ὠς-
2313 780 2375 832 σὺ
2412 780 2518 851 φῂς
2540 821 2553 840 .
2589 780 2684 834 τοῦ
2727 781 3009 846 Συμϐόλου
3045 785 3135 835 ἐπὶ
3169 783 3264 851 τὴν
3299 784 3526 848 ἐξέτασιν
3555 788 3708 840 E11285-

2203 888 2340 936 μουν
2393 873 2699 942 μεταϐῆναι
2745 874 2838 927 τοῦ
2891 875 3190 945 δόγματος,
3245 877 3359 929 ἀλλ’
3386 877 3466 930 ἵνα
3513 880 3708 944 δείξωσιν

2202 964 2353 1031 ὑμῖν,
2386 964 2460 1027 ὡς
2492 967 2727 1035 εὐσεϐής
2761 968 2910 1021 ἐστιν
2938 971 2994 1038 ἡ,
3035 969 3139 1023 Ἐκ
3169 970 3275 1023 τοῦ
3315 971 3463 1035 Υίοῦ,
3495 971 3623 1041 φωνὴ
3645 991 3709 1024 τευ

2201 1055 2353 1110 θεῖσα
2382 1059 2438 1110 ὲν
2469 1060 2546 1127 τῷ
2581 1060 2653 1111 Συ
2664 1061 2868 1129 μὸόλῳ,
2899 1062 2994 1115 καὶ
3025 1062 3151 1127 δόξα
3181 1064 3290 1114 τῶν
3319 1063 3619 1116 διδασκάλων
3643 1065 3713 1115 καὶ

2201 1148 2300 1214 τῆς
2337 1150 2688 1218 Ἐκκλησίας,
2721 1156 2816 1204 καὶ
2847 1153 2929 1205 ὅτι
2964 1153 3141 1222 μάτην
3167 1153 3345 1215 αὐτοῖς
3370 1153 3620 1222 ἐγκαλεῖτε
3643 1155 3713 1207 καὶ

2206 1241 2442 1310 μάχεσθε
2465 1257 2480 1272 ·
2513 1243 2600 1295 διὰ
2625 1244 2781 1296 τοῦτο
2809 1245 2947 1315 πρὸς
2973 1243 3068 1314 τὴν
3096 1244 3336 1309 ἐξέτασιν
3363 1245 3538 1298 τούτου
3561 1246 3714 1298 ἔσσευα

2202 1335 2288 1385 δον
2323 1334 2648 1403 μεταϐῆναι.

2892 1429 3087 1483 ΕΦΕΣ.

2286 1519 2430 1574 Ἀλλ’
2454 1520 2502 1572 οἱ
2535 1521 2800 1590 ἡμέτεροι
2831 1523 2932 1575 οὐκ
2958 1523 3269 1592 ἠνείχοντο,
3304 1523 3395 1573 καὶ
3423 1518 3717 1587 ἀμεταθέτως

2207 1607 2353 1680 εἶχον
2381 1613 2517 1680 πρὸς
2541 1613 2641 1682 τὴν
2667 1614 2765 1681 τῆς
2794 1614 2954 1684 δόξης
2985 1613 3256 1681 ἐξέτασιν,
3286 1615 3332 1666 εί
3361 1613 3430 1682 μὴ
3453 1612 3716 1682 διορθωθείη

2207 1707 2472 1775 πρότερον
2504 1707 2536 1776 ἡ
2570 1707 2879 1778 προσθήκη.

2891 1797 3098 1852 ΑΠΟΛ.

2289 1887 2534 1954 Ἀληθῶς
2561 1889 2662 1941 οὐκ
2689 1891 2970 1958 ἠνειχοντο
3000 1891 3098 1960 μὲν
3123 1892 3172 1944 οἱ
3204 1893 3455 1962 ἡμέτεροι
3482 1889 3631 1943 ὲλθεῖν
3652 1886 3719 1939 ἐπὶ

2205 1977 2302 2044 τὴν
2331 1977 2578 2042 ἐξέτασιν
2609 1977 2701 2030 τοῦ
2734 1977 2995 2048 δευτέρου
3025 1981 3437 2050 προϐλήματος,
3468 1980 3550 2033 τὸν
3573 1967 3719 2047 ἀγῶνα

2204 2067 2513 2130 δειλιῶντες
2543 2070 2638 2122 καὶ
2667 2071 2966 2141 τρέμοντες
2986 2109 3000 2131 ,
3035 2073 3111 2140 μή
3145 2088 3265 2134 πως
3291 2074 3358 2125 τὰ
3389 2072 3516 2126 αὐτὰ
3542 2069 3608 2138 τῷ
3631 2069 3721 2121 δευ-

2204 2155 2351 2227 τέρῳ
2381 2159 2645 2218 πάθωσιν.
2674 2163 2768 2224 Ei;
2799 2162 2893 2217 δύο
2923 2158 3018 2218 οὖν
3047 2164 3209 2229 ὑμεῖς
3234 2163 3295 2215 τὸ
3322 2162 3526 2231 ζήτημα
3549 2160 3721 2229 διαιρή-

2209 2270 2426 2318 σαντες,
2457 2256 2534 2317 είς
2563 2254 2642 2318 τὸ,
2677 2257 2751 2308 Οὐ
2787 2256 2868 2309 δεῖ
2898 2258 3224 2326 προσθεῖναι
3248 2256 3322 2322 τῷ
3350 2255 3590 2324 Συμὸόλῳ
3617 2254 3720 2322 μήτε

2206 2342 2348 2407 λέξιν
2386 2345 2521 2412 μήτε
2563 2345 2834 2415 συλλαϐήν
2858 2363 2872 2380 ⁸
2909 2348 2968 2400 τὸ
3009 2349 3086 2413 δὲ,
3111 2350 3187 2412 ὡς
3226 2348 3291 2403 Ἦ
3333 2346 3650 2414 προστεθεῖσα
3680 2344 3722 2396 ἐν

2208 2431 2284 2500 τῷ
2314 2432 2577 2503 Συμϐόλῳ
2609 2435 2896 2505 προσθήκη
2929 2436 3028 2488 οὐκ
3062 2436 3214 2492 ἔστιν
3247 2439 3467 2507 εὐσεϐὴς
3489 2435 3594 2490 οῦδὲ
3621 2435 3722 2499 ἀλη-

2209 2522 2339 2591 θὴς,
2376 2526 2726 2594 προετείνατε
2756 2529 2882 2589 τοὺς
2915 2527 3135 2594 λόγους.
3174 2530 3297 2582 Τῶν
3327 2529 3379 2581 δὲ
3415 2529 3630 2582 Λατίνιον
3654 2523 3723 2576 ἐπὶ

2211 2615 2311 2682 μὲν
2335 2616 2393 2668 τὸ
2421 2617 2634 2683 πρῶτον
2659 2619 2924 2684 γενναίων
2952 2620 3256 2688 φανέντων,
3284 2623 3374 2674 καὶ
3397 2621 3489 2690 τὴν
3512 2617 3721 2685 ἀλήθειαν

2207 2707 2615 2772 ἐπιδειξάντων,
2645 2710 2741 2762 καὶ
2763 2710 2838 2771 ὡς
2863 2711 2924 2763 οὗ
2957 2711 3354 2778 προσίστανται
3380 2713 3546 2773 αὐτοῖς
3571 2711 3611 2761 οἱ
3635 2709 3720 2775 ὅροι

2210 2800 2304 2851 καὶ
2328 2801 2394 2850 τὰ
2421 2799 2744 2870 κωλύματα,
2771 2804 2817 2853 εί
2845 2803 2902 2854 δὲ
2933 2801 3030 2872 μὴ,
3056 2805 3150 2856 καὶ
3177 2805 3230 2856 οἱ
3256 2805 3350 2873 τῆς
3373 2803 3606 2872 δευτέρας
3627 2817 3723 2852 συν-

2209 2890 2330 2943 όδου
2374 2892 2616 2961 Πατέρες
2660 2893 2873 2957 πάντως
2911 2896 3156 2966 ὑπῆρχον
3195 2897 3299 2950 ὑπὸ
3334 2897 3407 2967 τῷ
3443 2894 3716 2961 ἁναθέματι,

2210 2981 2337 3035 ἄλλο
2381 2984 2737 3047 ἐκδεδωκότες
2775 2986 3049 3056 Σύμϐολον
3088 2989 3122 3057 ἦ
3161 2990 3302 3059 ὅπερ
3342 2993 3373 3059 ἡ
3416 2989 3591 3058 πρώτη
3623 2984 3724 3052 φθά-

2215 3089 2356 3126 σασα
2394 3076 2808 3142 παραδέδωκεν·
2843 3081 2890 3131 οί
2923 3079 3182 3148 ὑμέτεροι
3218 3081 3529 3151 ἡττηθέντες
3559 3081 3607 3131 ἐν
3631 3076 3722 3130 τού-

536 3168 784 3233 diderat;
830 3172 1004 3225 nostri
1044 3171 1095 3225 in
1135 3172 1238 3226 hoc
1267 3170 1462 3226 devicti
1513 3171 1812 3226 secundum
1852 3171 2106 3240 pertime-

2213 3183 2307 3232 τῳ,
2350 3166 2588 3218 ὲδειλίων
2632 3168 2724 3220 τὸν
2767 3167 3018 3239 δεύτερον
3059 3172 3324 3226 εἰσελθεῖν
3364 3172 3573 3241 ἀγῶναο
3606 3170 3645 3220 εί
3682 3170 3722 3218 ὲν

538 3260 763 3318 scebaut
813 3273 1112 3318 certamen.
1151 3263 1207 3318 Si
1261 3264 1429 3328 enim,
1476 3264 1713 3322 aiebant.
1758 3264 1810 3316 in
1859 3279 1922 3317 eo
1959 3263 2106 3333 quod

541 3352 734 3408 fortius
767 3355 1075 3420 videbatur,
1113 3364 1220 3408 tam
1261 3355 1469 3419 validas
1511 3364 1565 3408 et
1611 3369 1871 3410 nervosas
1913 3355 2112 3408 dedere

535 3445 711 3500 latini
740 3447 1108 3508 defensiones,
1144 3449 1273 3516 quid
1321 3449 1586 3514 dicemus,
1615 3448 1706 3502 ubi
1743 3458 1962 3503 sanctos
2012 3447 2112 3498 Pa-

535 3549 649 3591 tres
683 3538 959 3604 prolerent
986 3545 1224 3592 Consona
1259 3539 1388 3594 buic
1415 3539 1651 3608 dogmati
1700 3539 1952 3592 locutos?
1984 3537 2111 3591 υτο-

537 3639 725 3694 pterea
761 3628 911 3682 nullo
961 3629 1124 3684 modo
1157 3630 1412 3684 volebant
1450 3640 1508 3684 ut
1558 3631 1622 3683 ad
1669 3630 2107 3699 disquisitionem

538 3720 837 3783 veniretur,
869 3727 923 3774 et
958 3720 1140 3790 fugam
1183 3719 1307 3774 inde
1338 3723 1624 3790 parabant.
1663 3725 1913 3776 Attamen
1949 3737 2109 3775 suum

536 3823 592 3867 te
639 3812 981 3868 defensorem
1022 3814 1461 3878 constituerunt;
1510 3826 1564 3868 tu
1615 3829 1768 3878 vero,
1816 3829 2010 3883 nempe
2053 3823 2113 3868 ut

537 3905 812 3962 devitares
861 3905 1262 3961 discussioncm
1303 3906 1605 3976 dogmatis,
1661 3916 1714 3961 at
1767 3915 1916 3962 certe
1967 3906 2106 3960 clam

535 3998 887 4054 assentiendo
922 3998 1241 4052 Latinorum
1279 3999 1539 4068 dogmati,
1565 3999 1788 4053 dixisti:
1822 3999 1894 4056 Ut
1920 4015 2106 4054 verum

535 4091 698 4144 etiam
730 4092 1098 4148 examinando
1133 4095 1435 4159 reperiatur
1466 4096 1804 4162 dogma,nos
1836 4103 1983 4148 certe
2012 4109 2108 4146 vo-

533 4198 657 4246 cem
707 4183 848 4238 hanc
879 4185 932 4238 in
995 4185 1254 4255 Symbolo
1307 4184 1600 4239 admittere
1653 4201 1757 4239 non
1795 4200 2107 4255 possumus,

535 4275 792 4343 quoniam
851 4275 1038 4332 Patres
1083 4285 1301 4335 nostros
1337 4292 1609 4352 veremur.
1661 4277 1951 4350 Pugnabas
1979 4293 2109 4349 ergo

536 4379 588 4422 et
621 4379 675 4424 tu
705 4380 894 4426 contra
942 4371 1246 4435 veritatem,
1271 4377 1332 4424 ut
1364 4369 1452 4426 ille
1498 4371 1593 4440 qui
1637 4372 1710 4428 de,
1741 4372 1931 4428 umbra
1968 4371 2105 4425 asini

537 4461 905 4519 altercabatur
924 4481 939 4527 ;
961 4473 1014 4518 et
1035 4452 1471 4518 emendationem
1497 4463 1798 4520 faciendam
1825 4463 1926 4518 hoc
1949 4464 2108 4517 modo
2145 4489 2188 4542 ι)

539 4555 758 4609 dicebas
785 4570 797 4608 :
821 4553 1069 4617 Tollatur
1100 4574 1128 4608 e
1161 4554 1422 4621 Symbolo
1456 4569 1556 4608 vox
1596 4553 1683 4608 illa
1715 4554 1918 4619 addita,
1949 4563 2002 4608 et
2028 4570 2115 4610 re-

541 4657 775 4714 ponatur
805 4663 1050 4704 seorsum
1086 4649 1138 4701 in
1173 4648 1429 4716 peculiari
1460 4648 1714 4711 decreto;
1752 4647 1972 4715 quando
2002 4648 2113 4704 haec

540 4752 592 4794 te
625 4739 841 4796 dicente
880 4739 1170 4793 ridiculum
1231 4738 1360 4805 quid
1417 4753 1573 4807 passa
1605 4747 1688 4794 est
1718 4745 1906 4798 nostra
1941 4740 2110 4795 natio.

549 4831 604 4890 Si
662 4831 807 4888 enim
843 4846 944 4884 vox
990 4829 1235 4899 Filioque
1263 4831 1574 4899 blasphema
1616 4841 1717 4891 est,
1746 4847 1843 4888 cur
1876 4832 2032 4900 petis,
2060 4840 2117 4885 ut.

544 4926 598 4980 in
630 4925 851 4981 decreto
878 4924 1138 4992 peculiari
1167 4934 1462 4990 reponatur
1482 4963 1498 4987 ,
1522 4923 1982 4992 quemadmodum
2018 4927 2114 4982 do-

449 5083 451 5085 _
543 5014 822 5075 missimus
844 5014 1136 5072 cardinaiis
1161 5011 1410 5070 Julianus
1433 5014 1528 5068 tibi
1552 5015 1750 5084 objecit
1768 5015 1790 5070 ί
1809 5017 1943 5072 Cum
1969 5017 2109 5070 enim

542 5106 777 5163 dixisses
807 5126 817 5159 :
845 5106 965 5164 Non
1001 5119 1290 5175 possumus
1323 5103 1462 5160 hanc
1487 5119 1673 5158 vocem
1706 5105 1758 5158 in
1797 5105 1920 5163 fidei
1955 5107 2113 5176 Sym-

546 5201 669 5256 Ιιοιο
693 5202 960 5270 recipere,
991 5200 1131 5268 quod
1166 5199 1238 5253 sit
1275 5196 1614 5266 blaspheme,
1641 5198 1734 5251 sed
1772 5214 1890 5254 eam
1925 5200 1977 5254 in
2009 5199 2114 5253 alio

546 5295 840 5362 separatim
879 5308 1204 5357 reponamus
1226 5293 1464 5353 decreto,
1497 5297 1553 5344 ut
1577 5289 1778 5344 factum
1810 5301 1894 5346 est
1923 5291 1992 5345 ab
2013 5309 2110 5346 an-

545 5386 706 5454 tiquis
748 5385 814 5438 de
870 5398 999 5438 voce
1045 5383 1156 5446 illa,
1184 5382 1398 5449 Semper
1431 5383 1598 5450 virgo,
1632 5381 1688 5435 in
1726 5381 1925 5452 hymno
1959 5383 2113 5447 cujus

545 5478 800 5532 initium:
840 5475 1149 5546 Uuigem‘tus
1201 5474 1394 5540 Filius,
1446 5474 1740 5530 cardiualis
1790 5476 2108 5544 respondit:

547 5569 834 5634 Quaeratur
864 5572 1038 5642 prius,
1067 5571 1374 5626 venerande
1425 5568 1612 5631 Pater;
1657 5584 1786 5622 num
1840 5584 1966 5622 vera
2020 5570 2111 5634 sit,

545 5677 612 5713 an
643 5662 774 5716 falsa
810 5673 862 5716 et
901 5664 1215 5732 blasphema
1241 5651 1367 5714 vox.
1402 5663 1464 5716 Et
1486 5661 1766 5731 siquidem
1797 5661 2110 5730 hlaspheuia

501 5779 504 5781 λ
545 5755 1025 5822 demoustrabilur,
1051 5771 1226 5824 neque
1252 5756 1303 5809 in
1333 5754 1590 5824 Symbolo
1618 5750 1904 5825 habeatur,
1935 5771 2111 5825 neque

2215 3256 2363 3325 αὖτῴ
2383 3300 2396 3322 ,
2431 3257 2568 3324 ὅπερ
2599 3257 2784 3320 αὐτοῖς
2817 3259 3167 3329 ἰσχυρότερον
3202 3258 3342 3315 εἶναι
3373 3262 3564 3326 ἐδόκει,
3592 3257 3722 3315 οὓτως

2219 3349 2445 3418 ἰσχυρὰς
2478 3350 2572 3410 καὶ
2600 3350 2852 3417 γενναίας
2878 3353 2926 3405 οἱ
2954 3353 3174 3406 Λατῖνοι
3205 3355 3302 3417 τὰς
3329 3354 3600 3421 ἀπολογίας
3623 3349 3723 3401 ἁπέ-

2213 3443 2415 3507 δωκαν,
2464 3443 2518 3495 τί
2568 3443 2634 3496 ἂν
2681 3445 2943 3515 εἴπωμεν,
2994 3445 3204 3514 ἔλεγον,
3254 3449 3380 3501 ὅταν
3425 3447 3539 3508 τοὺς
3580 3441 3724 3511 ἁγίους

2215 3536 2346 3605 ἡμῖν
2395 3535 2705 3599 ἐπιδείξωσι
2756 3538 3188 3606 συμφωνοῦντας
3239 3542 3318 3610 τῷ
3368 3541 3611 3608 δόγματι;
3643 3533 3726 3586 ιΔιΞι

2212 3627 2370 3681 τοῦτο
2399 3630 2748 3696 ἀμεταθέτως
2781 3627 2927 3700 εἶχον
2960 3632 3095 3703 πρδς
3121 3633 3221 3704 τὴν
3255 3633 3512 3698 ἐξέτασιν,
3542 3631 3625 3684 καὶ
3645 3626 3726 3693 ὥρ-

2217 3740 2398 3792 μησαν
2435 3723 2648 3776 ἐκεῖθεν
2685 3727 2875 3794 φυγεῖν
2899 3740 2914 3755 ο
2954 3726 3101 3790 ὅμως
3141 3728 3505 3796 προύϐάλοντό
3537 3742 3589 3778 σε
3622 3721 3724 3785 ὑπὲρ

2214 3816 2394 3869 αὐτῶν
2443 3816 2927 3886 ἀπολογήσασθαιο
2981 3820 3074 3873 καὶ
3127 3816 3308 3883 εἶπες,
3360 3819 3566 3890 φεύγων
3607 3813 3728 3883 δῆθεν

2214 3906 2306 3960 τοῦ
2338 3907 2607 3975 δόγματος
2639 3909 2738 3979 τὴν
2767 3908 3014 3974 ἐξέτασιν
3037 3954 3050 3975 ,
3086 3897 3535 3980 συγκαταϐαίνων
3560 3910 3598 3962 δ’
3620 3909 3729 3974 ὅμως

2214 4001 2710 4071 ἐγκεκαλυμμένως
2748 4002 2825 4072 τῷ
2865 4001 2971 4055 τῶν
3011 4005 3261 4060 Λατίνων
3299 4007 3551 4075 δόγματι¹
3587 4001 3655 4053 ὅτι
3686 3996 3731 4050 ΕΞ

2215 4096 2309 4147 καὶ
2350 4094 2548 4162 ἀληθὲς
2593 4093 2846 4162 εὑρεθείη
2886 4097 2946 4149 τὸ
2987 4095 3166 4168 δόγμα
3215 4097 3607 4164 ἐξεταζόμενον,
3644 4087 3731 4142 ἀλλ’

2216 4189 2377 4256 ἡμεῖς
2420 4186 2478 4238 οὐ
2519 4186 2793 4252 δυνάμεθα
2837 4187 3256 4259 παραδέξασθαί
3293 4206 3426 4241 ποτε
3465 4188 3554 4256 τὴν
3589 4180 3733 4251 φωνὴν

2213 4277 2414 4348 ταύτην
2447 4279 2504 4329 ὲν
2533 4279 2608 4346 τῷ
2639 4279 2931 4349 Συμϐόλῳ,
2967 4279 3156 4350 ἐπειδὴ
3186 4281 3318 4344 τοὺς
3350 4281 3588 4348 Ιῖατέρας
3614 4273 3734 4343 ἡμῶν

2216 4369 2615 4437 εὐλαϐούμεθα.
2658 4370 2895 4439 Ἐμάχου
2939 4370 3032 4424 οὖν
3073 4375 3136 4442 τῇ
3178 4373 3410 4444 ἀληθεία
3448 4370 3538 4424 καὶ
3577 4370 3650 4425 σὺ.
3682 4364 3737 4422 ὡς

2218 4462 2421 4523 ἐκεῖνος
2461 4462 2488 4513 ὁ
2533 4462 2675 4531 ὑπὲρ
2708 4462 2808 4527 τῆς
2846 4462 2968 4516 ὄνου
3011 4467 3170 4528 σκιᾶς
3198 4485 3210 4496 ’
3249 4468 3346 4520 καὶ
3376 4467 3470 4534 τὴν
3500 4461 3738 4527 διόρθωσίν

2219 4555 2407 4625 τρόπῳ
2455 4555 2682 4625 τοιούτῳ
2733 4556 2986 4623 γενέσθαι
3038 4557 3268 4625 ἔλεγες.
3321 4559 3402 4612 δτι
3443 4551 3737 4621 Ὲκεληθήτω

2218 4645 2325 4699 ἀπὸ
2354 4644 2448 4698 τοῦ
2477 4645 2756 4715 Συμϐόλου
2791 4647 2819 4716 ἡ
2854 4647 3146 4718 προσθήκη
3177 4649 3344 4720 αὕτη,
3379 4651 3464 4703 καὶ
3495 4642 3737 4712 τεθήτω

2222 4741 2334 4810 ἰδίῳ
2366 4742 2478 4810 ὅρῳ
2503 4756 2517 4773 ο
2552 4741 2640 4792 ὅτε
2674 4741 2769 4794 καὶ
2800 4742 3010 4808 γελοῖόν
3040 4759 3094 4795 τι
3131 4745 3469 4814 προσετρίϐη
3501 4741 3568 4809 τῷ
3595 4736 3736 4805 γένει,

2221 4832 2314 4886 σοῦ
2347 4833 2520 4885 ταῦτα
2550 4833 2818 4899 λέγοντος.
2851 4835 2910 4886 Ei
2939 4836 3048 4902 γὰρ
3079 4835 3403 4906 βλάσφημός
3433 4837 3569 4888 ἐστιν
3593 4832 3637 4899 ἡ.
3663 4827 3738 4880 Ἐκ

2219 4925 2345 4981 τοῦ,
2368 4924 2540 4990 Υίοῦ,
2579 4923 2730 4994 φωνὴ
2752 4975 2767 4996 ,
2803 4925 2893 4977 διὰ
2923 4926 2976 4977 τί
3011 4928 3197 4994 ζητεῖς
3221 4927 3404 4997 ,αὐτὴν
3437 4928 3492 4978 ὲν
3529 4921 3630 4988 ἰδίῳ
3657 4917 3740 4983 ὅρῳ

2218 5017 2438 5086 τεθῆναι
2463 5033 2478 5084 ;
2507 5014 2689 5077 καθὼς
2725 5015 3010 5079 Ἰουλιανὶς
3052 5018 3080 5068 ὁ
3120 5017 3437 5087 σοφώτατος
3480 5009 3741 5082 κιρδινάλις

2221 5110 2355 5178 πρός
2384 5126 2443 5160 σε
2469 5108 2593 5177 ἔφη.
2640 5109 2897 5170 Εἰπόντος
2926 5110 3033 5178 γὰρ
3059 5109 3174 5174 σοῦ,
3198 5111 3282 5164 ὅτι
3401 5104 3648 5174 δυνάμεθα
3667 5097 3742 5161 ﬁt"

2220 5201 2404 5272 φωνὴν
2433 5199 2845 5270 παραδέξασθαι
2870 5203 3074 5272 ταύτην
3103 5203 3160 5254 ὲν
3184 5202 3265 5269 τῷ
3293 5200 3547 5269 Συμϐόλῳ
3569 5195 3650 5263 τῆς
3677 5190 3744 5241 πι-

2223 5311 2390 5353 στεως
2421 5293 2491 5355 ὡς
2527 5293 2847 5364 βλάσφημον
2880 5295 3047 5363 αὐτὴν
3077 5292 3260 5360 οὖσαν,
3296 5293 3430 5345 ἀλλὰ
3463 5293 3673 5360 θήσομεν
3700 5286 3741 5331 ἐν

2223 5386 2337 5455 toto)
2381 5386 2515 5455 ὅρῳ,
2557 5386 2746 5454 ὥσπερ
2785 5387 2835 5439 οἱ
2882 5386 3047 5440 πάλαι
3094 5385 3190 5455 τὴν
3238 5388 3338 5453 τῆς
3373 5376 3740 5447 Ἀειπᾱρθένσυ

2221 5475 2406 5546 φωνὴν
2453 5480 2509 5529 ἐν
2556 5477 2651 5547 τῷ,
2699 5477 2753 5528 ’0
2793 5478 3135 5547 μονογενὴς
3190 5477 3364 5542 Υἱός·
3407 5478 3435 5527 ὁ
3477 5464 3740 5542 καρδινάλις

2219 5571 2423 5639 ἀντέφη
2453 5588 2464 5600 ·
2507 5570 2879 5640 Ἐξετασθήτω
2912 5571 3199 5641 πρότερον,
3234 5570 3418 5640 Πάτερ
3448 5566 3686 5628 αἰδέσιμει
3713 5555 3737 5620 ἢ

2221 5661 2370 5730 φωνὴ
2403 5661 2561 5729 αὕτη,
2598 5664 2643 5714 εί
2678 5661 2882 5734 ἀληθής
2916 5665 3082 5728 ἐστιν,
3117 5663 3146 5732 ἦ
3178 5661 3379 5730 ψευδής
3405 5676 3460 5711 τε
3494 5657 3578 5708 καὶ
3605 5650 3735 5720 ﬁli:-

2221 5773 2398 5825 φημος
2431 5771 2441 5785 ³
2484 5759 2576 5809 καὶ
2617 5758 2664 5808 εξ
2710 5757 2809 5827 μὲν
2851 5757 3167 5828 βλάσφημος
3211 5754 3518 5822 ἀπσβειχθῇ,
3557 5746 3660 5800 οὔτε
3693 5744 3736 5790 ἐν
