4022 6196
285 286 422 351 1045
1303 289 1352 346 Β
1367 287 1754 348 EFUTATlO
1785 289 1873 348 MA

1952 287 2022 346 CI
2067 283 2460 348 EPHESINI.
3408 287 3448 348 it
3475 287 3540 347 .i‘i

283 399 361 463 τῷ
393 393 654 466 Συμϐὁλῳ
686 399 856 464 μενεῖ.
887 395 1009 449 οὔτε
1043 397 1276 466 ἀλλαχοῦ
1305 399 1632 467 τεθήσεται·
1665 399 1730 452 τὰ
1759 399 1865 466 γάρ

1975 400 2104 452 alibi
2139 407 2436 467 reponatur
2465 414 2478 463 ;
2505 396 2817 468 blasphema
2843 399 2988 452 enim
3023 412 3293 466 nusquam
3317 397 3547 452 dicenda

289 491 586 557 βλάσφημα
621 489 857 557 οὐδαμοῦ
889 492 992 558 χρὴ
1025 488 1278 558 λέγεσθαι
1308 507 1320 519 °
1358 492 1415 543 el.
1440 492 1483 543 δ’
1510 491 1776 558 εὐσεϐὴς,
1811 491 1864 542 τί

1976 503 2129 548 sunt.
2170 493 2226 548 Si
2283 509 2409 547 vero
2460 493 2568 561 pia,
2619 509 2714 546 cur
2745 493 2928 546 minus
2964 492 3016 546 in
3068 491 3327 562 Symbolo
3381 505 3543 556 quam

285 583 344 634 ὲν
373 581 449 650 τῷ
480 581 745 649 Συμϐὁλῳ
767 624 781 646 ,
813 581 866 632 τί
898 582 1170 651 ἁλλαχοῦ;
1201 584 1418 636 Μᾶλλον
1452 584 1550 652 μὲν
1581 579 1672 636 οὖν
1703 585 1762 637 ὲν
1790 584 1868 653 τῷ

1973 585 2143 639 alibi?
2172 586 2286 640 lmo
2317 585 2501 654 potius
2527 585 2787 656 Symbolo
2813 585 3094 639 veritatem
3123 585 3278 640 fateri
3304 596 3540 655 oportet.

285 673 548 742 Συμϐόλῳ
587 673 670 726 δεῖ
705 673 990 742 ὁμολογεῖν
1026 675 1124 742 τὴν
1163 675 1440 744 ἀλήθειαν.
1477 676 1667 730 Ταῦτα
1703 675 1868 728 ἀκού-

1975 678 2070 733 llis
2103 687 2160 732 tu
2192 687 2359 748 atque
2385 679 2460 731 tui
2493 679 2694 733 auditis
2725 678 3150 748 disputationem
3191 679 3258 733 de
3289 673 3545 745 dogmate

287 783 461 819 σαντα
495 766 698 834 τρόμος
736 766 1032 820 ἐπελάϐετό
1071 785 1128 819 σε
1170 769 1262 821 καὶ
1298 769 1426 827 τοὺς
1466 769 1603 835 μετὰ
1643 769 1736 822 σοῦ
1778 769 1870 820 ἐπὶ

1973 769 2355 832 exhorruistis,
2388 778 2442 824 et
2482 769 2662 838 fugam
2700 769 2954 838 parastis,
2982 768 3136 824 abire
3186 768 3337 831 illinc
3382 784 3547 838 exop-

285 859 388 928 τὴν
428 857 672 920 ἐξέτασιν
715 860 1019 928 μεταϐῆναι
1055 859 1148 912 τοῦ
1194 861 1488 928 δόγματος,
1535 863 1631 913 καὶ
1672 861 1868 930 ὡρμήο
1974 877 2169 920 tantes.

293 970 420 1005 σατε
441 953 668 1020 “φυγεῖν,
704 953 1019 1022 γλιχόμενοι
1051 953 1150 1020 τῆς
1186 954 1396 1007 ἐκεῖθεν
1428 955 1782 1020 ἐξελεύσεως.

987 1048 1177 1099 ΕΦΕΣ.

2639 1043 2882 1100 EPHES.

363 1137 480 1189 Κᾶν
512 1138 794 1206 ἐνέμειναν
824 1139 910 1190 διὰ
942 1139 1131 1197 τέλους
1161 1141 1224 1208 τῇ
1258 1142 1505 1194 ὲνστάσει
1535 1142 1733 1213 ταύτῃ,
1769 1143 1871 1195 κᾶν

2045 1139 2221 1208 Atque
2247 1137 2280 1192 ii
2304 1137 2527 1207 quidem
2559 1145 2617 1192 ut
2637 1137 2842 1194 instare
2861 1145 3164 1204 cmperunt,
3185 1136 3553 1206 perstitissent

293 1228 615 1297 διελύθησαν
639 1230 850 1282 ἐκεῖθεν
877 1231 1057 1292 καλῶς
1088 1232 1390 1296 ποιοῦντες,
1417 1235 1466 1285 εί
1498 1233 1570 1301 μὴ
1601 1245 1875 1302 παραπει-

1975 1228 2137 1282 etiam
2172 1229 2225 1282 in
2255 1229 2356 1283 hac
2381 1227 2661 1281 voluntate
2689 1243 2862 1296 usque
2899 1227 2964 1279 ad
3000 1226 3182 1289 finem,
3208 1234 3260 1279 et
3294 1226 3554 1279 recessis-

295 1320 511 1381 σθέντες
543 1322 644 1375 ὑπό
675 1340 835 1374 τινων
863 1323 1039 1387 αὖθις,
1070 1324 1146 1388 ὡς
1177 1326 1425 1394 ἀπρεπές
1457 1328 1572 1378 ἐστι
1605 1328 1772 1394 μηδὲν
1799 1328 1877 1380 εί·

1979 1329 2099 1374 sent
2136 1319 2284 1373 illinc
2316 1321 2460 1374 bono
2497 1333 2630 1374 sane
2678 1319 2931 1383 consilio,
2961 1321 3012 1374 ni
3065 1319 3376 1393 tlissnasnm
3410 1325 3554 1370 esset

298 1413 498 1474 πάντας
541 1418 669 1482 περὶ
713 1414 807 1466 τοῦ
849 1415 1118 1484 δόγματος
1157 1419 1435 1483 ἀπελθεῖν,
1479 1418 1731 1484 ἐδέξαντο
1776 1419 1874 1488 τὴν

1977 1411 2058 1465 eis
2080 1426 2108 1464 a
2130 1411 2484 1478 quibusdam,
2511 1413 2779 1466 rationem
2811 1411 2953 1464 illam
2980 1410 3355 1472 aﬂ‘erentibus,
3394 1409 3550 1478 quod

300 1502 632 1568 μετάϐασιν,
671 1505 830 1557 τοῦτο
875 1506 976 1573 μὲν
1009 1507 1108 1575 τὴν
1141 1508 1248 1560 ἀπὸ
1280 1508 1380 1575 τῆς
1420 1510 1744 1580 προσθήκης
1782 1511 1875 1563 ἐπὶ

1979 1501 2295 1556 indecorum
2332 1512 2481 1558 esset
2506 1503 2802 1558 abscedere
2834 1503 2982 1556 nulla
3005 1502 3188 1556 habita
3217 1500 3555 1570 dedogmatc

297 1597 396 1666 τὴν
434 1596 609 1660 δόξαν,
656 1598 814 1653 τοῦτο
859 1599 914 1652 δὲ
962 1601 1060 1670 τὴν
1103 1601 1210 1654 ἀπὸ
1252 1602 1564 1673 Φερραρίας
1605 1605 1685 1665 είς
1728 1604 1876 1656 Φλω-

1980 1590 2326 1658 quaestione;
2365 1593 2439 1647 ita
2480 1608 2637 1648 suum
2676 1592 2964 1662 praebuere
3010 1606 3320 1651 assensum,
3355 1599 3467 1644 tum
3501 1587 3559 1645 ut

297 1689 537 1755 ρεντίαν.
1919 1752 1943 1755 _
1981 1698 2009 1735 a
2039 1683 2410 1753 disputatione
2440 1685 2507 1740 de
2539 1685 2915 1740 additamento
2949 1684 3273 1740 transiretur
3309 1683 3374 1736 ad
3403 1698 3559 1751 qua:-

1914 1752 1955 1808 θ
1985 1752 2212 1830 stionem
2268 1775 2559 1842 dogmatis,
2611 1788 2724 1832 tum
2763 1786 2822 1832 ut
2871 1777 2938 1831 ab
2979 1777 3113 1830 urbe
3148 1773 3400 1852 Ferraria
3434 1773 3560 1828 Flo-

1212 1888 1218 1895 ·
1979 1869 2207 1922 rentlam
2239 1867 2433 1924 iretur.

985 1959 1194 2014 ΑΠΟΛ.

2670 1961 2869 2017 RESP.

372 2047 598 2102 Ἥθελον
628 2047 732 2119 μέν
755 2067 902 2114 τινες
929 2052 1180 2107 ἀοὺνετοι
1205 2055 1477 2121 διαμεῖναι
1504 2056 1568 2124 τῇ
1598 2055 1872 2118 ὲνστάσει,

2053 2050 2316 2108 Volebant
2359 2069 2488 2109 sane
2521 2052 2898 2124 imprudentes
2929 2054 3151 2124 quidam
3188 2055 3239 2108 in
3273 2070 3335 2110 ea
3371 2054 3563 2109 volun-

297 2143 390 2190 καὶ
416 2140 779 2210 διαιρεθῆναι,
813 2143 904 2195 καὶ
929 2143 1248 2211 διαλυθῆναι
1275 2146 1507 2211 ἐκεῖθεν,
1533 2142 1606 2201 ὧν
1634 2149 1698 2202 σὺ
1727 2148 1874 2217 πρῶ-

1982 2153 2092 2198 tate
2138 2144 2452 2214 persistere,
2478 2161 2584 2216 qua
2621 2155 2906 2216 coeperant
2936 2145 3162 2214 instare,
3189 2156 3244 2202 et
3293 2147 3559 2217 disjnngi,

296 2251 388 2295 τος
424 2233 670 2302 ὑπῆρχες
697 2250 712 2265 ⁶
756 2235 807 2287 οἱ
846 2235 902 2289 δὲ
939 2238 1039 2304 τῆς
1080 2241 1351 2308 σωτηρίας
1391 2241 1568 2294 αὐτῶν
1603 2243 1880 2313 ἐπιθυμη-

1981 2245 2143 2304 atque
2195 2235 2320 2290 inde
2356 2237 2673 2303 abscedere,
2704 2237 2964 2305 [quorum
2996 2247 3051 2292 tu
3090 2247 3254 2308 caput
3283 2253 3427 2294 eras.
3466 2239 3562 2294 Ve-

296 2327 420 2390 ταὶ,
458 2325 549 2377 καὶ
580 2325 670 2377 τὸν
703 2325 946 2380 κίνδυνον
977 2329 1074 2397 τῆς
1109 2330 1376 2397 αἱρέσεως
1404 2331 1528 2393 ὅσος
1557 2333 1673 2384 ἐστὶ
1705 2334 1878 2402 φοϐη-

1983 2341 2099 2380 rum
2130 2327 2222 2396 qui
2252 2343 2363 2383 suae
2391 2327 2589 2384 salutis
2616 2337 2773 2382 erant
2800 2328 2969 2395 avidi,
2999 2338 3362 2398 agnoscentes
3390 2345 3563 2397 quan-

301 2418 485 2480 θέντες
516 2419 656 2472 κατὰ
687 2420 794 2472 τῶν
826 2418 1220 2490 διαιρουμένων
1254 2423 1362 2476 ἀπὸ
1394 2423 1492 2492 τῆς
1528 2423 1876 2494 Ἐκκλησίας,

1985 2430 2096 2474 tum
2127 2421 2197 2476 sit
2230 2423 2499 2478 haereseos
2533 2424 2833 2491 periculum
2870 2425 2925 2476 in
2961 2424 3028 2478 iis
3060 2425 3151 2490 qui
3182 2440 3240 2479 se
3271 2425 3340 2478 ab
3382 2424 3566 2479 Eccle-

297 2512 400 2564 οὐκ
441 2512 714 2580 ἠθέλησαν
745 2514 842 2582 τὴν
879 2514 1183 2582 μοχθηρίαν
1215 2515 1419 2580 ταύτην
1454 2517 1720 2586 νοσῆσαι·
1764 2519 1880 2583 ἐξε-

1985 2515 2064 2569 sia
2096 2525 2410 2579 secernunt,
2443 2517 2737 2571 noluerunt
2767 2518 2964 2570 timore
2998 2517 3234 2584 perculsi
3275 2516 3434 2585 hujus
3469 2533 3567 2568 nc-

298 2605 567 2673 τασθῆναι
598 2606 654 2659 δὲ
686 2607 744 2660 τὸ
776 2607 950 2676 δόγμα
995 2610 1091 2661 καὶ
1151 2609 1250 2677 τὴν
1284 2609 1544 2677 ἀλήθειαν
1575 2610 1879 2680 διατρανω-

1984 2609 2171 2677 ρυὶιίαξ
2215 2609 2409 2664 morbo
2448 2610 2592 2664 aftiei
2624 2629 2636 2674 ;
2683 2611 2779 2665 sed
2835 2625 3031 2681 magna
3061 2610 3342 2664 voluntate
3366 2608 3567 2677 permi-

300 2698 497 2764 θῆναι,
534 2700 627 2750 καὶ
661 2699 869 2768 ταύτην
903 2699 1259 2754 ἀσπάσασθαι
1299 2701 1437 2768 μετὰ
1471 2704 1647 2771 χαρᾶς
1681 2703 1879 2755 ὑπεδὲ-

1985 2707 2176 2754 serunt
2237 2709 2290 2755 et
2347 2701 2516 2770 quaeri
2558 2702 2625 2756 de
2660 2702 2936 2769 dogmate,
2975 2712 3030 2754 et
3097 2702 3378 2755 veritatem
3424 2713 3569 2754 enu-

303 2789 480 2852 Eavto.
511 2789 676 2843 Ὅθεν
712 2790 790 2860 τῷ
825 2792 919 2846 τοῦ
960 2791 1170 2846 δικαίου
1212 2794 1358 2862 λόγῳ
1395 2794 1488 2846 καὶ
1525 2795 1653 2858 τοὺς
1690 2795 1882 2858 ἄλλους

1985 2791 2173 2853 cleari,
2238 2801 2296 2844 ut
2353 2808 2472 2847 eam
2534 2793 3018 2862 amplecterentur.
3066 2792 3248 2858 Quare
3287 2791 3567 2860 persnasis

302 2886 616 2952 πείσαντες,
647 2886 900 2951 ἐδέξαντο
935 2887 1237 2957 μεταϐῆναι
1265 2889 1359 2940 ἐπὶ
1387 2887 1486 2957 τὴν
1513 2888 1762 2954 ἐξέτασιν
1786 2887 1880 2943 τοῦ

1986 2882 2150 2936 etiam
2201 2883 2324 2936 aliis
2381 2892 2440 2936 ut
2489 2882 2733 2950 aequitati
2766 2883 3203 2951 acquiescerent,
3229 2882 3570 2936 admiserunt

301 2979 560 3046 δευτέρου
609 2979 1036 3049 προϐλήματος·
1087 2980 1340 3045 ἐδέξαντο
1381 2980 1437 3032 δὲ
1487 2981 1584 3034 καὶ
1629 2981 1728 3050 τὴν
1775 2983 1883 3036 ἀπὺ

1989 2974 2217 3030 secundi
2278 2973 2636 3042 problematis
2701 2975 3181 3045 disquisitionem;
3235 2975 3571 3029 admiserunt

299 3071 608 3140 Φερῤαρίας
643 3073 724 3134 είς
755 3071 1093 3139 Φλωρεντίαν
1135 3071 1470 3140 μετάϐασιν,
1502 3073 1687 3143 ἐπειδὴ
1719 3075 1746 3127 6
1779 3075 1878 3145 τῆς

1988 3069 2150 3122 etiam
2204 3077 2263 3122 ut
2314 3066 2654 3122 Florentiam
2709 3067 3020 3131 eFerraria
3069 3068 3263 3131 iretur,
3307 3067 3563 3136 quoniam

300 3163 455 3224 ὁσίας
494 3163 708 3231 μνήμης
745 3163 1000 3224 Εὐγένιος
1035 3163 1062 3213 6
1095 3163 1312 3232 Ῥώμης
1348 3163 1642 3235 ἀρχιερεὺς
1678 3168 1705 3218 6
1742 3166 1882 3220 θειό-

1989 3159 2266 3228 Eugeuius
2324 3162 2497 3213 beata:
2544 3161 2822 3214 memoriae
2881 3159 3264 3214 sanctissimus
3326 3159 3567 3226 pontifex

301 3273 466 3316 τατος
498 3256 596 3308 οὐκ
632 3251 776 3324 εἶχεν
807 3255 888 3308 ἔτι
921 3258 976 3308 ὲν
1005 3255 1324 3326 Φερραρίᾳ,
1356 3255 1482 3309 οὔτε
1524 3257 1631 3326 μὴν
1661 3258 1881 3327 εὕρισκε

1991 3252 2271 3306 Romanus
2329 3251 2596 3305 Ferrarim
2648 3266 2754 3303 non
2795 3251 3050 3310 habebat,
3099 3265 3198 3303 nec
3239 3250 3457 3303 aliunde
3492 3249 3571 3303 fa-

303 3342 504 3394 διδόναι
534 3343 661 3411 ὑμῖν
688 3343 906 3413 ἑκάστῳ
932 3343 992 3396 τὸ
1021 3344 1354 3413 σιτηρέσιον,
1385 3345 1476 3398 καὶ
1500 3348 1610 3409 τοῖς
1640 3347 1884 3418 Φλωρεν-

1992 3345 2165 3398 cultas
2190 3343 2236 3396 ei
2265 3341 2612 3412 suppetebat,
2643 3342 2787 3395 unde
2814 3341 2968 3395 vobis
2999 3341 3253 3393 alimenta
3301 3341 3571 3393 submini-

303 3435 475 3496 τίνοις
512 3434 757 3505 μηνύσας
793 3436 1042 3508 δανεῖσαι
1072 3437 1223 3505 αὐτῷ
1255 3441 1673 3508 τεσσαράκοντα
1710 3442 1882 3511 χιλιά-

1992 3441 2211 3488 straret.
2248 3433 2458 3488 Idcirco
2490 3441 2682 3486 mutuo
2715 3431 2868 3501 petiit
2900 3446 2928 3484 a
2965 3430 3293 3486 Florentinis
3335 3433 3573 3498 quadra-

305 3528 404 3588 δας
433 3529 738 3596 χρυσίνων,
774 3528 1096 3583 ἀπέστειλεν
1127 3529 1316 3590 αὐτοῖς
1344 3529 1444 3599 τὴν
1479 3530 1679 3601 μίτραν
1716 3531 1882 3586 αὑτοῦ

1993 3526 2139 3596 ginta
2173 3541 2458 3580 nummum
2491 3539 2785 3580 aureorum
2817 3523 2984 3579 millia
3017 3526 3368 3594 oppignerala
3410 3526 3569 3580 mitra

309 3619 564 3689 ἐνέχυρον
585 3636 598 3650 ⁸
637 3620 687 3673 οἳ
718 3621 778 3674 τὸ
808 3620 1065 3689 ἐνέχυρον
1094 3619 1379 3682 λαϐόντες,
1410 3621 1472 3676 τὸ
1505 3623 1728 3691 αἰτηθὲν
1757 3627 1882 3678 ἀνευ

1994 3634 2116 3674 sua.
2159 3618 2238 3673 Illi
2289 3627 2512 3688 accepto
2549 3618 2776 3688 pignore
2825 3618 3112 3686 pecuniam
3163 3629 3568 3683 nun'terarunt;

311 3710 610 3780 πλήρωσαν
633 3728 647 3743 ·
680 3713 776 3764 σὺν
805 3713 1032 3773 ἐκείνοις
1063 3713 1122 3765 δὲ
1153 3715 1247 3766 καὶ
1278 3713 1442 3776 ἄλλας
1471 3719 1884 3785 τεσσαράκοντα

1995 3711 2332 3764 tantumdem
2382 3725 2514 3764 vero
2546 3726 2605 3765 se
2639 3711 2785 3765 dono
2839 3709 3000 3764 etiam
3045 3709 3267 3764 daturos
3305 3712 3573 3779 promisc-

311 3801 608 3870 ὑπέσχοντο
636 3803 819 3871 χάριτι
845 3803 1050 3863 δοῦναι,
1080 3807 1126 3857 εί
1157 3805 1236 3867 είς
1264 3805 1362 3876 τὴν
1395 3805 1550 3857 πόλιν
1579 3807 1761 3858 αὑτῶν
1793 3826 1888 3875 με-

1993 3811 2147 3867 runt,
2179 3805 2224 3858 si
2264 3805 2316 3855 in
2352 3817 2542 3858 eorum
2587 3799 2777 3857 urbem
2817 3799 3141 3857 transferret
3169 3802 3462 3870 synodum,
3517 3811 3572 3855 ut

310 3893 536 3963 ταθήσοι
570 3893 670 3963 τὴν
713 3892 963 3958 σύνοδον,
1009 3895 1095 3946 ἵνα
1135 3893 1298 3961 δῆθεν
1341 3897 1373 3965 ἡ
1418 3895 1664 3949 πολιτεία
1708 3898 1887 3949 αὐτῶν

1995 3895 2202 3948 Scilicet
2255 3895 2470 3947 illorum
2530 3894 2836 3961 respublica
2882 3896 3087 3949 honore
3123 3893 3226 3947 hoc
3258 3905 3570 3960 angeretur,

312 3987 407 4053 τὴν
432 3986 528 4038 τοῦ
557 3987 680 4055 ὅρου
711 3988 874 4057 τιμὴν
902 3988 1189 4044 ἀπολάϐοι.
1222 3989 1320 4041 Διὰ
1346 3989 1504 4042 τοῦτο
1533 3988 1624 4042 οὖν
1654 3992 1686 4058 ή
1724 3989 1890 4060 μετά-

1997 3987 2040 4038 si
2073 3986 2203 4039 inibi
2232 3986 2478 4040 deﬁnitio
2514 3984 2687 4039 fieret.
2716 3987 2771 4039 ld
2806 3984 2907 4038 fuit
2930 4000 3060 4056 ergo
3093 3999 3270 4039 causa:
3321 4001 3420 4039 cur
3444 3983 3575 4041 Fer-

313 4077 472 4140 ϐασις
502 4078 609 4130 ἀπὸ
637 4080 944 4149 Φεῤῥαρίας
975 4083 1054 4142 εἰς
1086 4083 1434 4150 Φλωρεντίαν
1464 4080 1710 4149 γέγονεν.

1385 4099 1434 4133 ιν
1464 4080 1710 4149 γέγονεν.
1999 4077 2136 4130 raria
2175 4075 2506 4130 Florentiam
2541 4093 2598 4132 se
2636 4078 2973 4131 conferrent.

1011 4173 1199 4227 ΕΦΕΣ.
1413 4179 1416 4181 ’

1413 4179 1416 4181 ’
2682 4167 2920 4222 EPHES.

390 4263 562 4317 Ἔνθα
605 4265 887 4333 γενόμενοι
931 4265 1040 4316 τῶν
1089 4265 1217 4330 περὶ
1262 4262 1361 4334 τὴς
1401 4263 1558 4331 δόξης
1600 4261 1889 4328 διαλέξεων

2069 4262 2188 4328 Quo
2242 4261 2332 4315 ubi
2367 4262 2742 4330 pervenimus,
2773 4260 3198 4329 disputationem
3230 4261 3296 4313 de
3322 4261 3575 4327 dogmate

314 4356 701 4425 ἁτςημξάμεθα,
732 4358 841 4409 τῶν
871 4357 1119 4411 Λατίνιον
1148 4357 1595 4424 προενεγκόντων
1630 4355 1788 4426 ῥητὰ,
1819 4356 1888 4408 τὰ

1999 4371 2187 4412 sumus
2217 4354 2452 4424 aggressi
2476 4371 2489 4414 ;
2513 4353 2718 4409 Latinis
2741 4354 2883 4407 dicta
2917 4352 3315 4422 proferentibus
3341 4368 3398 4404 ex
3426 4352 3573 4405 lituis

317 4450 418 4516 μὲν
451 4449 504 4514 ἐξ
535 4449 872 4517 άποκρύφων
900 4431 1068 4500 τινῶν¹
1093 4451 1193 4502 καὶ
1222 4449 1518 4514 ἀγνώστων
1553 4444 1793 4515 βιϐλίων,
1825 4449 1892 4499 τὰ

1999 4447 2194 4518 partim
2230 4447 2559 4516 apocryphis
2591 4457 2644 4501 et
2672 4446 2894 4516 ignotis,
2933 4446 3132 4512 partim
3189 4443 3501 4512 depravatis
3525 4452 3576 4495 et

312 4543 370 4593 δὲ
418 4545 481 4593 ἐκ
529 4541 929 4610 νενοθευμένων
977 4558 1036 4592 τε
1084 4542 1180 4594 καὶ
1233 4541 1663 4610 διεφθαρμένων,
1710 4540 1768 4591 ὲν
1815 4533 1895 4602 οἷς

1998 4539 2291 4605 corruptis,
2322 4535 2526 4605 quibus
2554 4534 2877 4589 sententiam
2909 4548 3064 4587 suam
3096 4531 3258 4586 inniti
3292 4547 3577 4586 assevera-

316 4632 661 4702 ἰσχυρίζοντο
705 4633 802 4702 τὴν
847 4633 1057 4686 ἑαυτῶν
1103 4632 1260 4695 δόξαν
1307 4633 1683 4686 συνίστασθαι.
1727 4631 1896 4684 Πάλιν

1997 4628 2144 4684 bant.
2177 4627 2359 4698 Itaque
2387 4641 2606 4682 rursum
2663 4641 2765 4695 ego
2797 4640 2922 4679 cum
2955 4626 3061 4679 illis
3098 4638 3462 4693 congressus,
3521 4635 3575 4677 et

313 4726 407 4779 οὖν
451 4728 636 4786 αὐτοῖς
682 4723 791 4792 ἐγὼ
840 4724 1311 4794 συμπλεκόμενος,
1359 4725 1454 4776 καὶ
1497 4724 1556 4776 τὸ
1599 4724 1697 4787 τῆς
1738 4722 1895 4790 δῦξης

1999 4720 2330 4775 sententiam
2361 4718 2660 4773 absurdam
2694 4732 2818 4772 esse
2854 4725 3039 4786 aperte
3078 4715 3474 4778 demonstravi,
3525 4726 3579 4768 et

314 4821 518 4874 ἄτοπον
555 4819 872 4888 διελέγχων,
915 4822 1008 4872 καὶ
1049 4815 1450 4886 νενοθευμένας
1495 4811 1635 4868 εῖναι
1672 4814 1770 4877 τὰς
1815 4813 1897 4884 βί-

1999 4813 2167 4867 libros
2194 4814 2520 4883 depravatos
2559 4812 2847 4881 perSpicue
2891 4809 3142 4879 probavi.
3189 4807 3336 4862 Nihil
3398 4817 3575 4862 tamen

316 4911 477 4973 ϐλους
514 4909 810 4980 προφανῶς
848 4911 1134 4980 παριστῶν
1154 4948 1170 4973 ,
1197 4907 1348 4963 οὐδὲν
1378 4910 1540 4978 ἤνυον
1572 4909 1652 4969 είς
1690 4906 1860 4960 πειθὼ
1880 4946 1894 4971 ,

1997 4902 2356 4973 profeci,nec
2380 4902 2712 4969 persuadere
2763 4899 3068 4970 quidquam
3116 4900 3304 4970 pomi;
3366 4907 3575 4952 tantum

317 5005 459 5073 πλὴν
491 5005 616 5056 ὅσον
647 5004 734 5058 τὸν
766 5003 957 5074 καιρὸν
987 5003 1301 5057 ἀναλίσκειν
1332 5004 1453 5074 εἱκῇ
1484 5001 1576 5055 καὶ
1611 4999 1811 5070 μάτην.

1484 5001 1576 5055 καὶ
1611 4999 1811 5070 μάτην.
1999 4992 2131 5049 mihi
2156 4993 2356 5047 frustra
2388 5003 2602 5062 tempus
2647 4992 3053 5046 conterebatur.

399 5103 407 5111 '
1005 5097 1213 5150 ΑΠΟΛ.

2671 5082 2712 5134 ιι
2724 5081 2868 5135 ESP.

387 5188 525 5256 Περὶ
567 5188 666 5256 τῆς
714 5187 873 5256 δόξης
925 5188 1142 5257 πρῶτος
1192 5189 1218 5239 6
1267 5189 1327 5240 ὲν
1372 5186 1622 5256 θεολογίᾳ
1675 5186 1896 5254 ὑψίνους

2071 5177 2284 5230 Primus
2310 5176 2373 5227 de
2404 5175 2655 5241 dogn'iate
2695 5171 2930 5226 Jo:nnnes
2954 5170 3039 5223 ille
3101 5172 3152 5223 in
3181 5185 3237 5222 re
3272 5169 3575 5236 theologica

328 5278 603 5348 Ἰωάννης,
628 5279 655 5330 6
678 5278 773 5330 τοῦ
798 5256 1078 5347 σχήματος
1101 5277 1198 5329 τοῦ
1226 5277 1383 5344 ἁγίου
1408 5277 1698 5344 Δομινίκου
1726 5277 1895 5340 ἔπαρ-

2001 5266 2301 5322 summivir
2333 5263 2559 5333 ingenii,
2595 5274 2756 5331 atque
2789 5262 2840 5313 in
2875 5260 3126 5313 instituto
3173 5260 3351 5313 sancti
3384 5256 3569 5313 Darni-

315 5388 428 5441 χος,
461 5371 561 5440 τὴν
591 5367 1136 5440 ἕναρξινὲποιήσατο
1160 5384 1174 5398 ·
1212 5367 1360 5422 Μετὰ
1390 5369 1489 5436 τῆς
1518 5367 1772 5434 εὐλογίας
1802 5368 1896 5420 τοῦ

2001 5363 2110 5416 nici
2151 5359 2391 5430 praefecti
2427 5357 2690 5426 dignitate
2723 5361 2972 5416 ornatus,
3013 5351 3437 5422 disputationem
3493 5351 3575 5404 ina

319 5447 753 5534 μακαριωτάτου
779 5462 993 5533 Πατρδς
1020 5463 1119 5531 τὴν
1149 5461 1419 5527 ἐξέτασιν,
1447 5459 1643 5530 φήσας,
1679 5460 1897 5530 ποιήσο-

2002 5454 2179 5509 stituit
2208 5455 2504 5520 :Acccpta,
2533 5446 2808 5515 inquiens,
2836 5444 3212 5498 benedictione
3245 5443 3422 5498 Patris
3448 5441 3573 5497 bea-

317 5573 417 5625 μαι
447 5557 584 5624 πρὸς
612 5556 756 5625 ὑμᾶς
787 5555 917 5624 περὶ
943 5556 1041 5626 τῆς
1068 5555 1163 5607 τοῦ
1195 5554 1352 5623 ἁγίου
1384 5553 1705 5620 Πνεύματος
1733 5552 1894 5604 ὲκπο·

2006 5545 2228 5608 tissimi,
2262 5542 2622 5612 quaestionem
2655 5538 2722 5592 de
2750 5535 2989 5606 Spiritus
3009 5537 3181 5590 sancti
3223 5535 3581 5605 proccssione

319 5648 554 5716 ρεὺσεως
575 5662 589 5675 ⁸
620 5649 708 5700 ὅτε
749 5649 846 5701 οὐκ
885 5645 944 5712 ἒξ
982 5645 1322 5718 ἀποκρύορων
1354 5645 1517 5698 τινῶν
1551 5643 1771 5713 βιϐλίων
1803 5644 1896 5695 καὶ

2004 5637 2282 5692 vobiscum
2319 5632 2527 5687 habebo
2561 5647 2574 5683 :
2607 5628 2826 5698 quando
2853 5643 2958 5682 non
2986 5644 3047 5681 ex
3081 5626 3584 5697 apocryphisigno-

315 5737 613 5805 ἀγνώστων
651 5739 788 5810 ῥητὰ
826 5740 1186 5809 προήνεγκεν,
1227 5737 1346 5790 οὐδὲ
1384 5737 1446 5788 ὲκ
1484 5732 1888 5803 νενοθευμὲνων

2008 5733 2183 5800 lisque
2209 5727 2360 5784 libris
2393 5721 2621 5796 protulit
2661 5731 2863 5788 textus,
2888 5734 2978 5774 aut
3013 5723 3280 5792 corruptis
3314 5731 3366 5776 ct
3394 5721 3583 5788 deptar-
