4022 6196
420 232 556 294 1047-

1411 232 1720 292 JOSEPIII
1763 233 1808 289 Μ
1821 232 2252 293 ΕἹἩΟΝΕΝΞΙ
2265 235 2302 292 S
2320 235 2674 314 EPISCOPI

3529 229 3656 290 1043

422 352 586 411 vatis,
618 358 674 402 ut
707 348 823 418 ipse
855 349 973 414 ais;
1011 347 1112 404 nisi
1146 349 1458 418 apocrypha
1488 345 1760 413 intelligas
1795 347 1982 400 Basilii
2010 413 2012 420 Α

2115 371 2143 404 ηε
2180 353 2273 406 καὶ
2313 352 2762 420 διεφθαρμένων,
2797 349 2872 413 ὡς
2911 348 2976 402 σὺ
3013 347 3117 419 φῄς
3141 362 3153 375 ·
3193 347 3241 399 εί
3279 343 3354 415 μή
3389 339 3491 399 πὸυ
3527 345 3661 396 ἀπό·
3721 317 3728 328 ’

426 442 604 512 Magni
639 450 688 494 et
718 440 1000 494 Athanasii
1033 455 1218 508 Opera,
1272 455 1369 493 nec
1427 456 1532 492 non
1592 438 1884 508 Epiphanii
1936 446 1988 490 et

2115 462 2277 514 ερυφα
2307 447 2370 499 σὺ
2401 448 2539 508 νοεῖς
2566 446 2634 498 τὰ
2661 444 2755 499 τοῦ
2792 444 3032 514 μεγάλου
3066 441 3344 496 Βασιλείου
3376 440 3472 494 καὶ
3507 438 3663 491 Ἀθα-

426 531 602 586 sancti
662 531 868 601 Cyr-illi,
907 544 1133 598 qrrorum
1169 529 1313 582 dicta
1389 527 1628 583 Joannes
1681 526 1990 596 proferebat

427 625 741 680 Latinorum
771 623 1008 684 nomine,
1046 637 1140 690 per
1179 636 1299 689 quae
1322 620 1700 674 demonstrare
1745 617 1986 672 conaba-

428 727 515 770 tur
544 713 810 782 dogmatis
845 712 1148 766 veritatem.
1183 710 1488 764 Noluerunt
1516 709 1660 763 enim
1714 708 1855 762 sar-ri
1916 706 1987 759 illi

426 808 524 860 viri
554 805 976 860 Occidentalium
1002 803 1325 860 auctmitate
1353 801 1657 865 doctorum,
1687 799 1779 853 sed
1801 799 1991 852 Orien-

431 899 616 952 talium
654 900 882 968 probare
910 902 1009 951 hoc
1034 897 1229 966 dogma
1265 913 1280 957 ;
1307 912 1394 960 ne,
1422 896 1565 965 quod
1595 893 1757 947 etiam
1786 891 1988 952 evenit,

431 988 663 1056 possetis
687 987 1080 1042 contradicere.
1117 985 1197 1038 Tu
1221 1001 1350 1040 vero
1380 999 1503 1037 cum
1542 982 1683 1036 ferre
1729 997 1836 1033 non
1862 994 1987 1048 pos-

429 1097 516 1137 St's
553 1081 858 1144 veritatem,
883 1089 1167 1147 corruptos
1201 1087 1256 1133 et
1281 1077 1605 1147 depravatos
1638 1072 1873 1126 vocabas
1898 1071 1993 1124 do-

431 1182 645 1227 ctorum
692 1172 857 1225 libros
895 1188 907 1223 :
944 1171 1162 1239 quando
1183 1169 1343 1222 etiam
1380 1182 1574 1236 magno
1603 1174 1697 1218 tuo
1731 1164 1996 1217 dedecore

432 1262 686 1315 universa
714 1272 764 1316 te
782 1262 1024 1330 synodus
1054 1260 1362 1330 suggillavit
1388 1260 1460 1311 ita
1478 1257 1768 1317 dicentem,
1787 1266 1837 1308 et
1862 1269 1998 1322 pra:-

431 1356 619 1408 Sertim
657 1356 934 1408 ulterioris
969 1352 1214 1407 Francia:
1247 1351 1532 1422 prtcsules,
1594 1358 1654 1401 ut
1699 1347 1996 1401 audierunt

429 1445 789 1500 Orientalium
823 1446 1106 1500 doctorum
1138 1445 1304 1498 libros
1326 1441 1506 1496 vocari
1541 1455 1570 1494 a
1597 1449 1647 1493 te
1678 1447 1993 1507 corruptos,

433 1556 624 1607 magna
658 1553 789 1592 voce
830 1539 1209 1592 cxclarnarunt
1241 1555 1254 1590 :
1291 1534 1590 1588 [hereticus
1612 1541 1694 1587 est
1733 1532 1838 1585 iste
1885 1545 1997 1582 rna-

359 1625 362 1630 ’
433 1633 918 1698 Ι«·ιιι‹·ιιιε,ωιιιι“ιιιι
971 1629 1195 1685 feriatur
1255 1624 1849 1686 excommunicatione,
1901 1623 1996 1676 do-

2093 537 2278 591 νασίου
2305 537 2504 604 βιϐλία,
2541 537 2859 604 Ἑπιφανίου
2881 553 2941 589 τε
2963 537 3056 589 καὶ
3081 533 3351 604 Κυρίλλου
3372 531 3466 586 τοῦ
3492 533 3535 583 is
3547 529 3661 598 ροῦ,

2093 629 2154 693 ἐξ
2184 621 2258 682 ὧν
2287 628 2592 697 προέφερεν
2625 629 2651 682 ό
2687 630 2941 697 Ἰωάννης
2969 627 3045 690 ὡς
3077 630 3141 680 ἐκ
3174 625 3472 697 προσώπου
3501 623 3670 678 Λατί-

2095 740 2199 775 νων
2230 723 2387 793 ῥητὰ,
2408 718 2577 776 δι”*ὧν
2607 723 2914 792 ἰσχυρίζετο
2937 722 3036 790 τὴν
3060 721 3318 789 ἀλήθειαν
3343 717 3437 772 τοῦ
3465 718 3668 784 δόγμα-

2094 828 2184 873 τος
2212 814 2582 882 παραστῆσαι.
2610 812 2689 866 Οὐ
2717 813 2825 880 γὰρ
2851 811 3043 882 ἡθελον
3067 811 3116 864 οἱ
3147 810 3282 880 ἱεροὶ
3308 809 3497 878 ἄνδρες
3525 810 3668 860 ἐκείο

2097 921 2175 956 νοι
2196 903 2284 956 διὰ
2304 902 2536 956 δυτικῶν
2554 902 2888 956 διδασκάλοιν
2908 903 2969 956 τδ
2991 902 3164 971 δόγμα
3187 900 3348 954 τοῦτο
3371 901 3664 968 συστῆσαι,

2098 993 2211 1048 ἀλλ’
2237 996 2294 1060 ἐξ
2323 994 2657 1048 ἀνατολικῶν
2689 993 2950 1063 Πατέρων
2971 1035 2984 1057 ,
3019 995 3106 1046 ἵνα
3141 993 3215 1062 μὴ
3247 993 3407 1063 ἔχητε
3439 993 3669 1045 τούνανο

2099 1086 2210 1139 τίον
2235 1088 2430 1153 εἰπεῖν,
2459 1087 2596 1158 ὅπερ
2623 1089 2718 1142 καὶ
2745 1089 2956 1155 γέγονε.
2983 1089 3057 1142 Σὺ
3090 1087 3147 1140 δὲ
3173 1088 3274 1158 τὴν
3299 1088 3562 1156 ἀλήθειαν
3591 1085 3668 1153 μὴ

2099 1179 2394 1245 δυνάμενος
2427 1179 2614 1248 φέρειν
2636 1219 2651 1242 ,
2686 1181 3060 1249 διεφθαρμένα
3087 1198 3146 1232 τε
3177 1181 3273 1232 καὶ
3304 1178 3670 1246 νενοθευμένα

2099 1273 2169 1324 τὰ
2202 1274 2310 1324 τῶν
2342 1271 2678 1326 διδασκάλων
2713 1272 2928 1335 ἐκάλεις
2967 1271 3148 1340 βιϐλία
3173 1287 3188 1303 ο
3221 1272 3311 1324 ὅτε
3345 1271 3442 1325 καὶ
3480 1271 3672 1340 μῶμος

2103 1361 2434 1432 προσετρίϐη
2468 1379 2550 1415 σοι
2581 1362 2756 1430 μέγας
2784 1362 2936 1432 παρὰ
2960 1363 3056 1430 τῆς
3089 1363 3309 1414 συνόδου
3340 1361 3557 1427 ἁπάσης
3583 1360 3676 1411 λέ-

2103 1470 2251 1521 γοντι
2275 1452 2476 1516 οὕτως’
2503 1455 2599 1506 καὶ
2629 1455 2865 1520 μάλιστα
2892 1456 2941 1508 οί
2963 1455 3062 1523 τῆς
3090 1454 3370 1525 ἐνδοτέρας
3393 1454 3673 1522 Φραγκῐας

2103 1543 2393 1612 ἡγούμενοι
2429 1541 2784 1610 ἀκούσαντες,
2819 1544 2902 1597 ὅτι
2934 1545 3002 1597 τὰ
3034 1542 3140 1595 τῶν
3171 1540 3507 1595 ἀνατολικῶν
3534 1540 3678 1592 διδα-

2102 1634 2316 1688 σκάλων
2341 1634 2519 1704 βιϐλία
2545 1635 2917 1704 διεφθαρμένα
2945 1634 3260 1698 ἀποκαλεῖς,
3286 1631 3498 1702 μεγάλῃ
3520 1635 3674 1700 φωνῇ

433 1736 615 1778 etores
639 1724 782 1777 enim
812 1723 992 1792 reiicit
1022 1741 1033 1776 :
1079 1731 1130 1775 et
1162 1720 1206 1775 si
1241 1720 1358 1778 suis
1383 1718 1624 1773 Orientis
1677 1713 2000 1770 doctoribus

2115 1727 2399 1796 ἐξεϐόησαν
2421 1742 2433 1755 ·
2464 1726 2750 1794 Αίρετικδς
2773 1725 2928 1788 οὗτός
2957 1725 3101 1778 ἐστιν
3127 1727 3153 1777 ό
3179 1724 3485 1792 κατάρατος
3505 1736 3517 1749 ·
3545 1724 3676 1773 aim-

433 1815 590 1868 ﬁdem
619 1830 723 1867 non
748 1813 960 1876 trihrrit,
999 1813 1128 1882 quid
1177 1811 1243 1864 de
1301 1810 1506 1864 nostris
1558 1805 2002 1863 Occidentalibus

433 1907 842 1961 dixerit‘illinc
889 1907 1256 1960 commotione
1329 1903 1563 1957 excitata
1615 1909 2005 1968 consurgentes

436 2000 572 2058 nihil
603 1998 750 2053 aliud
772 1999 983 2069 egistis.
1022 1997 1275 2068 Proxima
1305 2011 1430 2049 vero
1458 1993 1702 2049 sessione
1747 2006 1872 2046 cum
1927 1988 2004 2042 illi

437 2093 712 2163 ex‘magni
746 2093 934 2164 Cyrilli
969 2091 1150 2144 verbis
1203 2095 1522 2159 argumenta
1580 2085 1886 2146 duxissent,
1948 2091 2003 2134 tu

437 2185 664 2237 omnino
691 2192 940 2238 sanctum
966 2183 1234 2253 Cyrillum
1268 2181 1479 2250 negasti
1513 2178 1586 2232 ita
1617 2177 1819 2230 dicere.
1867 2173 2004 2228 Cum

439 2290 564 2328 vero
597 2274 835 2329 Joannes
859 2273 1220 2341 Epipharrinm
1251 2275 1439 2325 eadem
1467 2285 1590 2339 quae
1636 2265 1870 2337 Cyrillus
1925 2263 2006 2316 di-

441 2377 649 2420 centem
678 2366 1021 2434 protulisset,
1049 2375 1104 2417 tu
1134 2364 1250 2418 hmo
1295 2363 1416 2430 ipsa
1467 2361 1629 2414 etiam
1701 2353 2028 2410 adulterata'

443 2459 674 2512 vocasti.
713 2459 838 2513 Inde
864 2469 1089 2512 coactus
1137 2454 1422 2526 profundae
1483 2453 1586 2506 illa:
1647 2467 1710 2506 ac
1762 2447 2008 2503 sublimis

439 2548 724 2618 theologia:
778 2553 859 2602 vir
907 2547 1163 2602 Basilium
1195 2545 1445 2615 Magnum
1513 2542 1692 2597 attulit
1751 2543 1803 2592 in
1871 2540 2007 2592 libro

440 2653 630 2699 contra
655 2644 978 2698 Eunomium
1006 2641 1309 2696 consimilia
1330 2639 1604 2710 prioribus
1627 2637 2002 2690 disserentem:

443 2748 498 2790 tu
536 2751 663 2795 vero
697 2736 784 2790 illa
837 2751 1054 2805 quoque
1103 2735 1394 2803 depravata
1434 2730 1638 2785 dixisti.
1697 2728 1772 2781 [ta
1840 2725 2008 2778 libros

441 2845 656 2891 omnes,
681 2829 774 2896 qui
809 2827 1058 2896 producti
1085 2835 1232 2888 sunt,
1268 2832 1556 2893 corruptos
1576 2819 1844 2878 vocando,
1874 2816 2008 2870 stul-

443 2919 690 2974 tissimus
717 2918 784 2973 ab
809 2918 1064 2971 omnibus
1091 2917 1312 2970 habitus
1352 2931 1436 2968 es.
1489 2911 1723 2978 Quando
1777 2907 2009 2963 misistis

441 3010 604 3062 etiarn
633 3007 1071 3066 Nicomediensis
1099 3007 1350 3076 praesulis
1381 3007 1715 3067 ministrum,
1771 3013 1825 3055 ut
1855 2998 2011 3054 affer-

443 3109 526 3153 ret
562 3101 807 3158 codicem
867 3107 1041 3155 sancti
1075 3099 1282 3164 Basilii,
1344 3099 1398 3153 in
1450 3114 1559 3168 quo
1610 3097 1816 3150 dictum
1876 3062 2078 3147 illudi-1

446 3191 676 3248 habetur
710 3209 721 3243 :
753 3179 864 3250 Cur
893 3192 1036 3246 enim
1067 3204 1290 3246 necesse
1317 3202 1424 3257 εει,
1457 3199 1562 3245 etc.
1597 3190 1690 3244 Ille
1708 3203 1837 3242 vero
1897 3188 2012 3242 sive

447 3285 650 3338 malitia
671 3301 766 3339 sna
789 3293 1094 3353 permotus,
1123 3286 1238 3339 sive
1271 3285 1432 3339 etiam
1452 3299 1481 3339 a
1505 3285 1662 3338 vobis
1681 3283 2012 3344 admonitus,

445 3376 615 3430 volrrit
669 3377 919 3432 occulere
977 3376 1253 3429 \eritatern
1311 3387 1471 3445 atque
1538 3385 1768 3442 accepto
1826 3375 2015 3428 codice

445 3468 594 3520 venit
656 3469 720 3526 ad
772 3466 1063 3522 fenestram
1128 3466 1373 3536 cogitans
1424 3465 1630 3520 dictum
1661 3465 1791 3519 illud
1852 3465 2016 3518 abra-

445 3560 596 3622 dere,
639 3559 959 3628 signatoqne
1019 3558 1170 3618 folio.
1234 3559 1287 3612 in
1341 3571 1452 3624 quo
1531 3557 1800 3610 sententia
1854 3556 2018 3609 habe-

446 3653 630 3713 batur,
696 3651 972 3704 cultellum
1021 3650 1320 3720 quaerebat,
1366 3663 1475 3719 quo
1549 3649 1695 3702 illam
1749 3647 2018 3704 eraderet.

445 3744 514 3797 At
566 3758 697 3797 vero
751 3742 986 3813 Spiritus
1044 3743 1290 3797 veritatis
1342 3757 1450 3798 non
1494 3742 1754 3812 permisit
1785 3741 1836 3796 id
1879 3742 2016 3803 ﬁeri.

450 3851 516 3893 ne
580 3837 782 3891 veritas
837 3835 1332 3906 exstingueretnr;
1389 3835 1595 3888 excitat
1675 3849 1805 3904 ergo
1884 3833 2018 3887 ﬂair-

450 3935 555 3982 tcm
589 3939 810 3995 auram,_
841 3940 933 3993 per
961 3939 1124 3993 quam
1145 3923 1343 3976 factum
1380 3930 1461 3976 est
1487 3930 1545 3976 ut
1598 3920 1750 3986 folio,
1787 3921 1840 3973 in
1902 3934 2012 3989 quo

448 4018 654 4069 dictum
681 4017 878 4078 inerat,
906 4023 1134 4078 mutato,
1169 4014 1315 4067 aliud
1376 4028 1436 4068 se
1475 4011 1733 4067 offerret:
1795 4009 1884 4064 ille
1938 4011 2016 4063 fe-

452 4108 668 4161 stinans
691 4107 836 4160 aliud
865 4106 1135 4176 expunxit
1163 4121 1263 4176 pro
1289 4107 1416 4159 alio.
1458 4103 1665 4159 Deinde
1687 4101 1848 4156 celeri
1874 4117 2021 4171 gres-

453 4215 514 4253 su
552 4212 802 4254 reversus
827 4199 894 4252 ad
917 4198 1184 4268 synodum
1237 4197 1498 4252 audacter
1532 4196 1641 4249 ibat
1695 4194 1760 4250 ad
1796 4194 2023 4248 convin-

453 4291 654 4346 rendos
682 4288 926 4344 Latinos.
958 4288 1028 4344 Ut
1054 4304 1179 4343 vero
1213 4296 1362 4358 pater
1393 4288 1512 4357 ejus
1551 4287 1749 4342 librum
1785 4285 2020 4354 aperuit,

2107 1820 2233 1885 νίως
2256 1818 2608 1890 ἀφορισθήτω
2629 1835 2643 1850 ·
2667 1820 2792 1883 τοὺς
2815 1818 3164 1881 διδασκάλους
3187 1815 3295 1888 γὰρ
3318 1813 3632 1869 ἀποσείεται
3659 1829 3674 1838 °

2108 1913 2202 1966 καὶ
2243 1913 2293 1965 εί
2335 1915 2444 1974 τοῖς
2489 1912 2654 1966 αὐτοῦ
2698 1912 3036 1974 διδασκάλοις
3075 1905 3568 1974 τοῖςνάνατολικοῖς
3611 1907 3674 1959 οὐ

2109 1999 2386 2066 ¹ιὲισιιεὺει.
2417 2005 2465 2058 τί
2495 2005 2558 2059 ἂν
2589 2005 2728 2059 εῐποι
2762 2008 2890 2072 περὶ
2917 2003 3024 2058 τῶν
3056 2003 3286 2056 δυτικῶν
3314 2019 3372 2056 τε
3406 2001 3503 2053 καὶ
3531 2003 3673 2066 ἡμε-

2107 2097 2321 2164 τέρωνς
2347 2097 2512 2151 Ὅθεν
2541 2097 2853 2165 συγχύσεως
2881 2097 3182 2167 γενομένης
3214 2095 3474 2164 ἀνέστητε
3507 2091 3675 2162 μηδὲν

2107 2188 2234 2242 ἄλλο
2261 2188 2588 2256 πράξαντες.
2616 2189 2694 2259 Τῇ
2720 2188 2775 2240 δὲ
2799 2188 2998 2256 ἐφεξῆς
3025 2187 3338 2240 συνελεύσει
3362 2187 3421 2238 ἐν
3443 2185 3557 2243 τοῖς
3582 2180 3678 2233 τοῦ

2111 2279 2345 2348 μεγάλου
2396 2279 2663 2350 Κυρίλλου
2714 2282 2898 2351 ῥητοῖς
2947 2278 3038 2334 τὸν
3087 2278 3245 2346 λόγον
3290 2275 3678 2346 ποιησαμένων

2111 2371 2335 2422 ἐκείνων
2353 2411 2368 2433 ,
2399 2371 2678 2434 παντελῶς
2709 2372 2931 2442 ἠρνήσω
2960 2371 3050 2422 τὸν
3081 2372 3234 2437 ἆγιον
3259 2368 3402 2423 οὕτω
3426 2367 3676 2434 λέγοντα.

2105 2458 2179 2512 ιὈ
2213 2459 2268 2512 δὲ
2305 2461 2557 2528 Ἰωάννης
2589 2460 2680 2514 τδν
2713 2460 3037 2528 Ἐπιφάνιον
3071 2461 3233 2531 ἔφερε
3273 2457 3679 2528 συνηγοροῦντα

2112 2552 2364 2622 Κυρίλλῳ
2397 2569 2410 2582 ·
2465 2554 2559 2607 καὶ
2611 2553 2748 2607 αὐτὰ
2797 2553 3161 2623 νενοθευμένα
3213 2552 3496 2612 ἐκάλεσας.
3546 2546 3682 2603 Εἶτα

2115 2645 2482 2711 ἀναγκασθεὶς
2516 2647 2542 2697 ὁ
2577 2645 2746 2714 βαθὺς
2778 2647 2985 2706 ἐκεῖνος
3022 2647 3116 2698 καὶ
3151 2645 3353 2712 ὑψηλὸς
3389 2643 3678 2710 θεολόγος,

2112 2735 2209 2788 τοῦ
2238 2736 2476 2804 μεγάλου
2507 2735 2787 2788 Βασιλείου
2820 2735 2984 2806 ῥητὸν
3008 2734 3116 2788 άπὸ
3138 2733 3244 2787 τῶν
3269 2733 3390 2787 κατ’
3415 2732 3680 2800 Εὑνομίου

2112 2825 2417 2895 προσέφερε
2436 2864 2450 2889 ,
2485 2824 2818 2895 συνηγοροῦν
2848 2827 2961 2888 τοῖς
2991 2826 3258 2894 πρότερον
3284 2823 3579 2893 ἐνεχθεῖσι·
3616 2824 3680 2874 σὺ

2113 2918 2167 2971 δὲ
2199 2920 2292 2971 καὶ
2316 2917 2476 2972 τοῦτο
2504 2918 2888 2988 νενοθευμένον
2916 2918 3181 2982 ἐκάλεσας
3204 2933 3219 2950 ο
3251 2919 3343 2971 καὶ
3376 2916 3555 2980 πάσας
3581 2915 3683 2978 τὰς

2118 3012 2538 3083 προενεχθείσας
2567 3013 2782 3082 βίϐλους
2806 3013 3208 3084 διεφθαρμένας
3232 3013 3543 3075 ἀποκαλῶν,
3572 3029 3684 3080 μω·

2116 3103 2208 3173 ρία
2239 3104 2531 3172 ἐνομίσθης
2565 3107 2676 3168 τοῖς
2711 3106 2879 3159 πᾶσιν
2904 3122 2917 3135 ·
2950 3108 3036 3158 ὅτε
3071 3105 3285 3166 καὶ,τὸν
3319 3104 3684 3156 ὑποτακτικὸν

2117 3195 2208 3249 τοῦ
2236 3195 2600 3264 Νικομηδείας
2627 3197 2984 3250 ἀπεστείλατε
3012 3197 3070 3249 τδ
3098 3195 3301 3266 βιϐλίον
3329 3194 3554 3265 κομίσαι
3583 3193 3682 3246 τοῦ

2119 3288 2266 3358 ἱεροῦ
2300 3288 2606 3355 ῐῑασιλείου,
2634 3289 2694 3341 τὸ
2720 3289 2816 3358 τὴν
2847 3289 3002 3358 ῥῆσιν
3028 3289 3150 3358 ἔχον
3178 3288 3386 3342 τοιάνδε
3409 3307 3422 3321 ο
3453 3289 3546 3350 Τίς
3573 3287 3687 3355 γὰρ

2117 3381 2352 3451 ἀνάγκη,
2373 3387 2467 3433 καὶ
2494 3381 2561 3433 τὰ
2594 3379 2740 3449 ἑξῆς.
2775 3381 3037 3444 Κάκεῖνος
3072 3375 3166 3433 οὗν
3194 3382 3260 3450 τῇ
3296 3379 3467 3449 κακίᾳ.
3500 3379 3688 3432 κινού-

2121 3491 2299 3540 μενος,
2326 3473 2358 3540 ἢ
2390 3473 2481 3524 καὶ
2515 3471 2643 3540 παρ’
2673 3471 2827 3540 ὑμῶν
2855 3470 3097 3542 κινηθεὶς
3127 3468 3401 3539 ἠϐουλήθη
3428 3468 3529 3536 τὴν
3554 3468 3690 3536 άλή·

2119 3565 2265 3618 θειαν
2297 3563 2504 3634 κρύψαι
2524 3578 2536 3592 ·
2569 3563 2662 3616 καὶ
2688 3562 2869 3616 λαϐὼν
2894 3564 2996 3618 ἀνὰ
3022 3564 3205 3632 χεῖρας
3235 3561 3332 3631 τὴν
3361 3558 3564 3630 βίϐλον,
3590 3559 3687 3610 καὶ

2121 3653 2290 3707 ἐλθὼν
2325 3654 2417 3706 ἐπὶ
2448 3655 2506 3706 τὸ
2543 3653 2778 3722 θυρίδιον
2801 3695 2814 3716 ,
2848 3651 3167 3724 ᾠκονόμησε
3201 3651 3260 3705 τὸ
3297 3651 3456 3720 ῥητὸν
3491 3647 3688 3711 ames.

2123 3763 2236 3799 σαι.
2270 3747 2376 3798 Καὶ
2409 3746 2615 3814 στήσας
2640 3746 2700 3796 τὸ
2725 3743 2925 3812 φύλλον
2949 3743 2976 3796 ὃ
3004 3743 3062 3796 τὸ
3091 3743 3253 3813 ῥητὸν
3277 3737 3690 3810 εἶχεν,,άπῆλθε

2120 3834 2304 3887 λαϐεῖν
2337 3834 2396 3887 τὸ
2441 3835 2682 3904 σιδήριον
2716 3831 2808 3886 τοῦ
2853 3831 3150 3901 ἀπαλεῖψαι
3195 3830 3344 3884 αὑτό.
3383 3829 3458 3881 Τὸ
3498 3829 3555 3882 δέ
3591 3830 3696 3898 τῆς

2123 3923 2380 3992 ἀληθείας
2417 3923 2776 3994 Πνεῦμαρὺκ
2811 3923 3044 3992 ἠθέλησε
3080 3922 3238 3986 τοῦτο
3273 3921 3560 3989 γενέσθαι,
3601 3920 3694 3972 ἴνα

2126 4015 2202 4086 μὴ
2243 4014 2440 4086 σϐεσθῇ
2479 4018 2511 4084 ἡ
2551 4015 2808 4086 ἀλήθεια,
2847 4016 2984 4069 ἀλλὰ
3028 4016 3178 4069 πνέει
3217 4016 3390 4085 ἀέρα,
3424 4015 3452 4066 ό
3487 4014 3545 4067 δὲ
3582 4013 3691 4080 άὴρ

2121 4108 2311 4178 τρέπει
2341 4109 2400 4160 τδ
2430 4107 2625 4177 φύλλον
2653 4108 2713 4159 τὸ
2741 4106 2902 4177 ῥητὸν
2930 4107 3072 4177 ἔχον,
3103 4106 3196 4159 καὶ
3226 4105 3411 4174 ἕτερον
3437 4105 3654 4175 ἵστησιν
3677 4121 3692 4136 ο

2124 4201 2334 4262 ἐκεῖνος
2360 4201 2427 4270 τῇ
2462 4199 2664 4270 σπουδῇ
2698 4199 2954 4252 ἐκκόπτει
2981 4199 3167 4268 ἕτερον
3195 4197 3313 4250 ἀνθ’
3337 4197 3546 4267 ἐτέρου.
3578 4198 3693 4250 Λα-

2125 4291 2234 4343 ϐὼν
2258 4286 2352 4343 οὖν
2380 4291 2439 4342 ea
2469 4288 2695 4360 βιϐλίον,
2729 4291 2823 4343 καὶ
2855 4288 3163 4351 σπουδαίως
3192 4289 3253 4341 ἐν
3277 4290 3344 4360 τῇ
3374 4288 3577 4358 συνόδῳ
3608 4289 3694 4339 ἐλ-

450 4385 786 4454 etintegram
817 4381 1144 4438 sententiam
1182 4379 1336 4446 vidit,
1395 4389 1547 4434 torve
1596 4379 1652 4432 in
1710 4376 2012 4432 ministrum

2125 4381 2268 4445 θὼν,
2303 4381 2500 4452 ἦρχετο
2537 4381 2676 4449 μετὰ
2713 4379 2952 4447 θάρσους
2987 4381 3110 4441 τοὺς
3144 4380 3409 4441 Λατίνους
3445 4381 3693 4449 νικῆσαι.

455 4475 702 4538 intuens,
735 4488 846 4528 rem
881 4474 1370 4535 comrnonstrabar,
1404 4479 1458 4524 et
1487 4469 1577 4523 ille
1627 4455 2021 4522 tremebundus

451 4567 704 4623 clamavit
736 4584 754 4624 ε
793 4565 866 4620 Ita
891 4565 1042 4627 mihi.
1069 4563 1313 4629 Domine,
1351 4573 1441 4616 trra
1470 4561 1642 4630 prosit
1672 4559 1979 4614 benedictio
2003 4574 2023 4627 ;,

455 4654 634 4708 derasi
667 4653 838 4717 illam,
868 4652 1145 4722 quomodo
1178 4661 1359 4703 autem
1412 4665 1610 4704 rursus
1660 4650 1869 4718 integra
1930 4650 2019 4713 sit,

455 4752 672 4820 ignoro.
707 4752 782 4805 Ita
805 4767 930 4806 cum
960 4753 1179 4806 inventa
1206 4749 1662 4814 essetscntentia,
1690 4747 1903 4804 confusi
1936 4762 2024 4800 re-

455 4845 742 4908 cessistis;
776 4857 829 4900 et
857 4844 967 4914 jam
998 4861 1108 4900 non
1151 4855 1202 4899 te
1259 4843 1422 4915 pudet
1447 4845 1650 4906 dicere,
1705 4841 2025 4897 Latinorum

455 4935 651 5006 dogma
687 4936 781 4990 abs
814 4944 869 4990 te
902 4935 1336 4990 demonstratum
1371 4951 1493 4989 esse
1518 4932 1861 4989 absurdum?
1893 4929 2028 4986 Eru-

456 5026 784 5081 bescendum
812 5025 908 5080 tibi
932 5034 1050 5080 erat
1078 5026 1192 5080 haec
1215 5025 1479 5096 proloqui.
1507 5023 1692 5093 Neque
1713 5023 1858 5077 enim
1892 5023 2030 5076 scri-

457 5121 627 5176 bebns
655 5122 720 5171 ad
758 5119 944 5182 rudes,
980 5119 1059 5172 vel
1095 5118 1146 5171 in
1181 5120 1433 5186 regiones
1464 5127 1620 5171 terra-
1646 5120 1914 5181 desertas,
1936 5115 2027 5168 nbi

457 5228 567 5267 non
605 5219 813 5276 essent,
843 5212 934 5281 qui
969 5226 1154 5267 rerum
1189 5210 1398 5266 conscii
1423 5210 1475 5264 in
1511 5220 1639 5265 tuas
1679 5210 1888 5263 litteras
1945 5208 2028 5262 in—

456 5303 722 5358 ciderent.
758 5303 1038 5372 Srquidern
1071 5304 1204 5358 Acta
1231 5283 1502 5358 testantur
1534 5301 1844 5361 veritatem,
1894 5298 2030 5352 nihil

457 5396 605 5450 aliud
636 5411 666 5449 a
694 5404 744 5450 te
769 5396 1127 5458 clamitatum.
1162 5412 1322 5465 quam
1358 5413 1372 5450 :
1421 5395 1674 5448 Prolatos
1733 5393 1871 5447 liber
1895 5407 2030 5460 apo-

458 5489 702 5559 cryphus
735 5497 837 5544 est.
865 5475 1226 5543 P’rofercbant
1263 5489 1453 5560 Cyrilli
1503 5488 1733 5551 dictum,
1793 5483 2032 5541 vocabas

459 5587 816 5649 eorrnpturn;
857 5580 1097 5634 citabant
1130 5580 1312 5634 Basilii
1354 5577 1714 5640 sententiam,
1758 5575 1981 5630 dicebas
2015 5591 2028 5627 :

463 5665 762 5737 Depravata
797 5673 879 5721 est
904 5683 923 5731 ;_
945 5673 996 5720 et
1034 5666 1085 5724 in
1121 5666 1225 5722 hoc
1249 5665 1352 5722 sita
1384 5673 1501 5722 erat
1523 5659 1897 5735 responsionis
1927 5672 2032 5716 tua:

2140 4471 2382 4536 ’Δνοίξας
2411 4470 2467 4522 δὲ
2496 4471 2557 4522 τὸ
2588 4470 2793 4540 βιϐλίον
2822 4472 2849 4523 ό
2885 4471 3066 4536 πατὴρ
3098 4468 3264 4524 αὑτοῦ
3285 4508 3300 4532 ,
3332 4471 3425 4522 καὶ
3458 4469 3583 4522 ἰδὼν
3611 4471 3695 4522 ἔτι

2126 4565 2186 4620 τδ
2229 4565 2392 4637 ῥητὸν
2427 4565 2577 4632 ὑγιὲς
2621 4563 2885 4633 ὑπάρχον,
2926 4561 3168 4631 στρεϐλῷ
3201 4562 3278 4631 τῷ
3317 4562 3583 4632 ὀφθαλμῷ
3619 4563 3698 4630 τῷ

2127 4653 2475 4723 ὑποτακτικῷ
2529 4653 2830 4722 exstat“,
2882 4654 3190 4706 ἐδείκνυεν·
3241 4652 3301 4716 ὃς
3357 4655 3494 4721 μετὰ
3545 4653 3695 4715 δέους

2127 4749 2386 4819 ἐϐόησενο
2430 4747 2524 4809 Ei;
2569 4745 2667 4814 τὴν
2713 4745 2878 4818 εὐχήν
2923 4762 3044 4810 σου,
3090 4743 3280 4814 Κύριε,
3325 4743 3496 4812 ἔκοψα
3539 4743 3696 4807 αὐτὸ,

2128 4840 2244 4901 πῶς
2283 4839 2339 4891 δέ
2381 4839 2476 4891 καὶ
2517 4836 2682 4889 πάλιν
2719 4835 2868 4904 ὑγιές
2911 4835 3095 4900 ἐστιν,
3130 4833 3343 4903 ἀπορῶ.
3377 4832 3566 4896 Οὕτως
3601 4833 3694 4886 οὖν

2127 4931 2220 4984 τοῦ
2255 4929 2417 5002 ῥητοῦ
2450 4928 2635 4998 ὑγιοῦς
2667 4927 2984 5002 εὑρεθέντος
3015 4927 3397 4997 ἀνεχωρήσατε
3428 4943 3442 4957 ·
3475 4928 3570 4978 καὶ
3599 4925 3696 4976 νῦν

2128 5020 2227 5073 οὐκ
2257 5018 2495 5090 αἰσχύνῃ
2514 5019 2686 5086 λέγων
2708 5058 2722 5081 ,
2757 5018 2838 5095 ὄτι
2867 5017 3101 5086 ήλεγξας
3131 5017 3191 5068 τὸ
3223 5017 3426 5070 ἄτοπον
3458 5016 3555 5084 τῆς
3587 5015 3696 5067 τῶν

2129 5112 2372 5164 Λατίνων
2402 5110 2594 5178 δόξηςς
2626 5110 2773 5162 Ἔδει
2805 5107 2896 5162 οὖν
2930 5126 2988 5161 σε
3021 5107 3371 5177 αἰσχύνεσθαι
3403 5107 3576 5160 ταῦτα
3606 5107 3696 5159 λέ-

2131 5219 2296 5272 γοντα
2317 5217 2331 5231 ⁸
2361 5201 2420 5254 οὐ
2451 5201 2559 5272 γὰρ
2590 5201 2726 5271 πρὸς
2759 5201 2988 5270 ἀμαθεῖς
3015 5200 3047 5268 ἢ
3081 5203 3158 5261 είς
3185 5201 3283 5267 τὴν
3311 5201 3498 5254 ἄοικον
3523 5199 3699 5253 ταῦτα

2133 5292 2472 5356 ἐπέστελλες,
2501 5293 2646 5354 ὅπως
2679 5291 2756 5362 μὴ
2784 5288 3048 5360 ἐντύχωσι
3074 5291 3191 5362 τοῖς
3214 5289 3380 5342 εἰδόσι
3406 5305 3420 5319 ·
3449 5289 3520 5342 τά
3548 5292 3586 5342 Il
3597 5306 3700 5358 ρα-

2133 5384 2295 5439 κτικᾶι
2327 5384 2436 5452 γὰρ
2468 5382 2773 5436 δεικνύουσι
2806 5382 2903 5448 τὴν
2935 5380 3232 5450 ἀλήθειαν,
3268 5381 3352 5433 ὅτι
3387 5380 3539 5433 οὐδὲν
3571 5379 3704 5434 ἄλλο

2135 5477 2323 5541 ἐϐόας,
2365 5477 2396 5546 ἢ
2440 5457 2783 5545 Ἀπόκρυφόν
2823 5475 2940 5527 ἐστι
2977 5473 3039 5526 τὸ
3069 5471 3438 5541 προκομισθέν
3477 5471 3703 5542 βιϐλίον.

2137 5567 2270 5634 Ἐφε
2282 5584 2373 5637 ρον
2399 5565 2493 5618 τοῦ
2525 5564 2790 5634 Κυρίλλου
2821 5562 3004 5636 ῥητὸν,
3027 5561 3422 5631 διεφθαρμένον
3449 5560 3660 5621 ἐκάλεις
3687 5578 3701 5590 ·

2137 5659 2388 5729 ἐκόμιζον
2418 5659 2511 5712 τοῦ
2547 5657 2848 5724 Βλσιλείου,
2880 5654 3266 5724 νενοθευμένον
3294 5654 3559 5724 ὑπάρχειν
3590 5653 3712 5706 ἐλε-
