4022 6196
296 292 436 358 1049

1354 295 1802 355 REFUTATIO
1840 300 1944 357 MA
1958 299 2083 358 RC1
2126 298 2514 361 EPUESINI.

3406 294 3538 357 1050

290 431 419 481 γες’
465 416 559 468 καὶ
600 414 754 467 τοῦτο
798 415 960 485 μόνον
1001 414 1216 484 ὑπῆρχέ
1262 433 1343 467 σοι
1384 416 1446 467 τὸ
1488 416 1737 483 γενναῖον
1774 415 1869 468 τοῦ

1979 417 2313 485 ργατειειιιὶο.
2343 415 2556 470 Deinde
2582 415 2689 470 illis
2723 414 3055 480 dicentibus,
3094 420 3153 467 ut
3203 425 3388 465 verum
3430 428 3459 465 a
3498 423 3551 466 te

288 507 472 574 λόγου.
523 500 655 557 Εἶτα
702 506 965 559 εἰπόντων
1013 506 1262 571 ἐκείνων,
1316 506 1373 557 σὲ
1430 505 1762 574 προκομίσαι
1809 505 1871 557 τδ

289 595 489 665 ἀληθὲς
510 636 525 659 ,
562 595 904 665 προθεσμίαν
936 595 1146 662 ἐζήτεις
1177 595 1430 648 ἀπελθεῖν
1461 597 1537 656 εἰς
1574 596 1868 648 Κωντταν-

287 686 596 739 τινούπολιν
629 686 722 737 καὶ
753 686 956 752 εὑρεῖν.
993 685 1229 737 Τοιαῦτά
1263 703 1356 737 σου
1388 688 1457 737 τὰ
1492 688 1719 753 γενναῖα
1760 688 1859 755 ῥή-

290 797 435 847 ματα
471 780 562 831 καὶ
594 781 626 849 ἡ
661 777 753 831 τοῦ
817 777 977 845 λόγου
1042 780 1212 846 ἰσχὺς,
1281 778 1425 847 ἅπερ
1484 777 1571 829 ἐπ’
1605 777 1867 846 ἀληθείας

1978 507 2345 576 proferretur,
2385 505 2674 575 qua'rebas
2704 504 2941 573 spatium
2967 503 3129 557 eundi
3159 501 3553 555 Constantino-

1976 599 2142 667 polim
2179 596 2245 650 ad
2281 596 2691 652 inveniendum.
2729 594 2852 648 llaec
2878 601 3037 647 erant
3060 593 3278 662 egregia
3313 600 3401 643 tua
3434 606 3555 642 ver-

1976 692 2064 755 ba,
2090 700 2143 744 et
2167 691 2332 744 robur
2366 691 2444 744 tui
2469 689 2763 751 sermonis,
2796 703 2916 756 qua:
2971 686 3213 752 profecto
3268 700 3553 740 recensere

1978 782 2199 850 pudeat.
2229 782 2409 849 Quare
2436 782 2503 836 de
2531 781 2634 836 hoc
2662 780 2818 835 satis.

286 870 514 939 αίσχύνη
536 870 682 922 ἐστὶν
710 868 1075 935 ἀπαγγέλλειν
1144 869 1303 923 αὐτά.
1344 867 1444 921 Διά
1541 868 1702 920 τοῦτο
1752 867 1872 929 ἃλις
1917 869 1975 921 ἐν
2013 870 2248 934 τούτοις.

982 963 1174 1016 ΕΦΕΣ.

362 1057 570 1110 Ἀλλων
600 1066 709 1126 γαρ
741 1056 876 1109 ἀλλα
911 1057 1091 1125 ῥητῶν
1122 1056 1263 1126 ῥητὰ
1294 1055 1693 1125 διαδεχομένων
1716 1096 1731 1120 ,
1765 1054 1859 1106 καὶ

286 1152 446 1215 λόγου
475 1149 633 1216 λόγον
662 1147 979 1215 γεννῶντος,
1010 1145 1085 1208 ὡς
1118 1147 1176 1198 ἐν
1205 1146 1471 1208 τοιούτοις
1506 1146 1673 1209 εἰκὸς,
1707 1145 1860 1197 οὐδέν

286 1259 337 1293 τι
373 1241 573 1309 μᾶλλον
603 1240 636 1308 ή
667 1236 895 1306 ἀλήθεια
927 1237 1026 1306 τὴν
1055 1237 1255 1306 ἐαυτῆς
1286 1236 1442 1305 ἰσχὺν
1471 1236 1822 1289 ἐπεδείκνυτο
1845 1276 1859 1298 ,

285 1333 431 1401 πολὺ.
456 1332 515 1384 τὸ
561 1331 731 1399 μέλαν
764 1328 1040 1400 ἐμούντων
1075 1328 1300 1382 ἐκείνων
1336 1328 1441 1397 πρὸ
1484 1329 1692 1380 ἑαυτῶν
1715 1368 1729 1394 ,
1767 1326 1862 1379 καὶ

285 1426 407 1488 ταῖς
436 1424 823 1494 μακρολογίαις
855 1422 1025 1492 αὐτὴν
1059 1420 1511 1486 ἐπισκιαζόντων.

970 1514 1254 1585 ΑΠΟΑ.,

358 1609 577 1677 Ἐπειδὴ
603 1610 670 1661 τά
696 1607 792 1661 τοῦ
824 1605 1062 1675 μεγάλου
1090 1604 1410 1658 Ἀθανασίου
1440 1608 1579 1676 ρητά
1608 1603 1866 1675 διεφθαρ-

291 1703 430 1771 μένα
460 1701 645 1767 ἔλεγες
667 1742 681 1766 ,
713 1701 928 1768 ἀνάγκη
957 1694 1024 1769 ἦν
1056 1698 1196 1769 ῥητά
1229 1698 1432 1765 ἐτέρων
1462 1699 1635 1764 ἁγίων
1666 1713 1862 1766 προκο-

2634 964 2764 1019 EPH
2775 963 2880 1019 ES.

2036 1055 2175 1110 Aliis
2206 1055 2352 1109 enim
2391 1056 2495 1111 alia
2518 1057 2681 1111 dictis
2713 1057 2857 1111 dicta
2890 1054 3318 1124 excipientibus,
3348 1060 3402 1107 et
3433 1069 3549 1107 ser-

1965 1163 2125 1201 mone
2160 1164 2468 1203 sermonem
2490 1150 2757 1219 pariente,
2796 1156 2854 1203 ιιι
2886 1149 2940 1201 in
2966 1148 3119 1202 hisce
3157 1146 3395 1209 assolet,
3441 1130 3575 1200 non‘

1972 1240 2254 1294 sinebatur
2297 1241 2496 1295 veritas
2519 1257 2647 1296 suas
2681 1242 2824 1295 vires
2846 1240 3156 1304 ostendere,
3192 1239 3419 1292 multum
3446 1238 3552 1291 illis

1966 1342 2331 1386 atramentum
2386 1347 2495 1401 prae
2562 1348 2621 1388 se
2673 1332 3105 1397 oﬂ‘undentibus,
3195 1340 3251 1385 et
3329 1330 3550 1399 prolixis

1960 1422 2311 1477 sermonibus
2366 1437 2487 1476 eam
2556 1422 2976 1477 otl’uscantibus.

2625 1514 2823 1570 RESP.

2032 1604 2482 1676 Quandoquidem
2511 1608 2799 1662 Athanasii
2834 1605 3010 1677 Magni
3062 1606 3229 1659 verba
3286 1612 3551 1672 corrupta

1967 1699 2214 1762 dicebas,
2250 1698 2527 1752 ati‘erenda
2577 1698 2673 1752 tibi
2722 1706 2884 1751 erant
2938 1697 3254 1752 necessario
3318 1696 3547 1748 aliorum

290 1766 477 1860 μίσαι,
506 1766 600 1845 καὶ
637 1766 943 1863 προέφερον
1092 1790 1414 1859 Ἐπιφανίου
1441 1808 1496 1843 τε
1528 1791 1625 1842 καὶ
1658 1789 1861 1858 Κορίλ-

1979 1802 2281 1844 sanctorum
2314 1790 2477 1855 dicta,
2509 1798 2563 1843 et
2596 1791 2758 1844 allata
2781 1797 2910 1843 sunt
2939 1805 3004 1843 ex
3036 1788 3337 1858 Epiphanio
3369 1796 3423 1839 et
3448 1785 3551 1855 Cy-

288 1883 377 1935 λου
395 1900 409 1913 ·
434 1883 528 1936 καὶ
547 1882 683 1936 αὺτά
700 1883 1015 1952 άπόκρυφα,
1030 1881 1285 1949 ἄγνωστά
1302 1898 1359 1932 τε
1382 1880 1475 1933 καὶ
1494 1878 1862 1948 διεφθαρμένα

176 2029 195 2037 ρ
290 1976 528 2039 ἐκάλεις.
557 1975 719 2029 Ὀθεν
746 1978 774 2028 ό
803 1975 962 2043 λόγος
990 1976 1081 2027 τὸν
1108 1974 1267 2042 λόγον
1298 1972 1501 2040 γεννῶν
1521 2010 1536 2033 ,
1566 1970 1640 2031 ὡς
1672 1968 1864 2021 εἴωθεν

288 2069 383 2121 ἐπὶ
412 2069 621 2131 τούτοις
654 2069 741 2120 ἀεὶ
775 2067 1059 2135 γίγνεσθςι
1082 2106 1096 2128 ,
1130 2066 1327 2135 ἐχώρει
1360 2066 1439 2127 είς
1471 2064 1719 2130 ἄπειρον.
1754 2062 1865 2114 Καὶ⁸

291 2158 386 2211 σοῦ
434 2159 531 2226 μὲν
566 2158 623 2210 ἒν
658 2160 751 2209 καὶ
795 2158 1044 2225 γενναῖον
1080 2152 1148 2226 ἦν
1182 2157 1269 2208 ἀεὶ
1312 2156 1595 2223 λέγοντος,
1631 2155 1711 2207 ὄτι
1754 2154 1861 2205 διε-

289 2249 603 2317 φθαρμένον
647 2248 829 2313 τοῦτο,
882 2248 1265 2317 νενοθευμένον
1316 2250 1535 2299 ἐκεῖνο·
1586 2247 1865 2313 ἄγνωστον

287 2340 470 2405 τοῦτο,
522 2341 841 2410 ἀπόκρυφον
894 2340 1074 2394 τάλλο.
1128 2342 1191 2393 Oi.
1236 2341 1293 2393 δὲ
1344 2340 1862 2409 προσδιαλεγόμενοι

289 2433 401 2485 τῶν
428 2432 672 2485 Λατίνων
702 2432 1071 2501 ἠγανάκτουν,
1102 2432 1197 2485 καὶ
1230 2433 1605 2499 θαυμάζοντες
1636 2432 1822 2497 ελεγον
1847 2445 1862 2459 ·

288 2522 548 2591 Αἱδέσιμε
581 2522 756 2591 πάτερ
789 2523 1039 2589 Ἐφέσου,
1072 2524 1234 2591 ἡμεῖς
1267 2522 1365 2591 μὲν
1399 2524 1499 2574 ὅσα
1531 2523 1637 2574 τῶν
1668 2521 1865 2587 ὑμετέ-

294 2632 403 2682 ρων
430 2614 602 2679 ἁγίων
634 2613 816 2683 βιϐλία
846 2611 1116 2681 δείξομεν,
1149 2614 1245 2666 ὅλα
1274 2614 1653 2682 διεφθαρμένα
1684 2612 1866 2678 λέγεις

287 2707 323 2760 ἃ
356 2707 643 2775 Ἑλληνικά
671 2709 831 2759 εἰσιν.
862 2706 925 2759 Εἰ
955 2705 1053 2773 μὲν
1078 2700 1172 2757 οῦν
1201 2706 1267 2757 τὰ
1296 2704 1581 2775 Ἐλληνικά
1609 2704 1866 2772 διεφθαρ-

293 2804 432 2873 μένα
471 2802 567 2854 καὶ
603 2802 728 2854 νόθα
769 2801 894 2865 εἰσὶ,
933 2800 1198 2852 Λατινικὰ
1235 2799 1291 2851 δέ
1331 2800 1490 2869 ἡμεῖς
1530 2798 1590 2850 οὗ
1635 2798 1866 2865 θέλομεν

293 2894 560 2957 ἐπιδεῖξαι
595 2893 684 2945 διὰ
713 2892 774 2945 τδ
806 2890 1153 2957 ἀνύποπτον,
1188 2890 1353 2945 πόθεν
1388 2891 1734 2960 ἐπιδείξομεν
1768 2892 1865 2961 τὴν

294 2986 576 3054 ἀλήθειαν,
610 2985 698 3037 ῖνα
729 2984 794 3036 σὺ
828 2984 1198 3052 πιστωθείης;
1232 2983 1413 3047 Δεῖξον
1446 2984 1533 3048 σὺ,
1569 2984 1751 3053 Πάτερ
1781 2985 1867 3035 αἰ-

290 3075 506 3143 δέσιμε,
536 3073 631 3142 τὴν
662 3073 948 3142 ἀλήθειαν.
981 3071 1082 3125 Σοῦ
1114 3072 1168 3125 δέ
1198 3073 1324 3127 ἀλλο
1351 3091 1400 3125 τι
1435 3074 1508 3142 μὴ
1540 3072 1754 3143 ἔχοντος
1783 3075 1868 3128 λέ-

292 3186 416 3235 γειν
440 3209 454 3231 ,
484 3168 517 3236 ἦ
548 3169 629 3220 ὅτι
659 3168 1035 3237 διεφθαρμένα
1068 3166 1162 3221 καὶ
1194 3167 1323 3220 νόθα
1354 3168 1529 3229 εἰσὶν.
1557 3167 1773 3236 ἀνάγκη
1803 3164 1869 3237 ἦν

292 3261 536 3322 ἐκείνους
577 3260 666 3312 διὰ
706 3259 816 3313 τῶν
857 3260 1140 3327 ἑπομένων
1182 3259 1275 3312 τοῦ
1321 3259 1644 3311 διδασκάλου
1691 3259 1871 3327 ῥητῶν

295 3353 636 3422 συμὸιὸάσαι
666 3353 758 3405 τὸν
788 3351 934 3415 νοῦν,
968 3351 1059 3404 καὶ
1094 3351 1338 3420 μακροὺς
1369 3352 1649 3403 ἀποτεῖναι
1678 3351 1872 3417 λόγους

294 3446 376 3506 εἰς
405 3442 683 3506 ἀπόδειξιν
713 3442 805 3494 καὶ
836 3441 1097 3511 ἐξήγησιν
1127 3438 1223 3491 τοῦ
1256 3438 1444 3509 ῥητοῦ.
1473 3439 1659 3492 Μέλαν
1687 3439 1742 3490 δὲ
1771 3440 1872 3492 οὐκ

295 3538 563 3606 ἐξέμεσαν
590 3539 648 3589 ἐν
677 3539 794 3599 ταῖς
828 3538 1040 3589 ἑαυτῶν
1068 3535 1425 3603 ἀποκρίσεσιν
1451 3536 1499 3588 οἱ
1529 3536 1748 3589 Λατῖνοι
1774 3536 1874 3606 τὴν

296 3630 558 3698 ἀλήθειαν
581 3629 932 3698 ἐρευνῶντες,
958 3627 1075 3679 ἀλλ’
1099 3626 1130 3696 ἢ
1163 3628 1226 3679 σὺ
1261 3628 1491 3681 πάντοτε
1520 3628 1640 3697 μεθ’
1665 3626 1875 3697 ὕϐρεως

298 3720 472 3786 λέγων
496 3719 590 3769 καὶ
615 3718 867 3788 γράφων,
894 3718 989 3769 καὶ
1011 3718 1103 3770 τὸν
1132 3716 1207 3769 ίδν
1232 3717 1289 3769 ἐν
1314 3719 1423 3780 τοῖς
1450 3718 1685 3789 χείλεσιν
1710 3718 1872 3789 ἔχων,

296 3810 422 3864 ὅθεν
449 3810 540 3863 καὶ
570 3808 952 3879 κατεγνώσθης
983 3809 1057 3872 ὡς
1085 3808 1456 3879 δεισιδαίμων.

1968 1884 2111 1936 rillo.
2155 1881 2235 1935 Tu
2274 1883 2523 1936 veroilla
2554 1882 2717 1936 etiam
2758 1881 3090 1951 apocrypha,
3138 1879 3323 1948 ignota
3379 1886 3432 1931 et
3473 1877 3550 1929 vi-

1966 1976 2103 2030 tiata
2121 1974 2373 2027 vocabas.
2394 1974 2740 2042 Quapropter
2760 1988 2944 2027 sermo
2966 1985 3276 2025 sermonem
3303 1968 3547 2039 pariens.

1967 2077 2024 2122 ut
2063 2081 2281 2135 semper
2318 2066 2369 2120 in
2404 2064 2785 2134 hujuscemodi
2826 2063 2992 2118 rebus
3015 2064 3243 2126 assolet,
3308 2061 3363 2113 in
3426 2059 3549 2111 inli-

1966 2160 2138 2213 nitum
2173 2157 2620 2225 protrahebatur.
2652 2155 2715 2208 Et
2746 2163 2801 2207 tu
2833 2154 3052 2222 quidem
3100 2166 3268 2204 unum
3329 2163 3548 2216 semper

1969 2264 2023 2307 et
2060 2250 2384 2320 praeclarum
2412 2248 2634 2302 assidue
2659 2247 2956 2316 repetebas
2990 2263 3003 2300 :
3067 2244 3180 2297 Hoc
3214 2254 3298 2297 est
3357 2255 3551 2294 corru-

1967 2354 2140 2412 ptum,
2174 2341 2709 2409 illudtdepravatum,
2738 2340 2980 2408 ignotum
3019 2339 3141 2396 hoc,
3179 2333 3550 2404 apocrypbnm

1966 2433 2121 2488 illud.
2148 2432 2227 2485 Ex
2263 2431 2469 2486 Latinis
2496 2446 2626 2484 vero
2653 2432 2743 2498 qui
2773 2441 2953 2483 tecum
3007 2427 3383 2495 disputabant,
3438 2430 3550 2474 sto-

1967 2526 2381 2590 maeltabantur,
2406 2532 2458 2577 et
2484 2520 2811 2586 mirabundi,
2846 2516 3162 2572 Reverende
3184 2514 3340 2567 Pater
3369 2509 3548 2579 Ephe-

1968 2618 2107 2682 sine,
2141 2616 2377 2679 aiebant,
2420 2627 2774 2683 quoscunque
2835 2624 2935 2663 nos
2994 2613 3309 2661 sanctorum
3338 2612 3552 2655 vestro-

1972 2724 2091 2761 rum
2125 2707 2296 2761 libros
2323 2705 2546 2760 Graecos
2580 2702 3010 2764 ostenderimus,
3069 2708 3124 2751 tu
3156 2708 3321 2749 vocas
3346 2706 3546 2745 corru-

1972 2806 2136 2867 ptos;
2171 2796 2218 2850 si
2244 2811 2376 2866 ergo
2406 2795 2583 2849 Graaci
2628 2792 2847 2847 codices
2882 2788 3130 2856 corrupti
3162 2795 3216 2840 et
3258 2779 3554 2838 adulterini

1974 2900 2123 2951 sunt,
2176 2889 2398 2941 Latinos
2452 2902 2581 2941 vero
2606 2900 2706 2939 nos
2746 2882 2995 2953 proferre
3028 2880 3397 2941 nolumus,ut
3437 2889 3553 2927 om-

1969 2983 2055 3037 nis
2081 2980 2221 3035 absit
2250 2979 2516 3048 suspicio,
2538 2976 2681 3029 unde
2714 2974 2996 3028 veritatem
3020 2968 3544 3028 demonstrabimus,

1895 3104 1939 3164 ϐ
1975 3084 2035 3128 ut
2071 3073 2232 3127 ﬁdem
2257 3072 2355 3125 tibi
2380 3070 2651 3123 faciamus
2682 3067 2704 3119 ?
2732 3065 2973 3120 Ostende
3004 3071 3084 3127 tu,
3114 3060 3412 3116 revereude
3451 3056 3552 3110 Pa-

1979 3176 2079 3231 ter,
2105 3165 2411 3232 veritatem.
2440 3162 2519 3216 Te
2578 3172 2758 3214 autem
2783 3161 2917 3214 nihil
2970 3156 3120 3211 aliud
3167 3152 3551 3223 respondente,

1983 3276 2146 3330 quam
2178 3261 2299 3312 ioca
2338 3256 2595 3324 corrupta
2644 3264 2696 3308 et
2750 3249 3060 3305 adulterina
3118 3261 3267 3309 esse,
3329 3256 3556 3297 necesse

1978 3360 2096 3407 erat
2129 3349 2357 3402 Latinos
2380 3362 2474 3416 per
2502 3342 2790 3413 sequentia
2816 3340 2983 3394 verba
3044 3336 3287 3390 doctoris
3334 3347 3553 3386 sensum

1981 3446 2348 3498 cohaerentem
2374 3438 2682 3499 ostendere,
2711 3442 2765 3489 et
2788 3435 2980 3502 longos
3015 3442 3203 3484 texere
3267 3436 3554 3481 sermones

1972 3534 2038 3587 ad
2056 3531 2541 3587 demonstrandum
2565 3536 2618 3581 et
2636 3522 3036 3593 explanandum
3059 3518 3299 3573 auctoris
3323 3516 3551 3569 dictum.

1971 3625 2192 3679 Nullum
2217 3637 2384 3692 porro
2444 3630 2809 3675 atramentum
2837 3627 3131 3668 evomuere
3153 3609 3335 3664 Latini
3362 3609 3415 3661 in
3439 3606 3556 3660 suis

1972 3717 2449 3790 respousionibus,
2497 3728 2623 3769 cum
2671 3711 2959 3766 veritatem
3016 3706 3380 3772 indagarent;
3440 3700 3549 3752 imo

1973 3828 2106 3868 vero
2138 3823 2217 3877 tu,
2240 3811 2335 3881 qui
2360 3824 2578 3878 semper
2599 3815 2652 3861 et
2683 3801 2961 3875 loquendo
2983 3810 3035 3855 et
3067 3795 3360 3853 scribendo
3414 3807 3548 3847 cou-

298 3902 554 3956 tumelias
581 3902 740 3969 lacis,
774 3910 826 3954 et
854 3900 1004 3954 labra
1037 3914 1245 3955 veneno
1290 3901 1509 3970 perfusa
1546 3901 1714 3957 habes
1742 3941 1755 3965 ,
1795 3918 1859 3956 ex
1903 3917 2014 3973 quo
2038 3905 2210 3960 etiam
2239 3902 2641 3958 condemnatus
2689 3914 2750 3956 es
2806 3906 2866 3952 ut
2923 3888 3411 3965 superstitionibus
3456 3886 3557 3939 im-

300 3999 491 4050 butus.

995 4090 1188 4145 ΕΦΕΣ.

378 4186 569 4254 ’Λχρις
602 4183 661 4235 οὗ
698 4180 860 4234 πάλιν
891 4181 1313 4250 ἀπαγορεύσας,
1352 4182 1457 4236 υπό
1490 4199 1546 4235 τε
1577 4182 1676 4252 τῆς
1712 4182 1877 4252 συνή-

301 4277 432 4340 θους
485 4274 871 4346 ἐνοχλούμενος
926 4274 1238 4339 ἀσθενείας,
1288 4275 1383 4328 καὶ
1435 4275 1496 4327 τὸ
1545 4274 1654 4327 τῶν
1702 4274 1876 4341 λόγων

298 4368 552 4437 ἄκαρπον
578 4363 862 4434 καθορῶν,
891 4364 1155 4417 ἀπέτειλνα
1185 4364 1346 4433 λόγον
1373 4365 1460 4418 διὰ
1495 4363 1707 4436 μακροῦ
1740 4364 1879 4433 πρὸς

300 4454 501 4514 αὐτοὺς
550 4453 673 4505 ὅσον
725 4450 951 4521 ἴσχυον·
1004 4453 1061 4519 ἐγ
1112 4446 1156 4519 ᾧ
1214 4453 1546 4522 μαρτυρίαις
1600 4454 1880 4517 πλείσταις

300 4545 721 4615 ἀναντιρῤήτοις
765 4543 1086 4613 παρέστησα
1119 4543 1217 4615 τὴν
1253 4545 1512 4614 ἀλήθειαν
1546 4546 1640 4600 τοῦ
1683 4547 1881 4615 ἡμετέ-

299 4654 403 4705 ρου
433 4636 740 4704 δόγματος,
771 4637 962 4706 ὅτιπερ
993 4638 1053 4689 ἐκ
1084 4637 1248 4707 μόνου
1276 4636 1368 4690 τοῦ
1405 4638 1645 4707 [ἰατρὸς.
1677 4639 1796 4707 ούχὶ
1823 4639 1880 4691 δέ

296 4727 399 4780 καὶ
424 4729 486 4779 ἐκ
516 4727 607 4780 τοῦ
640 4727 795 4793 Υίοῦ,
829 4729 889 4781 τὸ
908 4728 1132 4797 Πνεῦμα
1154 4729 1213 4782 τὸ
1244 4730 1398 4797 ἆγιον
1429 4731 1811 4802 ἐκπορεύεται.

989 4825 1196 4876 ΑΠΟΛ.

388 4916 801 4985 Ἀπηγόρευσας
850 4917 947 4985 μὲν
994 4903 1230 4986 ἀληθῶς,
1266 4916 1425 4984 ἔφης,
1459 4916 1534 4985 μὴ
1583 4915 1883 4986 δυνάμενος

296 5008 422 5069 τοῖς
484 5008 753 5074 γενναίοις
825 5008 921 5060 τοῦ
996 5009 1111 5077 φρά
1191 5007 1440 5060 Ἰωάννου
1497 5008 1884 5075 συλλογισμοῖς

296 5100 635 5167 ἀντιλέγειν,
678 5102 767 5153 ὅτε
794 5118 878 5153 σοι
905 5100 965 5153 τὸ
998 5099 1089 5153 τοῦ
1119 5101 1361 5170 μεγάλου
1397 5102 1683 5155 Βασιλείου
1718 5101 1882 5172 ῥητὸν

300 5194 449 5257 μετὰ
502 5192 887 5263 συλλογισμῶν
933 5191 1247 5263 ἀντηρὼτα,
1289 5193 1352 5245 τὸ
1401 5193 1598 5261 λέγονο
1651 5194 1725 5248 Ού
1773 5193 1880 5263 γάρ

296 5300 430 5337 τινα
456 5284 807 5356 λαμϐάνομεν
836 5286 987 5353 παρὰ
1018 5284 1111 5337 τοῦ
1146 5285 1483 5355 Πνεύματος,
1505 5284 1694 5356 ῶσπερ
1731 5285 1884 5355 παρά

296 5375 402 5428 τοῦ
446 5377 575 5429 Υίοῦ
617 5384 680 5430 τὸ
730 5377 974 5447 Πνεῦμα.
1018 5379 1107 5430 Ἔν
1153 5378 1330 5447 τούτῳ
1364 5378 1470 5448 γὰρ
1516 5380 1595 5448 τῷ
1644 5379 1795 5449 ρητῷ
1824 5394 1883 5431 σε

298 5468 510 5533 ἔδειξεν
550 5472 774 5535 ἄπειρον
822 5470 1106 5539 θεολογίας
1134 5474 1236 5541 τῆς
1281 5472 1460 5541 ίερᾶς·
1512 5472 1602 5525 ὅτε
1666 5471 1759 5523 καὶ
1807 5470 1883 5533 ὡς

298 5565 586 5632 ἀκροατήν
622 5582 681 5616 σε
713 5565 982 5629 ἐδίδασκε,
1014 5564 1133 5626 πῶς
1172 5564 1253 5617 δεῖ
1298 5566 1440 5617 νοεῖν
1471 5564 1571 5633 τὴν
1617 5563 1886 5634 ἐκπόρευ-

305 5669 399 5705 σιν
433 5653 524 5705 τοῦ
556 5655 827 5723 παναγίου
854 5654 1172 5726 Πνεύματος
1197 5672 1210 5686 ·
1246 5655 1558 5725 κατόπτρου
1587 5655 1697 5724 γάρ
1728 5656 1885 5726 δίκην

305 5744 381 5795 τὰ
417 5744 700 5814 Πρακτικά
735 5746 839 5799 είσι
872 5745 1257 5817 μαρτυροῦντα
1298 5744 1356 5798 τὸ
1399 5745 1596 5818 ἀληθές
1624 5762 1635 5775 '
1675 5747 1733 5799 ού
1772 5746 1877 5817 γὰρ

2640 4076 2883 4133 EPHES.

2047 4177 2229 4232 Donec
2259 4175 2452 4229 iterum
2477 4185 2573 4241 spe
2596 4178 2649 4225 et
2683 4168 2889 4223 viribus
2920 4164 3241 4229 destitutus,
3293 4169 3405 4215 tum
3430 4157 3557 4229 quia

1977 4276 2250 4325 consueto
2290 4264 2573 4334 aﬂligebar
2602 4259 2816 4323 morbo,
2853 4267 2966 4312 tum
3001 4257 3131 4325 quia
3161 4252 3347 4308 inania
3400 4248 3557 4304 fundi

1983 4363 2147 4419 verba
2178 4359 2456 4422 videbam,
2498 4367 2810 4411 sermonem
2846 4349 2911 4404 ad
2945 4364 3041 4403 eos
3075 4344 3239 4401 habui
3271 4357 3432 4412 quam
3468 4356 3561 4411 po-

1986 4456 2060 4510 tui
2084 4451 2466 4524 longissimum
2497 4464 2513 4516 ;
2545 4461 2655 4517 quo
2686 4444 2938 4515 plurimis
2966 4437 3435 4508 irrefragabilibus
3484 4443 3563 4490 te-

1983 4547 2257 4604 stimoniis
2282 4541 2473 4613 aperui
2500 4539 2671 4595 nostri
2696 4534 2965 4606 dogmatis
2987 4532 3295 4596 veritatem,
3322 4543 3430 4597 quo
3453 4526 3562 4581 sci-

1988 4640 2116 4694 licet
2143 4653 2211 4692 ex
2239 4636 2356 4691 solo
2382 4633 2567 4696 Patre,
2597 4645 2704 4685 non
2732 4624 2895 4683 etiam
2931 4642 2996 4681 ex
3034 4623 3191 4688 Filio,
3234 4619 3565 4692 procedebat

1990 4733 2223 4804 Spiritus
2256 4738 2500 4784 sanctus.

2687 4814 2886 4869 RESP.

2066 4914 2262 4969 Verum
2303 4920 2387 4967 est
2434 4911 2581 4978 quod
2630 4908 2734 4971 ais,
2784 4905 2954 4960 fuisse
2996 4914 3049 4958 te
3075 4918 3169 4973 spe
3198 4900 3559 4958 destitutum:

1989 5011 2118 5081 quia
2167 5016 2360 5063 contra
2397 5004 2607 5058 validos
2640 5002 2828 5056 fratris
2856 4999 3085 5054 Joannis
3116 4998 3461 5068 syllogismos
3483 4992 3565 5045 di-

1993 5118 2115 5157 cere
2162 5117 2268 5155 non
2312 5099 2532 5152 valebas
2573 5093 2842 5165 ;quando
2878 5103 2929 5146 te
2958 5108 3054 5161 per
3086 5089 3434 5159 syllogismos
3481 5084 3562 5136 vi-

1988 5193 2177 5248 cissim
2225 5187 2609 5258 interrogabat
2656 5186 2725 5240 de
2767 5184 2861 5238 illo
2907 5179 3091 5249 magni
3136 5175 3320 5230 Basilii
3367 5174 3559 5228 dicto:

1987 5284 2177 5354 Neque
2224 5283 2369 5337 enim
2424 5279 2725 5350 accipimus
2761 5292 2789 5328 a
2837 5273 3044 5344 Spiritu
3100 5270 3302 5338 aliqua,
3356 5268 3498 5320 sicut
3528 5281 3560 5318 a

1990 5376 2129 5432 Filio
2173 5376 2435 5446 Spiritus.
2476 5372 2534 5427 In
2577 5386 2684 5440 qua
2717 5378 2767 5424 te
2798 5365 3067 5423 sententia
3118 5362 3354 5419 ostendit
3392 5375 3563 5415 sacra:

1992 5470 2281 5540 theologia:
2313 5469 2600 5539 ignarum;
2633 5478 2756 5518 cum
2797 5471 2849 5514 te
2878 5460 3043 5514 etiam
3076 5458 3224 5513 velut
3250 5455 3559 5510 auditorem

1992 5562 2296 5620 erudiebat,
2339 5554 2615 5627 quomodo
2660 5548 3009 5618 intelligenda
3040 5548 3110 5601 sit
3146 5546 3388 5616 Spiritus
3437 5558 3557 5596 san-

1993 5652 2066 5706 cti
2121 5648 2436 5720 processio;
2478 5644 2612 5697 Acta
2646 5642 2792 5696 enim
2838 5640 3014 5694 instar
3055 5639 3262 5707 speculi
3316 5647 3477 5692 sunt.
3510 5642 3564 5687 ιιι

1994 5758 2179 5799 verum
2228 5748 2516 5797 testantur.
2546 5733 2731 5804 Neque
2763 5743 2977 5789 vcro‘tu
3016 5732 3164 5787 illius
3196 5728 3358 5785 verba
3408 5727 3567 5782 νωθ-
