4022 6196
541 229 676 290 1051

1522 237 1834 296 JOSEPlll
1861 237 2403 299 METiIONENSlS
2441 237 2783 298 EPiSCOPl

3601 248 3616 309 i
3632 253 3643 298 Γ
3656 249 3709 309 52

535 350 631 399 bas
659 346 868 413 inania,
896 348 987 402 sed
1021 348 1190 402 solida
1226 357 1278 402 et
1314 352 1703 416 nervosa.Quo
1732 367 1897 421 porro
1931 368 2098 408 vexa‘
2129 401 2134 410 ι

2206 348 2480 418 ἀκαρπίαν
2515 350 2690 419 ἑώρας
2722 352 2778 404 ἐν
2824 353 2938 415 τοῖς
2972 353 3181 406 ἐκείνου
3233 353 3428 420 λόγοις,
3459 355 3560 408 ἀλλ’
3589 359 3710 426 ἰσχύν

539 434 585 486 ri
626 433 820 488 morbo
879 435 1106 498 soleres,
1153 448 1317 502 supra
1361 437 1580 506 quidem
1628 440 1908 510 diximus,
1934 442 2026 496 sed
2050 453 2098 496 et

542 524 704 590 paulo
730 534 850 590 post
881 525 1152 590 dicemus,
1182 537 1237 580 ut
1267 529 1362 597 qui
1393 529 1580 594 fuerit,
1613 532 2099 603 omnibns'pateat.

539 617 805 671 Cteterum
861 619 1122 675 adversus
1166 621 1275 676 vim
1335 632 1387 677 et
1445 625 1612 679 robur
1657 637 2098 695 argumentorum

540 707 766 763 Joannis
813 724 934 762 cum
971 721 1117 766 stare
1149 729 1255 766 non
1290 731 1498 783 posses.
1535 717 1714 786 fugam
1750 720 1953 786 parasti
1987 720 2104 774 dis-

541 799 839 866 putationis
883 815 1182 870 congressu
1231 806 1555 871 perterritus
1585 825 1598 858 :
1629 815 1682 860 et
1722 807 1941 877 longum
1978 809 2103 876 qui—

541 892 659 943 dem
697 891 931 947 habuisti
970 910 1313 959 sermonem,
1358 899 1449 952 sed
1487 900 1578 966 qui
1619 902 1825 955 nullum
1860 903 2106 970 disputa—

543 984 710 1038 tionis
756 985 992 1039 fructum
1055 988 1300 1044 haberet.
1354 991 1635 1060 Siquidem
1683 1010 1709 1045 a
1748 994 2024 1058 Cabasila,
2054 1006 2107 1049 et

545 1073 788 1136 I‘alama.
834 1087 887 1131 et
935 1079 1207 1133 similibus
1249 1095 1438 1135 eorum
1497 1085 1864 1140 schismatieis
1920 1088 2105 1142 omnia

546 1177 860 1233 mutuatus,
908 1173 1050 1225 nnda
1098 1175 1446 1242 preponebas
1499 1177 1772 1246 Evangelii
1809 1179 1975 1242 dicta,
2011 1195 2111 1249 pu-

545 1267 666 1312 tans
719 1272 768 1311 te
827 1277 920 1328 per
973 1279 1032 1315 ea
1090 1267 1446 1329 probaturum
1483 1270 1727 1335 quodex
1761 1270 1880 1324 solo
1923 1271 2104 1336 Patre,

548 1365 652 1402 non
698 1352 859 1432 etiam
916 1370 978 1408 ex
1030 1355 1186 1420 Filio,
1235 1359 1490 1426 procedat
1543 1359 1778 1428 Spiritus
1844 1374 2108 1427 sanctus;

549 1446 691 1510 quod
729 1456 779 1498 ιιι
816 1447 1032 1515 quidem
1081 1461 1230 1505 certe
1274 1453 1612 1519 probandum
1647 1457 2016 1523 assumpsisti.
2057 1465 2111 1510 at

551 1551 656 1589 non
700 1539 984 1606 probasti,
1023 1558 1198 1608 neque
1232 1543 1325 1596 tibi
1356 1553 1534 1600 textus
1562 1546 1637 1599 illi
1666 1546 1963 1615 quidquam
1989 1563 2113 1616 pro-

555 1625 799 1681 fuerunt.
830 1629 1017 1684 Dicere
1055 1634 1231 1689 enim:
1272 1635 1377 1700 Qui
1416 1654 1446 1688 a
1477 1635 1637 1690 Patre
1671 1638 1904 1705 procedit
1937 1639 1978 1702 ⁵,
2003 1653 2109 1692 non

2209 457 2267 492 τε
2308 441 2399 492 καὶ
2436 441 2686 509 δύναμιν.
2733 443 2832 494 Ἢν
2881 443 2928 496 δ’
2991 439 3132 512 εἶχες
3166 445 3222 509 ἐξ
3273 445 3421 507 ἔθους
3453 445 3719 509 ἀσθένειαν,¹

2211 528 2439 598 εἴπομεν
2484 532 2583 600 μὲν
2626 534 2720 585 καὶ
2751 533 3048 605 πρότερον,
3078 535 3388 604 δηλώσομεν
3410 538 3462 589 δὲ
3496 539 3577 589 καὶ
3607 541 3714 604 μετᾶ

2214 622 2432 690 μικρδν,
2496 621 2583 676 ἵνα
2640 625 2811 690 γνῶσι
2859 626 3058 690 πάντες
3107 629 3188 689 τίς
3241 624 3329 696 ἦν.
3381 631 3511 696 Πρὸς
3553 631 3715 700 δὲτὴν

2210 713 2441 782 δύναμιν
2490 717 2587 769 καὶ
2645 718 2801 787 ἰσχὺν
2847 718 2957 770 τῶν
3015 719 3109 772 τοῦ
3159 721 3402 774 Ἰωάννου
3463 722 3614 788 λόγων
3663 726 3714 790 μὴ

2211 804 2506 872 δυνάμενος
2555 808 2870 877 ἀντιϐλέψαι
2914 809 3224 880 ἠϐουλήθης
3290 811 3594 882 ἀποδρᾶσαι.
3647 816 3715 866 τὸν

2212 897 2400 964 ἀγῶνα
2458 898 2732 961 δειλιάσας
2796 901 2898 968 τῆς
2960 902 3284 966 διαλέξεως’
3343 904 3434 956 καὶ
3496 904 3717 967 ἐξέτεινας

2213 987 2392 1053 λόγον,
2430 989 2640 1057 μακρὸν
2684 991 2802 1058 μὲν,
2844 992 3045 1060 μηδένα
3083 993 3139 1044 δὲ
3187 993 3396 1060 καρπὸν
3438 995 3607 1061 ἔχοντα
3633 995 3719 1047 δια-

2213 1079 2432 1144 λέξεως,
2461 1079 2594 1132 ἀλλὰ
2641 1082 2819 1134 πάντα
2851 1083 2957 1134 ἀπὸ
2990 1082 3083 1134 τοῦ
3135 1085 3418 1137 Καόασιλᾶ
3446 1101 3501 1135 τε
3530 1086 3611 1136 καὶ
3636 1087 3718 1137 Πα-

2214 1171 2384 1238 λαμᾶ,
2413 1176 2502 1226 καῖ¹
2527 1173 2634 1226 τῶν
2669 1173 2792 1226 κατ’
2837 1163 3041 1236 αὐτοὺς
3072 1177 3446 1245 σχισματικῶν
3479 1177 3720 1230 ἀναλαϐὼν

2216 1262 2400 1328 ἔλεγες
2454 1266 2634 1330 γυμνὰ
2684 1265 2822 1337 ῥητὰ
2863 1267 2955 1320 τοῦ
3015 1268 3367 1335 Εὐαγγελίου,
3418 1271 3639 1338 οἰόμενος
3680 1270 3722 1331 ἐξ

2217 1353 2440 1406 ἐκείνων
2488 1353 2657 1419 δεῖξαι
2699 1357 2760 1408 τὸ
2810 1356 3034 1423 Πνεῦμα
3079 1357 3139 1410 τὺ
3184 1357 3339 1423 ἅγιον
3378 1362 3440 1413 ὲκ
3490 1361 3630 1427 μόνον
3655 1360 3720 1411 τοῦ

2219 1446 2450 1513 Harp-5;,
2480 1447 2598 1514 οὐχὶ
2632 1447 2686 1499 δὲ
2740 1451 2802 1500 ἐκ
2861 1449 3142 1513 τοῦ-Ποῦ,
3182 1450 3584 1520 ἐκπορεύεσθαι·
3621 1452 3723 1514 ὅπερ

2219 1536 2453 1605 προέθου
2513 1537 2609 1606 μὲν
2657 1538 3102 1608 ὁμολογουμένως
3160 1541 3369 1604 δεῖξαι,
3423 1541 3514 1592 οὐκ
3559 1540 3723 1604 ἔδειξας

2219 1629 2294 1692 δὲ,
2326 1629 2447 1680 οὐδὲ
2494 1628 2768 1700 προῦργου
2815 1632 2882 1683 τὰ
2937 1634 3075 1702 ῥητὰ
3125 1635 3311 1686 ἐκείνὰ
3346 1650 3424 1685 σοι
3471 1633 3726 1700 ἀπηντήκε-

554 1718 715 1770 modo
749 1734 852 1772 non
895 1720 1021 1774 facit
1069 1724 1136 1776 ad
1199 1733 1350 1779 tuum
1398 1727 1580 1790 finem,
1611 1729 1702 1782 scd
1741 1731 1902 1783 etiam
1931 1741 2116 1797 aperte

2220 1734 2338 1770 σαν.
2372 1717 2446 1770 Τὸ
2488 1719 2597 1788 γὰρ
2649 1720 2844 1782 εἰπεῖν,
2884 1722 2952 1774 ’0
2984 1721 3145 1787 παρὰ
3195 1722 3302 1775 τοῦ
3345 1722 3559 1788 Πατρός
3591 1722 3727 1772 ἐκπο-

554 1809 897 1866 adversatur.
938 1812 1123 1882 Neque
1151 1819 1292 1870 enim
1329 1819 1464 1872 dicit
1493 1838 1505 1873 :
1539 1820 1638 1885 Qui
1671 1837 1735 1875 ex
1767 1823 1884 1875 solo
1925 1823 2083 1878 Patre
2105 1864 2120 1890 ,

555 1903 656 1963 vel,
707 1904 802 1970 qui
850 1920 911 1958 ex
967 1905 1147 1971 Patre,
1207 1927 1311 1964 non
1363 1921 1542 1965 autem
1570 1928 1630 1966 ex
1667 1914 2119 1984 Filio.procedit.

558 1992 690 2046 illud
727 2004 906 2050 autem
941 2014 952 2048 :
1003 1997 1135 2052 Cum
1170 2002 1366 2053 venerit
1404 2001 1738 2067 Paracletus,
1769 2021 1920 2074 quem
1955 2005 2125 2057 mittet

565 2084 722 2138 Pater
746 2089 800 2152 ⁸,
863 2089 1040 2142 nullas
1083 2091 1177 2144 tibi
1216 2092 1307 2145 dat
1346 2093 1533 2159 vires;
1569 2111 1677 2148 non
1713 2096 1855 2149 enim
1894 2096 1972 2150 sic
2001 2097 2120 2153 ait:

559 2175 727 2247 Quem
773 2179 950 2230 titillet
987 2180 1140 2234 ‘solus
1183 2181 1377 2245 Pater;
1418 2194 1505 2236 aut
1541 2202 1555 2238 :
1607 2184 1776 2248 Quem
1807 2187 1980 2242 Filius
2015 2203 2125 2242 non

563 2268 748 2322 mittit.
778 2268 1038 2325 Praeterea
1076 2273 1204 2326 illud
1232 2273 1381 2328 Pauli
1412 2278 1553 2330 :Nos
1593 2294 1696 2330 non
1729 2276 1984 2346 Spiritum
2025 2279 2128 2331 Itu-

554 2357 644 2426 jus
686 2362 870 2414 mundi
893 2367 1203 2429 accepimus,
1229 2368 1317 2420 sed
1349 2348 1606 2436 Spiritum
1629 2371 1717 2438 qui
1739 2386 1804 2424 ea:
1833 2370 1936 2424 Deo
1957 2381 2032 2425 est
2067 2373 2121 2436 ⁷,

564 2451 696 2504 nihil
732 2463 824 2507 tuo
853 2457 1132 2524 preposito
1181 2458 1525 2529 suffragatur.
1557 2457 1743 2531 Neque
1792 2463 1937 2516 enim
1975 2464 2154 2539 dicit,_

566 2543 826 2611 Spiritum
882 2549 1053 2604 solius
1083 2549 1279 2615 Patris,
1306 2564 1358 2606 et
1397 2570 1504 2608 non
1545 2555 1687 2617 Filii,
1712 2555 1801 2610 sed
1824 2599 1838 2620 ,
1867 2555 2127 2625 Spiritum

564 2638 652 2704 qui
685 2655 748 2691 ex
778 2638 889 2694 Deo
932 2653 1028 2705 est,
1057 2641 1195 2698 Deus
1227 2655 1405 2699 autem
1447 2645 1604 2701 Pater
1658 2655 1714 2702 et.
1769 2647 1963 2705 Filius.
1998 2648 2130 2714 Qui-

569 2729 672 2782 bus
703 2745 833 2797 ergo
871 2747 948 2785 ex
991 2734 1126 2788 locis
1154 2736 1400 2803 probasti
1431 2738 1486 2792 in
1522 2739 1731 2810 synodo
1767 2738 2036 2810 Spiritum
2066 2755 2130 2794 ex

569 2822 687 2874 solo
718 2823 905 2886 Patre,
942 2832 1000 2877 nt
1037 2825 1122 2879 hic
1159 2835 1210 2879 te
1231 2828 1408 2896 jaclas
1433 2830 1455 2882 ‘t
1482 2827 1620 2884 Num
1649 2847 1713 2884 ex
1744 2831 1831 2886 his
1858 2814 1979 2901 qua:
2014 2847 2132 2886 mo-

569 2912 638 2964 do
669 2913 828 2967 allata
859 2919 1034 2972 sunt?
1063 2919 1130 2972 At
1171 2920 1222 2973 in
1253 2921 1319 2975 iis
1357 2937 1464 2976 non
1495 2923 1725 2978 habetur
1752 2923 1831 2977 Ex
1867 2924 2006 2988 solo,
2037 2924 2130 2978 sed
2166 2980 2168 2982 τ

572 2991 904 3076 simpliciter"
923 3008 996 3062 Ex
1023 3011 1181 3065 Patre
1211 3014 1617 3080 procedentem,
1659 3031 1781 3084 quas
1816 3016 1915 3070 tibi
1947 3017 2129 3070 omnia

573 3095 748 3150 Latini
779 3100 1082 3154 concedunt
1115 3119 1128 3154 :
1174 3103 1444 3171 siquidem
1476 3105 1564 3160 hic
1607 3121 1748 3158 unus
1779 3114 1862 3159 est
1893 3105 2036 3174 longi
2067 3104 2134 3158 il—

573 3190 680 3242 lius
721 3192 797 3243 tui
850 3194 1121 3248 sermonis
1164 3209 1378 3250 sensus.
1429 3196 1498 3249 At
1538 3197 1786 3252 veritatis
1815 3196 2137 3252 defensores

574 3284 1025 3354 tibi'negabunt.
1071 3287 1216 3343 dicta
1273 3287 1364 3342 illa
1419 3287 1679 3358 refragari
1741 3288 2138 3346 afﬁrmantibus

574 3376 836 3444 Spiritum
895 3390 1140 3432 sanctum
1175 3379 1336 3433 etiam
1381 3396 1445 3434 ex
1479 3380 1620 3436 Filio
1659 3383 1974 3450 procedere.
2000 3384 2138 3440 Nam

576 3468 620 3520 si
669 3468 934 3529 dicerent,
979 3467 1079 3533 Qui
1138 3484 1204 3524 ex
1250 3471 1410 3524 Patre
1437 3488 1642 3526 nonex
1675 3471 1814 3527 Filio
1844 3513 1859 3538 ,
1889 3474 2026 3540 sive,
2062 3475 2139 3528 Ex

574 3561 692 3615 solo
729 3560 888 3614 Patre
909 3575 1016 3614 non
1045 3562 1208 3616 etiam
1231 3578 1294 3617 ex
1322 3562 1458 3618 Filio
1483 3580 1499 3629 ;
1535 3565 1618 3620 vel
1645 3566 1716 3619 ita
1743 3581 1758 3623 :
1785 3563 1950 3620 Pater
1986 3566 2140 3621 solus

580 3651 832 3717 producit
862 3650 1123 3720 Spiritum
1157 3661 1406 3706 sanctum
1431 3695 1446 3717 ,
1481 3669 1589 3708 non
1620 3657 1785 3709 etiam
1823 3656 2013 3722 Filius,
2049 3667 2144 3714 aut

581 3740 802 3804 similia,
841 3751 988 3797 esset
1030 3743 1340 3797 umbratilis
1376 3744 1491 3799 [nec
1521 3745 1619 3798 tibi
1662 3745 1792 3799 rixae
1838 3756 1892 3801 et
1917 3759 2146 3804 conten-

582 3832 748 3888 tionis
790 3834 1029 3888 occasio.
1063 3834 1264 3889 Verum
1294 3875 1308 3900 ,
1340 3846 1399 3889 ut
1429 3839 1594 3890 etiam
1625 3852 1689 3891 ex
1718 3839 1837 3893 solo
1861 3838 2023 3894 Patre
2058 3841 2144 3895 di-

581 3933 786 3989 cerent,
839 3925 904 3977 ad
963 3924 1304 3994 probandmn
1362 3928 1506 3995 quod
1551 3928 1652 3994 vis,
1714 3929 1809 3983 tibi
1863 3929 1999 3984 satis
2037 3945 2143 3983 non

582 4023 746 4069 esset.
777 4015 931 4080 Quod
962 4028 1106 4083 certe
1140 4017 1449 4086 perspicere
1484 4018 1611 4072 licet
1642 4035 1706 4074 ex
1744 4021 1867 4075 aliis
1898 4020 2145 4091 Evange-

584 4106 640 4160 lii
679 4107 861 4162 dictis.
892 4108 1141 4164 Salvator
1164 4110 1341 4179 inquit
1365 4127 1378 4164 :
1404 4111 1479 4164 De
1509 4112 1593 4164 die
1622 4112 1718 4166 illa
1752 4123 1801 4167 et
1834 4113 1964 4167 hora
1995 4131 2145 4168 nemo

586 4202 704 4264 scit,
733 4217 895 4266 neque
929 4203 1099 4268 angeli
1125 4203 1398 4264 caelorum,
1426 4219 1586 4270 neque
1630 4203 1820 4266 Filius,
1854 4207 1955 4260 nisi
1984 4206 2147 4262 Pater

585 4305 728 4342 meus
759 4289 905 4343 solus
924 4291 964 4343 ⁸.
990 4291 1057 4345 Et
1079 4306 1270 4346 rursus
1299 4309 1310 4344 :
1344 4289 1401 4344 Μ
1405 4309 1465 4345 ea
1495 4292 1739 4347 doctrina
1765 4310 1868 4348 non
1899 4306 1977 4352 est
2008 4313 2144 4363 mea,

2219 1811 2482 1883 ρεύετᾳι.
2512 1812 2572 1863 ού
2611 1812 2771 1877 μόνον
2801 1815 2862 1865 οὐ
2915 1817 3210 1883 συνηγορεῖ
3239 1813 3316 1883 τῷ
3345 1813 3596 1881 σῷλόγῳ,
3627 1812 3726 1863 ἀλλὰ

2227 1902 2318 1953 καὶ
2353 1881 2638 1971 προδήλως
2665 1903 3000 1956 ἐναντιοῦται
3025 1919 3040 1934 ο
3074 1905 3135 1956 ού
3163 1903 3271 1972 γάρ
3314 1919 3494 1971 φησιν,
3527 1903 3584 1954 Ὃ
3618 1901 3728 1969 περὶ

2227 1996 2320 2049 τοῦ
2351 1996 2562 2064 Πατρὺς
2597 1997 2780 2064 μόνον,
2815 1998 2847 2066 ἢ
2882 2000 3032 2066 παρὰ
3081 1997 3178 2050 τοῦ
3217 1998 3424 2064 Πατρὸς
3463 1997 3549 2050 καὶ
3575 1996 3658 2048 ούκ
3683 1996 3728 2045 ὲκ

2225 2087 2318 2140 τοῦ
2351 2087 2480 2140 Υἱοῦ
2529 2089 2914 2158 ἐκπορεύεται.
2948 2091 3057 2143 Καὶ
3097 2092 3157 2142 τδ
3193 2090 3394 2157 λέγειν,
3423 2090 3592 2142 Ὅταν
3616 2088 3728 2151 ἔλθῃ

2229 2182 2261 2232 d
2301 2179 2710 2246 Παράκλητος,
2731 2179 2804 2234 ὃν
2832 2179 3056 2249 πέμψει
3105 2185 3138 2234 ὀ
3175 2181 3392 2249 Πατὴρ,
3421 2181 3647 2248 οὐδεμίαν
3670 2196 3729 2230 σοι

2232 2271 2384 2339 ἰσχὺν
2422 2259 2635 2324 δῖδὼσιν
2658 2286 2671 2300 ο
2706 2274 2764 2324 ού
2796 2273 2902 2343 γὰρ
2933 2272 3109 2340 λέγει,
3175 2275 3276 2328 ’ον
3308 2272 3501 2341 πέμψει
3528 2274 3554 2324 ὁ
3585 2271 3730 2337 Πατὴρ

2232 2359 2412 2426 μόνος,
2453 2359 2484 2428 ἢ
2525 2361 2620 2412 Ὃν
2663 2361 2691 2411 ὁ
2728 2361 2854 2424 Υἱὸς
2901 2360 2964 2413 ού
3019 2360 3252 2430 πέμπει.
3287 2363 3393 2414 Καὶ
3432 2361 3518 2413 τοῦ
3565 2358 3728 2411 Παύλου

2229 2452 2304 2514 δὲ,
2340 2452 2367 2504 ὂ
2400 2451 2544 2516 λέγει
2571 2467 2585 2483 ο
2634 2452 2832 2519 Ἡμεῖς
2874 2454 2946 2507 οὐ
2998 2453 3063 2505 τὸ
3105 2455 3348 2521 Πνεῦμα
3403 2453 3501 2506 τοῦ
3549 2452 3730 2514 κόσμου

2231 2545 2546 2612 ἐλάϐομεν,
2577 2547 2740 2599 ἀλλὰ
2785 2547 2849 2598 τὸ
2899 2545 3141 2614 Πνεῦμα
3189 2549 3256 2600 τὸ
3301 2548 3366 2601 ἐκ
3409 2546 3507 2600 τοῦ
3535 2541 3670 2603 Θεοῦ,
3687 2542 3729 2592 οὗ

2237 2640 2529 2709 συνηγορεῖ
2584 2639 2662 2705 τῷ
2718 2638 2794 2706 σῷ
2850 2637 3200 2708 βουλήματι·
3263 2641 3323 2692 ού
3365 2640 3467 2705 γὰρ
3515 2637 3656 2702 λέγει,
3679 2633 3730 2684 Τὸ

2234 2732 2460 2800 Πνεῦμα
2496 2731 2658 2800 μόνου
2689 2731 2782 2784 τοῦ
2820 2731 3052 2799 Πατρὸς,
3077 2733 3175 2784 καὶ
3220 2731 3311 2784 τοῦ
3342 2730 3482 2792 Υῑοῦ,
3518 2729 3648 2787 ἀλλὰ,
3680 2723 3730 2776 Τὸ

2236 2821 2496 2892 Πνεῦμα,
2526 2823 2677 2893 φησι,
2713 2823 2778 2877 τὸ
2814 2823 2882 2877 ἐκ
2928 2821 3032 2876 τοῦ
3083 2824 3256 2887 Θεοῦ,
3285 2823 3411 2883 Θεὸς
3441 2823 3494 2875 δὲ
3529 2823 3553 2872 ὁ
3593 2816 3729 2882 Πατὴρ

2236 2920 2329 2970 καὶ
2363 2919 2389 2969 ὁ
2420 2917 2566 2978 Υἱός.
2605 2917 2701 2970 Ἐκ
2748 2917 2918 2970 πο’ων
2958 2913 3051 2969 οὖν
3085 2919 3270 2986 ῥητῶν
3314 2916 3506 2979 ἔδειξας
3533 2914 3587 2966 ἐκ
3612 2911 3729 2977 μάνου

2161 3044 2203 3100 c
2236 3009 2330 3061 τοῦ
2362 3009 2569 3078 ﬂat-apii;
2595 3008 2654 3060 τὸ
2680 3009 2903 3076 Πνεῦμα
2946 3011 3003 3062 ὲν
3033 3013 3095 3078 τῇ
3133 3011 3357 3079 συνόδῳ,
3394 3009 3565 3100 ὥσπερ
3598 3004 3731 3066 λὲῖεις

2239 3100 2468 3153 ἐνταῦθα
2514 3098 2974 3168 ἐγκαυχώμενοςς
3042 3101 3138 3154 Ἐκ
3183 3102 3292 3155 τῶν
3343 3103 3438 3171 ἤδη
3486 3098 3729 3168 ῥηθέντωνξ

2238 3193 2347 3246 Καὶ
2386 3193 2525 3245 αὐτὰ
2567 3192 2668 3246 οὐκ
2719 3194 2782 3246 ὲκ
2820 3192 2983 3260 μόνου
3030 3193 3216 3261 φασὶν,
3255 3193 3369 3246 ἀλλ’
3401 3190 3569 3252 ἁπλῶς
3593 3190 3642 3240 ἐκ
3664 3183 3730 3237 τοῦ

2242 3286 2451 3355 Πατρὸς
2505 3285 2986 3354 ἐκπορευόμενον,
3037 3285 3135 3338 καὶ
3198 3286 3405 3344 τούτοις
3450 3286 3550 3343 τοῖς
3599 3280 3732 3341 λόγοις

2240 3381 2460 3434 Λατῖνοι
2505 3378 3058 3446 συνομολογήσουσιν.
3087 3370 3259 3436 Οὗτος
3293 3379 3397 3446 γάρ
3433 3378 3565 3429 ἐστιν
3598 3365 3733 3428 όνοῦς

2244 3471 2385 3533 ἄπας
2413 3471 2622 3524 ἐκείνου
2652 3470 2749 3523 τοῦ
2795 3471 2958 3537 λόγου
2989 3471 3159 3538 ὅνπερ
3195 3470 3478 3536 ἐξέτεινας.
3516 3465 3636 3518 Ἀλλ’
3662 3461 3734 3512 οὒκ

2243 3563 2595 3626 ἀντικεινται,
2625 3565 2892 3632 φήσουσιν
2945 3563 2995 3614 οἱ
3042 3565 3140 3632 τῆς
3189 3563 3442 3632 ἀληθείας
3488 3560 3732 3624 συνήγοροι.

2244 3657 2311 3708 τὰ
2339 3655 2481 3725 ῥητὰ
2512 3654 2687 3708 ταῦτα
2731 3656 2843 3717 τοῖς
2877 3653 3100 3722 λέγουσι
3134 3657 3232 3707 καὶ
3263 3657 3325 3706 ὲκ
3350 3652 3435 3705 τοῦ
3469 3649 3585 3703 Υἱοῡ
3614 3649 3733 3699 ἐκπο-

2248 3744 2521 3815 ρεύεσθαι.
2554 3746 2616 3797 Ei
2641 3745 2747 3814 γὰρ
2782 3745 3010 3812 ἔφασαν,
3052 3742 3118 3797 Ὅ
3153 3745 3305 3814 παρὰ
3344 3741 3430 3794 τοῦ
3461 3737 3642 3805 Harpe;
3666 3731 3736 3783 οὖι

2247 3837 2311 3890 ὲκ
2343 3836 2436 3890 τοῦ
2468 3836 2596 3890 Υῐοῦ
2621 3852 2632 3864 ·
2654 3836 2710 3904 ἢ,
2744 3836 2842 3888 Ἐκ
2880 3836 3042 3903 μόνου
3073 3835 3166 3888 τοῦ
3211 3835 3415 3906 Harpe;
3447 3833 3501 3886 τὸ
3547 3824 3736 3891 Πνεῦμα.

2247 3929 2366 3997 οὐχὶ
2397 3928 2453 3980 δὲ
2482 3928 2576 3981 καὶ
2619 3929 2682 3980 ὲκ
2716 3927 2805 3979 τοῦ
2845 3926 2975 3979 Υἱοῦ
2999 3945 3013 3957 ·
3051 3927 3105 3996 ἦ.
3151 3928 3210 3980 Ὀ
3260 3926 3438 3995 Πατὴρ
3486 3922 3621 3992 μόνος
3647 3931 3738 3982 πρῲ

2250 4020 2429 4073 ϐάλλει
2459 4018 2519 4070 τὸ
2565 4017 2811 4085 Πνεῦμα,
2842 4018 2901 4069 ού
2943 4018 3048 4086 μὴν
3101 4018 3156 4070 δὲ
3195 4019 3292 4071 καὶ
3328 4019 3355 4068 ὁ
3393 4017 3527 4078 Υἱὸς,
3555 4012 3632 4064 καὶ
3658 4004 3737 4058 ἄλλ’
3833 4042 3838 4047 ι

2248 4110 2432 4178 ὅμοια,
2474 4102 2620 4176 εἶχες
2671 4106 2736 4158 ἂν
2787 4108 2946 4158 σκιὰν
2976 4106 3177 4174 ἐρίζειν
3228 4123 3286 4158 τε
3329 4106 3418 4158 καὶ
3463 4093 3737 4170 φιλονεικεῖν.

2262 4201 2400 4253 Ἀλλ’
2427 4200 2546 4252 οὐδὲ
2579 4202 2627 4250 εἰ
2663 4199 2727 4251 ἐκ
2772 4199 2931 4268 μόνου
2964 4197 3058 4250 τοῦ
3090 4197 3301 4266 Πατρδς
3332 4195 3524 4263 ἔλεγον,
3543 4187 3599 4259 ἦν
3623 4183 3742 4282 luti-t1

2252 4293 2386 4361 πρὸς
2413 4292 2440 4345 ὃ
2479 4292 2542 4344 σὺ
2575 4290 2756 4362 βούλει
2785 4305 2794 4319 ·
2839 4290 3074 4359 πάρεστι
3102 4291 3212 4358 γὰρ
3251 4289 3444 4340 εἰδέναι
3487 4285 3568 4338 καὶ
3605 4279 3650 4342 ἐξ
3677 4276 3743 4330 ἅλ’

584 4384 673 4432 sed
726 4382 838 4449 ejus
883 4382 972 4451 qui
1020 4383 1159 4436 misit
1205 4399 1284 4437 me
1323 4383 1363 4436 θ.
1408 4383 1465 4437 in
1499 4385 1584 4440 bis
1616 4387 1902 4454 perspicue
1931 4387 2134 4456 negavit

2206 4381 2355 4437 ῐλων
2411 4384 2782 4450 εύαγγελικῶν
2827 4384 3026 4450 φωνῶν
3075 4381 3234 4434 τοῦτο
3285 4382 3430 4434 αὑτό.
3464 4377 3583 4443 Φησὶ
3619 4366 3741 4436 γάρὸ

587 4470 756 4526 Filius
804 4489 864 4526 se
919 4474 1079 4540 scire,
1138 4477 1230 4528 sed
1278 4491 1443 4528 unum
1497 4477 1638 4531 scire
1682 4479 1759 4531 ait
1813 4479 2152 4541 Patrem;et

588 4569 917 4632 doctrinam,
954 4568 1152 4634 inquit,
1195 4583 1350 4620 suam
1399 4585 1508 4624 non
1542 4583 1666 4623 esse
1705 4585 1882 4635 suam,
1915 4572 2008 4624 sed
2045 4568 2149 4624 Pa-

589 4659 730 4710 tris:
775 4670 1013 4712 attamen
1057 4675 1163 4713 non
1210 4669 1351 4713 recte
1379 4670 1432 4712 et
1481 4659 1827 4714 laudabiliter
1877 4659 2151 4715 credimus

587 4748 810 4802 omnino
854 4751 1197 4818 oppositum,
1251 4752 1596 4821 dieitnusque
1644 4761 1825 4805 notam
1879 4753 1981 4821 ipsi
2029 4767 2152 4806 esse

588 4841 729 4895 diem
763 4841 908 4894 illam
949 4850 1004 4895 et
1042 4841 1231 4894 horam
1276 4859 1426 4911 teque
1454 4858 1516 4897 ac
1550 4843 1725 4908 Patri;
1755 4853 1809 4895 et.
1838 4841 2148 4896 doctrinam

590 4933 763 5002 ipsius
803 4949 925 4989 esse
962 4949 1367 4990 asseveramus.
1404 4936 1460 4989 Si
1517 4952 1648 5006 ergo
1684 4951 1784 4989 nos
1809 4951 1998 4990 eorum
2036 4951 2154 5006 qua:

590 5028 681 5082 ille
739 5027 1026 5083 manifeste
1062 5028 1275 5095 negavit
1321 5029 1596 5081 contraria
1635 5027 1914 5082 credimus
1955 5029 2027 5097 (1)
2052 5067 2066 5091 ,
2103 5037 2156 5083 et

590 5127 734 5174 recta
765 5121 869 5175 fide
905 5129 1172 5184 tenemus,
1212 5136 1307 5175 cur
1332 5120 1442 5186 hic,
1470 5119 1557 5173 ubi
1581 5119 1786 5172 nullam
1812 5119 2152 5188 negationem

591 5213 862 5279 apposuit,
916 5229 1023 5268 non
1071 5215 1359 5267 credamus
1407 5229 1469 5266 ex
1524 5213 1644 5278 ipso
1681 5215 1842 5264 etiam
1873 5226 1992 5265 esse
2028 5210 2154 5280 Spi-

595 5306 756 5358 ritum
800 5315 1094 5372 sanctum,
1132 5306 1356 5376 quando
1390 5304 1494 5358 hoc.
1530 5307 1705 5373 ipsum
1740 5319 1836 5372 per
1873 5303 1976 5355 alia
2013 5303 2156 5357 sacri

1089 5381 1095 5404 Ι

670 5487 871 5552 '_Jttatt.
897 5504 986 5551 XV,
1011 5488 1099 5542 9.6.
1178 5487 1197 5516 ⁶
1233 5486 1362 5540 ibid.
1443 5488 1460 5517 ⁷
1492 5487 1508 5540 Ι
1537 5485 1659 5542 Cor.
1691 5504 1749 5551 ll,
1783 5487 1860 5540 i2.

2248 4479 2477 4548 Σωτήρ’
2517 4478 2657 4545 Περὶ
2705 4475 2814 4545 τῆς
2870 4476 3095 4544 ἡμέρας
3122 4475 3362 4541 ἐκείνης
3401 4472 3487 4526 καλ
3520 4460 3742 4559 ὥραςέῨξ

2249 4570 2375 4634 delc
2407 4566 2588 4635 οἶδεν,
2620 4569 2766 4623 οὐδὲ
2811 4572 2863 4622 οι
2901 4569 3145 4637 ἄγγελοι
3183 4571 3238 4622 οἱ
3282 4569 3350 4621 ἐν
3381 4561 3608 4631 οὐρανῷ.
3637 4549 3742 4607 οὐδὲ

2251 4667 2283 4718 ό
2315 4664 2464 4727 Υἱὸς,
2501 4663 2553 4716 εὶ
2580 4662 2668 4731 μὴ
2699 4666 2729 4714 ό
2762 4662 2962 4729 Πατήρ
2990 4681 3110 4730 μου
3139 4663 3346 4730 μόνος.
3391 4657 3489 4712 Καὶ
3516 4649 3645 4708 αὖθις
3658 4661 3667 4672 ⁸
3698 4641 3743 4746 ’ῃ

2248 4753 2360 4822 ἐμὴ
2397 4753 2614 4820 διδαχὴ
2649 4755 2761 4806 οὐκ
2784 4753 2956 4805 ἔστιν
2981 4753 3120 4821 ἐμὴ,
3145 4753 3305 4807 ἀλλὰ
3336 4750 3435 4803 τοῦ
3463 4745 3743 4838 mind-arum

2255 4863 2352 4916 με.
2391 4846 2480 4898 Ἐν
2521 4844 2733 4908 τούτοις
2782 4843 2875 4897 οὖν
2926 4845 3116 4911 σαφῶς
3175 4845 3271 4915 μὲν
3322 4839 3656 4909 ἀπηρνήσατο,
3685 4839 3743 4926 0?"-

2259 4937 2359 4989 ούκ
2383 4933 2524 4989 οἶδεν
2553 4936 2712 4998 αὐτὸς
2741 4938 2769 4988 ὁ
2805 4935 2952 4997 Υἱὸς,
2987 4936 3036 4988 εἰ
3077 4934 3152 5005 μὴ
3197 4935 3352 5003 μόνος
3395 4934 3422 4984 ὁ
3457 4926 3652 4991 llatliP'
3679 4929 3744 4965 ’m

2261 5029 2293 5096 ἡ
2327 5027 2512 5098 διδαχὴ
2541 5025 2706 5080 αὑτοῦ
2736 5027 2838 5080 ούκ
2866 5025 3018 5080 ἔστιν
3055 5025 3247 5087 αὐτοῦ,
3281 5025 3411 5079 ἀλλὰ
3454 5018 3538 5073 τοῦ
3567 5007 3745 5111 [luridi-

2273 5120 2466 5186 Ἡμεῖς
2513 5119 2568 5171 δὲ
2621 5118 2799 5181 καλῶς
2849 5118 2945 5170 καὶ
2995 5119 3297 5180 ὲπαινετῶς
3335 5111 3626 5178 πιστεύομεν

2263 5209 2595 5272 τούναντίον,
2631 5211 2726 5262 καὶ
2748 5209 2844 5280 τὴν
2875 5211 3093 5280 ἡμέραν
3133 5209 3346 5277 ἐκείνην
3376 5207 3462 5260 καὶ
3486 5201 3613 5270 ὤριν
3646 5190 3744 5245 ειδέ-

2267 5318 2355 5353 ναι
2389 5301 2547 5355 αύτὸν
2582 5301 2770 5371 ὥσπερ
2802 5305 2896 5355 καὶ
2943 5303 3034 5355 τὸν
3068 5303 3282 5371 Πατέρα
3310 5301 3542 5368 λέγομεν,
3569 5290 3642 5344 καὶ
3675 5281 3746 5349 τὴν

1941 5485 1959 5516 ⁸
1998 5484 2185 5539 Matth.
2212 5500 2360 5549 xxiv,
2403 5485 2492 5539 '56.
2570 5488 2590 5519 θ
2621 5486 2778 5545 Joan.
2813 5501 2906 5550 vn,
2935 5489 3019 5544 i6.

675 5652 748 5720 (Ι)
778 5651 960 5718 Quoad
993 5653 1152 5704 verba
1193 5650 1418 5713 scilicet,
1447 5665 1550 5703 non
1576 5651 1750 5720 quoad
1784 5666 2004 5704 sensum
2038 5649 2309 5704 contraria
