4022 6196
475 259 614 317 1035

1467 246 1787 307 JOSEPl‘lI
1830 242 2379 304 METIIONENSIS
2411 245 2673 305 EPISCO
2686 237 2758 303 PI

3586 236 3732 301 1055

460 373 638 441 diligit
684 378 891 437 patrem
944 378 1034 422 aut
1078 374 1299 420 matrem
1347 382 1506 435 super
1564 381 1668 428 me.
1708 379 1809 416 non
1836 370 1914 415 est
1946 374 2062 416 me.

2181 359 2327 414 ιλῶν
2358 362 2584 430 πατέρα
2608 364 2644 431 ἢ
2673 362 2900 431 μητέρα
2932 361 3082 432 ὑπὲρ
3098 362 3222 431 ἐμὲ,
3257 363 3367 415 οὐκ
3427 358 3565 413 ἔστι
3612 375 3735 426 μου

461 465 654 533 dignus
679 462 758 527 ιδ,
793 462 904 514 hinc
938 460 1096 512 habet
1129 474 1141 510 :
1177 476 1195 507 ι
1230 456 1341 511 Etsi
1365 455 1607 527 Spiritus
1634 455 1907 524 propriam
1933 451 2033 504 ha-

390 622 392 624 ,
465 556 557 611 bet
604 551 1047 615 subsistentiam,
1104 566 1395 619 perquam
1440 565 1567 605 esse
1607 564 1707 619 per
1743 564 1802 602 se
1829 544 2036 599 intelli-

466 649 611 715 gitur
663 654 719 696 ut
774 643 1017 711 Spiritus
1071 653 1122 696 et
1154 660 1259 696 non
1288 642 1477 705 Filius,
1504 642 1650 695 haud
1684 650 1866 694 tamen
1898 648 1979 692 est
2006 652 2037 690 a

469 737 603 791 Filio
642 736 874 789 alienus.
914 733 1153 790 Vocatus
1183 736 1327 791 enim
1365 744 1449 790 est
1481 734 1719 802 Spiritus
1770 730 2033 796 veritatis,

467 828 670 880 veritas
716 836 899 881 autem
938 837 1018 881 est
1046 827 1340 890 Christus;
1372 839 1427 880 et.
1472 826 1781 880 ell’unditur
1820 823 1888 876 ab
1922 821 2039 889 ipso

464 920 927 988 quemaimozlum
983 928 1037 973 et
1080 936 1140 973 ex
1199 922 1317 987 ipso
1349 918 1455 973 Deo
1488 920 1666 973 Patre.
1700 936 1718 968 ι
1755 915 1846 967 Illa
1879 927 2040 981 porro

470 1022 590 1070 νοτ,
632 1007 950 1075 e/funditur,
982 1009 1157 1076 posita
1182 1017 1265 1062 est
1298 1023 1327 1060 a
1361 1009 1583 1061 doctore
1606 1006 1725 1060 loco
1752 1005 1915 1073 hujus
1944 1018 2041 1058 vo-

467 1096 546 1149 cis
586 1095 837 1161 procedit,
892 1106 948 1149 ut
975 1097 1296 1164 ipsemetait
1322 1099 1373 1150 in
1428 1098 1766 1166 expositione
1803 1093 2043 1166 Symboli

470 1187 555 1240 his
594 1189 817 1241 verbis:
852 1208 869 1238 ‹
904 1186 969 1242 Ει
998 1188 1320 1253 elfunditur,
1358 1190 1459 1243 hoc
1492 1199 1574 1243 est
1618 1191 1885 1257 procedit.
1933 1207 1950 1241 ι

544 1278 683 1332 Idem
739 1280 1153 1333 cmnmentariis
1217 1281 1268 1331 in
1323 1279 1438 1332 .Ioel
1483 1280 2040 1349 praphetatn,cxpla-

473 1386 609 1422 nans
646 1369 808 1423 verba
845 1370 936 1423 illa
962 1388 977 1423 :
1007 1370 1294 1438 E/fundam
1331 1372 1394 1425 de
1427 1370 1636 1441 Spiritu
1666 1388 1779 1424 meo
1806 1374 1849 1403 ¹⁸
1878 1415 1892 1437 ,
1933 1373 2048 1425 hate

475 1460 641 1514 habet
670 1479 683 1514 :
728 1479 746 1511 ι
781 1459 913 1513 Nam
948 1460 1117 1516 Filius
1155 1470 1213 1515 ut
1241 1463 1380 1517 Deus
1405 1475 1458 1517 et
1487 1480 1549 1516 ex
1584 1464 1692 1518 Deo
1732 1464 2052 1517 naturaliter

474 1561 580 1615 est,
610 1566 675 1605 ex
705 1551 817 1604 Deo
852 1567 1087 1620 namque
1130 1552 1288 1605 Patre
1328 1564 1486 1607 natus
1512 1564 1593 1607 est
1621 1596 1635 1618 ,
1684 1558 1943 1624 proprius
1972 1555 2052 1624 ip-

2136 452 2512 524 ἇξιος,φησίν
2540 472 2553 485 ’
2588 475 2604 505 ι
2642 456 2699 507 Εἰ
2739 457 2828 508 καὶ
2858 454 2974 509 ἔστι
3029 456 3088 508 τὸ
3141 454 3364 523 Πνεῦμα
3394 455 3452 504 ὲν
3492 453 3735 504 {morai-

2143 564 2225 598 σει
2256 546 2421 615 ίδικῇ,
2461 550 2556 599 καὶ
2586 548 2649 616 δὴ
2674 550 2871 601 νοεῖται
2906 548 3028 601 καθ’
3054 547 3183 599 αὐτὸ
3205 545 3338 599 καθὸ
3364 542 3593 609 Πνεῦμά
3620 544 3737 593 ἐστι

2140 636 2234 691 καὶ
2263 638 2360 707 οὐχ
2406 638 2555 702 Υἱὸς,
2593 639 2709 691 ἀλλ’
2734 639 2826 691 οὖν
2857 641 3001 691 ἐστιν
3020 639 3121 691 οὐκ
3146 637 3427 707 ἀλλότριον
3446 635 3541 687 τοῦ
3576 632 3735 685 Υξοῦ’

2140 726 2367 793 Πνεῦμα
2398 729 2510 799 γὰρ
2555 729 2809 798 ἀληθείας
2831 730 3165 799 ὠνόμασται,
3193 732 3286 783 καὶ
3309 730 3421 781 ἔστι
3445 726 3685 791 Χριστζς
3706 728 3738 791 ἡ

2155 822 2400 891 ἀλήθεια,
2427 822 2521 874 καὶ
2567 825 2852 891 προχεῖται
2908 821 3260 891 παράὑτοῦ,
3304 819 3558 886 καθάπερ
3592 818 3741 884 ἀμέρ

2144 913 2224 967 λει
2251 915 2343 966 καὶ
2380 916 2443 966 ὲκ
2480 915 2573 967 τοῦ
2601 914 2736 967 Θεοῦ
2768 917 2862 969 καὶ
2905 915 3140 983 Πατρός.
3178 933 3198 965 δ
3231 914 3304 967 Τὸ
3331 914 3388 966 δὲ
3421 909 3742 979 προχεῖται

2144 1003 2265 1056 ἀντὶ⁵
2294 1005 2385 1057 τοῦ
2416 1005 2806 1073 ἐκπορεύεται
2851 1008 2877 1059 6
2910 1006 3231 1069 διδάσκαλος
3284 1006 3523 1073 τίθησιν,
3562 1003 3639 1065 ὡς
3688 1005 3748 1052 ἐν

2145 1099 2209 1167 τῇ
2254 1097 2514 1168 ἐξηγήσει
2572 1100 2665 1151 τοῦ
2721 1099 2867 1153 θείου
2939 1100 3218 1169 Συμϐόλου
3268 1102 3296 1152 6
3346 1099 3508 1156 αὐτὸς
3562 1096 3745 1161 λέγει,

2147 1191 2274 1244 ἔνθα
2301 1192 2467 1259 φησί’
2505 1192 2645 1244 «Καὶ.
2677 1193 2958 1259 προχεῖται
2981 1231 2995 1254 ,
3030 1192 3201 1261 ἦγουν
3233 1190 3655 1257 ἐκπορεύεται.)

2229 1283 2287 1334 Ὀ
2321 1283 2482 1345 αύτδς
2519 1283 2576 1334 ὲν
2611 1285 2674 1352 τῇ
2724 1283 2993 1352 ἑρμηνείᾳ.
3052 1286 3118 1350 τῇ
3172 1284 3252 1342 είς
3302 1282 3396 1334 τὸν
3426 1283 3751 1348 προφήτην

2162 1373 2317 1444 ’ῐωὴλ
2357 1377 2450 1442 τῇ,
2500 1375 2726 1442 Ἐκχεῶ
2756 1376 2875 1428 ἀπὸ
2930 1373 3037 1428 τοῦ
3072 1374 3421 1442 Πνεύματός
3449 1390 3590 1438 μου.
3626 1389 3747 1437 φη-

2153 1468 2239 1521 σίν
2263 1484 2277 1500 '
2315 1488 2332 1520 ι
2366 1463 2437 1540 ’ᾙ
2471 1470 2567 1538 μὲν
2596 1470 2706 1539 γάρ
2736 1470 2851 1521 ἐστι
2872 1469 3013 1531 ’Θεὸς
3041 1470 3131 1521 καὶ
3165 1470 3226 1521 ὲκ
3257 1466 3390 1519 Θεοῦ
3417 1466 3553 1518 κατὰ
3576 1464 3754 1531 φύσιν

2152 1563 2180 1615 6
2211 1563 2359 1624 Υἱὸς,
2395 1562 2720 1631 γεγέννηται
2758 1563 2867 1630 γὰρ
2917 1561 2980 1614 ἔκ
3030 1560 3126 1613 τοῦ
3175 1558 3309 1611 Θεοῦ
3363 1558 3459 1610 καὶ
3496 1556 3745 1623 Πατρος,

476 1641 611 1706 sius,
672 1651 725 1695 et
770 1643 823 1695 in
868 1644 1004 1711 ipso,
1071 1655 1124 1696 et
1178 1660 1243 1696 ex
1271 1644 1389 1712 ipso
1430 1657 1512 1699 est
1544 1644 1806 1714 Spiritus,
1845 1648 2042 1702 eodem

2175 1654 2286 1707 διον
2316 1655 2483 1706 αὑτοῦ
2515 1671 2572 1705 τε
2604 1654 2697 1706 καὶ
2726 1654 2782 1705 ἐν
2810 1654 2959 1720 αὑτῷ
2995 1655 3089 1704 καὶ
3126 1653 3181 1716 ἐξ
3214 1650 3378 1703 αὐτοῦ
3415 1650 3474 1701 τὸ
3501 1648 3749 1714 Πνεῦμὰ

478 1732 634 1800 plane
675 1734 854 1799 modo,
889 1750 1000 1803 quo
1036 1735 1126 1788 Dei
1160 1734 1338 1790 Patris
1365 1751 1487 1792 esse
1518 1737 1859 1807 intelligitur.
1910 1757 1928 1789 ι

551 1931 694 1986 Idem
723 1932 773 1985 in
807 1934 1217 1989 commentariis
1239 1935 1435 2003 quibus
1462 1934 1709 1990 eonfutat
1746 1936 2053 1991 Palladium

481 2024 558 2077 sic
584 2025 698 2077 ait:
747 2043 762 2075 ι
791 2023 935 2077 Nulli
965 2040 1093 2079 vero
1140 2027 1488 2081 mutabilitati
1517 2028 1787 2082 obnoxius
1816 2038 1902 2081 est
1933 2030 2058 2098 Spi-

485 2114 655 2179 ritus;
687 2114 831 2183 qnod
876 2114 917 2167 si
965 2116 1346 2170 mutabilitatis
1383 2119 1525 2172 malo
1558 2120 1787 2186 laborat,
1827 2120 1929 2187 ipsi
1964 2121 2051 2173 di—

486 2208 623 2261 vinie
673 2202 881 2261 natura:
929 2209 1076 2262 labes
1135 2209 1635 2278 haac’aspergetur,
1670 2228 1793 2267 cum
1850 2213 1921 2265 sit
1962 2212 2057 2267 Dei

483 2296 680 2362 Patris,
735 2306 897 2365 atque
950 2300 1122 2367 ipsius
1175 2300 1317 2366 Filii,
1379 2302 1470 2373 qui
1551 2305 1922 2359 essentialiter
1991 2322 2055 2360 ex

485 2396 735 2454 utroque,
780 2389 988 2443 scilicet
1041 2405 1104 2444 ex
1164 2391 1323 2445 Patre
1382 2409 1475 2461 per
1513 2392 1710 2448 Filium
1745 2394 2047 2450 eﬂ‘unditur

484 2477 737 2545 Spiritus.
792 2496 810 2529 ι
1157 2480 1181 2545 ξ

556 2567 699 2622 Idem
746 2569 798 2622 in
864 2571 1211 2636 expositione
1270 2573 1706 2629 anathematismi
1769 2577 1896 2631 noni
1944 2578 2060 2633 ait:

495 2680 511 2711 ι
544 2661 829 2730 PrOprium
860 2663 1065 2717 habens
1093 2661 1264 2715 Filius
1290 2662 1549 2729 Spiritum
1582 2675 1854 2733 sanctum,
1879 2669 1969 2738 qui
1993 2684 2059 2723 ex

491 2754 609 2819 ipso
637 2762 742 2816 est,
776 2762 829 2806 et
853 2753 956 2821 ipsi
984 2751 1350 2804 essentialiter
1379 2746 1574 2808 insitus
1595 2764 1707 2822 est,
1736 2757 1916 2811 divina
1937 2774 2061 2828 ope-

491 2847 714 2897 rabatur
747 2846 1023 2898 mirarula.
1078 2865 1095 2895 ι

566 2935 761 2991 Ιὶθειιιε
796 2948 1015 3008 quoque
1048 2941 1495 3013 Chrysostomus,
1530 2943 1750 2997 homilia
1779 2943 1834 2996 iu
1881 2944 2060 2998 incar-

2166 1748 2304 1809 ἔστι,
2337 1746 2585 1816 καθάπερ
2644 1744 2838 1815 ἀμέλει
2888 1748 2979 1798 καὶ
3032 1744 3120 1798 ἐπ’
3165 1743 3330 1797 αὐτοῦ
3383 1743 3587 1794 νοεῖται
3644 1740 3755 1792 τοῦ

2162 1837 2294 1891 Θεοῦ
2324 1839 2416 1889 καὶ
2456 1838 2689 1906 Πατρός.
2743 1861 2760 1889 ο
3666 1822 3673 1827 ’

2244 1930 2303 1982 ’0
2348 1930 2510 1991 αὐτος
2541 1931 2596 1982 ὲν
2641 1932 2751 1991 τοῖς
2804 1929 2934 1996 πρὶς
2971 1926 3267 1979 Παλλάδιον
3306 1925 3760 1993 ’Ᾱντιρῤητικοῖς

2164 2022 2303 2075 οὕτω
2332 2023 2480 2088 λέγει
2504 2038 2516 2050 ο
2555 2041 2573 2072 t
2618 2021 2861 2091 Τρεπτὸν
2888 2019 2943 2073 δὲ
2967 2019 3027 2072 οὗ
3056 2020 3137 2073 τοί
3167 2036 3269 2072 που
3295 2016 3521 2085 Πνεῦμὰ
3553 2018 3715 2068 ἐστιν
3742 2030 3758 2043 ⁸

2166 2115 2197 2183 ἢ
2231 2115 2388 2184 εἴπερ
2418 2116 2476 2166 τὸ
2505 2113 2804 2183 τρέπεσθαι
2842 2114 3010 2173 νοσεῖ,
3043 2110 3131 2163 ἐπ’
3158 2110 3329 2179 αὐτὴν
3357 2110 3386 2161 6
3417 2109 3610 2177 μῶμος
3642 2108 3755 2175 τὴν

2168 2206 2318 2257 θείαν
2342 2206 2737 2275 ἀναδραμεῖται
2769 2201 2949 2267 φύσιν,
2986 2200 3145 2267 εἴπερ
3176 2201 3293 2252 ἐστὶ
3334 2196 3428 2251 τοῦ
3475 2196 3616 2249 Θεοῦ
3650 2203 3760 2248 καὶ

2168 2296 2400 2365 Πατρδς,
2438 2296 2531 2349 καὶ⁵
2580 2296 2684 2365 μὴν
2748 2295 2843 2345 καὶ
2891 2293 2984 2346 τοῦ
3045 2291 3198 2356 Υίοῦ,
3248 2290 3308 2342 τὸ
3364 2289 3643 2350 οὐσιωδῶς
3694 2290 3763 2349 έΞ

2168 2396 2393 2461 ἀμφοῖν.
2436 2394 2607 2463 ἤγουν
2668 2393 2730 2444 ὲκ
2793 2388 3006 2459 Πατρὶς
3059 2388 3126 2442 δι’
3179 2386 3309 2441 Υίοῦ
3371 2386 3758 2455 προχεόμενον

2171 2484 2413 2553 Πνεῦμα.
2456 2503 2473 2534 ι

2250 2576 2310 2629 Ὀ
2341 2576 2502 2639 αὐτὸς
2543 2576 2601 2628 ὲν
2643 2576 2707 2644 τῇ
2756 2572 3016 2641 ἐξηγήσει
3069 2570 3164 2623 τοῦ
3206 2569 3430 2639 ὲννᾶτου
3463 2570 3764 2637 ἀναθεμα-

2169 2666 2363 2735 τισμοῦ
2414 2684 2576 2735 φησιν
2601 2683 2614 2697 ·
2656 2665 2850 2717 «Ἵδιον
2903 2663 3041 2734 ἔχων
3071 2663 3098 2714 ὁ
3126 2661 3251 2723 Tib;
3282 2661 3343 2713 τὸ
3374 2660 3432 2725 ἐξ
3459 2659 3629 2714 αὐτοῦ
3649 2661 3757 2711 καὶ

2169 2759 2441 2822 οὒσιωδῶς
2479 2756 2798 2826 ἐμπεφυκὸς
2842 2753 2990 2829 αὐτῷ
3023 2752 3242 2823 Πνεῦμα
3272 2753 3425 2819 ἅγιον
3454 2753 3757 2822 είργάξετο

2166 2852 2265 2911 τὰς
2299 2849 2646 2917 θεοσημείας.
2683 2866 2702 2899 ι

2240 2938 2625 3008 Χρυσόστομος
2673 2939 2728 2991 δὲ
2764 2942 2790 2992 6
2824 2939 3097 3009 μακάριος
3151 2940 3207 2990 ἐν
3236 2941 3298 3007 τῇ
3332 2938 3519 3007 όμιλῖᾳ
3547 2941 3617 3006 τῇ
3662 2942 3752 3001 εἰς

491 3028 762 3083 nationem
794 3029 1027 3092 Domini,
1055 3033 1129 3086 ait
1162 3049 1175 3084 :
1216 3052 1235 3084 ι
1272 3032 1425 3088 Venit
1449 3036 1514 3087 ad
1543 3048 1640 3087 nos
1669 3034 1941 3101 Christus,
1972 3036 2062 3088 de-

2175 3032 2262 3097 τὴν
2313 3031 2720 3099 ἐνανθρώπησιν
2768 3031 2860 3083 τοῦ
2918 3030 3123 3100 Κυρίου
3179 3031 3343 3100 φησίν
3370 3050 3383 3060 ο
3428 3050 3445 3081 ι
3478 3026 3683 3083 Ἷ-ἰ).θεν
3718 3032 3749 3082 6

492 3120 572 3173 dit
621 3122 779 3177 nobis
829 3122 1118 3191 Spiritum,
1176 3128 1268 3193 qui
1297 3141 1361 3180 ex
1387 3126 1505 3193 ipso
1535 3133 1639 3190 cst,
1675 3136 1729 3177 et
1761 3126 2064 3193 assumpsit

493 3228 691 3282 corpus
724 3226 990 3269 nostrum.
1022 3236 1038 3268 ι
1072 3217 1210 3281 Quid
1242 3223 1401 3287 pn’rro
1432 3218 1534 3271 sibi
1562 3216 1848 3283 vultillud,
1877 3216 1977 3283 Qui
1998 3233 2064 3271 ex

496 3307 613 3373 ipso
652 3317 754 3372 est,
806 3309 906 3362 nisi
952 3310 1242 3378 Spiritum,
1275 3327 1367 3381 qm
1400 3312 1467 3365 ab
1499 3311 1616 3379 ipso
1652 3310 1917 3380 procedit,
1943 3326 2067 3366 esse

498 3402 656 3455 nobis
681 3404 867 3454 datum
898 3404 920 3455 ἲ

578 3494 796 3548 Simeon
834 3504 1090 3563 praeterea
1136 3511 1307 3551 novus
1339 3496 1640 3565 theologus,
1684 3495 1774 3564 qui
1813 3505 1867 3549 et
1905 3494 2070 3549 Meta-

499 3587 767 3651 phrastes,
794 3587 986 3656 quinto
1003 3587 1185 3642 Nonas
1213 3586 1482 3653 Octobris,
1515 3586 1605 3641 ubi
1635 3587 1803 3640 sancti
1832 3585 2069 3656 Dionysii

500 3680 830 3750 Areopagitae
866 3680 1030 3733 vitam
1059 3680 1265 3744 scribit,
1318 3679 1395 3734 sic
1430 3680 1502 3733 ait
1532 3696 1544 3731 :
1573 3696 1592 3730 ι
1636 3676 1822 3731 Finem
1866 3677 2069 3731 habent

506 3771 802 3840 corporalis
817 3770 1080 3824 adventus
1100 3769 1301 3835 ofﬁcia,
1322 3780 1375 3823 et
1394 3779 1617 3822 sumunt
1634 3768 1843 3821 initium
1864 3768 2070 3836 spirita-

497 3855 596 3924 lia:
634 3878 895 3930 meusque
916 3862 967 3915 in
986 3863 1181 3917 coelum
1200 3864 1446 3915 evehitur
1467 3852 1739 3924 Christus,
1760 3871 1812 3915 et
1828 3862 2056 3928 patriam

503 3956 690 4025 repetit
713 3957 916 4019 sedem,
947 3955 1216 4023 mittitque
1236 3954 1514 4025 Spiritum,
1539 3954 1629 4022 qui
1656 3954 1723 4007 ab
1740 3954 1859 4022 ipso
1883 3968 2071 4023 proce-

499 4046 668 4111 dit,in
693 4046 1003 4114 discipulos,
1060 4047 1296 4101 utduces
1348 4045 1640 4099 incredulis
1701 4046 1952 4114 gentibus
1975 4047 2071 4101 lie-

501 4148 637 4191 rent.
660 4156 679 4189 ι
719 4137 792 4192 Ita
823 4153 1013 4208 magno
1048 4138 1184 4206 patri
1216 4136 1603 4207 Chrysostotno
1639 4139 2068 4209 consonaloqui-

501 4239 609 4297 tur,
631 4230 756 4284 dum
798 4230 894 4293 ait,
913 4229 1176 4298 Spiritum
1196 4230 1286 4297 qui
1311 4229 1380 4282 ab
1396 4230 1516 4298 ipso
1536 4230 1799 4297 procedit.

571 4498 768 4552 Brutus
798 4496 979 4551 itidem
1009 4497 1357 4565 Epiphanius,
1394 4498 1553 4569 Cypri
1615 4499 2075 4569 archiepiscopus.

505 4608 524 4641 ι
542 4591 729 4657 Ambo,
752 4589 942 4658 inquit,
962 4590 1014 4642 in
1031 4588 1405 4655 hominejusto
1425 4580 1744 4655 inhabitant,
1766 4590 2016 4647 Christus
2028 4602 2080 4648 et

503 4680 738 4748 Spiritus
773 4681 911 4750 ejus:
929 4681 1073 4751 quod
1108 4682 1151 4734 si
1166 4681 1418 4736 Christus
1435 4697 1497 4736 ex
1515 4681 1670 4737 Patre
1688 4684 1920 4739 creditur
1939 4685 2081 4741 Deus

501 4774 567 4825 de
586 4771 713 4835 Deo,
736 4771 969 4839 Spiritus
986 4788 1203 4841 quoque
1222 4781 1319 4827 erit
1341 4789 1368 4826 a
1384 4772 1620 4837 Christo,
1638 4775 1718 4829 vel
1737 4777 1805 4830 ab
1829 4787 2078 4847 utroque;

501 4864 955 4933 quemadmodum
977 4864 1201 4919 allirmat
1226 4865 1495 4932 Christus,
1519 4867 1646 4920 dum
1670 4867 1779 4921 ait:
1807 4867 1958 4933 Quia
1983 4867 2092 4952 Ρα-

503 4968 580 5010 tre
608 4957 862 5025 procedit,
882 4968 1036 5027 atque
1068 4960 1217 5010 itaex
1232 4974 1308 5010 me
1327 4958 1566 5023 accipiet.
1603 4977 1620 5010 ι
1648 4958 1777 5012 Etiu
1802 4960 2087 5037 Αηεοναιο2

509 5069 527 5101 ι
556 5049 1023 5114 Quemadmodum
1048 5064 1206 5103 nemo
1229 5050 1380 5102 novit
1412 5047 1625 5104 Patrem
1646 5051 1749 5105 nisi
1775 5051 1964 5117 Filius,
1990 5067 2087 5107 ne-

502 5157 608 5210 que
629 5142 820 5195 Filium
858 5142 957 5195 nisi
993 5142 1170 5203 Pater;
1195 5141 1264 5194 ita
1285 5142 1464 5195 dicere
1481 5141 1677 5208 audeo,
1702 5159 1876 5212 neque
1916 5143 2089 5212 Spiri-

505 5245 616 5287 tum
650 5234 752 5287 nisi
802 5232 959 5287 Pater
990 5243 1041 5287 et
1074 5232 1261 5298 Filius,
1287 5250 1314 5285 a
1354 5248 1463 5302 quo
1504 5233 1763 5301 procedit,
1805 5243 1858 5288 et
1900 5250 1929 5288 a
1975 5251 2084 5304 quo

505 5324 720 5395 accipit,
753 5335 808 5378 et
829 5340 929 5379 nec
960 5325 1153 5379 Filium
1186 5332 1240 5378 et
1265 5326 1481 5378 Patrem
1518 5325 1620 5380 nisi
1679 5324 1914 5393 Spiritus
1956 5341 2085 5380 san-

510 5424 651 5482 ctus,
680 5415 772 5485 qui
804 5416 962 5471 docet
988 5418 1171 5470 omnia
1203 5425 1257 5472 et
1292 5429 1416 5469 vere
1474 5414 1757 5482 clariﬁeat,
1798 5418 1887 5487 qui
1924 5427 2006 5472 est
2050 5433 2083 5474 a

506 5504 666 5562 Patre
696 5517 749 5561 et
778 5507 936 5561 Filio.
970 5526 990 5559 ι
1028 5507 1092 5561 Ει
1118 5507 1461 5577 pauloint’ra:
1491 5524 1509 5558 ι
1537 5505 1776 5577 Spiritus
1803 5520 1982 5565 autem
2013 5528 2075 5565 ex

509 5598 667 5653 Patre
695 5608 747 5652 et
782 5598 919 5654 Filio
950 5600 1208 5669 spiratur.
1264 5620 1280 5652 ι

591 5714 633 5745 ⁸⁸⁵
658 5715 848 5771 Matth.
874 5736 928 5781 Χ,
950 5719 1046 5771 57.
1124 5718 1163 5749 ”
1199 5717 1313 5774 Jocl
1338 5736 1393 5788 tt,
1427 5722 1516 5776 28.

2166 3123 2399 3189 Χριστὸς
2432 3123 2512 3184 είς
2555 3124 2726 3191 ἡμᾶς,
2756 3123 2955 3177 ἔδωκεν
2986 3125 3119 3193 ἡμῖν
3165 3124 3224 3175 τὸ
3268 3123 3326 3188 ἐξ
3354 3125 3519 3176 αὐτοῦ
3557 3124 3703 3176 Πνεῦ
3732 3160 3737 3161 κ

2170 3232 2263 3283 μα,
2297 3216 2392 3268 καὶ
2420 3214 2640 3267 ἀνέλαϐε
2668 3215 2728 3267 τὺ
2755 3215 3020 3284 ἡμέτερον
3052 3219 3234 3283 σῶμα.
3269 3235 3287 3267 ι
3328 3217 3400 3269 Τὸ
3427 3216 3509 3281 δὲ,
3536 3217 3626 3282 Ἐξ
3654 3219 3754 3270 15-

2167 3309 2282 3375 τοῦ,
2315 3309 2367 3361 τί
2418 3307 2612 3377 δηλοῦν
2647 3308 2980 3378 βούλεται,ἦ
3028 3310 3111 3362 ὅτι
3148 3309 3208 3361 τὸ
3254 3308 3312 3373 ἐξ
3362 3310 3534 3362 αὑτοῦ
3581 3312 3753 3361 ἐκπο-

2174 3401 2461 3471 ρευόμενον
2501 3398 2724 3467 Πνεῦμα
2751 3399 2986 3452 δέδωκεν
3014 3400 3180 3468 ἡμϊνς

2241 3495 2351 3547 Καὶ
2399 3492 2610 3561 Σιμεὼν
2636 3492 2693 3545 δὲ
2720 3494 2747 3546 6
2773 3492 2892 3553 νέος
2938 3492 3209 3559 θεολόγος,
3242 3492 3269 3543 6
3316 3492 3409 3543 καὶ
3445 3492 3752 3560 Μεταφριη

2173 3587 2303 3657 στὴς
2336 3585 2689 3654 καλούμενος,
2726 3587 2791 3653 τῇ
2826 3585 2986 3655 τρίτῃ
3036 3585 3130 3636 τοῦ
3170 3583 3513 3654 Ὀκτωϐρῐου
3545 3587 3629 3646 εις
3662 3585 3753 3636 τὸν

2174 3679 2287 3750 βίον
2331 3678 2425 3730 τοῦ
2462 3678 2617 3745 ἁγίου
2666 3676 2948 3731 Διονυσίου
2994 3677 3088 3729 τοῦ
3133 3678 3548 3745 Ἀρειοπαγίτου
3605 3677 3753 3728 οὕτω

2173 3774 2369 3840 φάσκει
2398 3787 2411 3802 ·
2462 3789 2479 3822 ι
2517 3771 2694 3839 Πέρας
2725 3770 2791 3823 τὰ
2817 3772 2913 3839 τῆς
2943 3769 3261 3838 σωματικῆς
3306 3768 3574 3836 ὲνδημίας
3606 3769 3753 3837 δέχε-

2169 3878 2280 3923 ται,
2306 3861 2372 3913 τὰ
2397 3860 2452 3913 δὲ
2485 3859 2578 3912 τοῦ
2619 3863 2927 3926 πνεύματος
2952 3861 3203 3928 ἄρχεται⁸
3244 3859 3340 3910 καὶ
3366 3860 3447 3920 εἰς
3473 3859 3750 3927 οὐρανοὺς

2172 3954 2200 4004 6
2264 3951 2397 4020 ἐμὸς
2454 3949 2690 4018 Χριστὸς
2732 3950 3086 4020 ἀναφέρεται,
3142 3951 3277 4019 πρὸς
3330 3950 3422 4002 τὸν
3486 3952 3755 4018 πατρικὸν

2173 4044 2419 4097 ἐπάνεισι
2486 4043 2712 4109 θρόνον,
2770 4044 2867 4096 καὶ
2944 4044 3006 4097 τδ
3067 4044 3506 4112 ἐκπορευόμενον
3582 4045 3755 4097 αὐτοῦ

2153 4135 2398 4205 ,Πνεῦμα
2446 4135 2540 4188 ἐπὶ
2581 4137 2646 4205 τῇ
2698 4135 2807 4187 τῶν
2858 4135 3109 4187 ἀπίστων
3166 4133 3339 4186 ἐθνῶν
3391 4136 3756 4201 καταπέμπει

2174 4230 2286 4289 τοῖς
2312 4226 2580 4297 μαθηταῖς
2626 4227 2818 4297 ὁδηγία
2850 4243 2862 4257 ·
2901 4244 2921 4279 ι
2951 4226 3160 4296 συνῳδὰ
3211 4226 3383 4294 λέγων
3414 4226 3489 4295 τῷ
3536 4227 3760 4295 μεγάἓῳ

2178 4321 2345 4389 πατρὶ
2391 4322 2788 4394 Χρυσοστόμῳ,
2853 4320 3024 4391 ἤγουν
3079 4320 3139 4373 τὸ
3195 4320 3634 4390 ἐκπορευόμενον
3700 4320 3760 4381 ἐξ

2178 4412 2366 4466 αὐτοῦ.

2257 4505 2575 4574 Ἐπιφάνιος
2623 4505 2679 4559 δὲ
2733 4505 3169 4575 ἀρχιεπίσκοπος
3219 4504 3449 4571 Κύπρου
3494 4505 3524 4555 6
3578 4502 3758 4569 μακά·

2178 4615 2311 4670 ριος,
2346 4617 2363 4648 t
2416 4598 2723 4667 Ἀμφότερα
2758 4601 3021 4660 κατοικεῖ,
3050 4598 3234 4666 φησὶν,
3268 4598 3326 4648 ἐν
3364 4596 3442 4662 τῷ
3484 4593 3758 4660 ἀνθρώπῳ

2176 4689 2253 4758 τῷ
2278 4688 2491 4756 δικαίῳ,
2532 4690 2559 4741 ὁ
2595 4688 2829 4759 Χριστὸς
2864 4690 2955 4741 καὶ
2987 4688 3047 4741 τὸ
3092 4685 3314 4754 Πνεῦμα
3358 4685 3543 4739 αὑτοῦ.
3595 4684 3655 4735 Εἰ
3701 4683 3753 4733 δὲ

2183 4782 2418 4849 Χριστὸς
2447 4784 2509 4833 ὲκ
2543 4780 2636 4833 τοῦ
2668 4782 2876 4848 Πατρδς
2936 4780 3255 4833 πιστεύεται
3301 4780 3434 4839 Θε²-ς
3483 4780 3545 4829 ἐκ
3596 4773 3756 4835 Θε’.ὖ,

2191 4875 2281 4925 καὶ
2313 4873 2373 4926 τὸ
2406 4873 2629 4941 Πνεῦμα
2658 4874 2719 4926 ὲκ
2752 4874 2844 4926 τοῦ
2881 4873 3143 4943 Χριστοῦ,
3174 4872 3203 4941 ἦ
3242 4872 3372 4940 παρ’
3406 4872 3759 4939 ἀμιροτέρων,

2188 4964 2264 5028 ὦς
2293 4982 2457 5035 φησιν
2491 4966 2518 5017 6
2550 4967 2786 5034 Χριστός
2809 4981 2825 4996 ⁸
2867 4968 2937 5019 '0
2964 4965 3125 5032 παρὰ
3169 4964 3275 5018 τοῦ
3319 4964 3553 5030 Πατρός
3581 4961 3765 5014 ἐκπο-

2182 5059 2439 5124 ρεύεται,
2465 5058 2562 5111 καὶ
2590 5058 2779 5125 οὕτως
2800 5059 2869 5124 ἐξ
2899 5058 3046 5127 ἐμοῦ
3078 5058 3363 5125 λήψεται.
3395 5075 3412 5108 ι
3448 5055 3559 5108 Καὶ
3587 5055 3644 5104 ἐν
3686 5053 3764 5119 τῷ

2202 5150 2538 5221 Ἀγκυρωτῷ
2563 5166 2578 5182 ·
2621 5169 2639 5203 ι
2678 5153 2777 5204 Ὃν
2805 5151 3007 5221 τρόπον
3040 5151 3216 5212 οὐδεὶς
3241 5148 3382 5218 ἔγνω
3414 5148 3507 5200 τὸν
3545 5145 3765 5212 Πατέρα

2191 5243 2239 5295 εἰ
2272 5242 2345 5313 μὴ
2374 5244 2402 5296 6
2444 5243 2593 5309 Υίδς,
2624 5243 2747 5297 οὐδὲ
2788 5244 2880 5295 τὸν
2914 5243 3044 5296 Υἱὺν
3089 5243 3139 5295 εί
3194 5242 3269 5313 μὴ
3298 5244 3326 5295 6
3369 5240 3586 5307 Πατὴρ,
3612 5237 3763 5288 οὕτω

2188 5334 2372 5404 τολμῶ
2400 5334 2605 5399 λέγειν,
2632 5334 2835 5403 οὐδὲητδ
2862 5334 3087 5404 Πνεῦμα
3122 5334 3171 5386 εί
3206 5333 3282 5404 μὴ
3318 5335 3345 5385 6
3377 5330 3568 5402 Πατὴρ
3608 5328 3704 5381 καὶ
3738 5330 3768 5379 6

2190 5426 2339 5492 Υίὸς,
2369 5428 2499 5499 παρ’
2527 5426 2587 5481 οῦ
2638 5425 3001 5495 ἐκπορεύεται
3053 5427 3148 5479 καὶ
3194 5425 3323 5495 παρ’
3353 5422 3415 5476 οῦ
3464 5419 3759 5490 λαμϐάνεισ

2190 5519 2285 5571 καὶ
2317 5519 2440 5571 οὐδὲ
2472 5518 2565 5571 τὸν
2596 5519 2724 5571 Υἱδν
2751 5518 2842 5571 καὶ
2870 5518 2960 5571 τὸν
2990 5516 3208 5587 Πατέρα
3243 5517 3288 5569 εί
3330 5516 3405 5585 μὴ
3430 5516 3491 5567 τὸ
3522 5509 3762 5580 Πνεῦμα

2190 5611 2247 5663 τὸ
2275 5610 2455 5680 ἅγιον,
2485 5612 2544 5664 τὸ
2581 5611 2833 5666 διδάσκον
2861 5612 3061 5676 πάντα,
3091 5610 3149 5663 τὸ
3195 5610 3418 5677 δοξάζον
3469 5604 3709 5678 ἀληθῶς.
3737 5604 3767 5655 ὖ
