4022 6196
263 246 394 327 ῘὲὂῚ

1319 282 1755 342 llEFUTATlO
1797 284 2031 343 MARCI
2074 286 2454 348 EPHESINI.

3353 294 3486 356 1038

257 382 407 477 παρά
448 383 538 434 τοῦ
586 386 796 455 Πατρὸς
843 390 1053 443 καὶτοῦ
1096 392 1222 447 Υίοῦ
1264 397 1379 448 ἐστι
1405 414 1416 424 ·
1475 417 1492 450 ι
1518 400 1610 452 καὶ
1646 398 1975 469 κατωτέρω·
2015 420 2032 453 ι
2079 403 2151 457 Τὸ
2185 405 2405 475 Πνεῦμα
2455 406 2512 459 δὲ
2557 409 2621 460 ὲκ
2662 408 2753 460 τοῦ
2825 410 3033 477 Πατρὺς
3082 410 3173 463 καὶ
3208 409 3301 461 τοῦ
3370 412 3499 463 Tia-3

255 476 429 528 πνέει.
461 497 481 528 ι

320 569 592 637 Ταράσιος
621 574 679 627 δὲ
724 577 750 628 6
780 579 1049 650 μακάριος
1090 590 1439 659 πατριάρχης
1470 592 1814 645 Κωνσταντι-

1999 591 2261 646 Similiter
2279 592 2468 647 beatus
2486 592 2745 649 Tarasius
2774 595 3083 663 patriarcha
3111 596 3493 651 Constantino-

249 662 553 727 νουπόλεως
591 668 647 718 ὲν
676 670 742 737 τῇ
772 672 1027 743 ἐπιστολῇ
1063 676 1200 743 πρὸς
1231 681 1358 741 τοὺς
1402 683 1504 745 τῆς
1552 686 1825 752 ἀνατολῆς

248 753 549 822 ἀρχιερεῖς,
581 751 646 827 ἧς
698 761 729 828 ἡ
780 762 944 831 ἀρχὴ,
982 765 1213 830 Πηλλαῖς
1246 772 1343 823 καὶ
1394 775 1660 839 μεγάλαις
1692 751 1826 843 προ-

247 846 437 908 νοίαις,
466 846 604 901 οῦτω
638 852 771 919 φησί
798 870 810 884 ·
844 874 861 904 ι
897 858 999 909 Kal
1026 862 1103 921 εἰς
1138 860 1197 912 τὸ
1226 861 1444 931 Πνεῦμα
1469 867 1528 917 τὸ
1560 866 1734 932 ἅγιον,
1766 870 1826 920 τὸ

246 939 308 987 ἐκ
358 938 451 990 τοῦ
509 940 717 1010 Πατρὸς
762 945 830 998 δι’
864 946 995 1001 Υίοῦ
1047 954 1509 1022 ἐκπορευόμενον,
1541 960 1632 1011 καὶ
1692 960 1824 1012 αὐτὸ

246 1027 382 1088 Θεὸν
416 1024 557 1081 εἶναι
583 1035 1005 1103 γνωριζόμενοι).
1028 1060 1045 1091 ι

320 1120 429 1170 Καὶ
465 1123 492 1172 6
538 1120 695 1189 ἅγιος
743 1126 801 1179 δὲ
863 1126 1098 1201 Ἰλάριος
1152 1137 1208 1186 ὲν
1244 1136 1311 1204 τῷ
1356 1137 1499 1207 λόγῳ
1550 1138 1627 1208 τῷ
1683 1141 1823 1207 μετά

245 1210 357 1285 τὴν,
388 1212 763 1285 Πεντηκοστήν
798 1217 940 1274 οὕτω
967 1224 1131 1292 φησί·
1170 1244 1187 1276 ι
1231 1226 1565 1296 Πιστεύομεν
1608 1230 1689 1291 είς
1725 1231 1821 1300 τὴν

244 1302 406 1367 ἀγίαν
450 1305 675 1374 Τριάδα,
708 1313 955 1365 τουτέστι
1007 1316 1100 1368 τὸν
1154 1319 1372 1387 Πατέρα
1420 1325 1514 1374 καὶ
1553 1323 1643 1373 τὸν
1692 1323 1820 1376 Υίὸν

246 1394 342 1445 καὶ
371 1394 429 1447 τδ
458 1395 612 1465 ἅγιον
647 1400 896 1471 Πνεῦμα,
932 1403 1030 1458 Eva
1061 1407 1191 1460 Θεὸν
1224 1411 1653 1481 παντοδύναμον,
1688 1416 1819 1482 μιᾶς

244 1489 456 1554 οὐσίας,
492 1492 627 1559 μιᾶς
666 1494 974 1563 ὑπάρξεως,
1005 1502 1135 1568 μιᾶς
1184 1501 1453 1567 ἐξουσίας,
1484 1505 1819 1573 δημιουργὸν

246 1581 466 1634 πάντων
495 1584 602 1637 τῶν
636 1588 986 1655 κτισμάτωνο
1018 1591 1075 1657 ἐξ
1103 1593 1162 1645 οῦ
1196 1595 1391 1658 πάντα,
1414 1596 1482 1649 δι’
1520 1593 1580 1650 οὗ
1617 1599 1811 1662 πάντα,

246 1673 300 1723 ὲν
356 1666 639 1737 ᾧπάντα’
698 1678 919 1747 Πατέρα
976 1680 1071 1749 ἀφ’
1132 1683 1352 1749 ἑαυτοῦ,
1387 1686 1506 1739 ἀλλ’
1561 1687 1659 1739 οὐκ
1721 1686 1811 1754 ἀφ’

244 1766 464 1836 ἐτέρου·
499 1768 624 1819 Υίὸν
656 1771 717 1822 ὲκ
745 1771 838 1822 τοῦ
875 1774 1089 1843 Πατρδς
1135 1778 1418 1847 γεννητὸν,
1449 1778 1582 1831 Θεὸν
1616 1780 1813 1848 ἀληθι-

243 1859 335 1909 νἰν
394 1860 458 1911 ἐκ
511 1859 646 1913 Θεοῦ
706 1863 981 1931 ἀληθινοῦ,
1048 1867 1162 1933 φῶς
1214 1869 1469 1937 ἀληθινὸν
1516 1872 1580 1923 lx
1632 1872 1813 1938 φωτὸς

242 1947 523 2016 ἀληθινοῦ,
549 1951 608 2002 οὐ
648 1951 754 2019 μὴν
786 1952 879 2006 δύο
921 1955 1099 2022 φῶτα,
1131 1958 1244 2009 ἀλλ’
1294 1957 1354 2010 ἓν
1398 1960 1547 2027 φῶς’
1584 1962 1821 2033 Πνεῦμα-

243 2038 399 2106 ἆγιον
459 2041 610 2112 παρὰ
666 2043 877 2112 [ἰατρὸς
938 2046 1032 2098 καὶ
1082 2046 1211 2099 Υίοῦ
1257 2048 1451 2120 ἐπίσης
1508 2053 1808 2123 ἐκπορευό-

244 2147 425 2198 μενον.
468 2148 488 2181 ι
994 2147 1003 2153 ·

316 2225 425 2276 Καὶ
465 2225 812 2291 Ἀναστάσιος
837 2229 894 2283 δὲ
925 2232 950 2283 ὁ
979 2231 1073 2285 τοῦ
1104 2233 1259 2300 ἁγίου
1292 2234 1451 2303 ὅρους
1484 2239 1616 2292 Σινᾶ
1649 2241 1704 2291 ἐν
1735 2239 1811 2308 τῷ

245 2315 391 2385 λόγῳ
445 2315 519 2387 τῷ
560 2319 699 2386 Περὶ
736 2321 866 2374 καθ’
915 2322 1072 2390 ἡμᾶς
1111 2326 1301 2393 ὀρθῶν
1344 2328 1653 2397 δογμάτων
1702 2332 1811 2399 τῆς

240 2408 550 2475 ἀληθείας,
574 2411 888 2483 ἐπιγραφὴν
915 2414 1115 2485 ἔχοντι,
1159 2416 1221 2469 ’Π
1252 2418 1308 2471 δὲ
1342 2421 1484 2499 ἀρχὴ
1521 2421 1614 2473 τοῦ
1644 2422 1807 2488 λόγου

240 2499 351 2550 τῶν
392 2503 512 2570 περὶ
553 2501 653 2572 τῆς
705 2504 892 2571 ὑγιοῦς
941 2506 1096 2575 ἡμῶν
1145 2508 1403 2575 πίστεως,
1436 2510 1580 2566 οὕτω
1628 2515 1803 2582 φησί·

246 2608 262 2638 ι
298 2588 404 2641 Τοῦ
429 2591 482 2643 δὲ
506 2591 751 2659 σώματος
773 2594 831 2647 τὸ
856 2596 1051 2665 ἰδίωμα
1070 2599 1321 2663 λαϐόντες
1344 2605 1414 2662 ὡς
1439 2604 1808 2673 παράδειγμα,

238 2683 341 2750 τὴν
371 2683 727 2754 ἀλληλουχίαν
774 2687 881 2741 τῶν
912 2689 1070 2742 θείων
1124 2693 1551 2762 παραστήσαιμεν
1592 2696 1679 2748 διὰ
1712 2700 1809 2767 τῆς

237 2775 350 2826 τῶν
379 2776 556 2844 μελῶν
580 2778 870 2846 ἀναλογίας
900 2797 960 2832 τε
993 2783 1086 2834 καὶ
1115 2783 1367 2847 εἰκασίας
1388 2802 1401 2814 ·
1428 2786 1604 2858 ταύτῃ
1630 2789 1686 2840 δὲ
1717 2792 1810 2842 καὶ

240 2864 461 2933 πνεῦμα
522 2867 787 2935 στόματος
848 2870 1035 2934 αὑτοῦ,
1099 2871 1343 2939 δηλονότι
1394 2874 1488 2928 τοῦ
1548 2876 1706 2937 Θεοῦ.
1754 2883 1813 2932 τὸ

244 2956 471 3027 Πνεῦμα
527 2959 587 3010 τὸ
656 2959 809 3027 ἅγιον
861 2961 1117 3029 λέγεται,
1178 2966 1443 3033 στόματος
1518 2969 1668 3033 ὄντος
1719 2969 1813 3023 τοῦ

241 3050 601 3116 Μονογενοῦς.
642 3053 752 3105 Kal
805 3054 1051 3122 Πνεῦμα,
1100 3057 1264 3111 παλιν
1317 3058 1376 3123 ἐξ
1425 3061 1590 3115 αὑτοῦ
1651 3064 1816 3117 ἐκποι-

242 3142 539 3212 ρευόμενον
584 3148 675 3199 καὶ
715 3146 1211 3217 ἀποστελλόμενον,
1253 3153 1314 3204 οὐ
1348 3153 1508 3222 μόνον
1542 3156 1693 3223 παρά
1721 3158 1812 3210 τοῦ

1932 682 2221 750 politanus,
2258 684 2310 736 in
2348 684 2577 753 epistola
2610 685 2676 739 ad
2710 687 2967 754 praesules
3000 686 3257 752 Orientis,
3282 705 3404 757 qua:
3429 692 3498 745 ita

1928 771 2117 840 incipit
2154 789 2168 825 :
2213 774 2392 830 Multis
2421 784 2475 828 et
2508 778 2717 846 magnis
2746 777 3103 832 Providentia:
3149 780 3341 841 modis,
3378 783 3491 836 haec

1929 865 2090 917 habet
2118 880 2131 917 :
2162 882 2181 913 ι
2225 863 2290 918 Ει
2322 867 2373 918 in
2403 865 2665 935 Spiritum
2702 880 2974 933 sanctum,
3004 870 3094 938 qui
3122 886 3185 923 ex
3216 870 3375 925 Patre
3409 888 3495 941 per

1926 956 2123 1009 Filium
2155 959 2421 1025 procedit,
2456 960 2550 1028 qui
2578 968 2631 1015 et
2666 961 2780 1030 ipse
2809 960 2950 1016 Deus
2972 965 3306 1032 agnoscitur.
3351 984 3369 1015 ι

1996 1134 2061 1189 Et
2097 1144 2320 1190 sanctus
2352 1136 2611 1202 Hilarius,
2668 1140 2913 1195 oratione
2943 1151 3064 1210 post
3118 1143 3493 1210 Pentecosten,

1924 1227 2003 1281 sic
2036 1229 2146 1283 ait:
2170 1248 2201 1280 ν(
2227 1229 2513 1285 Credimus
2540 1232 2590 1284 in
2616 1242 2855 1285 sanctam
2898 1234 3238 1301 Trinitatem,
3277 1239 3380 1291 hoc
3416 1250 3496 1291 est

1923 1317 2143 1372 Patrem
2174 1328 2227 1373 et
2256 1318 2449 1374 Filium
2482 1332 2534 1376 et
2558 1321 2819 1390 Spiritum
2845 1333 3307 1390 sanctum,unum
3328 1326 3497 1381 Deum

1922 1408 2367 1477 omnipotentem,
2404 1413 2569 1465 unius
2597 1412 2935 1477 substantiae,
2998 1416 3161 1469 unius
3215 1415 3490 1479 essentia,

1922 1500 2084 1554 unius
2097 1502 2400 1572 potestatis,
2432 1503 2767 1557 conditorem
2800 1505 3041 1558 omnium
3075 1514 3448 1561 creaturarum
3479 1524 3494 1569 ;

1921 1609 1985 1648 ex
2037 1609 2148 1664 quo
2176 1595 2383 1659 omnia,
2416 1610 2511 1663 per
2541 1612 2700 1665 quem
2756 1600 2961 1663 omnia,
3023 1598 3078 1652 in
3133 1614 3241 1669 quo
3265 1599 3441 1653 omnia
3477 1616 3493 1663 ;

1920 1685 2134 1741 Patrem
2166 1703 2232 1740 ex
2266 1703 2347 1753 se,
2388 1703 2496 1743 non
2526 1692 2596 1743 ab
2642 1690 2792 1755 alio;
2826 1689 3023 1744 Filium
3087 1706 3153 1745 ex
3199 1690 3356 1745 Patre
3404 1708 3495 1759 ge-

1920 1780 2119 1844 nitum,
2150 1780 2317 1833 Deum
2374 1794 2557 1833 verum
2616 1781 2684 1835 de
2723 1781 2832 1835 Deo
2862 1796 3009 1846 vero,
3063 1781 3241 1835 lumen
3308 1796 3493 1835 verum

1917 1873 1983 1927 dc
2002 1872 2209 1926 lumine
2254 1887 2403 1936 vero,
2440 1888 2546 1927 non
2582 1883 2759 1927 tamen
2784 1877 2892 1929 duo
2947 1876 3151 1929 lumina
3180 1874 3272 1928 sed
3324 1890 3490 1927 unum

1916 1968 2128 2031 lumen;
2162 1964 2424 2034 Spiritum
2458 1975 2703 2023 sanctum
2726 1984 2753 2021 a
2783 1965 2939 2023 Patre
2974 1976 3027 2024 et
3061 1967 3195 2022 Filio
3214 1967 3495 2038 arqualitcr

1914 2059 2314 2128 procedentem.
2346 2079 2365 2110 ι

1985 2215 2063 2269 Ad
2106 2217 2218 2272 haec
2247 2218 2571 2273 Anastasius
2594 2220 2765 2272 sancti
2824 2220 3020 2274 montis
3058 2219 3211 2281 Sina,
3262 2220 3315 2272 in
3374 2232 3490 2272 sor-

1916 2324 2097 2371 mone,
2122 2310 2205 2363 cui
2243 2309 2428 2364 titulus
2467 2326 2481 2363 :
2510 2311 2580 2364 De
2603 2311 2755 2365 rectis
2780 2327 2898 2381 qua:
2926 2329 3016 2365 nos
3047 2314 3307 2366 crrdimus
3357 2313 3489 2383 dog-

1915 2402 2146 2455 matibus
2179 2403 2439 2469 veritatis,
2471 2403 2630 2473 cujus
2663 2404 2765 2457 tale
2781 2404 3107 2473 principium
3139 2415 3221 2460 est
3255 2407 3485 2459 :Eorum

1914 2509 2037 2563 qua:
2065 2494 2132 2548 de
2164 2494 2367 2549 illibata
2392 2496 2493 2548 nde
2526 2504 2735 2557 nostra,
2767 2498 2838 2549 ita
2910 2496 3173 2564 scriptum
3226 2497 3442 2571 reliqua
3471 2512 3485 2548 :

1922 2606 1939 2639 ι
1984 2586 2060 2640 Ex
2103 2602 2168 2641 eo
2205 2602 2370 2656 porro
2400 2586 2544 2655 quod
2577 2588 2857 2657 proprium
2908 2589 3155 2658 corporis
3186 2600 3269 2643 est
3321 2590 3490 2657 petito

1914 2679 2183 2748 exemplo,
2212 2678 2635 2743 declaravimns,
2670 2678 2943 2746 quomodo
2973 2680 3023 2731 in
3084 2679 3283 2732 divinis
3339 2679 3474 2732 alte-

1914 2785 2033 2823 rum
2060 2770 2131 2823 sit
2157 2768 2211 2821 in
2240 2770 2411 2822 altero
2440 2782 2504 2821 ex
2534 2768 2887 2836 proportione
2946 2778 3001 2821 et
3060 2767 3480 2821 adumbratione

1915 2863 2309 2916 membrorum.
2338 2859 2452 2914 Hac
2482 2860 2626 2915 enim
2656 2862 2871 2913 ratione
2899 2868 2952 2914 et
2975 2860 3197 2929 spiritus
3217 2860 3327 2913 oris
3345 2859 3484 2928 ejus,

1917 2954 2009 3008 Dei
2053 2954 2284 3021 scilicet,
2318 2952 2554 3022 Spiritus
2585 2963 2810 3007 sanctus
2841 2952 3062 3017 dicitur,
3127 2966 3250 3005 cum
3302 2953 3370 3005 sit
3426 2967 3488 3005 os

1921 3046 2254 3115 Unigcnitus.
2279 3065 2298 3099 ι
2325 3048 2391 3101 Et
2425 3063 2616 3103 rursus
2645 3063 2660 3100 :
2702 3065 2719 3098 t
2761 3046 2991 3116 Spiritus
3013 3087 3027 3111 ,
3051 3046 3139 3115 qui
3172 3046 3238 3099 ab
3268 3060 3331 3098 co
3360 3060 3486 3114 pro-

1917 3142 2060 3196 cedit
2111 3152 2163 3195 et
2217 3140 2468 3205 mittitur,
2505 3155 2611 3193 non
2640 3154 2670 3192 a
2704 3139 2863 3193 Patre
2902 3140 3098 3203 solum,
3134 3138 3229 3191 sed
3264 3138 3423 3191 etiam
3457 3153 3487 3189 a

241 3235 477 3304 Πατρὶς,
510 3237 645 3290 ἀλλά
675 3241 768 3291 καὶ
802 3240 953 3309 παρά
987 3239 1080 3294 τοῦ
1110 3240 1262 3295 Υ.οῦ.
1305 3262 1323 3294 ι
1365 3245 1471 3295 Kal
1522 3245 1662 3312 μετά
1691 3263 1810 3298 τινα

1921 3234 2111 3287 Filio.»
2150 3236 2211 3287 Et
2236 3243 2356 3301 post
2380 3247 2550 3300 pauca
2579 3250 2592 3284 :
2626 3248 2645 3281 ι
2688 3231 2875 3297 Itaque
2897 3230 3176 3291 Dominus,
3202 3239 3258 3281 ut
3282 3242 3405 3280 eum
3432 3244 3489 3282 se

240 3328 406 3380 πάλιν
442 3330 613 3398 φησί’
654 3348 671 3381 ι
712 3331 817 3382 Kal
850 3331 1025 3397 γοῦνὸ
1059 3332 1259 3402 Κύριος
1290 3334 1346 3399 ἐξ
1377 3335 1572 3389 ἑαυτοῦ
1600 3338 1813 3399 δεικνὺς

236 3416 373 3469 αὐτὸ
399 3417 685 3487 ὑπάρχειν,
719 3421 980 3489 ἐμφυσῶν
1012 3424 1123 3486 τοῖς
1160 3424 1431 3493 μαθηταῖς
1463 3424 1619 3493 ἔλεγε
1642 3443 1655 3458 ’
1699 3426 1811 3480 Λά-

236 3513 371 3563 ϐετε
396 3509 638 3579 Πνεῦμα
666 3510 858 3581 ἅγιον.
877 3531 896 3564 ι

311 3603 419 3655 Kal
454 3602 813 3672 Δαμασκηνὸς
853 3604 910 3657 δὲ
959 3605 987 3658 6
1040 3605 1195 3673 ἅγιος
1228 3609 1285 3661 ὲν
1313 3606 1391 3677 τῷ
1434 3607 1500 3677 ιγ’
1529 3609 1637 3663 τῶν
1671 3613 1808 3665 Θεο-

237 3691 502 3762 λογικῶν
527 3693 671 3746 οῦτω
689 3694 837 3760 λέγει
861 3711 876 3725 ο
907 3714 923 3746 t
966 3695 1030 3748 Ἣ
1060 3699 1425 3769 ἐκφαντῡρικὴ
1452 3701 1547 3755 τοῦ
1578 3704 1810 3771 κρυφίου

236 3786 339 3853 τῆς
378 3786 625 3857 Θεότητος
662 3787 895 3857 δύναμις
944 3789 1038 3842 τοῦ
1080 3793 1293 3860 Πατρὶς
1340 3796 1405 3846 ἐκ
1452 3794 1664 3863 Πατρός
1696 3797 1812 3848 ἔστι

236 3878 307 3929 δι’
336 3877 464 3931 Υίοῦ
494 3880 922 3949 ἐκπορευομένη,
955 3881 1028 3941 ὡς
1048 3880 1207 3936 οἶδεν.
1242 3902 1259 3934 ι
1300 3884 1408 3936 Kal
1441 3886 1637 3953 μικρὸν
1673 3886 1814 3940 dvin-

236 3972 420 4038 τέρω’
458 3990 477 4023 ι
514 3970 683 4034 Αὐτὸς
737 3972 836 4041 μὲν
877 3968 971 4025 οὖν
1000 3975 1116 4027 ἐστι
1144 3975 1289 4040 νοῦς,
1334 3976 1527 4044 Λόγουι
1557 3977 1812 4040 ἄϐυσσος,

236 4067 414 4131 Λόγου
448 4068 748 4136 γεννήτωρ,
784 4066 877 4120 καὶ
904 4066 991 4119 διὰ
1022 4068 1195 4133 Λόγου
1230 4068 1527 4138 προϐολεὺς
1555 4069 1813 4136 ικφαντο-

238 4158 399 4227 ρικοῦ
437 4159 771 4226 Πνεῦματος.
810 4175 828 4207 ι
858 4158 930 4210 Τὸ
953 4158 1030 4223 δὲ,
1068 4162 1129 4210 ἐκ
1169 4157 1263 4211 τοῦ
1306 4157 1437 4213 Υίοῦ
1468 4160 1527 4212 τὸ
1562 4160 1809 4229 Πνεῦμα,

233 4252 297 4301 οὐ
340 4250 593 4316 λέγομεν,
627 4249 765 4318 ὅπερ
809 4251 868 4301 ὲν
920 4250 998 4320 τῷ
1022 4250 1193 4319 ὀγδόῳ
1243 4250 1524 4320 κεφαλαίῳ
1575 4255 1603 4304 6
1646 4253 1813 4316 αὐτὸς

230 4341 557 4404 διδὰπαλος
609 4340 782 4407 λέγει,
816 4340 902 4393 ῐνα
954 4344 1027 4410 μή
1072 4359 1156 4403 τις
1202 4342 1476 4413 διστάσῃο
1538 4342 1811 4413 ὲλύσαμεν

232 4436 373 4489 αὐτὸ
407 4438 463 4489 ὲν
494 4436 569 4504 τῷ
604 4434 809 4503 πρώτῳ
840 4435 1121 4504 κεφαλαίῳ
1157 4434 1251 4487 τοῦ
1284 4436 1432 4504 ὅρου,
1469 4436 1813 4506 ὑπεραπολο-

234 4530 496 4597 γούμενοι
532 4528 636 4579 τῶν
674 4527 836 4581 πέντε
867 4527 1211 4595 κεφαλαίων.

1918 3325 2244 3386 ostenderet,
2278 3341 2304 3374 a
2336 3338 2446 3391 quo
2471 3323 2706 3389 Spiritus
2733 3329 2953 3373 sanctus
3007 3319 3243 3383 exsistit,
3313 3318 3486 3372 insuf-

1916 3414 2055 3469 llans
2088 3416 2142 3468 in
2172 3414 2470 3482 discipulos
2504 3414 2686 3467 aiebat
2723 3430 2737 3465 ε
2770 3411 3001 3478 Accipite
3055 3409 3315 3478 Spiritum
3364 3428 3489 3465 san-

1917 3517 2081 3561 ctum.
2111 3526 2130 3559 ι

1988 3601 2155 3656 Sacer
2188 3615 2402 3669 quoque
2442 3598 2813 3654 Damascenus
2852 3600 3012 3653 tertio
3061 3598 3272 3653 decimo
3315 3597 3489 3665 capite

1916 3695 2111 3749 Rerum
2142 3694 2440 3748 divinarum
2464 3693 2575 3747 [tam
2604 3694 2764 3747 habet
2793 3709 2805 3745 :
2844 3710 2862 3742 ι
2890 3690 3287 3747 Manifestativa
3315 3692 3489 3744 virtus

1917 3786 2145 3840 occulta:
2172 3785 2346 3840 Patris
2374 3784 2677 3839 divinitatis
2710 3800 2775 3838 ex
2801 3783 2962 3838 Patre
3022 3793 3105 3838 est
3153 3798 3246 3850 per
3293 3780 3487 3834 Filium

1917 3880 2239 3949 procedens,
2268 3886 2323 3931 nt
2353 3879 2470 3946 ipsa
2515 3878 2685 3930 novit.
2723 3896 2741 3927 ι
2780 3877 2846 3930 Ει
2894 3878 3052 3945 paulo
3101 3884 3227 3930 ante
3264 3894 3277 3929 :
3318 3894 3336 3926 ι
3370 3876 3491 3943 Ipse

1916 3971 2081 4039 igitur
2099 3980 2182 4024 est
2200 3984 2372 4033 mens,
2391 3968 2551 4024 Verbi
2577 3969 2828 4037 abyssus,
2849 3969 3006 4021 Verbi
3031 3967 3262 4037 genitor,
3288 3981 3491 4036 perque

1922 4064 2154 4119 Verbum
2179 4063 2417 4140 Spiritus
2446 4060 2831 4115 manilestativi
2863 4061 3213 4131 productor.»
3240 4059 3369 4114 Illud
3392 4075 3489 4113 au-

1919 4166 2047 4222 tcm,
2087 4157 2159 4209 Ex
2193 4154 2351 4219 Filio,
2378 4170 2484 4207 non
2510 4153 2749 4208 dicimus
2772 4152 3035 4222 Spiritum
3072 4153 3254 4219 ;quod
3294 4164 3490 4205 octavo

1917 4248 2096 4317 capite
2120 4248 2313 4301 doctor
2345 4246 2487 4299 idem
2514 4246 2694 4312 habet,
2746 4261 2814 4299 ne
2854 4244 2978 4313 quis
3024 4243 3303 4319 addubitet
3340 4244 3487 4311 ;jam

1916 4340 2183 4395 solvimus
2203 4340 2255 4391 in
2284 4339 2461 4407 primo
2487 4337 2822 4392 deﬁnitionis
2844 4337 3185 4403 capite,dum
3216 4352 3314 4406 pro
3333 4340 3489 4405 quin-

1915 4449 2021 4504 qne
2050 4432 2319 4502 capitibus
2352 4430 2653 4500 apologiam
2692 4428 3053 4484 scriberemus
3077 4429 3174 4499 (t).

312 4594 425 4673 Kal
476 4619 744 4687 Κύριλλος
809 4594 973 4672 πάλιν
1021 4621 1048 4669 6
1101 4618 1375 4687 μακάριος
1422 4620 1480 4671 ὲν
1539 4624 1617 4688 τῷ
1678 4622 1812 4691 πρὸς

1992 4621 2230 4676 Rursum
2270 4621 2461 4675 beatus
2483 4617 2740 4690 Cyrillus,
2790 4617 3038 4672 secundo
3088 4618 3154 4671 ad
3217 4616 3490 4669 Hermiam

243 4709 512 4779 Ἑρμείαν
540 4709 778 4777 δευτέρίρ
809 4708 959 4776 λέγει
990 4707 1162 4769 οὕτως
1186 4726 1199 4740 ο
1235 4726 1253 4759 ι
1291 4710 1481 4776 ’Ἂγιον
1504 4711 1559 4763 δὲ
1586 4710 1814 4781 Πνεῦμα

238 4805 535 4871 προσερεῖε
580 4802 639 4854 τὸ
689 4804 752 4853 ἐκ
784 4801 993 4867 Πατρδς
1029 4801 1095 4853 δι’
1150 4800 1279 4853 Υἱοῦ
1316 4803 1681 4871 προχεόμενον
1720 4821 1817 4868 φυ-

235 4891 432 4953 σικῶς.
455 4911 472 4943 ι
505 4893 626 4944 Ὀτι
650 4892 705 4943 δὲ
742 4893 797 4960 ή,
837 4890 958 4955 διὰ,
984 4894 1072 4961 τῇ,
1103 4893 1195 4956 ἐκ,
1222 4891 1549 4959 ίσοδυναμεί,
1596 4893 1688 4945 καὶ
1720 4893 1819 4962 τὴν

232 4984 413 5050 αὐτὴν
443 4984 596 5052 ἰσχὺν
626 4984 761 5052 ἔχει,
806 4986 944 5051 μετά
976 4983 1170 5052 μικρὸν
1203 4985 1298 5035 καὶ
1326 4982 1487 5036 τοῦτό
1523 5001 1606 5037 σοι
1640 4983 1816 5049 55(50-

235 5092 367 5144 μεν.
400 5074 514 5127 Νῦν
545 5074 600 5127 δὲ
644 5076 696 5127 τί
733 5075 875 5144 ἔχεις
911 5075 1047 5144 πρὸς
1090 5073 1265 5127 ταῦτα
1292 5075 1502 5140 εἰπεῐνς
1536 5074 1649 5129 Οῦκ
1679 5077 1818 5128 εἰσιν

229 5153 390 5217 οὗτοι
429 5166 475 5216 οἱ
526 5164 916 5235 προλεχθέντες
965 5164 1111 5232 ἅγιοι
1173 5170 1267 5217 καὶ
1315 5165 1413 5234 τῆς
1486 5167 1816 5236 Ἐκκλησίας

228 5256 591 5321 διδάσκαλοι;
624 5258 684 5309 Εἰ
728 5256 822 5309 οῦν
856 5251 1001 5309 οὗτοι
1056 5255 1254 5318 πάντες
1308 5260 1363 5308 ἐν
1397 5257 1678 5325 διαφόροις
1734 5259 1818 5310 λέ-

232 5349 362 5412 ξεσι
406 5350 498 5401 καὶ
533 5347 823 5410 συλλαϐαῖς
855 5349 912 5399 ἐν
943 5351 1055 5410 τοίς
1088 5349 1268 5401 αὐτῶν
1325 5344 1728 5418 συγγράμμασι
1756 5350 1817 5401 τὸ

230 5436 472 5506 Πνεῦμα
500 5438 557 5490 τὸ
584 5436 737 5504 ἅγιον
763 5441 825 5489 ἐκ
856 5436 948 5491 τοῦ
980 5438 1187 5507 Πατρδς
1216 5440 1307 5491 καὶ
1338 5437 1431 5491 τοῦ
1469 5438 1597 5491 Υίοῦ
1629 5440 1815 5507 ὁμολο-

231 5530 405 5602 γοῦσι
452 5531 547 5583 καὶ
582 5530 819 5598 λέγουσι,
851 5530 1016 5582 πόθεν
1060 5547 1143 5581 σοι
1176 5530 1235 5581 τὸ
1264 5530 1325 5581 ὲκ
1357 5530 1520 5597 μόνου
1569 5529 1663 5582 τοῦ
1708 5531 1817 5583 Πα-

1917 4714 2081 4775 libro,
2106 4718 2184 4767 sic
2210 4713 2285 4766 ait
2320 4730 2332 4765 :
2372 4712 2663 4765 «Sanctum
2690 4725 2819 4763 vero
2840 4709 3099 4779 Spiritum
3134 4709 3373 4773 vocabis,
3400 4709 3491 4777 qui

1919 4821 1983 4857 cx
2012 4806 2172 4857 Patre
2202 4819 2296 4872 per
2334 4802 2529 4855 Filium
2562 4801 2858 4877 etinnditnr
2904 4802 3243 4855 naturaliter.
3279 4819 3296 4852 ι
3337 4801 3488 4866 Quod

1919 4911 2048 4949 vero
2066 4894 2373 4962 praepositio
2388 4909 2482 4961 per
2512 4894 2651 4946 idem
2672 4894 2847 4945 valeat
2876 4894 3018 4961 quod
3044 4909 3129 4959 ex,
3163 4904 3214 4947 et
3241 4894 3487 4947 eamdem

1922 4988 2119 5041 habent
2151 5002 2215 5040 ac
2243 4987 2332 5039 illa
2366 4988 2495 5051 vim,
2536 4986 2694 5054 paulo
2726 4995 2847 5055 post
2875 4985 2925 5038 id
2960 4987 3121 5040 etiam
3150 4985 3245 5038 tibi
3306 4995 3494 5037 osten-

1926 5077 2140 5131 demus.
2175 5074 2330 5131 Nunc
2359 5091 2487 5145 ergo
2515 5079 2643 5147 quid
2670 5079 2734 5129 ad
2771 5079 2882 5130 lucc
2910 5087 3059 5143 potes
3085 5076 3309 5128 dicere?
3330 5075 3481 5127 Non~

1927 5185 1994 5223 ne
2023 5170 2113 5238 qui
2140 5170 2288 5222 allati
2319 5177 2465 5233 sunt,
2495 5170 2668 5223 sancti
2697 5178 2751 5223 et
2784 5167 3040 5221 Ecclesia;
3060 5168 3308 5220 doctores
3328 5165 3492 5219 sunt?

1926 5261 1983 5314 Si
2015 5276 2207 5314 omnes
2236 5262 2321 5314 isti
2352 5277 2446 5328 per
2472 5261 2719 5315 diversas
2748 5275 2911 5313 voces
2943 5268 2999 5310 et
3052 5257 3319 5311 dictiones
3377 5258 3491 5310 sui»

1925 5354 1977 5405 in
2010 5354 2229 5420 scriptis
2268 5352 2504 5407 fatentur
2527 5368 2590 5407 ac
2617 5355 2829 5416 docent,
2859 5351 3120 5419 Spiritum
3145 5361 3395 5403 sanctum
3423 5364 3489 5399 rx

1924 5443 2086 5497 Patre
2119 5452 2175 5497 et
2216 5443 2375 5507 Filio,
2431 5460 2495 5497 ex
2541 5460 2649 5509 quo
2702 5454 2757 5496 tu
2801 5456 2971 5496 sacra;
3024 5442 3314 5510 Scriptum
3373 5440 3493 5492 loto

1930 5537 2117 5601 babes,
2153 5536 2414 5605 Spiritum
2447 5546 2695 5590 sanctum
2731 5551 2794 5589 ex
2827 5536 2943 5588 solo
2962 5533 3121 5589 Patre
3154 5534 3445 5604 procedere
3473 5533 3497 5587 1’

312 5712 395 5783 (li
428 5709 805 5791 Notandabaec
847 5725 1069 5779 prorsus
1105 5708 1341 5764 auctoris
1370 5709 1555 5765 verba.
1592 5710 1883 5767 Vidcinfra
1916 5711 2178 5767 Monitum
2212 5722 2460 5769 nostrum
2493 5712 2759 5782 Αροιυῃὶω
2791 5712 3091 5785 praeﬁxum.
3136 5712 3297 5771 Eutr.

724 5930 743 5969 /
