4022 6196
251 295 378 360 ιοδι

1274 303 1425 362 REI“
1441 302 1725 365 UTATIO
1765 301 2006 363 MARCI
2065 299 2456 363 EPllESlNI.

3365 298 3499 362 ιιι-ι

246 415 455 476 ϐαίνεις
485 413 582 481 τὴν
610 415 782 480 τάξιν,
831 417 964 485 ἄλλη
994 416 1102 486 γὰρ
1130 419 1280 471 ἐστιν
1309 421 1342 489 ὴ
1390 419 1637 489 ἡμετέρα
1684 437 1819 488 συμ-

1935 433 2023 471 nos
2051 419 2306 472 convenit
2351 428 2518 486 atque
2551 425 2606 470 tu
2641 415 2816 478 lacis;
2853 414 3092 470 nondum
3127 417 3286 470 tinem
3315 415 3505 472 ltalmit

247 502 442 568 φωνέα,
474 505 566 554 καὶ
601 503 778 565 ἄλλως
812 509 982 570 ποιεῖς
1009 523 1022 537 ·
1054 508 1130 558 ἔτι
1165 509 1224 560 τὸ
1254 508 1342 560 τοῦ
1388 511 1628 577 μεγάλου
1657 510 1820 563 Bact-

245 590 392 642 λείου
421 592 585 658 ῥητὸν
615 593 715 644 ούκ
749 594 908 647 ἔλαϐε
941 596 1126 663 τέλος,
1161 600 1257 650 καὶ
1298 599 1360 650 σὺ
1404 599 1710 669 προέφερες
1741 601 1820 660 εἰς

248 686 414 751 μέσον
443 685 610 749 ἄλλας
643 688 927 752 ὑποθέσεις
977 691 1073 744 καὶ
1113 690 1246 744 ἄλλα
1277 692 1551 760 κεφάλαια
1593 692 1698 759 ἕξω
1728 692 1820 745 τοῦ

245 781 636 847 προκειμένου,
671 781 960 848 δ;ὁάσκων,
1014 783 1088 846 ὼς
1140 783 1307 848 ἔοικε,
1361 787 1486 846 τοὺς
1518 787 1818 856 ἀκροατάς.

245 871 388 935 Λέγε
426 869 614 923 λοιπὸν
652 875 885 942 μακρὸν,
937 877 1060 928 ὅσον
1093 877 1156 929 ἂν
1211 878 1371 940 αὐτὸς
1408 879 1598 948 βούλῃ’
1635 878 1822 946 ἐπειδὴ

247 960 360 1027 ἐγὼ
392 963 491 1014 οὐκ
530 962 638 1032 ἔχω
679 966 886 1018 τιθέναι
922 984 1002 1018 σοι
1034 966 1218 1036 νόμον,
1245 968 1361 1023 ἀλλ’
1395 973 1421 1021 ὁ
1453 970 1821 1038 γαληνότατος

249 1051 529 1120 βασιλεύς.
575 1056 766 1124 Ὅμως
821 1057 929 1126 ἐγὼ
964 1060 1193 1130 τηρήσω
1242 1061 1342 1130 τὴν
1372 1065 1676 1130 σεμνότητα
1732 1063 1822 1114 καὶ

245 1144 348 1214 τὴν
381 1145 533 1209 τάξιν
563 1147 670 1200 τῶν
715 1149 1024 1214 διαλέξεων,
1083 1153 1177 1204 καὶ
1226 1153 1481 1207 οὐδέποτε
1514 1156 1817 1224 ἀποκριθή-

247 1252 418 1302 σομαι
451 1238 530 1299 εἷς
561 1237 658 1290 ὅσα
693 1238 892 1305 λέγεις,
930 1240 1039 1293 ἔστ’
1078 1241 1142 1294 ἂν
1177 1243 1523 1314 ἀπολογηθῇς
1559 1253 1698 1298 κατὰ
1727 1248 1817 1300 τά·

249 1323 332 1388 ξιν
366 1327 476 1377 τῶν
504 1330 982 1398 προκομισθέντων
1030 1333 1231 1403 ῥητῶν,
1267 1335 1385 1386 καθ’
1437 1335 1494 1388 ὃν
1520 1338 1818 1407 ίὴρξὰμεθα

245 1419 450 1486 τρόπον
477 1419 574 1485 τῆς
599 1418 908 1486 διαλέξεως,
944 1426 1091 1487 ὅπως
1130 1429 1551 1496 σαφηνισθέντος
1577 1430 1669 1481 τοῦ
1701 1431 1819 1493 ἑνὸς

245 1509 545 1578 ἀρξώμεθα
575 1511 671 1563 τοῦ
723 1514 933 1581 ἐτέρου.
1005 1518 1271 1582 Ἀκούσας
1305 1521 1397 1573 οὖν
1429 1522 1600 1574 ταῦτα
1629 1524 1822 1592 ἐπιλη-

246 1604 346 1671 ςκία
395 1608 630 1676 κατέσχε
688 1625 767 1673 σε,
823 1612 917 1662 καὶ
970 1614 1416 1685 ἐστενοχωρήθης
1465 1617 1638 1669 ἐλθεῖν
1683 1616 1828 1670 κατὰ

249 1698 449 1749 πεῦσιν
480 1703 570 1752 καὶ
598 1701 894 1770 ἀπόκρισιν
919 1705 1027 1756 τῶν
1079 1707 1279 1775 ρητῶψ
1311 1708 1404 1760 καὶ
1453 1711 1617 1770 εὐθὺς
1668 1708 1825 1773 ὀλίγα

245 1789 440 1851 εἰπὼν,
470 1793 709 1844 Σέκουλα
756 1796 1145 1866 σεκουλώρουμ
1195 1798 1450 1868 ἐϐόησας,
1485 1801 1735 1855 τουτέσιν
1763 1803 1821 1854 οὐ

248 1883 512 1951 βούλομαι
547 1885 630 1936 ἔτι
654 1885 854 1952 λέγειν,
881 1887 1032 1950 τέλος
1061 1890 1315 1959 ἐποίησα.
1350 1892 1512 1946 ’Ὀθεν
1545 1895 1639 1946 καὶ
1666 1896 1694 1946 ὁ
1729 1912 1828 1963 μα-

252 1978 597 2043 καριώτατος
667 1978 898 2041 πάππας
957 1981 1148 2048 ἔφησεο
1185 1983 1402 2042 Δίκαιόν
1456 1986 1649 2048 ἐστιν,
1706 1985 1828 2038 ἐπ).

247 2063 404 2130 εἶπες
433 2069 533 2121 ὅσα
570 2070 820 2139 ἔχρῃζες,
859 2072 926 2124 ἶν’
949 2073 1295 2142 ἀπολογηθῇς
1329 2076 1422 2126 καί
1447 2077 1527 2138 εἰς
1552 2077 1620 2128 τὰ
1640 2076 1827 2128 τελευ-

245 2163 375 2213 ταῖα
412 2161 656 2214 Ἰωάννου
681 2164 772 2216 τοῦ
799 2166 1255 2234 προϐιντζιαλίου.
1278 2169 1366 2238 Μὴ
1387 2168 1630 2230 Θέλοντος
1651 2169 1707 2221 δέ
1732 2187 1824 2222 σου

246 2255 640 2324 ἀποκριθῆναι,
665 2257 780 2308 ἀλλ’
809 2257 1286 2326 όλίγουςίεὶτιόντος
1301 2262 1512 2329 λόγους,
1532 2263 1826 2331 στρεϐλοὺς

251 2348 351 2397 καὶ
380 2346 808 2422 διεφθαρμένους
853 2351 948 2402 καὶ
1000 2351 1104 2416 ἔξω
1131 2353 1226 2404 τοῦ
1253 2356 1636 2424 προκειμένου,
1663 2356 1826 2425 ἐλύθη

248 2438 281 2506 ή
319 2439 649 2504 συνέλευσις,
674 2444 765 2494 καὶ
784 2441 946 2494 πλέον
963 2445 1061 2496 οὐκ
1084 2443 1352 2516 ἠθέλησας
1377 2447 1670 2501 συνελθεῖν.
1693 2450 1828 2502 Και-

247 2531 344 2581 νον
373 2530 431 2580 δὲ
460 2532 552 2582 καὶ
601 2534 1053 2603 ἀπηγορευμένον
1101 2538 1162 2589 τὸ
1191 2538 1302 2591 τῶν
1349 2539 1597 2592 Λατίνων
1649 2541 1826 2610 δόγμα

246 2622 375 2674 οὔτε
411 2625 515 2691 μὴν
547 2624 755 2691 ἔδειξας
779 2625 900 2680 οὔτε
935 2631 1132 2695 δείξεις
1166 2632 1320 2697 ποτὲ,
1357 2631 1480 2685 οὔτε
1508 2636 1572 2687 σὺ
1597 2635 1712 2688 οὔτ’
1735 2636 1829 2688 ἄλ-

249 2716 342 2776 λος
372 2732 456 2774 τις
491 2716 822 2787 ὑψηλότερός
851 2737 943 2773 σου
977 2723 1071 2776 καὶ
1116 2723 1464 2795 λογιώτερος·
1503 2727 1584 2780 ὅτι
1608 2728 1668 2778 οὐ
1706 2746 1827 2780 και-

248 2808 344 2861 νὸν
367 2808 524 2860 τοῦτο
549 2810 608 2861 τὸ
637 2810 814 2882 δόγμα
839 2813 1098 2885 ὑπάρχει,
1134 2816 1248 2868 ἀλλ’
1280 2818 1387 2870 ἀπὸ
1440 2818 1539 2887 τῆς
1570 2819 1826 2890 δευτέρας

254 2903 478 2956 συνόδου
507 2903 624 2956 icti
656 2921 713 2956 τε
746 2906 839 2956 καὶ
874 2905 1140 2974 ψάλλεται
1172 2910 1228 2960 ἐν
1252 2913 1318 2980 τῇ
1381 2909 1663 2982 Ῥωμαϊκῇ
1712 2914 1831 2965 Ἐκ-

252 2996 482 3065 κλησίεγ
513 2997 635 3050 οὐδὲ
661 2999 950 3051 Λατινικόν
975 3002 1090 3052 ἐστι
1119 3001 1150 3070 ἢ
1186 3002 1504 3072 Γραικικὸν,
1541 3004 1602 3056 οὐ
1639 3005 1746 3072 γὰρ
1774 3007 1829 3056 ἐν

254 3090 418 3158 μέρει
449 3091 480 3159 ἡ
510 3090 715 3155 πίστις,
765 3092 904 3146 ἀλλά
960 3093 1369 3162 Χριστιανικόν·
1410 3095 1612 3159 πάντες
1639 3098 1748 3165 γὰρ
1781 3099 1828 3149 ol
1856 3108 1900 3163 α

248 3182 565 3234 διδάσκαλοι
591 3183 816 3252 Γραικοὶ
850 3186 937 3236 καὶ
971 3185 1192 3237 Λατῖνοι
1220 3186 1279 3238 τὸ
1323 3187 1455 3239 αὐτὸ
1498 3190 1789 3257 φρονοῦσιν
1817 3206 1829 3218 ·

251 3275 304 3325 εἰ
360 3275 436 3341 μὴ
476 3275 730 3326 τοσοῦτον
777 3275 1130 3337 ἀτοπώτατος
1183 3276 1360 3342 βούλει
1396 3279 1658 3346 φανῆναι,
1695 3279 1834 3330 ὣστε

256 3367 502 3428 καὶτοὺς
531 3366 880 3428 ἀνατολικοὺς
918 3367 1106 3433 ἁγίους
1145 3369 1239 3421 καὶ
1285 3368 1645 3433 διδασκάλους
1674 3373 1837 3422 Λατί-

253 3477 382 3523 νους
416 3459 733 3512 ἀποκαλεῖν.

953 3553 1143 3607 ΕΦΕΣ.

343 3645 469 3698 Ἐπὶ
504 3645 713 3707 τούτοις
748 3645 1020 3699 κατέλυσα
1042 3651 1140 3711 τὰς
1167 3649 1304 3718 πρὸς
1350 3650 1550 3713 αὐτοὺς
1595 3649 1834 3719 ὁμιλίας,

250 3739 284 3810 ἦ
310 3740 516 3809 μηκέτι
545 3739 958 3794 συνελεύσεσθαι
1010 3743 1128 3809 μετ’
1161 3743 1343 3796 αὐτῶν
1370 3783 1384 3806 ,
1422 3743 1454 3812 ἣ
1509 3744 1642 3811 γοῦν
1673 3745 1838 3805 αὐτὸς

253 3835 566 3904 σιωπήσειν
612 3834 1090 3904 βεϐαιωσάμενος.
1141 3837 1282 3889 Ἀλλ’
1333 3840 1530 3890 ἐκεῖνοι
1560 3855 1836 3907 προσεκα-

249 3931 449 3981 inin/10
477 3929 603 3991 τοὺς
630 3930 934 3999 ἡμετέρους
966 3931 1191 3992 ἑκόντας
1226 3931 1460 3994 ἄκοντας
1493 3932 1572 3993 είς
1599 3931 1698 3998 τὴν
1729 3931 1837 3982 τῶν

248 4023 572 4090 εἰρημένων
605 4022 946 4092 ἀντίρρησιν
981 4025 1075 4074 καὶ
1110 4021 1268 4073 τοῦτο
1298 4021 1736 4092 διαπραξάμενοι
1764 4023 1838 4093 μὴ

249 4119 530 4183 παρόντος
554 4115 688 4182 ἐμοῦ
718 4115 806 4166 διὰ
847 4115 944 4182 τὴν
975 4115 1285 4176 ἀσθένειαν,
1318 4114 1411 4167 δύο
1443 4115 1644 4185 ἐφεξῆς
1680 4133 1840 4166 συνε-

247 4208 478 4269 λεύσεις
515 4206 802 4277 ἀνήλωσαν
851 4207 1005 4259 αὐτοὶ
1063 4207 1214 4275 μόνοι
1272 4207 1548 4274 λέγοντες,
1611 4208 1839 4276 μηδενὸς

244 4304 283 4354 ἁ
294 4301 530 4368 πολογου
539 4302 700 4370 μάνου
709 4337 722 4352 .

951 4394 1156 4447 ΑῐΙΟΛ.

345 4483 405 4536 Ὀ
434 4483 640 4546 δίκαιος
680 4485 835 4553 λόγος
880 4486 1101 4556 ἀπῄτει,
1152 4484 1340 4554 ἐπειδὴ
1388 4485 1452 4536 σὺ
1485 4483 1591 4536 ἀπὸ
1641 4485 1839 4554 μέρους

245 4577 372 4629 τῶν
396 4576 643 4646 Γραικῶν
679 4574 856 4640 εἶπες,
888 4577 983 4630 καὶ
1035 4575 1176 4630 οὕτω
1224 4577 1469 4645 μακροὺς
1515 4577 1838 4638 κατέτεινας

242 4668 478 4733 λόγους,
511 4666 577 4718 ἶν’
613 4667 856 4739 ἀκούσῃς
882 4669 974 4720 και⁵
1005 4671 1100 4731 τὰς
1131 4668 1475 4739 ἀποκρίσεις.
1510 4669 1584 4721 Ού
1625 4668 1733 4739 γὰρ
1759 4669 1838 4720 δί-

243 4771 442 4816 καιον,
458 4754 548 4807 τὸν
565 4756 948 4824 διαλεγόμενον
970 4758 1128 4826 μόνον
1153 4759 1334 4826 λέγειν
1358 4756 1477 4825 μὲν,
1495 4758 1595 4810 οὐκ
1617 4757 1840 4810 ἀκούειν

240 4849 308 4900 δὲ
344 4851 439 4899 καὶ
467 4847 561 4900 τοῦ
586 4849 1016 4918 ἀποκρινομένου
1040 4890 1052 4903 .
1093 4851 1201 4902 Καὶ
1243 4851 1306 4902 σὺ
1357 4851 1454 4919 μὲν
1482 4849 1563 4915 τὸ,
1597 4849 1838 4902 Σέκουλα

246 4937 902 5006 σεκουλώρουμ,εῖπὼν,
944 4941 1256 5008 αἰσχυνθεὶς
1309 4943 1379 5010 τῇ
1435 4943 1836 5009 στενοχωρήσει

240 5030 358 5084 τοῦ
389 5031 504 5100 φρὰ
546 5031 792 5082 Ἰωάννου
833 5031 1212 5101 ἁνεχώρησας,
1263 5035 1360 5083 καὶ
1401 5031 1586 5083 οὐκέτι
1615 5031 1839 5084 ἐϐούλου

248 5123 564 5176 συνελθεῖν·
594 5125 642 5176 οἱ
690 5123 747 5176 δὲ
791 5126 1012 5176 Λατῖνοι
1061 5124 1160 5174 οὐκ
1206 5123 1488 5192 ἠνείχοντο
1535 5123 1839 5194 σιωπῆσαι,

243 5219 362 5270 καὶ
384 5218 497 5279 τοῖς
522 5218 634 5279 σοῖς
651 5216 835 5283 λόγοις
859 5215 933 5286 μὴ
951 5215 1134 5269 δοῦναι
1163 5216 1482 5282 ἀπολογίαν.
1517 5216 1686 5269 Ὅθεν
1709 5217 1841 5268 ἑκα-

244 5309 396 5360 λουν
440 5308 734 5363 κανονικῶς
789 5308 935 5376 ὑμᾶς
994 5305 1270 5359 συνελθεῖν
1324 5309 1419 5360 καὶ
1463 5309 1694 5360 ἀκοῦσαι
1745 5311 1841 5372 τὰς

242 5400 590 5467 ἀποκρίσεις
616 5397 725 5453 τῶν
758 5400 955 5466 λόγων.
991 5403 1101 5454 Καί
1127 5419 1219 5454 σου
1252 5400 1351 5471 μὲν
1387 5401 1461 5469 μὴ
1513 5400 1841 5470 βουλομένου

243 5493 560 5556 συνελθεῖν,
593 5497 620 5546 ὁ
650 5493 908 5562 βασιλεύς
955 5511 1014 5546 τε
1046 5496 1142 5547 καὶ
1196 5496 1224 5547 ό
1265 5493 1614 5562 πατριάρχης
1664 5493 1756 5544 καὶ
1793 5494 1842 5544 οἱ

241 5584 540 5638 ἐπίλοιποι
576 5585 675 5653 τῆς
702 5585 1031 5655 ἀνατολικῆς
1055 5585 1382 5651 Ἐκκλησίας
1411 5586 1636 5650 λογάδες
1663 5585 1841 5656 ᾠήθη-

247 5693 373 5730 σαν
417 5675 624 5728 δίκαιον
675 5658 836 5729 εἶναι’
868 5676 1166 5740 συνελθεῖν,
1221 5677 1316 5728 καὶ
1363 5675 1504 5727 οὕτω
1555 5679 1834 5746 συνῆλθον.

260 5769 670 5822 ’Δποστείλασα
706 5765 858 5838 οὖνὴ
916 5769 1130 5831 σύνοδις
1191 5767 1372 5821 ἐκάλει
1405 5773 1498 5820 καὶ
1536 5769 1595 5820 σὲ
1637 5767 1829 5836 ἐλθεῖν,

1924 511 2111 566 Basilii
2146 510 2322 581 Magni
2371 511 2600 573 dictutn,
2651 520 2706 564 et
2762 522 2813 562 ιιι
2847 509 2948 562 alia
2984 509 3038 562 in
3072 509 3308 563 medium
3342 525 3504 576 argu-

1925 611 2109 656 menta
2141 602 2441 670 protulisti,
2467 610 2522 656 et
2549 601 2652 655 alia
2684 607 2838 655 extra
2870 616 2982 654 rem
3005 602 3181 670 capita
3205 601 3272 655 ad
3305 603 3506 656 docen-
3582 643 3584 650 .

1922 693 2039 756 dos,
2074 704 2132 748 ut
2165 694 2390 755 videris,
2419 694 2720 747 auditores.
2747 693 3062 748 Sermonem
3091 709 3220 761 ergo
3242 694 3501 761 protralte

1922 793 2184 854 quantum
2216 785 2458 846 libuerit,
2501 799 2628 836 nam
2659 799 2759 852 ego
2814 785 2910 838 tibi
2949 784 3118 852 legem
3169 799 3369 853 ponere
3397 803 3504 839 non

1923 894 2187 948 possunt,
2243 879 2339 932 sed
2399 877 2702 944 imperator
2779 878 3198 933 serenissimus.
3265 878 3501 932 Servabo

1928 981 2108 1024 tamen
2150 970 2279 1038 ipse
2338 969 2662 1022 modestiam
2717 979 2769 1023 et
2817 969 3209 1038 disputationis
3240 972 3497 1031 modum,

1929 1077 2109 1128 neque
2134 1062 2304 1116 ullum
2345 1062 2410 1115 ad
2443 1076 2785 1130 quaecunque
2817 1063 2952 1116 dicis
2978 1075 3298 1131 responsum
3337 1061 3498 1121 dabo,

1923 1154 2094 1208 donec
2125 1152 2438 1208 satisfacias
2470 1169 2534 1207 eo
2569 1168 2677 1222 quo
2709 1154 2911 1222 prolata
2958 1163 3085 1208 sunt
3113 1154 3302 1207 ordine
3331 1154 3497 1217 dicta,

1924 1256 1976 1300 et
1994 1249 2283 1300 observata
2305 1247 2441 1314 lege,
2461 1262 2566 1315 qua
2587 1247 3011 1314 disputationem
3030 1263 3220 1301 sumus
3239 1247 3499 1315 aggressi,

1926 1346 1982 1390 ut
2011 1337 2301 1401 explanate
2333 1351 2442 1390 uno
2474 1347 2816 1392 transeamus
2843 1338 2908 1390 ad
2960 1337 3125 1390 aliud.
3183 1336 3394 1403 Quibus
3444 1347 3498 1390 ιιι

1925 1428 2128 1483 auditis
2165 1437 2388 1497 stupore
2422 1443 2722 1497 Oppressus
2757 1444 2839 1491 es,
2873 1438 2926 1482 et
2957 1439 3181 1482 coactus
3235 1427 3504 1482 devenisli

1926 1523 1992 1575 ad
2024 1522 2297 1576 concisam
2331 1521 2694 1590 interrogandi
2725 1534 2778 1576 et
2803 1522 3164 1590 respondendi
3204 1524 3492 1575 rationein.

1927 1611 2161 1667 Proinde
2198 1613 2388 1678 paucis
2421 1613 2582 1666 dictis
2615 1613 2970 1668 exclamasti:
3026 1613 3232 1666 Saecula
3277 1614 3505 1666 sacculo-

1932 1705 2051 1758 rum
2073 1744 2088 1769 ,
2128 1705 2228 1757 hoc
2259 1699 2364 1768 est,
2393 1704 2517 1756 nolo
2541 1707 2678 1757 ultra
2700 1705 3019 1773 dispulare;
3051 1706 3159 1774 jam
3183 1705 3283 1758 feci
3317 1706 3502 1758 tinem.

1933 1798 2297 1862 Quamobrem
2329 1796 2679 1850 beatissimus
2733 1811 2867 1864 papa
2920 1797 3091 1852 dixit:
3127 1795 3364 1865 {Equum
3397 1807 3502 1862 est,

1930 1897 1990 1942 ut
2020 1891 2236 1957 quando
2269 1899 2322 1942 ιιι
2359 1904 2482 1957 quae
2540 1888 2594 1943 in
2628 1903 2740 1942 rem
2786 1898 2933 1941 tuam
2971 1897 3126 1941 erant
3177 1888 3391 1951 dixisti,
3425 1905 3510 1941 re—

1929 1981 2200 2050 spondeas
2229 1983 2391 2034 etiam
2427 1981 2493 2034 ad
2525 1997 2586 2034 ea
2635 1995 2756 2047 quae
2791 1993 3070 2047 postremo
3106 1980 3241 2036 dixit
3268 1980 3507 2036 Joannes

1928 2074 2303 2144 provincialis.
2337 2071 2418 2127 Tu
2450 2087 2578 2127 vero
2613 2074 2950 2142 respondere
3003 2074 3221 2141 quidem
3262 2075 3507 2137 noluisti,

1930 2167 2024 2221 sed
2058 2181 2226 2234 pauca
2254 2167 2483 2220 distorta
2516 2174 2570 2220 et
2594 2181 2760 2230 prava
2794 2165 3042 2234 nihilque
3074 2166 3139 2220 ad
3176 2182 3283 2218 rem
3308 2166 3510 2219 facien-

1931 2258 2004 2311 tia
2041 2258 2262 2322 dixisti;
2315 2271 2364 2311 et
2403 2257 2576 2311 sessio
2610 2257 2838 2311 dimissa
2875 2265 2995 2322 est;
3057 2274 3232 2326 neque
3278 2258 3509 2326 amplius

1931 2350 1998 2403 ad
2022 2349 2317 2403 concilium
2350 2348 2534 2402 venire
2567 2349 2808 2403 voluisti.
2841 2349 2970 2403 Esse
3007 2364 3172 2419 porro
3227 2366 3426 2403 novum
3455 2359 3509 2403 et

1932 2441 2250 2492 damnatum
2303 2438 2624 2492 Latinorum
2685 2438 2882 2508 dogma
2932 2453 3034 2493 nec
3092 2439 3358 2507 probasti,
3412 2453 3510 2491 nec

1931 2533 2188 2601 probabis
2218 2546 2459 2600 unquam
2496 2532 2577 2585 rel
2615 2544 2692 2596 tu,
2722 2533 2801 2586 vel
2832 2531 3012 2600 quivis
3040 2533 3180 2585 alius
3212 2540 3261 2585 te
3296 2532 3510 2586 doetior

1932 2635 1986 2680 et
2017 2624 2341 2688 sublimior;
2377 2639 2499 2676 nam
2524 2624 2717 2692 dogma
2750 2625 2854 2677 hoc
2883 2639 2990 2676 non
3025 2633 3106 2677 est
3134 2638 3358 2683 novum,
3385 2638 3508 2676 cum

1934 2730 2108 2784 usque
2142 2730 2168 2766 ιι
2201 2713 2439 2769 secunda
2475 2715 2684 2783 synodo
2713 2715 2783 2768 sit
2812 2725 2863 2768 et
2897 2724 3144 2768 cantetur
3178 2715 3231 2767 in
3265 2715 3510 2767 Romana

1934 2808 2176 2862 Ecclesia
2205 2825 2218 2872 ;
2253 2823 2432 2877 neque
2459 2808 2654 2878 dogma
2691 2806 3009 2861 Latinorum
3041 2818 3119 2862 est
3153 2817 3245 2860 aut
3293 2808 3509 2861 Graeco-

1938 2915 2088 2965 rum;
2129 2899 2263 2952 lides
2295 2899 2439 2953 enim
2496 2915 2601 2954 non
2635 2908 2718 2954 est
2740 2900 3002 2968 partium,
3043 2901 3135 2954 sed
3175 2899 3517 2954 Christiano-

1936 3006 2080 3054 rum,
2116 2990 2383 3058 siquidem
2416 3005 2609 3046 omnes
2641 3001 2747 3044 tam
2783 2991 2956 3046 Graeci
3012 3006 3175 3059 quam
3211 2990 3385 3044 Latini
3413 2991 3514 3043 do,

1938 3093 2119 3137 ctores
2161 3084 2233 3136 ila
2265 3084 2546 3139 sentiunt:
2585 3081 2689 3138 nisi
2746 3084 2878 3140 velis
2917 3099 3088 3152 usque
3119 3083 3254 3138 adeo
3283 3083 3514 3145 stolidus

1939 3175 2131 3238 videri,
2180 3181 2242 3226 ut
2270 3173 2495 3229 Latinos
2525 3189 2684 3230 voces
2707 3168 2935 3231 'sanctos
2965 3176 3126 3229 etiam
3180 3185 3233 3229 et
3264 3173 3516 3230 doctores

1937 3268 2262 3320 Orientales.

2607 3562 2846 3618 EPHES.

2007 3651 2144 3706 Cum
2181 3653 2252 3706 ita
2301 3668 2668 3722 perorassem,
2719 3672 2908 3710 corum
2963 3660 3350 3730 congressibus
3398 3663 3516 3716 vale

1939 3746 2072 3809 dixi,
2119 3755 2376 3799 statutum
2412 3746 2620 3801 habens
2653 3758 2742 3801 aut
2773 3749 3120 3803 devitandmn
3155 3767 3274 3805 esse
3297 3769 3518 3810 conses-

1940 3854 2057 3891 sum
2085 3852 2295 3901 eorum,
2331 3849 2418 3891 aut
2451 3849 2598 3893 certe
2637 3827 2765 3892 mibi
2819 3843 3131 3894 tacendum.
3195 3842 3390 3896 Verum
3442 3846 3516 3897 illi

1941 3940 2157 3984 nostros
2190 3931 2432 3985 volentes
2468 3932 2713 3984 nolentes
2747 3931 3106 3997 advocabant,
3160 3949 3225 3987 eo
3258 3935 3400 4003 quod
3434 3952 3518 3989 re-

1941 4022 2209 4089 spondere
2246 4022 2441 4076 vellent
2481 4021 2546 4075 ad
2580 4038 2642 4076 ea
2671 4039 2792 4089 qua:
2824 4023 2965 4075 dit-ta
2995 4036 3172 4077 erant.
3205 4027 3360 4093 Quod
3394 4044 3522 4081 cum

1941 4111 2220 4176 fecissent,
2251 4129 2333 4165 me
2362 4129 2465 4166 non
2513 4124 2783 4182 praesente
2819 4129 2984 4167 causa
3036 4117 3231 4180 morbi,
3265 4118 3402 4172 duas
3439 4120 3524 4172 iu-

1906 4218 2224 4272 —sumpsere
2257 4205 2512 4273 deinceps
2540 4206 2814 4260 sessiones
2843 4205 2942 4272 ipsi
2988 4203 3088 4258 Soli
3124 4206 3388 4274 dicentes,
3426 4226 3522 4264 ne-

1944 4297 2089 4350 ruine
2123 4295 2491 4350 defensionem
2525 4298 2875 4365 suscipiente.

2637 4389 2827 4445 RESP.

1871 4450 1916 4504 θ
2017 4479 2194 4550 Ᾱζιιιιο
2246 4482 2384 4536 ratio
2442 4482 2770 4552 postulabat,
2809 4496 2867 4538 ut
2901 4495 3255 4556 posteaquam
3311 4497 3366 4541 ttt
3424 4503 3536 4555 pro-

1946 4573 2151 4628 Grrccis
2182 4574 2422 4638 dixeras,
2457 4585 2509 4629 ct
2543 4575 2682 4629 adeo
2714 4577 2952 4646 prolixos
2982 4593 3263 4632 sermones
3318 4579 3522 4632 habue-

1947 4667 2313 4731 ras,’audires
2371 4669 2536 4722 etiam
2575 4667 2994 4736 responsiones;
3036 4685 3213 4738 neque
3267 4669 3525 4738 cnimju-

1945 4770 2088 4813 stum
2140 4767 2222 4811 est
2271 4759 2448 4812 solum
2509 4757 2875 4826 disputantem
2920 4757 3122 4824 dicere,
3176 4770 3224 4811 et
3267 4775 3524 4827 respousa

1945 4865 2053 4904 non
2087 4849 2297 4903 audire.
2336 4850 2398 4902 Et
2431 4857 2485 4901 tu
2514 4850 2731 4918 quidem
2760 4865 2910 4913 cum,
2939 4849 3147 4904 Saecula
3175 4853 3537 4913 surculorum,

1947 4939 2384 5011 pronuntiasses,
2416 4956 2525 5009 prae
2557 4942 2785 5011 pudore,
2821 4944 2965 5010 quod
3001 4953 3052 4995 te
3086 4945 3255 4995 frater
3284 4941 3524 4994 Joannes

1945 5034 2001 5088 in
2027 5034 2306 5101 angustias
2351 5017 2683 5103 redegisset,
2710 5034 3007 5097 recessisti,
3070 5049 3167 5086 nec
3203 5033 3439 5100 amplius
3469 5033 3526 5082 in

1947 5125 2216 5196 synodum
2252 5126 2333 5180 ire
2383 5125 2637 5190 voluisti;
2671 5125 2847 5180 Latini
2877 5141 3004 5180 vero
3050 5126 3212 5179 silere
3244 5127 3526 5194 liaudqua-

1947 5235 2111 5288 quam
2144 5219 2510 5284 sustinebant,
2566 5229 2618 5273 et
2652 5221 2756 5274 tuis
2793 5217 3138 5271 sermonibus
3189 5219 3390 5271 nullam
3428 5232 3526 5284 op—

1957 5327 2159 5382 ponere
2189 5312 2583 5365 del’ensionen‘i.
2607 5311 2946 5380 Quapropter
2982 5311 3242 5364 canenice
3269 5325 3364 5363 vos
3392 5327 3534 5364 con--

1950 5404 2242 5469 vocabant,
2271 5414 2329 5456 ut
2365 5406 2752 5459 convenirexis.
2785 5413 2837 5456 et
2868 5419 3126 5472 responsa
3153 5405 3216 5458 ad
3244 5419 3528 5458 sermones

1951 5493 2168 5547 habitos
2198 5494 2460 5548 audiretis
2488 5513 2502 5548 :
2555 5504 2606 5545 te
2639 5508 2767 5546 vero
2804 5503 3069 5547 renuente
3099 5504 3153 5548 et
3201 5509 3308 5548 non
3339 5505 3532 5557 eunte,

1949 5585 2272 5654 imperator,
2319 5596 2372 5638 et
2407 5587 2734 5654 patriarcha.
2767 5596 2815 5637 ct
2851 5586 3042 5655 reliqui
3098 5584 3389 5640 Orientalis
3421 5586 3527 5638 Ee-

1949 5678 2126 5731 clcsize
2177 5679 2467 5748 optimates
2525 5677 2959 5730 cotu'criiendum
3017 5694 3137 5731 esse
3183 5679 3528 5749 judicarunt,

1943 5779 2105 5839 atque
2129 5769 2200 5824 ita
2246 5779 2638 5826 convenerunt.
2697 5771 3004 5826 Accersitus
3034 5784 3088 5826 tu
3116 5788 3334 5842 quoque
3376 5773 3532 5826 fuisti
