4022 6196
586 311 722 374 1003

1541 302 1859 363 JOSEPHI
1905 298 2458 361 METHONENSIS
2488 297 2835 359 EPISCOPI

3646 296 3745 361 i06l

583 442 677 495 per
709 424 955 478 nuntium
986 439 1015 477 a
1047 422 1277 485 synodo,
1325 421 1420 474 sed
1452 418 1745 482 recusasti,
1795 416 2064 471 simulans
2105 425 2155 467 te

2271 413 2375 466 ἀλλ’
2415 415 2514 466 οὐκ
2547 411 2846 482 ἠθέλησας,
2881 405 3166 460 ἀσθένειαν
3199 403 3419 474 ίσχυράν
3446 404 3747 476 ὑποκρινάμε-

583 521 732 588 gravi
770 518 958 572 morbo
991 515 1240 571 detineri.
1271 512 1406 568 Cum
1440 527 1567 582 ergo
1597 511 1746 566 cives
1783 511 1858 564 tui
1909 509 2143 562 familia-

2254 522 2364 566 νος.
2389 505 2702 572 Νοήσαντες
2744 498 2838 554 οὖν
2857 500 2904 553 oi
2932 499 3162 567 δημόται
3186 512 3276 548 σου
3299 494 3391 565 τὴν
3413 499 3618 565 φυσικὴν
3635 497 3749 550 638E-

586 587 698 664 rem
739 609 830 660 tibi
885 607 1130 660 morbum
1187 605 1603 667 intellexissent,
1641 610 1949 657 tacuerunt.
1978 593 2156 654 Latini

2271 613 2429 659 νειαν,
2471 595 2650 665 ἥνπερ
2699 588 2863 662 εἶχες,
2917 590 3274 660 ἐσιώπησαν.
3327 590 3529 641 Λατῖνοι
3551 587 3599 639 δὲ
3642 588 3752 667 μόνοι

582 714 712 752 γει-ο
736 697 835 752 soli
865 697 1136 761 dicebant,
1160 696 1378 750 nemine
1402 694 1772 750 defensionem
1804 693 2156 762 suscipiente,

584 789 707 858 quia
765 788 964 842 nullam
999 803 1137 857 opus
1196 797 1314 840 erat
1352 786 1468 840 fieri
1504 802 1532 839 a
1569 786 1776 840 nostris
1813 785 2155 854 apologiam;

2260 687 2447 754 ἔλεγον
2503 685 2730 755 μηδενὸς
2783 682 3248 751 ἀπολογουμένου,
3302 680 3361 732 ού
3410 679 3511 748 γὰρ
3558 666 3753 748 χρείαῆν

2260 777 2653 844 ἀπολογεῖσθαι
2687 777 2816 837 τοὺς
2866 775 3196 844 ἡμετέρους,
3240 773 3323 825 ὅτι
3371 773 3398 824 6
3429 771 3526 823 τῶν
3566 769 3755 823 Λατίνων

584 896 706 934 nam
737 895 919 934 sermo
965 879 1282 934 Latinorum
1340 878 1627 949 responsio
1678 876 1891 932 eratad
1917 891 1980 931 ea
2039 890 2161 946 quae

2271 871 2416 939 λόγος
2439 869 2709 937 ἀπολογία
2734 867 2950 937 ὑπῆρχε
2975 867 3113 938 πρὸς
3146 864 3215 918 τὰ
3244 864 3499 934 ὑμέτερα.

583 970 934 1040 objeceratis.

1255 1082 1498 1138 EPHES.

655 1198 710 1252 In
744 1199 922 1269 priore
973 1197 1190 1268 quidem
1227 1199 1565 1266 proferentes
1606 1196 1754 1250 dicta
1784 1212 2009 1252 suorum
2045 1196 2145 1250 do-

583 1301 821 1357 ctorum,
874 1292 1073 1360 quibus
1122 1289 1486 1344 ostendebant
1530 1287 1796 1358 Spiritum
1845 1301 2093 1344 sanctum
2129 1304 2160 1343 a

589 1383 723 1438 Filio
750 1383 1065 1451 procedere,
1094 1381 1555 1450 quemadmodum
1587 1389 1640 1434 et
1675 1397 1738 1436 ex
1769 1383 1948 1437 Patre.

1278 1579 1473 1635 RESP.

656 1685 714 1740 In
747 1686 849 1740 hac
878 1685 1119 1740 sessione
1152 1687 1392 1755 synodus
1443 1687 1611 1742 misso
1643 1691 1836 1745 nuntio
1866 1701 1918 1745 te
1951 1694 2018 1747 ad
2049 1693 2164 1749 dis-

591 1780 926 1849 putationem
964 1776 1229 1840 vocabat,
1290 1778 1548 1845 quoniam
1604 1780 1651 1834 is
1683 1784 1774 1850 qui
1836 1794 2012 1838 tecum
2048 1787 2162 1840 dis-

591 1868 817 1936 putabat
852 1906 884 1934 ,,
923 1865 1092 1921 frater
1136 1865 1373 1922 Joannes
1436 1869 1682 1926 dicebat:
1735 1872 2006 1929 Adducite
2057 1875 2164 1932 huc

593 1955 908 2022 Ephesium,
949 1965 1006 2008 ut
1034 1956 1425 2023 responsiones
1452 1957 1642 2012 audiat
1668 1960 1732 2012 ad
1766 1977 1825 2016 ea
1856 1980 1976 2032 qua:
2004 1965 2161 2020 dixit.

591 2045 671 2099 Tu
709 2061 836 2099 vero
870 2045 1106 2099 rationes
1141 2057 1259 2100 tuas
1288 2047 1536 2117 redargui
1569 2065 1690 2104 cum
1727 2051 1869 2108 ferre
1902 2071 2010 2109 non
2041 2071 2167 2125 pos—

591 2151 699 2198 ses,
733 2137 917 2190 venire
957 2136 1201 2198 uoluisti,
1236 2140 1329 2192 sed
1369 2142 1617 2195 morbum
1674 2145 1968 2201 simulasti.
2021 2149 2168 2214 Quo-

592 2231 740 2280 circa
772 2227 1032 2297 magister
1063 2229 1300 2284 Joannes
1323 2233 1525 2288 omissa
1551 2243 1764 2289 tuorum
1792 2240 2168 2298 confutatiune

546 2330 552 2335 '
591 2331 927 2377 sermonum,
965 2317 1185 2384 protulit
1228 2319 1510 2372 doctorum
1562 2336 1788 2376 suorum
1846 2327 2166 2393 sententias,

591 2409 860 2477 dogmatis
919 2408 1199 2462 veritatem
1238 2409 1552 2477 ostendens,
1595 2422 1648 2468 et
1683 2415 1934 2470 refellens
1961 2433 2082 2486 quae
2111 2429 2168 2474 tu

591 2499 834 2561 dixeras,
863 2499 1071 2553 scilicet
1109 2500 1378 2570 Spiritum
1406 2519 1435 2555 a
1489 2501 1628 2558 Filio
1684 2521 1793 2559 non
1834 2523 1978 2564 esse.
2021 2509 2088 2564 Et
2115 2522 2170 2566 tu

590 2591 810 2660 quidem
848 2591 1094 2660 dicebas,
1129 2604 1185 2648 at
1237 2610 1344 2647 non
1385 2597 1680 2664 probabas.
1709 2599 1806 2654 ille
1840 2617 1974 2657 vero
2023 2603 2172 2658 dice-

591 2681 702 2744 bat,
733 2690 785 2734 et
811 2692 1033 2737 strenue
1067 2685 1330 2752 probabat
1353 2703 1475 2740 cum
1503 2687 1810 2747 Occidentis
1830 2693 2169 2751 doctoribus.

592 2774 672 2823 An
704 2785 832 2823 vero
855 2788 1052 2841 negare
1087 2778 1310 2844 poteris,
1343 2790 1561 2834 sanctos
1591 2796 1715 2836 esse
1736 2781 2053 2840 Occidentis
2077 2788 2176 2842 do-

591 2861 878 2916 ctorcs?Si
895 2880 1074 2932 neges,
1100 2867 1390 2921 hereticus
1425 2873 1667 2924 omnium
1704 2877 2051 2944 turpissimus
2075 2895 2174 2950 ap-

589 2953 840 3021 parebis-;
862 2969 985 3007 nam
1007 2959 1190 3024 quinta
1222 2962 1463 3030 synodus
1485 2966 1819 3020 iecumenica
1847 2967 1901 3020 in
1927 2985 2024 3022 sua
2046 2969 2177 3023 dcti-

2857 1098 2860 1101 -
2955 1061 3146 1116 ΕΦΕΣ.

2335 1175 2494 1229 Κατὰ
2527 1175 2626 1243 μὲν
2648 1174 2748 1244 τὴν
2786 1175 3013 1244 πρώτην
3045 1173 3111 1226 τὰ
3146 1171 3284 1242 ῥητά
3314 1171 3420 1226 τῶν
3444 1174 3636 1227 οῑκείων
3657 1176 3760 1228 δίδοι

2266 1269 2484 1321 σκάλων
2514 1268 2963 1338 προενεγκόντες,
2998 1267 3056 1319 ἐν
3076 1258 3157 1326 οἷς
3179 1264 3490 1318 ἐδείκνυσαν
3517 1266 3571 1317 τδ
3594 1267 3760 1332 Πνεῦμα

2263 1363 2326 1413 τδ
2358 1361 2514 1427 ἅγιον
2567 1358 3010 1428 ἐκπορευόμενον
3064 1358 3130 1410 ὲκ
3154 1355 3247 1408 τοῦ
3281 1355 3432 1422 Υίοῦ,
3463 1356 3592 1410 καθὰ
3623 1359 3697 1410 καὶ
3719 1360 3761 1410 ὲκ

2264 1454 2359 1505 τοῦ
2408 1451 2641 1522 Πατρός.

2953 1562 3163 1616 ΑΠΟΛ.

2350 1675 2439 1729 Ἐν
2495 1673 2665 1746 ταύτῃ
2701 1677 2766 1745 τῇ
2805 1673 3122 1730 συνελεύσει
3178 1677 3494 1732 ἀπέστειλεν
3528 1678 3558 1746 ἠ
3602 1676 3764 1737 σύνοδος

2267 1767 2506 1840 ζητοῦσά
2543 1786 2602 1821 σε
2631 1768 2805 1822 ἐλθεῖν
2833 1769 2969 1837 πρὸς
2990 1769 3090 1840 τὴν
3115 1769 3371 1834 διάλεξινο
3409 1768 3582 1839 ἐπειδὴ
3606 1772 3764 1838 61:906-

2266 1861 2653 1930 διαλεγόμενος
2703 1861 2814 1930 φρά
2871 1861 3121 1931 Ἰωάννης
3171 1860 3381 1929 ελεγεν,
3443 1861 3672 1930 ’Δγὰγετε
3703 1866 3766 1911 τήν

2277 1953 2506 2022 Ἐφέσου
2535 1945 2658 2014 ὧδε,
2693 1952 2781 2006 ῐνα
2813 1951 3023 2024 ἀκούσῃ
3049 1953 3146 2015 τάς
3179 1954 3497 2023 ἀποκρίσεις
3525 1953 3620 2005 τῶν
3637 1952 3766 2020 λόγων

2266 2043 2454 2099 αὑτοῦ.
2479 2044 2550 2096 Σὺ
2581 2045 2635 2096 δὲ
2677 2045 2752 2113 μὴ
2774 2043 3074 2114 δυνάμενος
3099 2045 3322 2098 ἀκούειν
3365 2045 3454 2097 τὸν
3477 2044 3669 2112 ἔλεγχον
3692 2043 3768 2094 τῶν

2269 2136 2418 2207 παρὰ
2449 2135 2541 2188 σοῦ
2573 2136 2776 2206 ῥητῶν,
2807 2136 2906 2188 οὐκ
2931 2135 3204 2205 ἠθέλησας
3235 2137 3439 2201 ἐλθεῖν,
3470 2136 3575 2189 ἀλλ’
3604 2135 3769 2203 ύπεκρὲ-

2269 2246 2359 2281 νου
2389 2227 2700 2281 ἀσθένειαν.
2733 2227 2824 2280 Διδ
2866 2230 2961 2282 καὶ
3003 2231 3031 2282 6
3056 2230 3380 2292 διδάσκαλος
3413 2229 3644 2298 Ἰωάννης
3680 2227 3770 2288 τοὺς

2273 2321 2370 2388 μὲν
2396 2319 2656 2390 ἐλέγχους
2681 2320 2791 2374 τῶν
2828 2321 2938 2374 σῶν
2965 2322 3133 2384 idea;
3169 2325 3368 2391 λόγων,
3404 2323 3470 2376 τὰ
3487 2323 3588 2375 τῶν
3609 2321 3770 2375 οξκείων

2271 2413 2610 2467 διδασκάλων
2655 2416 2796 2484 ῥητὰ
2829 2415 3101 2488 προέφερε
3132 2417 3393 2471 δεικνύων
3443 2418 3532 2470 τοῦ
3565 2415 3770 2484 δόγματος

2271 2505 2371 2571 τὴν
2413 2504 2696 2574 ἀλήθειαν,
2745 2505 3008 2576 ἀναιρῶν,
3063 2506 3212 2576 ἅπερ
3262 2510 3476 2577 ἔλεγες,
3528 2508 3772 2562 etiam:

2272 2591 2364 2644 τοῦ
2398 2592 2528 2645 Υἱοῦ
2563 2596 2622 2646 τὸ
2649 2594 2896 2665 Πνεῦμα.
2939 2597 3105 2650 Ἀλλὰ
3132 2598 3195 2652 σὺ
3230 2602 3327 2668 μὲν
3353 2600 3548 2666 ἔλεγες,
3576 2601 3659 2651 οὐκ
3679 2597 3772 2650 ὲδεὶ·

2277 2700 2439 2746 κνυες
2472 2684 2563 2735 δέ·
2613 2687 2820 2750 ἐκεῖνος
2859 2686 2916 2739 δὲ
2975 2687 3152 2756 ἔλεγε,
3193 2691 3291 2743 καὶ
3323 2691 3570 2759 γενναίως
3595 2690 3773 2744 ἐδείκνυε

2279 2777 2416 2845 μετὰ
2443 2777 2552 2829 τῶν
2598 2778 2833 2831 δυτικῶν
2863 2781 3232 2839 διδασκάλων.
3261 2781 3386 2856 'Ap'
3414 2786 3570 2847 ὅντως
3605 2785 3773 2837 δύνασαι

2276 2869 2660 2940 ἀρνήσασθαι,
2719 2872 2802 2924 ὂῖι
2855 2871 2955 2926 οῦκ
3013 2875 3153 2930 είσιν
3177 2878 3231 2930 οἱ
3286 2879 3489 2932 δυτικοὶ
3533 2875 3774 2932 διδάσκαλοι

2277 2961 2425 3028 ἆγιοι
2447 2980 2462 3028 ;
2499 2965 2561 3016 Ei
2583 2964 2780 3028 εἴποις,
2813 2967 3089 3036 αίρετικὸς
3114 2969 3337 3024 πάντων
3357 2970 3614 3040 αἴσχιστος
3633 2969 3774 3031 δόξεις·

589 3045 797 3099 ιιίιῑοιιο
822 3046 893 3116 (l)
929 3047 1003 3100 ait
1045 3049 1378 3119 :chuimur
1407 3064 1625 3110 sanctos
1655 3067 1709 3109 et
1757 3057 1944 3114 beatos
1992 3060 2166 3116 Patres

2277 3056 2361 3108 ὅτι
2389 3057 2422 3126 ἡ
2453 3056 2679 3126 πέμπτη
2713 3059 3070 3130 οίκουμενικὴ
3093 3061 3315 3126 σύνοδος
3343 3067 3399 3118 ὲν
3428 3063 3502 3136 τῷ
3519 3063 3683 3131 ἑαυτῆς
3702 3062 3777 3130 ὅρῳ

591 3146 758 3206 atque
787 3141 1063 3208 doctores,
1099 3140 1419 3214 Gregoriqu
1451 3145 1755 3218 Dialoguin,
1777 3150 2166 3224 Augustinum,

2288 3147 2472 3215 φησίν·
2519 3145 2797 3217 Ἐπόμεθα
2820 3152 2932 3214 τοῖς
2962 3152 3137 3220 ἁγίοις
3164 3158 3261 3207 καὶ
3284 3156 3563 3228 μακαρίοις
3593 3154 3774 3223 Πατράσι

588 3224 871 3294 Basiliam,
922 3228 1329 3302 Hieronymum,
1367 3238 1716 3293 Ambrosium
1775 3255 1831 3297 et
1885 3245 2163 3316 reliquos;

588 3336 888 3390 eorumque
957 3339 1116 3379 voces
1168 3328 1531 3396 approbamus
1585 3341 1639 3386 et
1688 3334 2000 3405 recipimus.
2056 3340 2175 3394 bon

586 3423 741 3478 potes
784 3429 914 3485 ergo
971 3420 1370 3474 contradicere.
1430 3420 1540 3477 llos
1591 3424 1792 3495 itaque,
1845 3443 1984 3498 quos
2033 3432 2175 3487 inter

591 3503 964 3557 mcumeuicas
998 3508 1186 3573 quinta
1231 3511 1470 3577 synodus
1529 3518 1892 3588 promulgarit
1949 3532 2173 3578 sanctos

587 3605 747 3663 atque
771 3596 1019 3651 doctores
1043 3600 1320 3666 proferens
1349 3601 1587 3661 Joannes
1609 3612 1928 3680 ,perspicue
1950 3614 2169 3670 demon-

589 3686 803 3748 stravit,
840 3687 1100 3754 Spiritqu
1136 3703 1385 3746 sanctum
1422 3711 1543 3752 esse
1569 3701 1732 3754 etiam
1759 3718 1787 3754 a
1833 3702 1989 3770 Filio,
2023 3707 2172 3761 refu-

589 3777 753 3829 tando
776 3787 982 3847 ququ
1034 3780 1274 3845 dixeras,
1335 3801 1439 3840 non
1492 3805 1614 3857 quae
1662 3791 1865 3847 docent
1920 3795 2172 3854 doctores

588 3866 933 3936 Orientales;
963 3887 1082 3924 nam
1148 3884 1201 3927 ct
1251 3875 1324 3930 illi
1397 3881 1581 3934 eadem
1632 3898 1750 3951 quae
1797 3882 2172 3945 Occidentales

598 3962 806 4014 dicunt.
850 3959 918 4014 Ut
948 3977 1078 4017 vero
1126 3965 1265 4021 scire
1321 3969 1626 4026 volentibus
1658 3991 1785 4028 num
1839 3992 1963 4032 vera
1996 3980 2170 4046 dicas,

591 4053 768 4119 palam
800 4051 891 4105 fiat
919 4054 1140 4122 veritas,
1169 4055 1602 4115 Occidentalium
1636 4080 1854 4135 quoque
1883 4068 2168 4124 doctorum

587 4143 888 4196 sententias
910 4144 997 4200 hic
1021 4160 1379 4216 apppnemus,
1407 4167 1512 4206 nou
1538 4170 1730 4212 omnes
1785 4163 2167 4230 autoumiutn,

587 4235 971 4302 sedpaucase
1028 4239 1250 4303 multis;
1286 4250 1345 4295 ut
1401 4259 1498 4313 per
1550 4262 1644 4302 eas
1707 4259 1757 4305 te
1811 4255 2168 4310 ostendamus

589 4341 986 4397 usquequaque
1041 4328 1253 4385 futilem
1321 4343 1375 4388 et
1433 4350 1804 4409 arrogantem.
1858 4343 1914 4398 In
1974 4345 2168 4414 primis

586 4419 730 4472 enim
785 4422 1019 4476 senioris
1073 4422 1260 4480 Rutilae
1301 4428 1568 4496 pontifex,
1613 4448 1866 4504 magnus,
1916 4439 2165 4507 inquam,

586 4508 886 4578 Gregorius
918 4511 1199 4584 DiaIOgus,
1232 4533 1390 4586 quem
1422 4517 1718 4577 Orientalis
1743 4540 1956 4595 quoque
1982 4529 2167 4583 Eccle-

555 4601 669 4652 ,εἰει
697 4601 978 4657 doctorem
1013 4615 1066 4658 et
1101 4619 1352 4661 sanctum
1406 4612 1677 4678 agnoscit,
1715 4613 1766 4665 in
1823 4619 2169 4684 expositione

2281 3237 2374 3290 καὶ
2392 3237 2760 3306 διδασκάλοις,
2788 3241 3074 3314 Γρηγορίῳ
3097 3244 3173 3314 τῷ
3195 3247 3462 3318 Διαλόγῳ,
3486 3247 3774 3316 Δύγουστίνῳ,

2279 3328 2564 3399 Βασιλείῳ,
2613 3331 2945 3404 Ἱερωνύμῳ,
2993 3336 3306 3409 Ἀμϐροσίῳ
3348 3341 3438 3394 καὶ
3478 3344 3579 3405 τοῖς
3604 3340 3773 3397 λοιποῖς.

2278 3423 2370 3472 καὶ
2397 3421 2494 3483 τὰς
2528 3422 2715 3490 φωνὰς
2748 3424 2928 3479 αὐτῶν
2980 3428 3287 3500 στέργομεν
3317 3434 3410 3486 καὶ
3451 3431 3773 3502 ἀποδεχόμεθα’

2279 3510 2488 3563 Οὐκοῦν
2543 3513 2601 3564 ού
2656 3513 2884 3568 δύνασαι
2927 3518 3223 3573 ἀντειπεῖν.
3281 3523 3509 3588 Τούτους
3559 3519 3637 3576 οὖν
3661 3520 3774 3587 cini;

2277 3603 2505 3672 πέμπτη
2531 3605 2640 3658 τῶν
2665 3609 3063 3677 οίκουμενικῶν
3100 3613 3324 3678 σύνοδος
3370 3618 3548 3685 ἁγίους
3576 3616 3653 3668 καὶ
3673 3613 3776 3666 διδα-

2278 3695 2508 3758 σκάλους
2536 3697 2822 3767 ἐκήρυξεν,
2855 3703 2882 3753 ὀ
2929 3700 3184 3774 Ἰωάννης
3212 3706 3448 3776 κομίσας
3465 3707 3640 3774 ἔδειξεν
3662 3709 3775 3772 ἐνορ-

2275 3785 2384 3854 γῶς
2429 3788 2488 3841 τὸ
2521 3790 2744 3861 Πνεῦμα
2783 3794 2842 3845 τὸ
2869 3792 3024 3861 ἅγιον
3057 3796 3151 3849 καὶ
3197 3799 3265 3851 ἐκ
3295 3798 3388 3851 τοῦ
3417 3798 3540 3851 Υἱοῦ
3581 3800 3647 3859 είς
3669 3793 3776 3848 ἀνοί-

2276 3896 2428 3948 ρεσιν
2459 3881 2566 3934 τῶν
2602 3883 2711 3936 σῶν
2752 3885 2950 3951 λόγων,
2981 3887 3077 3938 καὶ
3127 3887 3184 3938 ού
3242 3889 3350 3941 τῶν
3408 3885 3700 3943 ἀνατολικῶν
3724 3883 3775 3934 διο

2273 3970 2579 4037 δασκάλων,
2606 3973 2740 4026 διότι
2764 3975 3012 4028 κάκεῖνοι
3070 3976 3140 4030 τὰ
3195 3978 3341 4032 αὐτὰ
3361 3982 3468 4042 τοῖς
3495 3979 3700 4038 δυτικοῖς
3720 3971 3776 4024 λέ-

2273 4084 2484 4134 γουσιν.
2511 4068 2630 4120 Ἵνα
2655 4069 2711 4122 δὲ
2748 4069 2780 4139 ἡ
2814 4069 3048 4140 ἀλήθεια
3099 4071 3367 4147 δηλωθείη
3414 4078 3518 4137 τοῖς
3577 4066 3776 4144 βουλομέ-

2274 4177 2385 4224 νοις
2415 4163 2570 4225 ίδεῖν,
2603 4163 2759 4233 εῐπερ
2800 4163 2980 4236 ἀληθῆ
3035 4165 3244 4234 λίγεις,
3276 4169 3435 4239 ἡμεῖς
3486 4167 3572 4221 καὶ
3599 4167 3654 4219 τὰ
3676 4159 3775 4234 ῥητὰ

2271 4255 2380 4308 τῶν
2401 4255 2634 4309 δυτικῶν
2656 4257 2990 4311 διδασκάλων
3014 4259 3248 4312 ἐνταῦθα
3279 4263 3531 4332 θήσομεν,
3572 4259 3624 4312 ού
3645 4258 3774 4309 πάντα

2271 4347 2395 4400 οὐδὲ
2427 4349 2668 4410 πάντων,
2696 4349 2809 4402 ἀλλ’
2838 4353 2902 4404 ἐκ
2926 4351 3036 4404 τῶν
3063 4352 3274 4408 πολλῶν
3310 4355 3484 4424 ὀλίγα,
3537 4350 3776 4405 δεικνύντες

2275 4456 2335 4492 σε
2364 4442 2641 4511 πανταχοῦ
2677 4441 2766 4496 διὰ
2789 4444 2994 4497 τούτων
3035 4445 3276 4508 ἀλαζόνα
3326 4450 3421 4501 καὶ
3453 4447 3776 4516 ματαιόφροναο
3834 4450 3840 4455 ’

2288 4533 2376 4586 Ἑν
2411 4532 2651 4602 πρώτοις
2683 4534 2792 4605 γὰρ
2835 4537 2864 4587 6
2897 4536 2996 4606 τῆς
3057 4538 3439 4608 πρεσϐυτέρας
3496 4536 3687 4604 Ῥώμης
3711 4532 3779 4596 ἀρ-

2278 4627 2515 4696 )ίιερεὺςο
2545 4626 2573 4678 ὁ
2605 4625 2799 4694 μέγας,
2859 4628 3023 4697 φημὶ,
3054 4619 3358 4700 Γρηγόριος
3392 4631 3419 4683 6
3463 4629 3704 4692 Διάλογος,
3738 4618 3777 4668 ὃν

585 4691 725 4744 sacri
753 4691 1029 4762 Evangelii
1063 4698 1142 4751 sic
1190 4699 1299 4752 ait:
1349 4698 1501 4755 Unde
1530 4711 1581 4756 et
1609 4702 1723 4774 ipsa
1764 4703 1992 4774 Veritas,
2029 4722 2085 4766 ut
2113 4713 2166 4766 ti-

2277 4691 2377 4770 ξαν
2413 4719 2446 4785 ἡ
2480 4691 2779 4790 ἀνατολικὴ
2844 4691 3516 4791 Ἐκκλησίαηδιδάσκαλον
3550 4691 3632 4772 και
3664 4716 3776 4778 ἄτιον

584 4782 705 4834 dem
766 4784 1052 4854 discipulis
1087 4801 1332 4858 augeret,
1396 4795 1574 4850 dixit:
1626 4798 1687 4850 Si
1728 4799 1868 4853 enim
1922 4817 2016 4871 ego
2065 4820 2166 4857 non

583 4874 782 4937 abiero,
809 4875 1124 4932 Paracletus
1170 4897 1271 4935 non
1301 4888 1468 4939 veniet
1507 4891 1577 4941 ad
1625 4906 1716 4943 vos
1753 4891 1820 4944 '°.
1856 4891 1990 4947 Cum
2022 4899 2166 4950 enim

583 4969 953 5036 constet,quia
985 4968 1303 5029 Paracletus
1341 4975 1582 5045 Spiritus
1615 4997 1681 5034 ex
1710 4979 1871 5038 Patre
1906 4987 2165 5054 procedat

584 5074 798 5128 semper
821 5071 876 5116 et
913 5079 940 5114 a
980 5058 1139 5128 Eilio,
1163 5080 1261 5120 cur
1296 5082 1354 5122 se
1387 5067 1561 5124 Filius
1599 5059 1966 5130 ‘recessurum
2005 5080 2157 5143 dicit,

585 5159 643 5204 ut
672 5153 760 5206 ille
791 5154 990 5219 veniat,
1024 5159 1115 5225 qui
1145 5173 1173 5211 a
1205 5157 1343 5214 Filio
1375 5177 1656 5231 nunquam
1687 5169 1941 5221 recedit?

2273 4808 2410 4877 ἔχει,
2445 4808 2590 4861 οὕτω
2618 4813 2784 4878 φησιν
2812 4811 2870 4862 ὲν
2903 4813 2969 4880 τῇ
2999 4813 3262 4881 ἐξηγήσει
3288 4813 3383 4865 τοῦ
3419 4811 3555 4881 ἱεροῦ
3591 4808 3781 4870 Εὐαγτε·

2273 4899 2407 4950 λιου·
2436 4899 2601 4953 Ὅθεν
2637 4903 2732 4954 καὶ
2753 4901 2893 4971 αύτὴ
2921 4904 2953 4972 ἡ
3002 4902 3275 4973 Ἀλήθεια,
3308 4906 3392 4958 ἵνα
3435 4905 3539 4966 τοῖς
3570 4891 3779 4970 μαθηταῖς

2273 4991 2458 5044 πίστιν
2482 4993 2717 5064 προσθῇ,
2748 4990 2937 5056 εἰπενο
2978 4995 3121 5050 Ἐὰν
3159 4998 3270 5067 γὰρ
3304 4997 3418 5066 ἐγὼ
3449 4994 3530 5064 μὴ
3574 4987 3780 5045 ἀπέλθω,

2271 5085 2304 5136 ό
2330 5084 2723 5154 Παράκλητος
2769 5089 2881 5140 οὐκ
2927 5087 3244 5144 ἐλεύσεται
3283 5092 3436 5159 πρὸς
3463 5087 3620 5160 ὑμᾶς·
3667 5075 3782 5176 Ἐπίῗ

2267 5179 2376 5245 γάρ
2406 5178 2523 5230 ἐστι
2553 5178 2713 5248 δῆλον
2746 5179 2839 5232 τὸν
2869 5180 3230 5252 Παράκλητον
3258 5184 3318 5236 τὸ
3363 5182 3576 5252 Πνεῦμα
3624 5180 3677 5230 ἑκ
3712 5185 3781 5223 του

589 5243 804 5308 Harpe;
840 5247 926 5300 ἀεὶ
954 5249 1047 5299 καὶ
1074 5251 1168 5301 τοῦ
1194 5250 1324 5304 Υίού
1349 5254 1769 5323 ἐκπορεύεσθαι,
1799 5259 1941 5321 τίνος
1973 5259 2134 5331 χάριν
2159 5243 2358 5321 ἑαυτὸν
2423 5269 2450 5321 δ
2535 5243 2655 5332 Υίδς
2709 5243 3140 5342 ἀποδημησοντα
3201 5277 3448 5347 εἴρηκεν,
3507 5243 3574 5327 iv’
3616 5267 3781 5324 ἐκεῖνος

581 5336 731 5408 ἔλθῃ,
760 5340 788 5392 6
825 5339 918 5392 τοῦ
953 5341 1082 5395 Υίοῦ
1116 5345 1385 5414 μηδέποτε
1418 5348 1834 5420 ἀφιστάμενος;

662 5524 708 5554 ’°
734 5521 892 5580 Joan.
937 5541 1043 5595 1m,
1078 5527 1133 5582 Ἰ.

655 5697 730 5767 (ι)
759 5700 953 5755 Cullat.
985 5705 1031 5758 ι.
