4022 6196
582 304 720 367 1ε67

1513 303 1829 364 JOSEPHI
1871 302 2424 395 METHONENSlS
2461 287 2809 366 EPlSCOPl

3635 314 3738 378 ίθθθ

657 419 724 473 Et
763 417 895 488 quid
936 433 1074 488 opus
1110 427 1193 470 est
1243 429 1532 471 recensere
1583 417 1765 471 omnia
1815 430 2155 487 quiesctmque

2335 419 2441 471 Καὶ
2472 418 2522 471 τί
2557 419 2639 472 δεῖ
2678 421 2856 474 πάντα
2905 419 3247 489 καταλέγειν,
3291 421 3383 474 ὅσα
3420 423 3464 475 οἱ
3488 423 3743 479 durototh-

583 511 953 566 Oecidentalis
1007 509 1265 564 Ecclesiae
1293 508 1546 564 doctores
1599 509 1792 563 aiunt?
1836 508 1962 564 Haec
2008 509 2154 564 enim

587 604 725 658 satis
753 617 873 657 esse
898 600 1236 655 arbitramur
1267 600 1333 654 ad
1375 600 1838 671 comprobandam
1873 601 2156 655 veritatem

529 752 532 766 ί
587 707 639 750 et
664 693 1094 765 persuadendum
1133 693 1339 760 animo,
1381 695 1472 763 qui
1503 711 1608 748 non
1637 695 1710 748 sit
1766 694 2071 762 pervicacia
2101 701 2158 747 et

585 795 867 855 anteeepta
936 787 1196 856 Opinione
1258 787 1562 850 demersus,
1621 785 1798 854 qualis
1849 793 1968 839 erat
2002 793 2153 850 tuus,

584 874 909 936 venerabilis
947 879 1218 954 Epitcsie:
1259 894 1533 946 nunquam
1587 880 1729 931 enim
1791 878 2010 931 voluisti
2066 891 2159 930 ve-

579 990 699 1028 rum
737 973 924 1027 animo
955 972 1439 1040 comprehendere,
1475 981 1527 1026 et
1551 972 1702 1041 sequi
1730 980 1951 1025 sanctos
1995 969 2158 1024 hosce

581 1067 865 1133 doctores;
904 1066 998 1120 sed
1026 1065 1286 1119 maluisse
1337 1079 1462 1116 cum
1505 1063 1749 1124 Palama,
1779 1071 1832 1117 et
1875 1062 2154 1126 Cabasila,

579 1171 632 1214 et
659 1158 879 1228 reliquis
907 1172 1048 1221 esse,
1087 1157 1178 1227 qui
1209 1156 1444 1210 divexati
1489 1156 1936 1211 contorsionihus
1985 1157 2158 1210 intes-

579 1253 819 1305 tinorum
855 1250 1086 1320 periere.
1115 1249 1269 1315 Quod
1293 1261 1418 1300 vero
1456 1247 1580 1302 illos
1627 1247 1931 1302 ostendisse
1954 1246 2034 1302 ais
2062 1261 2158 1316 per

580 1360 712 1398 suos
747 1345 1028 1407 doctores,
1058 1341 1321 1411 Spiritum
1353 1350 1604 1395 sanctum
1636 1355 1702 1394 ex
1731 1338 1872 1393 Filio
1896 1341 2158 1409 procede-

580 1452 658 1500 re,
692 1435 836 1490 sicut
857 1450 922 1488 ex
954 1433 1113 1487 Patre
1135 1476 1150 1499 ,
1183 1433 1533 1486 vehementer
1565 1446 1699 1486 sane
1753 1431 2017 1496 admiror,
2058 1447 2158 1506 cur

578 1543 676 1597 pro
704 1527 811 1581 tuis
841 1511 1002 1580 etiam
1037 1525 1159 1578 illos
1188 1539 1294 1578 non
1351 1524 1576 1587 habeas,
1609 1523 2000 1595 quinoctores
2039 1524 2160 1578 uni-

578 1618 755 1673 versis
787 1615 1121 1672 Christianis
1160 1615 1421 1684 propositi
1459 1622 1588 1669 sunt
1618 1629 1646 1667 a
1679 1613 1943 1680 conciliis,
1977 1614 2066 1684 qui
2103 1622 2158 1667 et

578 1710 681 1763 sihi
716 1717 769 1762 ct
801 1709 1120 1763 doctoribus
1147 1707 1540 1770 Orientalibus,
1582 1705 1881 1774 praesertim
1932 1709 1982 1760 in
2037 1707 2153 1761 fidei

579 1799 948 1869 dogmatibus,
984 1798 1340 1869 congruentia
1373 1797 1697 1866 loquuntur.

1221 1909 1471 1964 EPIIES.

650 2045 707 2080 .n
744 2027 915 2080 altera
945 2040 1074 2080 vero
1107 2023 1376 2088 sessione,
1413 2037 1535 2092 quae
1565 2037 1592 2076 a
1618 2037 1703 2077 me
1751 2023 1892 2077 dicta
1938 2023 2158 2104 fuerant

581 2130 953 2188 pervertentes
986 2118 1170 2185 potius
1194 2133 1356 2186 quam
1393 2124 1700 2170 ever-tentes
1737 2132 1752 2181 ;
1789 2116 2154 2170 etdoctorum

581 2219 894 2263 nostrorum
920 2208 1220 2278 oppositas,
1241 2207 1428 2278 ut_illis
1453 2205 1674 2277 quidem
1705 2205 2011 2273 videbatur,
2032 2222 2158 2263 sen-

583 2299 777 2352 tentias
809 2307 1161 2369 exponentes.

1253 2416 1450 2472 RESP.

649 2531 706 2586 in
739 2533 839 2587 hac
875 2532 1113 2587 secunda
1156 2541 1278 2604 post
1302 2543 1447 2588 tuam
1477 2532 1658 2605 fugam
1685 2535 1931 2592 sessione
1955 2535 2154 2591 iterum

580 2626 747 2677 frater
795 2623 1034 2679 Joannes
1087 2625 1154 2679 de
1190 2625 1353 2680 rebus
1405 2627 1604 2682 divinis
1657 2627 1998 2696 disputavit;
2058 2627 2156 2690 ite-

579 2731 814 2785 rumque
845 2731 1039 2786 magna
1074 2731 1204 2772 voce
1233 2718 1487 2774 clamavit
1515 2737 1528 2772 :
1556 2719 1819 2775 Adducite
1851 2719 1956 2774 huc
1988 2721 2160 2790 Ephe-

581 2808 760 2871 sinm;
805 2809 930 2861 volo
985 2808 1129 2863 enim
1156 2809 1405 2865 refellere
1432 2826 1555 2880 quae
1585 2811 1745 2866 dixit.
1784 2813 1845 2867 Et
1886 2829 2078 2869 rursus
2107 2822 2159 2868 te

579 2897 820 2968 synodus
853 2913 950 2967 per
983 2899 1233 2954 nuntium
1268 2901 1334 2954 ad
1375 2916 1432 2956 se
1464 2903 1698 2957 vocavit.
1729 2902 1833 2970 Qui
1868 2919 1996 2959 vero
2028 2905 2160 2960 mis-

579 2991 622 3044 si
657 2997 835 3056 erant,
867 3001 1172 3060 quaerentes
1203 3000 1273 3056 te,
1303 2993 1664 3049 insanientem
1712 3007 2056 3067 repererunt,
2102 3007 2156 3052 et

579 3081 809 3136 vocibus
837 3082 1128 3137 inconditis
1157 3083 1500 3138 stridentem.
1533 3083 1784 3156 Cumque
1815 3096 1866 3141 te
1892 3087 1956 3141 ad
1984 3102 2155 3158 syno-

578 3175 708 3228 dum
742 3175 1053 3238 invitarent.
1113 3176 1441 3246 respondisti
1472 3192 1485 3229 :
1527 3175 1644 3230 Non
1677 3193 1898 3248 possunt
1932 3178 2153 3245 venire;

580 3270 684 3321 hac
723 3265 872 3322 enim
907 3277 1063 3323 nocte
1092 3277 1359 3323 venerunt
1404 3268 1710 3324 cardinales
1734 3269 1950 3326 sublato
1980 3269 2156 3327 domi-

579 3359 692 3414 cilii
718 3367 884 3423 tecto,
909 3366 963 3414 et
995 3360 1235 3414 membra
1264 3374 1385 3413 mea
1413 3358 1580 3428 virgis
1611 3359 1786 3428 igneis
1809 3361 2153 3428 ceciderunt;

577 3449 903 3505 occiderunt
926 3465 1011 3506 tne
1040 3448 1374 3512 cardinales,
1398 3459 1452 3504 et
1487 3465 1632 3504 nunc
1663 3450 1728 3503 ad
1759 3450 2025 3520 synodum
2074 3452 2157 3505 in-

577 3543 788 3600 vitant?
813 3540 928 3594 Non
957 3554 1203 3610 possum.
1227 3541 1309 3594 An
1340 3555 1450 3595 non
1483 3541 1683 3595 videtis
1703 3551 1756 3596 et
1788 3543 1888 3609 ipsi
1923 3543 2109 3613 plagas
2134 3543 2157 3595 2

575 3645 631 3688 et
665 3631 992 3687 ostendebas
1025 3632 1268 3686 membra
1309 3643 1398 3686 tua
1427 3633 1652 3687 dicens:
1700 3631 1933 3700 Videtis,
1964 3643 2023 3687 ut
2051 3635 2153 3689 sim

575 3727 736 3795 plane
761 3733 905 3779 totus
931 3738 1040 3794 pra:
1059 3724 1383 3778 verberibus
1409 3723 1648 3779 lividus?
1678 3724 1758 3778 Illi
1786 3736 1967 3780 autem
1996 3726 2156 3780 intel-

578 3818 808 3888 ligentes
852 3831 961 3884 quo
995 3815 1516 3880 morbolaborares,
1549 3815 1762 3870 rediere
1806 3830 1968 3871 sacro
2013 3833 2155 3872 nun-

577 3908 1040 3975 tiantesconcilio,
1060 3916 1111 3962 te
1131 3907 1386 3962 advenire
1401 3923 1504 3962 non
1527 3921 1704 3977 posse,
1721 3910 1864 3978 quod
1887 3925 1991 3964 non
2011 3921 2156 3965 recte

575 4003 810 4056 valeres.
842 3998 1110 4064 Quocirca
1141 3998 1311 4054 frater
1356 3999 1600 4056 Joannes
1650 4017 1842 4057 rursus
1878 4021 1890 4057 :
1926 4001 2152 4067 Vellem,

578 4092 776 4157 aiebat,
803 4089 1074 4161 Ephesius
1095 4089 1336 4156 adesset,
1362 4099 1417 4144 et
1439 4091 1732 4147 nobiscum
1765 4092 2000 4148 sessioni
2025 4093 2154 4147 huic

575 4187 866 4240 interesset
899 4201 914 4239 :
949 4200 1139 4239 verum
1174 4184 1429 4240 devictus
1488 4187 1850 4256 despondisse
1904 4187 2152 4242 animum

575 4279 813 4333 videtur.
843 4277 1032 4347 Itaque
1061 4277 1126 4332 ad
1147 4292 1242 4332 vos
1263 4278 1638 4347 responsionis
1661 4277 1823 4332 verba
1845 4277 2040 4332 faciam
2062 4297 2075 4343 ;
2100 4286 2153 4332 et

575 4369 808 4424 afferens
834 4370 889 4424 in
953 4368 1192 4423 medium
1245 4351 1388 4422 dicta
1446 4365 1804 4422 Orientalium
1843 4368 2150 4431 doctorum,

2265 509 2524 564 δάσκαλοι
2577 512 3036 593 τῆς-Ἐκκλησίας
3065 513 3262 582 (percito;
3297 513 3498 584 Ἀρκεῖν
3527 517 3744 586 ἡγούμεθα

2268 603 2360 654 καὶ
2387 603 2560 657 ταῦτα
2586 605 2668 667 είς
2697 605 3042 671 παράστασιν
3081 605 3180 674 τῆς
3229 605 3492 673 ἀληθείας,
3526 605 3606 658 καὶ
3624 608 3762 680 ἱκανὰ,
3864 611 3869 620 ’

2267 695 2452 746 πεῖσαι
2489 694 2668 765 ψυχὴν
2704 697 2778 765 μὴ
2815 696 3262 768 βεδαπτισμένην
3308 699 3370 768 τῇ
3403 696 3666 764 ἀπογνώσει
3704 715 3745 752 τε

2267 787 2359 839 καὶ
2389 787 2680 858 προλήψει,
2707 787 2897 859 ὥσπερ
2926 791 2958 859 ἡ
2997 789 3086 860 σὴ,
3130 788 3370 858 αἰδέσιμε
3420 789 3637 858 Ἐφέσου,
3661 789 3748 842 ἔδει

2267 874 2534 928 ϐάπτιστο
2553 893 2566 906 ·
2593 877 2652 927 ού
2685 877 2793 946 γὰρ
2813 877 3090 946 ἠθέλησας
3119 895 3246 930 ποτε
3270 880 3497 932 συνιέναι
3523 878 3576 931 τὸ
3599 879 3748 947 ἀληθὲς

2266 969 2358 1017 καὶ
2382 968 2648 1036 ἐνωθῆναι
2695 971 2810 1030 τοῖς
2857 968 3198 1031 διδασκάλοις
3231 970 3432 1032 τούτοις
3473 971 3556 1022 καὶ
3600 970 3748 1036 ἁγίοις,

2268 1057 2384 1109 ἀλλ’
2410 1058 2634 1124 ἐξελέξω
2689 1061 2830 1126 μετὰ
2874 1060 2968 1113 τοῦ
3018 1061 3254 1130 Παλαμᾶ
3282 1061 3372 1114 καὶ
3408 1060 3660 1114 Καὸασιλᾶ
3683 1062 3750 1112 καὶ

2265 1149 2374 1200 τῶν
2409 1150 2612 1204 λοιπῶν
2644 1148 2805 1218 εἶναι,
2843 1152 2892 1205 οἳ
2941 1153 3034 1205 τὸν
3083 1153 3197 1222 βίον
3243 1151 3589 1222 κατέστρεψαν
3613 1152 3747 1222 εἰλεῷ.

2274 1241 2340 1296 ’Ὀ
2367 1242 2422 1294 δὲ
2455 1243 2581 1313 φῇς.
2626 1244 2711 1296 ὅτι
2765 1244 3081 1300 ἐδείκνυσαν
3113 1245 3266 1315 παρὰ
3297 1246 3401 1298 τῶν
3429 1247 3621 1298 οἰκείων
3647 1245 3750 1298 διδα-

2268 1334 2483 1387 σκάλων
2515 1338 2954 1406 ἐκπορευόμενον
3005 1337 3066 1391 τὸ
3111 1337 3335 1406 Πνεῦμα
3367 1337 3424 1390 τὸ
3452 1327 3588 1405 ἅγιον
3611 1339 3663 1390 ἐκ
3687 1336 3750 1389 τώ

2267 1423 2394 1476 Υἱοῦ
2430 1423 2682 1495 καθάπερ
2709 1427 2769 1476 ἐκ
2798 1424 2892 1477 τοῦ
2929 1425 3162 1495 Πατρδς,
3188 1423 3446 1494 θαυμάζω
3468 1423 3605 1488 πολὺ,
3625 1424 3662 1475 εί
3687 1423 3752 1475 καὶ

2267 1515 2392 1577 σοὺς
2421 1517 2480 1566 ού
2515 1517 2775 1585 νομίζεις,
2803 1517 2900 1580 οὓς
2929 1518 2988 1571 αῖ
3035 1517 3245 1572 σύνοδοι
3275 1521 3404 1572 πᾶσι
3429 1518 3527 1578 τοῖς
3553 1517 3752 1583 Χριστια-

2265 1609 2371 1668 vat;
2402 1608 2757 1668 διδασκάλους
2808 1609 3136 1680 παρέθεσαν,
3174 1611 3223 1663 οἳ
3269 1608 3621 1680 συμφωνοῦσιν
3658 1607 3750 1660 tau-

2264 1701 2376 1760 τοῖς
2415 1701 2509 1752 καὶ
2537 1703 2654 1764 τοῖς
2687 1701 3056 1766 ’Λνατολικοῖς
3082 1703 3436 1769 διδασκάλοις,
3461 1702 3547 1756 καὶ
3571 1700 3750 1770 μάλιστα

2185 1784 2233 1844 Β
2262 1791 2320 1841 ἐν
2347 1792 2458 1853 τοῖς
2499 1792 2626 1860 περὶ
2651 1791 2752 1861 τῆς
2787 1794 3023 1855 πίστεως
3053 1793 3340 1864 δόγμασιν.

2955 1907 3144 1960 ΕΦΕΣ.

2344 2023 2434 2075 Ἐν
2479 2024 2536 2076 δὲ
2591 2025 2656 2092 τῇ
2714 2022 2946 2094 δευτέρᾳ
2983 2019 3297 2075 συνελεύσει
3325 2021 3393 2074 τὰ
3426 2014 3673 2087 παρ’ἐμοῦ
3700 2013 3752 2066 εί-

2264 2113 2476 2182 ρημένα
2506 2113 2935 2184 διαστρέψαντες
2963 2113 3168 2182 μᾶλλον
3205 2113 3238 2181 ἢ
3269 2111 3661 2182 ἀνατρέψαντες,
3685 2107 3751 2158 καὶ

2261 2205 2489 2272 χρήσεις
2540 2203 2814 2270 ἐναντίας,
2856 2204 2933 2268 ὡς
2993 2205 3226 2268 ἐκείνοις
3284 2203 3469 2270 ἐδόκει,
3522 2201 3613 2254 τῶν
3653 2197 3748 2266 παρ’

2259 2295 2393 2364 ἡμῖν
2423 2293 2762 2351 διδασκάλων
2791 2295 3188 2360 ὲκτεθεικὸτες.

2944 2395 3158 2470 ΑηοΑ.

2347 2527 2437 2581 Ἐν
2476 2527 2650 2599 ταύτῃ
2691 2528 2748 2581 δὲ
2788 2530 2853 2600 τῇ
2903 2527 3138 2600 δευτέρᾳ
3181 2525 3484 2581 συνελεύτει
3533 2522 3648 2594 μετὰ
3683 2520 3752 2589 τὴν

2265 2617 2363 2687 σὴν
2394 2617 2575 2688 φυγὴν
2621 2619 2785 2673 πάλιν
2819 2621 2847 2672 ὁ
2878 2619 2993 2690 φρὰ
3031 2620 3294 2689 Ἰωάννης
3341 2617 3646 2684 ὲθεολόγησε,
3687 2609 3753 2664 καὶ

2262 2709 2429 2763 πάλιν
2457 2713 2608 2781 φωνῇ
2638 2710 2847 2782 μεγάλῃ
2879 2711 3106 2781 ἐϐόησεν
3136 2729 3150 2744 ·
3191 2711 3448 2780 Ἀγάγετε
3469 2709 3551 2763 τδν
3581 2704 3752 2774 Ὲφέσηυ

2260 2797 2362 2856 ὧδε
2387 2818 2402 2833 ο
2439 2803 2702 2872 βούλομαι
2737 2803 2846 2874 γὰρ
2894 2802 3202 2873 ἀνατρέψαι
3235 2804 3300 2856 τὰ
3344 2801 3484 2872 αύτῷ
3530 2795 3751 2868 εἰρημένα·

2261 2897 2370 2950 Καὶ
2403 2897 2566 2950 πάλιν
2588 2897 2912 2950 ἀπέστειλεν
2936 2898 2968 2966 ἡ
3007 2895 3248 2964 σύνοδος,
3287 2894 3515 2966 ζητοῦσὰ
3539 2909 3590 2946 σε
3618 2887 3754 2944 συνελ-

2262 2988 2394 3044 θεῖν.
2435 2991 2499 3043 Of
2528 2989 2584 3042 δὲ
2615 2989 3017 3058 ἀπεσταλμένοι
3064 2989 3358 3060 ζητοῦντές
3397 3005 3472 3053 σε,
3504 2981 3638 3055 εὗρον
3662 2995 3754 3048 μαι·

2262 3083 2508 3151 νόμενον,
2534 3082 2627 3134 καὶ
2663 3080 2870 3152 βοῶντα
2923 3081 3109 3149 φωνὰς
3157 3083 3424 3150 ἀσήμους.
3467 3078 3566 3133 Καὶ
3586 3071 3754 3129 καλούνο

2258 3190 2367 3227 των
2404 3191 2460 3226 σε
2495 3171 2772 3225 συνελθεῖν
2799 3175 2865 3241 τῇ
2900 3172 3130 3243 συνόδῳ,
3161 3174 3228 3226 σὺ
3267 3173 3496 3242 ἀντέφης
3521 3185 3535 3200 ⁸
3560 3169 3621 3222 Οὐ
3639 3163 3755 3218 δύνα-

2263 3283 2360 3335 μαι
2393 3264 2568 3318 ὲλθεῖν
2587 3280 2602 3296 ·
2644 3267 2710 3336 τῇ
2755 3264 2866 3335 γὰρ
2897 3267 3056 3319 νυκτὶ
3085 3265 3265 3338 ταύτῃ
3297 3264 3531 3326 ἐλθόντες
3550 3262 3594 3314 ei
3617 3255 3755 3326 καρδι-

2257 3356 2440 3419 νάλεις
2469 3342 2855 3425 ἀπεστέγασαν
2898 3357 2992 3410 τὸν
3019 3355 3222 3426 δροψον
3257 3355 3661 3424 τοῦρίκήματος,
3687 3341 3752 3397 καἱ

2262 3450 2400 3520 μετὰ
2455 3451 2666 3520 ῥάϐδων
2715 3452 2964 3520 πυρίνων
3017 3449 3236 3520 ἔδειράν
3297 3464 3395 3520 μου
3443 3445 3535 3508 τὰς
3583 3441 3754 3510 σάρκαςο

2270 3542 2629 3597 Ἀπέκτεινάν
2657 3559 2724 3613 με
2769 3541 3226 3614 οῖ’καρδινάλεις,
3258 3542 3356 3595 καὶ
3388 3540 3478 3594 νῦν
3504 3530 3692 3592 καλοῦσί
3708 3543 3754 3596 με

2259 3636 2538 3688 συνελθεῖν
2571 3637 2693 3707 μετ’
2726 3635 2948 3702 αὐτῶν;
3001 3636 3078 3689 Οὐ
3126 3634 3392 3703 δύναμαι.
3432 3627 3506 3686 Ἦ
3535 3628 3620 3696 οὐχ
3640 3621 3755 3692 δρᾶτε

2259 3727 2358 3780 καὶ
2387 3727 2550 3797 ὑμεῖς
2581 3729 2681 3792 τὰς
2738 3729 2953 3798 πληγάς
2979 3745 2992 3794 ;
3044 3728 3156 3781 Καὶ
3193 3727 3464 3789 ὲδείκνυες
3489 3723 3579 3784 τὰς
3605 3719 3756 3785 σάρκας

2259 3836 2352 3871 σου
2390 3817 2567 3887 λέγων
2592 3835 2606 3852 ·
2633 3820 2893 3885 Βλέπετε,
2920 3819 3040 3882 πῶς
3073 3821 3194 3890 εἰμι
3223 3820 3346 3883 ὅλος
3377 3807 3755 3890 μεμελανωμένος

2257 3911 2364 3965 τῶν
2397 3912 2717 3981 ραὅδισμῶν
2747 3911 2936 3964 ἕνεκεν
2961 3927 2976 3976 ;
3021 3913 3257 3966 Ἐκεῖνοι
3282 3912 3338 3966 δὲ
3360 3909 3673 3978 ὲννοήσαντες
3689 3896 3756 3962 τὴν

2256 4004 2566 4069 ἀσθένειαν,
2609 4003 2855 4075 ἀπῆλθον
2905 4003 3198 4072 δηλοῦντες
3231 4005 3299 4075 τῇ
3339 4002 3458 4073 ἱερᾷ
3490 3986 3756 4064 συνόδῳ,ὦς

2257 4097 2320 4150 ού
2353 4096 2596 4165 ,δύναται
2646 4095 2928 4150 συνελθεῖν
2952 4136 2967 4161 ,
3005 4095 3228 4149 ἀσθενεῖ
3277 4095 3407 4167 γάρ.
3454 4089 3647 4146 Ὅθενό
3682 4079 3759 4150 ςρᾶ

2269 4187 2522 4257 Ἰωάννης
2562 4187 2729 4240 πάλιν
2770 4184 2926 4242 εἶπεν
2947 4205 2961 4220 ο
3003 4188 3340 4259 Ἐϐουλόμην
3371 4184 3505 4250 εἶναι
3535 4181 3616 4235 τδν
3649 4177 3761 4242 Ἐφέ-

2260 4297 2351 4332 σου
2384 4273 2507 4344 ὧδε,
2559 4281 2649 4332 καὶ
2686 4285 3061 4356 συμπαρεῖναι
3095 4284 3234 4354 ἡμῖν
3262 4283 3320 4335 ὲν
3348 4279 3513 4351 ταύτῃ
3539 4278 3596 4344 τῇ
3643 4283 3758 4322 συνε-

2257 4369 2440 4423 λεύσει
2465 4387 2480 4403 ⁸
2509 4371 2624 4424 ἀλλ’
2653 4373 2728 4435 ὡς
2757 4373 2957 4438 ἔοικεν,
3002 4374 3263 4443 ἡττηθεὶς
3301 4372 3535 4439 ἀπέγνω.
3563 4364 3641 4419 Διὸ
3663 4359 3758 4428 φέίί

575 4479 697 4533 qua:
727 4478 757 4517 a
783 4462 943 4518 nobis
967 4462 1131 4518 etiam
1151 4475 1317 4532 supra
1341 4461 1582 4531 exposita
1605 4471 1754 4526 sunt,
1789 4474 1886 4514 nec
1912 4475 2017 4512 non
2048 4459 2150 4513 alia

2259 4463 2393 4530 πρὸς
2428 4464 2572 4533 ὑμᾶς
2611 4465 2931 4535 ποιήσωμαι
2957 4467 3060 4536 τὴν
3091 4466 3410 4534 ἀπόκρισιν.
3443 4460 3546 4514 Kal.
3567 4463 3760 4523 πρωτα·

575 4556 812 4628 plurima
850 4573 864 4622 ;
898 4572 999 4611 nos
1023 4556 1167 4611 enim
1195 4555 1522 4625 protulimus
1561 4566 1730 4622 pauca
1758 4567 1772 4606 :
1799 4552 2012 4623 egregie
2043 4551 2157 4607 sole

577 4653 695 4718 ipso
726 4649 928 4704 clarius
951 4648 1368 4711 demonstravit,
1393 4645 1659 4712 Spiritum
1684 4653 1932 4700 sanctum
1956 4660 1984 4698 a
2017 4644 2155 4700 Filio

575 4756 794 4810 quoque
819 4741 1119 4809 procedere
1150 4757 1164 4806 ;
1195 4747 1247 4792 et
1271 4752 1392 4807 quae
1428 4737 1579 4808 prius
1609 4751 1637 4791 a
1665 4743 1718 4791 te
1745 4736 1886 4791 dicta
1916 4735 2154 4803 fuerant,

577 4846 799 4884 strenue
832 4829 1128 4884 demolitus
1166 4837 1269 4893 est,
1308 4839 1472 4898 atque
1537 4827 1687 4881 humi
1747 4828 2044 4896 prostravit
2097 4838 2156 4882 ut

576 4924 710 4977 falsa
734 4931 791 4975 et
816 4934 1091 4990 perversa,
1126 4919 1450 4988 penitusque
1483 4933 1513 4972 a
1550 4918 1822 4987 theologia
1875 4929 1929 4973 et
1973 4928 2156 4972 mente

575 5011 1293 5070 sanctorumabhorrentia.
1352 5008 1617 5078 Exposuit
1675 5024 1802 5064 vero
1865 5010 2150 5065 doctorum

575 5116 890 5170 nostrOrutn
924 5102 1242 5167 sententias,
1276 5102 1342 5156 iis
1376 5117 1496 5171 qua:
1523 5116 1552 5155 a
1586 5109 1638 5156 te
1668 5101 1994 5156 dicebantur
2023 5117 2154 5156 con-

577 5199 796 5263 trarias,
840 5195 1051 5250 veritati
1085 5205 1266 5250 autem
1320 5195 1548 5249 omnino
1603 5209 1913 5260 consonus;
1949 5210 2056 5248 non
2089 5210 2152 5249 eo

575 5305 763 5354 sensu,
797 5304 906 5356 quo
933 5298 988 5340 tu
1019 5301 1272 5358 perverse
1292 5285 1644 5357 intelligendo
1666 5287 1979 5358 exponebas
2003 5326 2017 5350 ,
2053 5287 2150 5342 sed

575 5397 686 5451 quo
716 5380 834 5435 illas
863 5379 897 5433 ii
931 5381 1292 5449 scripserunt,
1328 5388 1382 5432 et
1415 5387 1564 5434 recta
1598 5389 1778 5434 mente
1828 5378 2152 5448 pronuntia-

575 5483 734 5540 runt;
772 5482 824 5527 te
851 5471 1165 5540 relinquens
1193 5471 1288 5526 ubi
1310 5471 1633 5535 constravit,
1661 5470 1962 5526 deridenda
1993 5469 2146 5539 lapsu

572 5567 862 5637 iacentem.
897 5565 1040 5620 unde
1077 5573 1126 5619 te
1155 5565 1364 5636 erigere
1387 5565 1602 5634 penitus
1635 5579 1742 5618 non
1773 5563 2014 5618 valuisti.

2261 4555 2374 4622 γὼν
2418 4557 2488 4610 τὰ
2546 4556 2655 4610 τῶν
2688 4556 3053 4612 Ἀνατολικῶν
3103 4557 3446 4612 διδασκάλων
3483 4549 3627 4626 ῥητὰ.
3657 4544 3761 4606 ἅπερ

2263 4645 2356 4697 καὶ
2383 4648 2547 4716 ἡμεῖς
2595 4649 2864 4719 πρότερον
2912 4648 3236 4718 ἐξεθέμεθα,
3264 4651 3359 4704 καὶ
3399 4646 3528 4703 ἄλλα
3567 4638 3756 4694 πλείσταν

2260 4737 2423 4805 ἡμεῖς
2474 4740 2583 4806 γὰρ
2631 4738 2789 4806 ὀλίγα
2835 4739 3264 4810 προετείναμεν,
3292 4739 3548 4810 γενναίως
3571 4720 3762 4785 ἀπέδειξε

2261 4828 2355 4880 καὶ
2390 4828 2774 4899 λαμπρότερον
2808 4829 2902 4882 τοῦ
2937 4832 3109 4901 ἡλίου,
3144 4833 3228 4885 ὅτι
3261 4832 3356 4886 καὶ
3380 4832 3442 4884 ὲκ
3487 4825 3572 4881 τοῦ
3599 4816 3704 4874 Υίοῦ
3722 4810 3765 4862 τδ

2267 4919 2490 4990 Πνεῦμα
2528 4921 2588 4971 τὸ
2620 4920 2778 4988 ὅιγιον
2796 4922 3176 4991 ἐκπορεύεται·
3203 4920 3468 4991 ἀνέτρεφέ
3481 4913 3538 4972 τε
3562 4905 3766 4981 ἀνδρείως

2267 5013 2334 5063 τὰ
2363 5012 2513 5082 παρὰ
2550 5011 2640 5065 σοῦ
2677 5016 2947 5084 πρότερον
2979 5015 3269 5085 εἰρημένα,
3312 5013 3406 5066 καὶ
3435 5012 3512 5073 είς
3535 5005 3626 5075 γῆν
3650 4993 3768 5054 κατέ·

2262 5102 2495 5172 στρεψεν
2527 5103 2602 5166 ὡς
2636 5103 2805 5173 ψευδῆ
2829 5107 2924 5157 καὶ
2961 5105 3405 5176 διεστραμμένα,
3432 5102 3523 5156 καὶ
3547 5085 3766 5151 παντελῶς

2256 5196 2515 5266 ἀλλότρια
2548 5199 2647 5267 τῆς
2676 5200 2785 5252 τῶν
2817 5198 2991 5266 ἁγίων
3016 5199 3299 5266 θεολογίας
3323 5199 3418 5252 καὶ
3439 5192 3669 5250 διανοίας.
3687 5179 3767 5236 Καὶ

2257 5288 2538 5342 ὲκτέθεικε
2594 5289 2696 5353 τὰς
2729 5291 2956 5362 χρήσεις
2989 5289 3101 5343 τῶν
3148 5289 3438 5361 ἡμετέρων
3471 5275 3765 5369 διδασκάλων]

2255 5386 2365 5447 τοῖς
2403 5385 2489 5437 σοὶ
2521 5385 2620 5453 μὲν
2659 5385 2906 5455 ῥηθεῖσιν
2959 5388 3240 5449 ἐναντίας,
3281 5388 3346 5455 τῇ
3390 5383 3444 5435 δὲ
3476 5371 3680 5443 ἀληθείᾳ
3710 5378 3768 5426 τῳ

2259 5475 2371 5530 δντι
2404 5479 2738 5548 συνᾳδούσας
2763 5496 2776 5510 ·
2804 5481 2865 5531 οὐ
2901 5481 3008 5550 μὴν
3055 5480 3100 5534 δ’
3146 5480 3218 5541 ὡς
3272 5478 3336 5530 σὺ
3379 5458 3768 5538 διεστραμμένους

2261 5569 2460 5637 ἐξηγοῦ
2494 5572 2588 5624 καὶ
2615 5572 2946 5642 ἐλάμϐανες,
2974 5573 3092 5626 ἀλλ’
3141 5572 3214 5634 ὡς
3246 5571 3444 5624 ἐκεῖνοι
3475 5550 3768 5642 συνέγραψαν

576 5659 671 5709 καὶ
703 5654 775 5717 ὡς
801 5657 835 5724 ἡ
871 5657 1095 5708 ἐκείνων
1124 5651 1268 5725 εἶχεν
1298 5654 1433 5727 ὀρθὴ
1457 5656 1667 5710 διάνοια
1694 5671 1707 5685 ’
1737 5655 1795 5709 σὲ
1832 5655 2148 5711 καταλιπὼν
2189 5658 2317 5713 ἔνθα
2355 5667 2446 5716 καὶ
2495 5639 2854 5733 κατηδάρισε,
2928 5665 3129 5735 πτῶμα
3202 5661 3444 5731 γέλωτος
3489 5654 3640 5720 ἄξιον,
3675 5639 3766 5698 ὃθεν

579 5747 859 5818 ἀνακύψαι
892 5749 1022 5812 ὅλως
1055 5751 1154 5802 ούκ
1183 5748 1470 5820 ἡδυνήθης.
