4022 6196
396 442 401 445 “
975 436 1165 493 ΕΦΕΣ.

369 523 527 578 Ἐπεὶ
554 524 611 577 δέ
647 541 749 593 μου
784 527 1217 595 σεσιωπηκότος,
1248 528 1422 590 οὐδεὶς
1458 530 1540 579 ἔτι
1575 529 1682 579 τῶν
1716 531 1851 597 ἠμε-

262 618 462 687 ,τέρων
492 619 630 686 πρὸς
660 618 861 679 αὐτοὺς
893 618 1205 689 ἐθάρρησεν
1236 620 1651 684 ἀντιτάξασθαι,
1693 621 1852 673 τοῦτο

293 710 394 778 μὲν
416 709 525 760 τῶν
553 708 832 776 ἀρχόντων
855 708 996 762 οὕτω
1021 710 1141 763 δέον
1171 706 1313 763 εἶναι
1346 712 1664 780 κρινόντων,
1698 712 1855 765 τοῦτο

287 802 346 853 δὲ
382 800 479 851 καὶ
517 800 807 861 ὀκνοῦντες
854 800 1094 863 ἅπαντες
1141 802 1233 853 τὸν
1280 802 1486 868 ἀγῶνα,
1522 807 1617 856 καὶ
1667 804 1740 873 μὴ
1775 805 1855 866 εἰς

289 894 474 963 ἔριδας
497 895 589 945 καὶ
621 894 863 962 ταραχὰς
894 895 1180 964 ἐμπέσωσι
1214 896 1448 959 δεδιότες
1477 911 1491 925 ⁶
1531 899 1726 950 ἐκεῖνοι
1757 899 1857 967 τὴν

290 986 574 1054 ἡμετέραν
599 986 808 1055 σιωπὴν
844 987 916 1049 ὡς
944 988 1176 1057 ἕρμαιον
1206 989 1573 1056 λογισάμενοι,
1602 991 1857 1059 καθάπερ

290 1078 442 1138 τινὰς
478 1078 723 1145 φυγάδας
786 1079 1189 1146 προεκαλοῦντο
1234 1082 1357 1142 τοὺς
1388 1082 1687 1150 ἡμετέρους
1722 1084 1858 1150 πρὸς

301 1168 482 1237 μάχην
508 1184 521 1197 ’
556 1168 651 1220 καὶ
690 1168 955 1237 μηδαμῶς
991 1171 1376 1222 ὑπακουόντων
1408 1173 1584 1239 ἡμῶν,
1626 1174 1859 1240 ἐπεκρό-

294 1275 423 1309 τουν
475 1258 549 1321 ὡς
605 1261 844 1327 νικηταῖ,
887 1262 978 1312 καὶ
1026 1261 1125 1329 τὴν
1186 1262 1442 1329 ἀλήθειαν
1480 1262 1601 1331 μεθ’
1649 1264 1859 1316 έαυτῶν

292 1349 532 1418 ἔχοντες.

966 1445 1173 1498 ΔΠΟΛ.

384 1533 750 1604 Ἐπεκρότουν
794 1539 891 1606 οὐχ
938 1539 1011 1599 ὼς
1043 1543 1282 1606 νικηταὶ,
1319 1538 1435 1590 ἀλλ’
1468 1541 1540 1600 ὡς
1566 1541 1733 1595 ἀθῶοι
1760 1542 1862 1609 τῆς

298 1626 396 1690 σῆς
425 1626 705 1695 διαϐολῆς·
741 1628 805 1681 σὺ
848 1630 955 1697 γὰρ
989 1632 1083 1685 καὶ
1111 1634 1158 1684 οἱ
1192 1635 1332 1687 κατὰ
1358 1634 1416 1685 σὲ
1451 1634 1575 1695 τοὺς
1600 1634 1863 1693 Λατίνους

292 1718 609 1783 αἱρετικοῦς
668 1719 844 1788 εἴχετε
898 1720 985 1773 διὰ
1036 1724 1095 1774 τὸ
1144 1723 1327 1790 λέγειν
1374 1726 1467 1776 καὶ
1504 1726 1567 1776 ἐκ
1603 1724 1697 1776 τοῦ
1725 1723 1859 1778 Υίοῦ

300 1807 526 1874 Πνεῦμα
559 1811 1014 1877 ἐκπορευόμενον,
1056 1816 1150 1866 καὶ
1186 1817 1495 1868 ὲνεκαλεῖτε
1529 1815 1733 1879 αὐτοῖς,
1766 1819 1860 1868 καὶ

293 1896 575 1965 τολμητὰς
613 1898 707 1950 τοῦ
763 1901 1039 1968 συμϐόλου
1103 1905 1199 1957 καὶ¹
1252 1908 1688 1976 παραχαράκτας
1733 1908 1860 1959 ἐκα-

290 1986 461 2037 λεῖτε·
482 1990 681 2041 ἐκεῖνοι
707 1991 759 2042 δὲ
780 1993 906 2056 τοὺς
929 1994 1118 2060 ἁγίους
1139 1996 1264 2057 τοὺς
1283 1996 1663 2059 ’Δνατολικούς
1684 2014 1741 2050 τε
1769 1998 1863 2050 καὶ

292 2078 559 2141 Δυτικοὺς
617 2083 1049 2150 προκομίσαντες
1073 2087 1511 2155 ,συμφωνοῦντας
1536 2090 1612 2157 τῷ
1652 2089 1861 2141 ἑαυτῶν

292 2168 551 2239 δόγματι,
602 2172 633 2239 ἢ
688 2172 894 2242 βέλτιον
923 2177 1087 2243 φάναι
1110 2181 1173 2246 τῇ
1213 2179 1463 2247 ἀληθεία,
1504 2184 1858 2251 ἐπεκρότουν,

294 2262 373 2321 ὡς
423 2260 523 2314 οῦκ
558 2266 665 2316 είσι
696 2266 964 2334 τολμηταὶ
1022 2270 1114 2321 τοῦ
1168 2273 1436 2339 συμόὁλου
1485 2274 1516 2340 ἢ
1572 2277 1861 2344 αἱρετικοὶ,

294 2354 414 2406 ἀλλ’
444 2355 519 2417 ὼς
570 2359 668 2425 τὴν
702 2358 961 2425 ἀλήθειαν
996 2362 1276 2429 λέγοντες,
1309 2366 1410 2435 ἤδη
1465 2367 1562 2433 τῆς
1607 2366 1864 2433 ἀληθείας

299 2447 569 2516 φανείσης
592 2449 678 2500 διὰ
696 2451 804 2503 τῶν
823 2451 1160 2505 διδασκάλων
1192 2455 1289 2523 τῆς
1318 2455 1662 2525 Ἐκκλησίας.
1692 2459 1863 2527 Προε-

299 2539 565 2592 καλοῦντο
619 2542 673 2594 δὲ
718 2543 846 2604 τοὺς
879 2544 1203 2614 ἡμετέρους,
1253 2549 1299 2598 εί
1353 2546 1635 2616 βούλονται
1688 2551 1866 2601 ἀντει-

296 2636 424 2685 πεῖν
454 2638 567 2695 τοῖς
602 2635 713 2687 τῶν
748 2636 1084 2690 διδασκάλων
1116 2641 1322 2708 ῥητοῖς.
1359 2642 1422 2692 Oi
1469 2641 1732 2711 ἡμέτεροι
1772 2638 1866 2698 οὖν

295 2727 605 2793 ἀντιλέγειν
636 2729 777 2783 οὕτω
812 2732 947 2800 πρὸς
991 2734 1059 2784 τὰ
1096 2735 1371 2800 φανότατα
1404 2734 1503 2786 οὐκ
1534 2735 1864 2807 ἐθάρρησαν,

295 2819 420 2872 οὐδὲ
455 2818 640 2883 ἁπλῶς
676 2822 1062 2887 ἀντιτάξασθαι
1094 2824 1306 2894 ἤθελον,
1338 2827 1436 2895 οὐχ
1458 2827 1530 2887 ὼς
1561 2830 1864 2895 ὀκνοῦντες,

296 2912 331 2979 ἢ
368 2911 619 2975 δεδιότες,
669 2915 744 2977 ὠς
786 2917 848 2967 σὺ
882 2915 1008 2986 φῂς,
1055 2916 1170 2970 ἀλλ’
1202 2918 1278 2980 ὡς
1322 2921 1535 2987 μωρίαν
1570 2922 1866 2989 ἡγούμενοι

296 3005 602 3072 ἀντιλέγειν
635 3010 699 3076 τῇ
752 3008 1013 3078 ἀληθείᾳ,
1049 3010 1192 3063 οὕτω
1243 3013 1496 3081 φανερῶς
1540 3015 1868 3087 δεικνυμένῃ

1344 321 1776 379 REFUTA'l‘tO
1810 316 2039 373 MAiiCl
2088 311 2472 369 Ei‘liiiSlNl.

2622 421 2861 478 El’liES.

2026 521 2289 585 Quoniam
2328 533 2476 581 vero,
2542 516 2630 569 ubi
2676 517 2963 568 tacuissem
3023 528 3142 580 ego,
3204 526 3266 562 ex
3325 509 3523 561 nostris

1954 628 2115 664 nemo
2160 627 2327 664 ausus
2350 622 2427 664 est
2457 610 2689 675 amplius
2745 622 2864 660 sese
2924 605 3028 657 illis
3080 617 3373 670 opponere,
3414 610 3525 651 tum

1956 705 2082 770 quia
2108 704 2396 769 optimates
2456 703 2526 753 ita
2561 700 2672 752 [it-ri
2732 705 2985 765 oportere
3036 695 3348 754 censebant,
3412 703 3525 744 tum

1957 796 2084 863 quia
2109 810 2297 848 omnes
2317 805 2593 846 certamen
2630 789 3026 847 detrectabant,
3066 788 3319 840 timentes
3374 799 3440 836 ne
3469 797 3527 836 se

1960 886 2148 938 litibus
2195 899 2257 935 ac
2307 883 2481 935 turbis
2543 882 2918 949 implicarcnt;
2977 879 3048 930 illi
3106 875 3523 929 taciturnitatem

1959 988 2203 1030 nostram
2232 976 2399 1029 veluti
2432 975 2645 1027 lucrum
2682 972 2964 1041 inopinato
2988 972 3089 1023 sibi
3114 971 3354 1022 oblatum
3401 968 3527 1026 rati.

1962 1054 2178 1121 nostros
2219 1067 2380 1139 veluti
2443 1060 2525 1118 in'
2562 1064 2741 1132 fugam
2806 1077 2992 1116 versos
3043 1061 3407 1129 provocabaut
3462 1058 3526 1109 ad

1960 1174 2193 1230 pugnam
2224 1174 2237 1208 :
2284 1157 2441 1210 nobis
2467 1164 2647 1208 autem
2685 1153 3065 1214 renuentibus,
3127 1152 3532 1220 applaudebnut

1962 1251 2036 1306 illi
2072 1250 2226 1319 quasi
2249 1250 2508 1312 victores,
2540 1256 2596 1302 et
2644 1247 2929 1301 veritatem
2987 1260 3016 1297 ο
3046 1259 3101 1297 se
3158 1252 3395 1298 stantem
3434 1243 3530 1294 ba-

1961 1345 2173 1398 bentes.

2654 1429 2848 1483 RESP.

2033 1526 2451 1599 Applaudebant
2481 1540 2583 1575 non
2623 1530 2682 1575 ut
2716 1522 2971 1581 victores,
3024 1518 3116 1571 sed
3148 1526 3207 1571 ut
3246 1517 3402 1583 culpa
3438 1532 3533 1568 va-

1964 1632 2168 1684 cantes,
2202 1635 2364 1689 quam
2401 1619 2452 1670 in
2486 1618 2607 1670 illos
2656 1630 2752 1683 per
2796 1615 3121 1666 calumniam
3157 1612 3528 1679 conjiciebas;

1968 1726 2021 1768 tu
2053 1714 2191 1767 enim
2224 1712 2386 1781 etqui
2416 1722 2589 1763 tecum
2650 1710 2913 1768 sentiunt,
2973 1706 3194 1759 Latinos
3251 1706 3532 1757 luen-ticos

1967 1804 2269 1869 habebatis,
2303 1802 2445 1865 qtlod
2478 1801 2684 1863 dicant,
2738 1800 2904 1852 etiam
2956 1814 3018 1850 ex
3052 1798 3192 1850 Filio
3240 1797 3533 1863 protrudere

1965 1897 2264 1965 Spiritum;
2299 1903 2353 1946 et
2380 1892 2715 1946 incusabatis
2738 1907 2854 1954 eos,
2892 1889 3241 1960 Symbolique
3301 1897 3531 1941 temera-

1965 1999 2112 2043 tores
2139 2003 2201 2039 ac
2228 1987 2617 2054 depravatores
2640 1983 2918 2050 appellabu
2936 1983 3027 2033 tis.
3057 1981 3133 2034 llli
3160 1996 3287 2033 vero
3307 1980 3533 2049 prolatis

1965 2078 2277 2133 doctoribus
2305 2085 2359 2130 et
2418 2074 2786 2129 Oiientalibus
2813 2085 2860 2127 et
2923 2071 3383 2133 Occidentalibus,
3438 2072 3531 2139 qui

1963 2185 2150 2223 eorum
2187 2168 2425 2237 dogmati
2485 2181 2578 2219 seu
2641 2166 2816 2234 potius
2883 2164 3089 2218 veritati
3145 2164 3533 2232 suﬂragantttr,

1965 2264 2386 2332 applaudebant,
2466 2261 2606 2328 quod
2685 2274 3027 2328 nequaquam
3105 2257 3533 2311 sinttcmrrarii

1968 2356 2209 2425 Symboli
2275 2364 2645 2422 corruptores,
2714 2354 2799 2406 vel
2857 2350 3245 2412 baeretici,sed
3292 2348 3535 2402 veritatis

1967 2461 2291 2510 assertores,
2333 2462 2454 2499 cum
2476 2462 2572 2515 per
2595 2446 2848 2499 doctores
2884 2443 3138 2497 Ecclesiae
3170 2442 3370 2495 veritas
3422 2442 3532 2506 jam

1966 2537 2244 2591 eluxissct.
2272 2536 2500 2590 Nostros
2528 2552 2689 2605 porro
2731 2537 3049 2598 evocabant,
3096 2534 3139 2586 si
3176 2532 3306 2596 quid
3341 2532 3539 2585 vellent

1967 2632 2148 2684 dicere
2181 2632 2369 2685 contra
2391 2630 2690 2683 sententias
2719 2628 3004 2681 doctorum
3030 2643 3043 2689 ;
3074 2637 3127 2679 at
3170 2626 3257 2679 illi
3279 2642 3386 2678 non
3410 2637 3539 2678 sunt

1969 2724 2088 2778 ausi
2121 2725 2382 2778 adversus
2415 2724 2748 2778 lucidissima
2779 2723 3052 2791 proloqui,
3091 2737 3267 2791 neque
3310 2720 3534 2775 omnino

1969 2832 2027 2871 se
2057 2832 2331 2885 otvponere
2366 2816 2677 2879 voluerunt,
2708 2831 2839 2881 non,
2874 2825 2933 2869 ut
2973 2817 3079 2875 ais.
3121 2816 3265 2884 quod
3319 2816 3540 2882 refuge-

1969 2920 2087 2962 rent
2123 2920 2214 2963 aut
2267 2910 2540 2973 timerent,
2604 2909 2697 2964 sed
2760 2908 2887 2978 quia
2931 2909 3157 2962 stultum
3193 2924 3316 2963 esse
3349 2908 3541 2975 opina-

1971 3009 2161 3053 rentur
2191 3009 2381 3053 contra
2411 3002 2693 3055 veritatem
2731 3001 3014 3069 disputare
3065 3012 3172 3053 tam
3227 3009 3411 3068 aperte
3449 3000 3542 3053 de-

294 3096 385 3149 διὰ
422 3098 531 3148 τῶν
561 3098 922 3152 Ἀνατολικῶν
974 3117 1031 3152 τε
1075 3104 1173 3153 καὶ
1211 3103 1455 3154 Δυτικῶν
1503 3104 1864 3163 διδασκάλων.

1971 3102 2325 3146 monstratam
2352 3109 2415 3145 cx
2469 3091 2705 3147 Orientis
2754 3101 2807 3145 et
2840 3091 3152 3147 Occidentis
3193 3092 3538 3147 doctoribus.

298 3187 373 3239 Σὺ
426 3187 484 3240 δὲ
535 3188 849 3258 ὲσιώπησας
900 3192 1251 3261 τεχνηέντως,
1281 3195 1379 3262 οὐχ
1422 3194 1496 3257 ὡς
1544 3197 1866 3266 βουλόμενος

300 3282 538 3350 σιωπᾷν,
572 3280 686 3333 ἀλλ’
718 3281 793 3343 ὡς
825 3280 903 3351 μὴ
936 3282 1236 3354 δυνάμενος
1262 3285 1561 3353 ἀντιλέγειν
1589 3304 1601 3318 ·
1638 3289 1722 3350 τίς
1758 3289 1867 3356 γὰρ

294 3375 687 3443 διαλεγόμενος
744 3377 802 3428 ἐν
838 3377 1039 3445 σταδίῳ
1096 3380 1277 3449 σιωπᾷ
1332 3380 1635 3444 ἐκουσίωςς
1684 3382 1716 3449 ἡ
1759 3381 1867 3452 γὰρ

297 3464 481 3533 σιωπὴ
509 3464 665 3533 νίκην
713 3465 874 3528 εὐθὺς
906 3465 1177 3519 δείκνυσι”
1208 3469 1290 3519 δεῖ
1310 3466 1403 3521 οὖν
1432 3469 1522 3520 τὸν
1542 3468 1868 3540 διαλεγόμε-

296 3572 391 3607 νον
421 3556 508 3607 ἀεὶ
553 3557 756 3623 λέγειν,
790 3556 902 3608 ἔστ’
939 3557 1006 3609 ἂν
1034 3558 1260 3629 νικήσῃ,
1290 3558 1322 3627 ἢ
1357 3559 1578 3629 νικηθῇ.
1608 3561 1679 3613 Σὺ
1704 3561 1759 3613 δὲ
1794 3560 1868 3633 μὴ

295 3648 600 3716 δυνάμενος
655 3647 735 3700 ἔτι
787 3648 992 3716 λέγειν,
1028 3650 1241 3719 σιωπὴν
1295 3651 1551 3704 ἀκούσιον
1595 3653 1866 3723 ἧσκησας,

294 3738 400 3807 τὴν
422 3735 711 3790 ἀσθένειαν
739 3736 1180 3807 ὑποκρινάμενος
1208 3756 1224 3772 ο
1256 3740 1349 3793 καὶ
1378 3740 1554 3811 τούτῳ
1576 3743 1652 3811 τῷ
1681 3744 1869 3814 τρόπῳ

293 3827 392 3880 τοῦ
438 3828 650 3894 ἀγῶνος
696 3826 993 3893 ὲξέκλινας,
1043 3828 1207 3897 δῆλον
1250 3829 1389 3898 μετὰ
1432 3831 1625 3900 τιμῆς,
1655 3830 1730 3895 ὡς
1769 3833 1870 3886 οὐκ

294 3917 557 3987 ὲνικήθης
607 3920 664 3970 ἐν
723 3923 790 3990 τῇ
846 3919 1082 3990 συνόδῳ·
1116 3919 1217 3989 τὴν
1280 3921 1389 3990 γὰρ
1440 3921 1704 3992 αίσχύνην
1763 3924 1873 3994 πρὸ

293 4004 593 4076 ὀφθαλμῶν
624 4005 761 4078 ἔχων
795 4007 895 4059 οὐκ
920 4007 1233 4078 ἠϐουλήθης
1263 4008 1563 4064 συνελθεῖν.

984 4186 1175 4243 ΕΦΕΣ.

372 4279 543 4335 Τοῦτο
585 4279 642 4334 δὲ
678 4280 774 4334 καὶ
827 4280 913 4333 ἀεὶ
945 4283 1125 4334 ποιεῖν
1157 4281 1408 4352 ἔμελλον,
1440 4281 1584 4338 οὕτω
1613 4285 1870 4350 καθάπαξ

295 4372 817 4442 παρεσκευασμένοι
874 4373 1010 4443 πρὸς
1061 4376 1168 4427 πᾶν
1201 4375 1260 4427 τὸ
1308 4374 1604 4444 λεγόμενον
1657 4378 1871 4432 ἀντιλέ-

292 4483 444 4535 γειν,
473 4467 568 4519 καὶ
597 4466 814 4530 ἑαυτοῖς
848 4465 946 4534 τὴν
980 4466 1139 4537 νίκην
1173 4466 1556 4538 ἐπιφημίζειν.

984 4651 1197 4705 ΑΠΟΛ.

370 4738 881 4809 Παρεσκευασμένοι
931 4741 1039 4792 εἰσὶ
1081 4740 1314 4794 πάντοτε
1363 4742 1411 4793 οἱ
1457 4741 1559 4811 τὴν
1616 4742 1873 4813 ἀλήθειαν

298 4828 424 4898 μεθ’
467 4828 678 4881 ἑαυτῶν
734 4829 950 4898 ἔχοντες
1003 4828 1311 4896 ἀντιλέγειν
1372 4830 1449 4900 τῷ
1494 4831 1703 4899 ψεύδει.
1756 4833 1868 4885 Καὶ

294 4922 461 4990 ἡμεῖς
521 4921 615 4974 νῦν
676 4921 887 4989 ἕτοιμοι
960 4923 1055 4975 καὶ
1128 4925 1642 4993 παρεσκευασμένοι
1698 4924 1865 4993 ἐσμὲν

292 5014 412 5070 τοῖς
467 5012 682 5082 ἐχθροῖς
721 5012 820 5081 τῆς
854 5011 1101 5073 ἐνώσεως
1149 5013 1595 5068 ἀντιτάσσεσθαι.
1655 5016 1764 5068 Καὶ
1816 5016 1866 5068 οἱ

294 5104 521 5156 Λατῖνοι
561 5101 652 5155 οῦν
700 5104 793 5155 καὶ
820 5105 941 5155 τότε
994 5104 1091 5156 καὶ
1125 5102 1223 5157 νῦν
1264 5104 1357 5157 καὶ
1391 5106 1480 5158 ἀεὶ
1520 5122 1865 5176 παρεσκευα-

298 5194 491 5261 σμένοι
539 5195 645 5246 eici.
682 5196 776 5246 καὶ
808 5195 1021 5247 ἔσονται
1054 5195 1114 5248 οὐ
1156 5197 1293 5265 πρὸς
1328 5198 1388 5249 τὺ
1433 5197 1609 5261 καλῶς
1644 5198 1867 5267 λεγόμε-

294 5303 390 5338 νον
422 5285 746 5352 ἀντιλέγειν,
785 5286 925 5338 ἀλλὰ
958 5290 1096 5355 πρὸς
1148 5287 1211 5341 τὸ
1259 5290 1452 5352 κακῶς
1499 5293 1596 5343 καὶ
1656 5291 1869 5360 ψευδῶς

294 5376 602 5443 λεγόμενον
653 5378 919 5444 γενναίως
957 5379 1320 5434 ἀνθίστασθαι
1356 5383 1451 5436 καὶ
1501 5384 1872 5452 ἀποσκορακί-

296 5465 441 5533 ζειν,
471 5469 569 5538 οὐχ
608 5468 684 5533 ὡς
714 5471 1143 5540 ἐπιφημίζοντες
1171 5474 1382 5536 ἑαυτοῖς
1421 5474 1519 5544 τὴν
1548 5475 1727 5545 νίκην,
1755 5477 1872 5528 ἀλλ’

295 5558 374 5620 ὡς
404 5560 805 5629 ἐκπληροῦντες
840 5563 901 5614 τὸ
930 5563 1110 5633 χρέος,
1140 5566 1423 5618 τουτέστιν
1452 5568 1775 5620 ἀποδιώκειν
1809 5570 1869 5621 τὸ

294 5648 491 5718 ψεῦδος
524 5652 633 5704 ἀπὸ
662 5652 761 5721 τῆς
784 5653 1065 5724 ἀληθείας,
1102 5656 1190 5708 ἵνα
1226 5656 1300 5725 μὴ
1327 5658 1496 5728 αὐτὴν
1530 5658 1864 5731 άμαυρώση.

296 5743 409 5796 Καὶ
448 5745 540 5798 σοῦ
581 5746 679 5815 μὲν
731 5748 793 5797 ἐκ
850 5747 1011 5817 μόνον
1045 5748 1138 5801 τοῦ
1188 5748 1403 5818 Πατρός
1430 5754 1488 5804 τὸ
1526 5750 1749 5817 Πνεῦμα
1781 5753 1867 5804 λέ-

1968 3181 2229 3236 (Ξαξιρτυιιι
2256 3194 2308 3235 tu
2341 3184 2534 3237 callide
2566 3185 2766 3238 siluisti
2797 3201 2811 3247 ;
2850 3200 3025 3253 neque
3055 3187 3198 3239 enim
3256 3186 3416 3239 silere
3444 3197 3544 3237 vo-

1969 3271 2139 3333 lebas,
2174 3272 2265 3324 sed
2301 3272 2679 3326 contradicere
2738 3287 2846 3326 non
2902 3274 3121 3328 valebas
3158 3290 3171 3326 :
3206 3277 3329 3343 quis
3393 3275 3539 3330 enim

1971 3363 2023 3415 in
2055 3363 2232 3415 stadio
2284 3363 2571 3431 disputans
2627 3379 2726 3417 sua
2756 3365 2966 3432 [sponte
3021 3367 3389 3421 conticescit?
3451 3370 3541 3423 Si-

1934 3454 2136 3508 alentio
2163 3453 2363 3522 quippe
2419 3454 2646 3507 victoria
2714 3455 2897 3508 statim
2928 3456 3258 3510 ostenditur.
3306 3457 3543 3525 Oportet

1970 3561 2099 3614 ergo
2138 3545 2506 3615 disputantem
2560 3554 2824 3615 perpetuo
2883 3547 3064 3602 dicere
3092 3548 3268 3618 quoad
3328 3550 3532 3610 vincat.

1971 3645 2065 3690 aut
2100 3635 2372 3690 vincatur.
2430 3626 2551 3689 Tibi
2612 3651 2766 3701 vero,
2818 3654 2942 3692 cum
3005 3641 3149 3694 ultra
3208 3641 3389 3696 dicere
3431 3658 3536 3696 non

1970 3745 2183 3801 posses,
2218 3729 2443 3783 minime
2473 3740 2838 3798 spontaneum
2896 3731 3175 3797 silentium
3214 3732 3338 3798 fuit,
3398 3749 3547 3787 mor-

1971 3823 2101 3878 bum
2164 3823 2469 3886 simulanti,
2529 3831 2691 3893 atque
2722 3824 2793 3877 ita
2850 3839 3206 3894 congressum
3261 3824 3542 3887 devitanti,

1972 3923 2033 3970 ut
2095 3916 2303 3971 scilicet
2362 3914 2588 3969 honoris
2646 3914 2724 3968 tui
2770 3930 2937 3969 causa
2993 3931 3103 3970 non
3160 3917 3545 3972 succumberes

1972 4020 2158 4060 coram
2222 4006 2474 4073 synodo;
2512 4018 2745 4072 namque
2801 4004 3154 4073 ignominiam
3202 4023 3312 4078 pra:
3369 4008 3544 4073 oculis

1971 4096 2182 4151 habens
2216 4093 2281 4149 ad
2319 4093 2594 4165 synodum
2632 4096 2895 4149 accedere
2933 4097 3178 4153 noluisti.

2654 4186 2784 4239 EPH
2796 4187 2893 4242 ES.

2040 4280 2196 4347 Quod
2247 4280 2350 4350 ipsi
2408 4295 2540 4335 sane
2586 4295 2862 4349 mmquam
2920 4297 3025 4337 non
3080 4291 3237 4337 erant
3297 4284 3541 4349 tacturi;

1976 4390 2098 4429 cum
2132 4389 2198 4428 eo
2225 4373 2336 4428 sint
2366 4389 2589 4441 prorsus
2621 4374 2862 4443 ingenio,
2902 4384 2962 4428 ut
3008 4378 3180 4444 parati
3210 4376 3319 4430 sint
3349 4388 3542 4431 contra

1976 4481 2135 4521 omne
2164 4466 2305 4535 quod
2360 4465 2646 4528 asseritur,
2680 4464 2886 4530 dicere,
2945 4475 2999 4519 et
3052 4466 3294 4521 victoria:
3342 4466 3541 4522 famam

1974 4558 2078 4614 sibi
2112 4558 2373 4613 tribuere.

2657 4648 2852 4704 RESP.

2042 4745 2225 4799 Parati
2266 4760 2480 4811 semper
2531 4756 2661 4801 sunt
2694 4746 2793 4811 illi,
2827 4760 2855 4798 a
2914 4744 3115 4814 quibus
3177 4753 3261 4800 est
3320 4744 3544 4806 veritas.

1973 4846 2162 4891 contra
2205 4836 2546 4891 mendacium
2606 4838 2811 4892 dicere.
2876 4836 2984 4891 Nos
3046 4851 3263 4906 quoque
3312 4824 3545 4906 prompti

1973 4929 2253 4998 paratique
2286 4944 2430 4982 nunc
2459 4944 2648 4983 sumus
2677 4931 2741 4981 ad
2774 4928 3179 4998 repugnandum
3211 4929 3361 4997 pacis
3398 4928 3549 4981 inita:

1974 5019 2236 5072 inimicis.
2302 5018 2444 5090 Ergo
2487 5019 2857 5075 Latiuietiam
2915 5031 2969 5073 ct
3023 5021 3116 5074 illo
3173 5031 3435 5086 tempore,
3492 5027 3549 5070 et

1976 5124 2140 5171 nunc,
2183 5120 2237 5163 et
2279 5108 2330 5162 in
2386 5121 2705 5179 perpetuum
2762 5122 2889 5163 sunt
2920 5118 3186 5176 eruntque
3214 5109 3389 5176 parati
3439 5122 3544 5161 neu

1976 5207 2168 5254 contra
2220 5200 2274 5252 id
2315 5201 2459 5269 quod
2502 5202 2640 5255 bene
2691 5202 2953 5254 asseritnr
3011 5201 3209 5265 dicere,
3270 5197 3361 5252 sed
3400 5190 3583 5266 quod

1976 5307 2259 5363 perperam
2311 5303 2366 5347 et
2429 5291 2568 5345 falso
2614 5294 2836 5354 dicitur,
2910 5300 3229 5344 constanter
3281 5289 3544 5353 refellere,

1970 5385 2134 5454 idque
2184 5385 2332 5437 velut
2390 5385 2785 5439 exsecrandum
2843 5380 3172 5451 proﬂigare;
3218 5396 3328 5434 non
3389 5380 3543 5448 quasi

1970 5476 2215 5529 victoria:
2260 5489 2458 5527 nomen
2515 5474 2618 5528 sibi
2656 5473 2990 5536 tribuentes,
3042 5486 3231 5526 verum
3298 5471 3350 5524 id
3400 5469 3542 5538 quod

1970 5568 2169 5621 debent
2193 5574 2534 5634 praestantes,
2589 5565 2691 5618 hoc
2726 5574 2805 5617 est
2866 5566 3207 5618 mendacium
3246 5579 3275 5616 a
3322 5562 3547 5615 veritate

1975 5658 2326 5726 depellentes,
2367 5658 2603 5710 ncillam
2641 5656 2920 5711 obscuret.
2962 5655 3038 5710 Te
3070 5657 3234 5726 igitur
3278 5653 3544 5724 Spiritum

1973 5765 2035 5804 ex
2071 5752 2187 5804 solo
2218 5749 2371 5803 l‘atre
2416 5749 2737 5815 atlirtnantc,
2794 5750 2955 5813 idque
3011 5764 3076 5805 es
3122 5750 3272 5803 nullo
3326 5747 3546 5803 doctore
