4022 6196
189 295 209 315 ί
287 293 424 358 1073

1343 287 1790 349 llEb'U'l‘ATlO
1832 287 2064 350 MARCI
2103 286 2378 348 El’llESl
2396 285 2493 346 NI.

3391 278 3526 366 1th
3567 339 3572 344 .

287 405 593 474 σημαίνειν,
647 405 741 457 καὶ
793 405 985 457 ταυτὸν
1034 406 1100 473 τῇ
1149 403 1214 455 ἐκ
1268 401 1566 465 δύνασθαι,
1622 402 1713 453 καὶ
1754 399 1844 450 τὸν

1963 397 2225 450 mrticulm
2267 413 2360 460 ex;
2404 393 2714 463 Filiumquc
2749 407 2856 448 non
2890 409 3009 450 esse
3059 394 3299 462 opinium
3343 406 3528 450 aucto—

288 496 414 549 Υἱδν
465 497 643 548 αἰτίαν
686 492 826 548 εἶναι
873 495 980 548 τῶν
1023 495 1282 560 crinitum;
1316 495 1440 546 Ὅτι
1489 493 1545 545 δὲ
1587 491 1784 544 ταυτὸν
1818 493 1850 559 ἡ

287 583 385 636 διὰ
435 585 498 651 τῇ
552 583 619 636 ἐκ
669 582 957 652 βούλεται,
1013 583 1289 644 Βασίλειος
1344 583 1437 634 καὶ
1472 581 1854 652 Χρυσόστομος

287 675 443 728 τοῦτο
479 674 780 744 βούλονται,
828 675 1186 746 ἐξηγούμενοι
1217 675 1276 728 τὸ
1307 677 1363 728 ἐν
1407 677 1473 743 τῇ
1519 673 1733 742 γενέσει
1777 673 1855 725 εί-

292 769 532 838 ρημένον
595 767 741 835 παρὰ
785 768 878 820 τοῦ
924 768 1135 834 ’Λδάμο
1193 769 1579 836 Ἐκτησάμην
1633 767 1858 833 ἅνθρω-

292 875 411 912 xor
435 858 530 911 διὰ
556 858 661 911 τοῦ
693 859 862 912 Θεοῦ·
893 858 966 922 ὡς
998 861 1198 913 ταυτὸν
1223 860 1467 928 δηλονότι
1496 861 1646 912 ἐστὶν
1682 859 1856 910 εἰπεῖν

285 951 387 1017 τῷ,
421 954 482 1002 ἐκ
524 949 618 1002 τοῦ
673 949 830 1002 Θεοῦ.
871 951 1033 1003 Ὀθεν
1077 952 1105 1004 6
1156 951 1257 1020 μὲν
1286 954 1342 1004 ὲν
1371 951 1448 1020 τῷ
1479 952 1618 1020 πρδς
1661 951 1860 1019 Ἄμφι-

195 1102 212 1112 ⁶
287 1040 472 1110 λόχων
521 1043 888 1109 κεφαλαιώδει
934 1043 1079 1113 λόγῳ
1128 1041 1270 1096 οὕτω
1309 1044 1568 1110 διασαφεῖ
1612 1041 1706 1093 καί
1754 1058 1859 1108 φη-

289 1147 399 1181 σιν·
434 1131 574 1200 Ἤδη
621 1131 678 1184 δὲ
723 1134 818 1185 καὶ
869 1132 1010 1201 πρὸς
1066 1134 1133 1186 τὰ
1179 1133 1272 1184 ὑπ’
1314 1132 1562 1199 ἀλλήλων
1597 1131 1860 1199 σημαινό-

292 1239 432 1290 μενα
478 1223 740 1286 πολλάκις
791 1223 1238 1293 ἁντιμεθίσταται
1269 1224 1302 1292 ἡ
1354 1222 1450 1276 διὰ
1483 1225 1548 1292 τῇ
1589 1223 1656 1274 ἐκ
1680 1265 1694 1288 ,
1732 1221 1860 1273 ὅταν

287 1317 324 1382 ἡ
367 1314 531 1384 ἑτέρα
583 1315 685 1381 τὴν
733 1316 829 1384 τῆς
881 1317 1074 1387 ἑτέρας
1131 1316 1407 1386 σημασίαν
1440 1314 1814 1383 ἀντιλαμϐάνῃ
1844 1329 1857 1342 ·

288 1399 426 1467 οἷον,
473 1405 861 1474 Ἐκτησάμην
898 1407 1212 1474 ἄνθρωπον
1240 1407 1346 1460 τοῦ
1387 1406 1534 1460 Θεοῦ
1560 1447 1574 1470 ,
1632 1405 1744 1457 ἴσον
1777 1404 1862 1454 λέ-

292 1512 409 1561 γων
459 1495 568 1564 τῷ,
610 1499 674 1549 ἐκ
726 1497 821 1549 τοῦ
877 1497 1036 1552 Θεοῦ.
1082 1496 1141 1552 '0
1191 1498 1268 1558 δὲ,
1329 1499 1386 1551 ὲν
1444 1501 1508 1568 τῇ
1565 1496 1658 1549 τοῦ
1717 1494 1861 1547 κατᾶ

294 1587 571 1639 Ματθαίον
609 1587 797 1656 ὁμιλίᾳ
845 1587 924 1655 νγ¹
957 1588 1124 1659 φησίν
1147 1607 1160 1619 ·
1194 1586 1316 1642 Οἵδε
1354 1590 1462 1659 γάρ
1502 1589 1562 1641 τὸ
1591 1589 1661 1641 δι’
1699 1580 1758 1640 οὗ
1803 1588 1863 1640 τὸ

288 1679 384 1744 ὑφ’
416 1675 474 1731 οὗ
503 1679 684 1747 λέγειν
730 1681 1005 1750 ἡΓραφὴ,
1048 1682 1122 1743 ὡς
1167 1664 1298 1735 ὅταν
1345 1683 1480 1753 λέγῃ
1506 1701 1521 1714 ο
1565 1678 1860 1744 Ἐκτησὰ-

1957 485 2084 537 em?
2133 484 2300 538 Porro
2343 501 2407 536 ea:
2458 482 2680 552 perinde
2719 483 2899 537 valere
2961 492 3123 552 atque
3184 499 3299 552 per,
3344 485 3534 540 volunt

1957 575 2191 630 Basilius
2217 575 2731 645 etChrysostomus,
2789 573 3152 646 explanantes
3182 575 3332 640 illud,
3383 579 3534 645 quod

1961 667 2188 721 habetur
2247 667 2299 719 in
2353 666 2548 720 Genesi
2627 665 2832 719 dictum
2909 665 2977 720 ab
3047 665 3257 722 Adamo
3320 684 3333 719 :
3400 669 3534 724 Ροε-

1958 760 2074 814 sedi
2129 759 2391 813 hominem
2430 775 2521 828 per
2567 759 2728 812 Deum
2763 759 2848 823 '1;
2882 767 2941 813 ut
2995 760 3238 828 profecto
3270 762 3411 817 idem
3465 765 3538 820 sit

1960 865 2022 903 ac
2045 849 2090 904 si
2118 850 2357 904 diceret:
2395 849 2467 901 Ex
2501 849 2630 902 Deo.
2691 849 3038 919 Quapropter
3072 850 3330 920 Basilius,
3367 853 3420 907 in
3467 855 3524 909 li-

1959 940 2058 996 bro
2101 956 2263 1010 quem
2294 956 2392 1011 per
2447 941 2628 1009 capita
2673 942 2892 1011 scripsit
2941 943 3006 997 ad
3060 943 3530 1015 Amphilochium,

1962 1034 2042 1087 sic
2085 1033 2196 1086 ait:
2238 1032 2394 1102 Saepe
2443 1033 2606 1087 etiam
2657 1051 2720 1086 ex
2766 1043 2816 1088 et
2866 1050 2959 1103 per
2993 1036 3065 1090 ita
3098 1037 3267 1093 altera
3307 1039 3536 1094 alterius

1963 1125 2418 1192 signiﬁcationem
2457 1127 2624 1190 subit,
2650 1136 2709 1181 ut
2741 1129 2910 1182 altera
2938 1139 3186 1184 sumatur
3211 1147 3309 1201 pro
3341 1133 3536 1198 altera;

1965 1216 2425 1282 quemadmodum
2450 1217 2501 1270 in
2531 1217 2620 1271 illo
2647 1218 2790 1273 dicto
2819 1237 2833 1274 :
2869 1220 3087 1274 l’ossedi
3142 1223 3404 1277 hominem
3449 1241 3540 1295 per

1963 1303 2350 1374 Denm;quod
2384 1307 2613 1376 perinde
2664 1318 2747 1364 est
2775 1325 2838 1364 ac
2891 1311 2936 1365 si
2994 1310 3224 1375 diceret,
3273 1313 3350 1369 Ex
3405 1313 3536 1370 Deo.

1964 1395 2387 1467 Chrysostomus
2421 1409 2624 1464 autem,
2649 1400 2874 1454 homilia
2899 1402 3356 1474 quinquagesima
3379 1407 3535 1461 tertia

1965 1489 2019 1543 in
2061 1489 2415 1544 Matthaeum:
2451 1491 2612 1544 Novit
2641 1493 2788 1547 enim
2818 1493 3119 1564 Scriptura,
3155 1499 3352 1565 inquit,
3419 1499 3539 1553 loco

1966 1583 2128 1651 hujus
2155 1583 2328 1646 vocis.
2358 1583 2433 1638 Ex
2469 1584 2674 1652 aliquo,
2707 1588 2783 1639 uti
2803 1587 2921 1640 hac
2945 1602 3098 1652 voce,
3129 1587 3233 1643 Per
3274 1591 3536 1660 aliquem;

1966 1684 2025 1729 ιιι
2059 1689 2180 1728 cum
2217 1675 2390 1729 dicit:
2426 1674 2649 1730 Possedt’
2681 1678 2944 1732 hominem
2992 1695 3084 1746 per
3116 1680 3314 1749 Deum;
3374 1684 3508 1753 signi

283 1732 414 1837 μην
439 1732 760 1836 ἄνθρωπον.
783 1735 880 1825 61.81
921 1732 1031 1825 ⁸τολῦ
1061 1771 1208 1826 Θεοῦ
1227 1792 1239 1805 ’
1271 1775 1331 1826 οὐ
1381 1732 1730 1844 τδῃδεύτερον
1774 1771 1858 1826 ατ-

2992 1732 3040 1746 .γ
3121 1732 3256 1735 κ
3300 1732 3314 1749 .
3374 1732 3508 1753 νος--

1968 1766 2139 1819 ticans
2159 1782 2264 1819 non
2299 1783 2522 1822 causam
2557 1771 2959 1838 secundariam,
2987 1773 3080 1826 sed
3121 1773 3303 1842 potius
3338 1775 3539 1844 prima-

284 1879 431 1923 τιον,
465 1862 602 1916 ἀλλὰ
643 1863 706 1915 τὸ
745 1863 965 1934 πρῶτον
999 1864 1200 1933 μᾶλλον
1229 1865 1466 1918 τιθεῖσα.
1503 1867 1609 1917 Kal
1656 1866 1817 1918 πάλιν
1841 1878 1856 1894 ’

289 1956 440 2022 Οὐχί
467 1955 537 2009 ἐκ
581 1955 688 2010 τοῦ
742 1956 888 2011 Θεοῦ
938 1959 976 2026 ἡ
1031 1957 1406 2028 διασάφησις
1452 1957 1652 2012 αὐτῶν
1695 1959 1857 2011 ἐστι·

284 2046 400 2096 Καὶ
436 2046 706 2116 Κύριλλος
738 2047 791 2100 δὲ
821 2048 850 2099 6
884 2048 1155 2118 μακάριος
1202 2050 1261 2100 ἐν
1293 2052 1359 2119 τῇ
1396 2049 1530 2119 πρὸς
1565 2049 1858 2118 Νεστόριον

280 2138 567 2205 ἐπιστολῇ,
594 2131 676 2209 ἧς»
710 2141 744 2208 ἡ
799 2139 964 2209 ἁρχὴ,
1015 2139 1532 2209 Καταφλυαροῦσιν,
1583 2137 1658 2202 ὡς
1724 2155 1858 2207 μανι

281 2224 458 2288 θάνω,
490 2226 656 2288 τινὲς,
688 2227 852 2298 φησίν
879 2245 893 2260 ο
939 2230 1260 2295 Ἀναγκαῖον
1303 2228 1603 2296 ὁμολογεῖν,
1633 2226 1714 2278 ὅτι
1767 2222 1858 2276 καὶ

285 2319 613 2387 γεγέννηται
666 2321 806 2373 κατὰ
861 2323 1040 2388 σάρκα
1094 2322 1182 2374 διὰ
1235 2310 1513 2388 γυναικός.
1568 2319 1676 2372 Kal
1739 2315 1857 2387 μετ’

279 2411 483 2472 ὀλίγαο
533 2411 866 2482 Γεγέννηται
920 2413 1042 2465 καθ’
1093 2413 1239 2482 ἡμᾶς
1298 2413 1360 2464 ἐκ
1413 2410 1694 2479 γυναικός.
1746 2409 1856 2462 Kal

283 2501 551 2564 πολλάκις
605 2503 661 2553 ἐν
700 2505 766 2572 τῇ
825 2498 990 2554 αὑτοῦ
1043 2503 1302 2573 ἐπιστολῇ
1355 2501 1857 2570 ὑπαλλαττομέναις

281 2594 440 2664 εὖροι
469 2611 551 2657 τις
583 2595 647 2647 ἂν
675 2595 836 2647 αὐτὸν
877 2597 996 2656 ταῖς
1030 2595 1320 2663 προθέσεσι
1347 2595 1599 2657 ταύταις,
1633 2596 1723 2648 ὅτε
1758 2594 1856 2661 μὲν

282 2692 353 2759 τῇ
390 2688 512 2751 διὰ,
567 2689 655 2740 ὅτε
709 2688 763 2740 δὲ
810 2690 878 2758 τῇ
928 2689 1018 2751 ἐκ,
1067 2687 1142 2749 ὡς
1206 2687 1654 2755 ἰσοδυναμούσαις
1704 2686 1855 2738 ἀδια-

282 2779 470 2849 φόρως
530 2776 834 2848 χρώμενον.
868 2779 978 2832 Kal
1033 2775 1249 2840 Παῦλος
1300 2777 1355 2830 δὲ
1411 2774 1550 2845 πρὸς
1612 2775 1856 2837 Γαλάτας

285 2870 494 2937 φησίν⁹
532 2868 994 2933 Ἐξαπέστειλεν
1045 2887 1078 2922 ιι
1129 2869 1275 2934 Θεὸς
1323 2869 1431 2921 τὸν
1489 2867 1628 2922 Υίὸν
1671 2864 1857 2922 αὐτοῦ

287 2961 616 3028 γενόμενον
674 2960 742 3012 ἐκ
799 2963 1108 3029 γυναικός.
1182 2960 1241 3014 Ὃ
1303 2961 1360 3014 δὲ
1413 2960 1775 3031 Δαμασκηνὸς
1829 2963 1856 3013 6

1966 1855 2124 1909 riam.
2155 1857 2220 1911 Et
2250 1872 2482 1914 rursus:
2519 1859 2790 1930 Numquid
2824 1879 2926 1916 non
2986 1881 3078 1932 per
3116 1865 3280 1919 Deum
3337 1877 3416 1921 est
3453 1868 3539 1921 in-

1966 1953 2268 2016 terpretatio
2291 1967 2473 2006 eorum
2522 1954 2618 2007 "I’
2667 1955 2868 2010 Beatus
2927 1972 3148 2027 quoque
3184 1957 3420 2030 Cyrillus
3483 1961 3534 2014 in

1963 2035 2193 2109 epistola
2220 2033 2284 2096 ad
2313 2043 2662 2110 Nestorium,
2703 2047 2861 2117 cujus
2911 2047 3130 2101 initium
3178 2059 3302 2104 est:
3359 2051 3538 2105 Audio

1964 2132 2227 2201 quosdam
2259 2134 2650 2191 existimationi
2687 2153 2820 2191 mete
2849 2139 3134 2195 detrahere
3163 2158 3177 2207 ;
3204 2141 3316 2195 haec
3349 2123 3539 2196 habet:

1963 2224 2198 2280 Necesse
2228 2235 2310 2280 est
2335 2228 2510 2292 fateri,
2535 2230 2681 2299 quod
2723 2240 2882 2286 natus
2907 2233 2980 2287 sit
3019 2233 3180 2287 etiam
3230 2235 3533 2288 secundum

1963 2331 2182 2372 carnem
2214 2334 2307 2388 per
2339 2320 2648 2376 mulierem.
2683 2322 2749 2376 Et
2803 2323 2962 2392 paulo
3011 2335 3133 2394 post
3173 2344 3186 2380 :
3225 2325 3394 2380 Natus
3453 2331 3538 2382 e‘st

1962 2411 2192 2480 perinde
2235 2423 2399 2481 atque
2442 2429 2540 2469 nos
2589 2431 2654 2469 ex
2711 2417 2963 2472 muliere.
3002 2417 3068 2472 Et
3111 2419 3427 2489 freQucnter
3480 2420 3532 2473 in

1962 2500 2152 2555 eadem
2184 2503 2412 2571 cpistola
2459 2507 2701 2574 reperias
2754 2507 2931 2576 ipsum
2976 2509 3286 2578 promiscue
3314 2511 3391 2564 uti
3446 2525 3537 2578 per

1960 2600 2104 2645 etc-.1:
2131 2594 2574 2662 praepositionum
2633 2597 2843 2651 alterna
2907 2600 3237 2662 mutatione,
3284 2611 3343 2654 ut
3393 2602 3532 2654 idem

1959 2683 2408 2752 signiﬁcantium.
2437 2686 2869 2769 Paulusguoqne
2906 2691 2958 2744 in
3009 2691 3249 2761 Epistola
3295 2693 3360 2745 ad
3415 2692 3534 2746 Ga—

1960 2775 2100 2830 latas
2131 2777 2247 2830 ait:
2311 2777 2461 2831 Misit
2501 2779 2642 2833 Deus
2673 2780 2873 2834 Filium
2933 2799 3085 2836 suum
3115 2794 3298 2837 natum
3330 2800 3392 2838 ex
3422 2802 3535 2836 nm-

1960 2868 2178 2924 liere".
2241 2869 2442 2925 Beatus
2495 2887 2712 2940 quoque
2761 2873 3134 2929 Damascenns
3195 2877 3247 2928 in
3299 2876 3416 2930 suis
3470 2881 3535 2929 ad

1963 2959 2242 3031 Virginem
2283 2963 2504 3032 hymnis
2550 2964 2712 3019 modo
2733 2965 2850 3018 ait:
2885 2966 3049 3020 Deum
3085 2983 3146 3020 ex
3199 2977 3252 3021 te
3279 2969 3530 3022 incarna-

288 3051 565 3125 μακάριος
596 3053 725 3104 ποτε
762 3052 860 3122 μὲν
887 3052 1036 3120 λέγει
1066 3052 1206 3123 ᾄδων
1239 3052 1375 3122 πρὸς
1406 3055 1506 3122 τὴν
1552 3053 1814 3106 Θεοτόκον
1838 3066 1858 3089 ο

1963 3061 2074 3108 tum
2113 3055 2410 3120 novimus;
2441 3056 2692 3126 idemque
2725 3058 2896 3112 alibi:
2948 3057 3022 3110 Ex
3081 3067 3132 3113 te
3187 3060 3536 3115 inmaculata

278 3144 420 3195 Θεον
448 3145 512 3196 ἐκ
547 3143 640 3196 σοῦ
675 3142 1026 3213 σαρκωθὲντα
1056 3141 1304 3212 ἔγνωμεν
1323 3160 1336 3174 ·
1375 3144 1470 3196 καὶ
1500 3142 1567 3196 αὖ
1593 3145 1622 3199 6
1653 3144 1816 3206 αὑτός
1837 3158 1851 3173 ο

295 3232 398 3285 Ἐκ
457 3232 551 3286 σοῦ
606 3233 705 3303 τῆς
752 3233 923 3304 ἁγνῆς
979 3233 1251 3303 προῆλθεν
1296 3233 1590 3304 ἀφράστως
1641 3250 1858 3300 σαρκω-

283 3328 400 3388 est;
429 3343 444 3358 ο
475 3326 603 3380 ποτὲ
634 3327 690 3379 δέ
715 3340 730 3355 '
767 3327 866 3380 Διὰ
919 3326 1036 3391 σοῦ,
1081 3326 1345 3396 Παρθένε,
1377 3326 1508 3388 Θεὸς
1547 3325 1859 3394 ἀνθρώποις

278 3419 569 3488 ὡμίλησε·
633 3420 760 3482 καὶ,
823 3419 880 3472 '0
931 3419 1210 3489 λυτρωτὴς
1269 3418 1358 3471 διὰ
1412 3417 1528 3484 σοῦ,
1585 3417 1856 3486 Παρθένε,

282 3511 659 3582 ἐπεδήμησεν.
706 3513 830 3565 Ὀτι
877 3511 934 3565 δὲ
987 3510 1184 3581 ἀληθὲς
1245 3510 1506 3580 ὑπάρχει,
1539 3509 1619 3562 ὅτι
1680 3507 1859 3562 ἰσοδυ-

281 3605 454 3672 ναμεῖ
508 3605 540 3672 ἠ
595 3603 693 3657 διὰ
745 3607 809 3673 τῇ
865 3604 968 3668 ἐκ,
1030 3603 1125 3656 καὶ
1185 3602 1318 3672 μίαν
1389 3604 1541 3672 ἰσχὺν
1603 3599 1859 3669 ἔχουσιν,

280 3693 542 3746 ἐντεῦθεν
596 3693 773 3763 δῆλον.
832 3693 1181 3764 Θεοδὼρητος
1237 3697 1264 3746 6
1319 3693 1503 3763 Κύρου
1561 3693 1861 3752 ἐπίσκοπος

281 3785 721 3852 ὲπιλαμϐἐνεται
770 3785 866 3838 τοῦ
916 3784 1155 3853 μεγάλου
1217 3785 1486 3854 Κυρίλλου
1541 3787 1598 3837 ἐν
1647 3782 1862 3857 πολλοῖς

279 3875 400 3928 τῶν
437 3875 503 3944 ιβ’
549 3875 883 3944 κεφαλαίων,
915 3877 950 3930 ἃ
985 3878 1195 3944 φθάσας
1233 3880 1260 3930 6
1287 3875 1442 3945 ἅγιος
1471 3875 1688 3941 ἐξέθετο
1721 3877 1863 3929 κατὰ

241 3995 252 4008 -
280 3967 386 4020 τοῦ
410 3967 706 4036 Νεστορξου
727 3985 739 3998 ·
781 3970 876 4022 καὶ
925 3972 982 4021 ἐν
1008 3969 1084 4039 τῷ
1114 3969 1156 4021 θ’
1187 3968 1648 4038 ἀναθεματισμῷ,
1674 3972 1732 4020 ὲν
1762 3961 1804 4034 ᾧ
1834 3969 1861 4019 ὁ

282 4061 563 4130 Κύριλλός
607 4078 770 4130 φησιν
797 4077 810 4094 ο
845 4062 1005 4114 Ἵδιον
1053 4062 1195 4130 ἔχων
1246 4062 1275 4114 6
1325 4063 1450 4124 Υἱὸς
1482 4065 1543 4115 τὸ
1589 4061 1650 4126 ἐξ
1701 4061 1864 4114 αὑτοῦ

280 4159 391 4210 καὶ
442 4157 718 4218 οὐσιωδῶς
784 4155 1102 4223 ἐμπεφυκδς
1171 4153 1320 4225 αὐτῷ
1395 4153 1618 4222 Πνεῦμα
1687 4153 1863 4220 ἅγιον,

276 4248 579 4318 εἰργάζετο
616 4250 712 4309 τὰς
771 4247 1133 4317 θεοσημείας·
1182 4251 1209 4302 6
1256 4247 1604 4317 Θεοδώρητὸς
1656 4259 1860 4314 φησιν’

279 4341 354 4396 Εἰ
395 4343 491 4409 μὲν
520 4341 597 4403 ὡς
621 4341 860 4411 δμοςρυὲς
888 4343 989 4410 ἔφη
1022 4339 1284 4410 Κύριλλος
1313 4340 1408 4392 καὶ
1435 4343 1496 4392 ὲκ
1526 4338 1621 4392 τοῦ
1652 4337 1865 4408 Πατρδς

1959 3143 2158 3213 prodiit
2191 3144 2534 3200 inetiabiliter
2573 3146 2928 3213 incarnatus;
2975 3151 3142 3204 modo
3183 3160 3402 3204 cantat:
3437 3150 3537 3204 Per

1961 3243 2034 3296 te,
2064 3235 2244 3303 Virgo,
2274 3235 2414 3289 Deus
2441 3252 2564 3288 cum
2629 3237 2944 3293 hominibus
2987 3251 3232 3293 versatus
3287 3253 3409 3304 cst;
3454 3251 3532 3308 ct,

1961 3321 2057 3376 Pet
2083 3332 2155 3388 te,
2182 3325 2368 3389 Virgo,
2412 3323 2662 3379 Salvator
2689 3327 2931 3381 advenit.
2967 3328 3104 3382 Esse
3169 3343 3335 3398 porro
3363 3331 3412 3383 id
3444 3346 3539 3383 ve-

1963 3429 2108 3481 rum,
2133 3415 2545 3483 praepositiones
2574 3417 2783 3473 scilicet
2825 3435 2892 3472 ex
2929 3425 2981 3473 et
3010 3435 3124 3487 per,
3163 3420 3304 3473 idem
3362 3420 3540 3476 valere

1963 3518 2014 3562 et
2046 3509 2293 3563 eamdem
2323 3508 2428 3562 vim
2457 3510 2730 3577 obtinere,
2773 3527 2838 3566 ex
2869 3527 2935 3567 eo
2969 3521 3135 3583 patet.
3169 3511 3306 3568 Nam
3363 3513 3538 3568 Theo-

1962 3601 2212 3666 doretus,
2240 3601 2364 3673 Cyri
2398 3602 2714 3673 cpiscopus,
2733 3603 2917 3662 .multa
2945 3605 3297 3675 reprehendit
3325 3607 3378 3660 in
3403 3607 3538 3661 duo-

1963 3694 2137 3773 decim
2165 3696 2342 3764 magni
2370 3692 2557 3764 Cyrilli
2609 3695 2904 3764 capitibus.
2951 3712 3074 3767 qua:
3100 3706 3259 3752 antea
3314 3709 3538 3755 sanctus

1966 3787 2054 3840 ille
2077 3796 2266 3841 contra
2309 3785 2619 3842 Nestorium
2650 3799 3003 3856 exposuerat.
3042 3789 3109 3844 Et
3149 3805 3272 3844 cum
3305 3791 3357 3844 in
3393 3808 3536 3846 nono

1965 3877 2420 3934 anathematismo
2449 3877 2689 3949 Cyrillns
2713 3881 2857 3934 dicat
2887 3898 2899 3930 :
2928 3881 3098 3936 Suum
3132 3882 3337 3937 habens
3369 3882 3539 3938 Filius

1967 3972 2231 4041 Spiritum
2267 3980 2542 4034 sanctum,
2578 3973 2670 4040 qui
2711 3988 2776 4026 ex
2835 3977 2954 4043 ipso
3012 3983 3116 4037 est,
3161 3985 3217 4029 et
3269 3975 3373 4046 ipsi
3408 3976 3539 4030 sub-

1967 4061 2297 4116 stantialiter
2353 4061 2550 4116 insitus
2609 4074 2713 4126 est,
2767 4064 2950 4117 divina
3001 4065 3198 4120 edebat
3237 4068 3539 4133 miracula;

1969 4151 2348 4211 'l‘heudoretus
2387 4150 2456 4204 ita
2486 4151 2677 4222 objicit
2708 4169 2724 4206 :
2753 4151 2807 4205 Si
2846 4162 2904 4208 ut
2942 4153 3012 4209 de
3047 4157 3388 4210 connaturali
3434 4157 3541 4227 Cy—

1969 4241 2126 4298 rillus
2155 4242 2416 4311 loquitur,
2447 4252 2499 4298 et
2524 4246 2851 4313 procedente
2881 4261 2910 4300 a
2945 4245 3124 4309 Patre,
3158 4249 3392 4304 libenter
3411 4265 3544 4304 con-

1970 4337 2249 4402 ccdemns,
2291 4347 2345 4392 et
2370 4338 2577 4392 dictum
2621 4339 2948 4409 recipiemus
2975 4350 3034 4395 ut
3085 4341 3229 4410 pium
3259 4360 3272 4395 :
3305 4342 3350 4396 si
3413 4358 3542 4398 vero

277 4435 746 4504 ἐκπορευόμενον,
781 4435 854 4487 ίδε
885 4434 1410 4504 συνομολογήσομεν,
1437 4432 1528 4484 καὶ
1551 4432 1622 4495 ὡς
1661 4432 1858 4502 εὐσεϐῆ

1970 4425 2044 4478 ita
2079 4400 2341 4496 loquitur,
2367 4429 2519 4496 quod
2536 4400 2769 4497 Spiritus
2796 4446 2863 4484 ex
2898 4429 3058 4496 Filio,
3085 4400 3201 4486 sive
3223 4448 3320 4500 per
3343 4431 3539 4486 Filium

272 4525 560 4593 δεξόμεθα
593 4525 690 4594 τὴν
729 4528 914 4595 φωνήν
943 4543 954 4555 ’
986 4528 1033 4578 εί
1072 4525 1116 4577 δ’
1143 4525 1218 4588 ὡς
1255 4525 1314 4590 ἐξ
1349 4525 1558 4595 Υίοῦ,ῆ
1611 4526 1681 4578 δι’
1730 4525 1860 4578 Υίοῦ

269 4619 393 4688 τὴν
452 4617 688 4685 ὓπαρξιν
741 4617 896 4687 ἔχον,
962 4617 1037 4680 ὡς
1085 4617 1406 4686 βλάσφημον
1457 4618 1551 4670 καὶ
1603 4617 1862 4681 δυσσεϐὲς

267 4707 694 4776 ἀπορρίψομεν.
745 4707 876 4761 Ἰδοὺ
933 4709 1185 4775 φανερῶς
1242 4709 1534 4761 ὲδειλίασεν
1584 4709 1612 4760 ὀ
1655 4708 1862 4761 9206m-

265 4809 458 4864 ρητος
513 4793 686 4846 εἰπεῖν
742 4794 840 4846 καὶ
881 4794 978 4864 τὴν
1032 4795 1132 4849 διὰ
1184 4799 1325 4866 μετὰ
1371 4797 1472 4865 τῆς
1519 4798 1627 4860 ἐκ,
1683 4800 1740 4849 ὲν
1793 4800 1860 4867 τῇ

267 4885 507 4955 προόδῳ
531 4886 622 4938 τοῦ
657 4886 970 4955 Πνεύματος
1007 4891 1073 4957 τῇ
1110 4890 1263 4959 παρὰ
1296 4892 1388 4943 τοῦ
1425 4889 1576 4944 Υίοῦ.
1625 4891 1859 4954 Ἐκεῖνος

267 4975 398 5043 γὰρ
428 4975 764 5044 ἀρνούμενος
792 4978 1070 5042 παντελῶς
1099 4978 1160 5031 τὸ
1190 4979 1413 5048 Πνεῦμα
1461 4979 1569 5032 ἀπὸ
1597 4980 1691 5034 τοῦ
1727 4981 1858 5033 Υίοῦ

265 5061 451 5128 εἶναι,
483 5066 665 5129 καθὼς
699 5069 793 5122 καὶ
841 5069 1021 5138 ὑμεῖς,
1046 5068 1170 5122 οὔτε
1201 5072 1264 5123 ὲκ
1299 5070 1391 5121 τοῦ
1435 5058 1565 5122 Υἱοῦ
1597 5069 1722 5124 οὔτε
1772 5071 1860 5124 διὰ

263 5155 383 5210 τοῦ
442 5156 571 5210 Υἰοῦ
603 5159 960 5224 κατεδέξατο⁹
997 5162 1152 5228 ὑμεῖς
1205 5161 1261 5214 δὲ
1315 5161 1374 5214 τὸ
1425 5164 1550 5231 μὲν,
1579 5162 1647 5215 δι’
1703 5162 1856 5224 Υίοῦ,

261 5248 634 5316 έμολογεῖτε·
687 5251 746 5303 τὸ
776 5253 857 5314 δὲ,
887 5252 946 5316 ἐξ
982 5252 1130 5316 Υξοῦ,
1165 5255 1274 5308 οὐδ’
1308 5254 1540 5308 ἀκοῦσαι
1574 5254 1854 5325 ἀνέχεσθε.

282 5338 464 5403 Ἀλλ’,
497 5335 542 5394 ὧ
576 5342 750 5410 φίλος,
779 5344 838 5396 τὸ
879 5345 1016 5397 αὐτὸ
1066 5344 1326 5414 σημαίνει
1357 5347 1500 5399 κατά
1530 5346 1622 5399 τὸν
1653 5345 1856 5400 Θεοδώ-

355 5543 408 5574 ”
447 5543 578 5597 Ευιι.
613 5558 685 5608 ιν,
718 5545 769 5597 1.
845 5547 892 5576 ’θ
923 5544 1058 5599 Gen.
1090 5561 1176 5609 δι,
1211 5548 1264 5602 8:
1345 5550 1388 5580 '°
1439 5544 1620 5605 Galat.
1655 5563 1726 5612 Iv,
1760 5549 1813 5604 4.

355 5705 440 5773 (l)
472 5703 588 5760 Lib.
633 5723 669 5774 ι,
702 5705 774 5760 De
807 5708 944 5761 ortlt.
974 5706 1098 5775 ﬁde.

1967 4518 2217 4583 exsistat,
2262 4521 2615 4590 projicicmus
2646 4531 2708 4575 ut
2759 4523 3139 4592 blaspliemum
3173 4534 3228 4577 et
3289 4524 3538 4593 impium.

1969 4609 2108 4664 Ecce
2133 4610 2230 4665 tibi
2263 4611 2554 4667 manifeste
2607 4613 2981 4668 reformidavit
3039 4611 3421 4668 Theodoretus
3457 4615 3542 4668 di-

1967 4715 2090 4754 cere
2112 4709 2166 4754 et
2198 4717 2290 4766 per
2311 4711 2366 4756 et
2393 4719 2477 4766 ex,
2511 4702 2562 4756 in
2601 4703 2959 4771 processione
3017 4703 3256 4773 Spiritus
3319 4718 3349 4758 a
3383 4703 3520 4758 Filio

1964 4794 2101 4848 Cum
2136 4796 2280 4848 enim
2337 4796 2425 4848 ille
2487 4807 2709 4863 negaret
2765 4797 2990 4851 omnino
3039 4795 3301 4866 Spiritum
3343 4812 3463 4852 csse
3511 4815 3543 4852 a

1965 4887 2128 4952 Filio,
2161 4888 2323 4946 sicuti
2351 4889 2558 4957 negatis
2595 4900 2647 4940 et
2679 4903 2772 4942 vos
2801 4907 2814 4954 ;
2856 4906 3032 4959 neque
3068 4906 3131 4945 ex
3157 4891 3321 4954 Filio,
3366 4906 3550 4959 neque.

1968 4993 2066 5047 per
2107 4976 2308 5030 Filium
2363 4976 2606 5030 admisit.
2658 4975 2762 5030 Vos
2807 4989 2989 5031 autem
3029 4977 3274 5032 fatemini
3321 4976 3538 5045 quidem

1968 5086 2060 5139 per
2089 5069 2285 5122 Filium
2315 5087 2329 5133 ;
2365 5083 2426 5122 ex
2450 5069 2588 5123 Filio
2619 5085 2766 5131 vero,
2806 5084 2871 5122 ne
2915 5069 3138 5123 auribus
3181 5067 3399 5136 quidem
3453 5080 3540 5119 ac-

1966 5163 2146 5230 cipere
2176 5160 2600 5230 patitnini;-sed
2649 5163 2782 5214 heus
2827 5170 2904 5225 tu,
2932 5161 3084 5228 juxta
3136 5157 3536 5212 'l‘lteodoretntn

1969 5255 2108 5309 idem
2135 5253 2424 5322 signiticet.
2459 5250 2613 5318 Quod
2644 5267 2771 5306 vero
2822 5266 2918 5319 per
2975 5248 3170 5302 Filitnn
3232 5245 3533 5313 fateamini,

1971 5347 2338 5401 Damascenus
2368 5344 2541 5413 capite
2570 5355 2764 5398 octavo
2791 5351 2842 5396 et
2870 5351 3028 5394 tertzo
3061 5341 3274 5394 det-imo
3306 5339 3382 5409 (Ι)
3419 5353 3529 5407 per.
