4022 6196
331 225 469 297 10:7

333 453 392 488 oc
423 435 557 498 Θεὸς
585 438 727 490 κατὰ
755 436 844 488 τὸν
880 439 1136 509 Ἰωάννην
1173 441 1229 493 ἐν
1271 445 1335 511 τῇ
1375 441 1764 513 Ἀποκαλύψει,
1797 447 1892 498 καὶ

329 525 554 596 ἐξέμεσέ
593 544 650 578 σε
673 542 687 555 ⁸
720 529 779 578 τὸ
808 528 916 598 γάρ
955 530 1404 600 ἀμφοτεροδέξιον
1451 533 1726 603 ὑπόδημα,
1755 537 1890 604 ὅπερ

332 621 482 670 ἐστὶν
526 618 554 670 ὁ
601 618 877 689 κόθορνος,
914 622 1155 692 ἐκατέρῳ
1185 623 1304 675 ποδὶ
1351 626 1571 695 ἀχρεῖόν
1615 628 1752 681 ἐστι.
1781 628 1890 681 Καὶ

317 708 398 760 ⁴σὺ
439 708 619 761 τοίνυν
663 709 965 779 παρόμοιος
1009 716 1073 781 τῇ
1118 713 1257 779 λέξει
1309 717 1404 769 καὶ
1445 721 1512 788 τῇ
1554 719 1766 788 ἐπινοίᾳ
1797 736 1889 771 σου

329 799 502 872 ταύτῃ
559 801 856 872 ὑπάρχων,
922 807 1136 875 ἀχρεῖος
1198 812 1384 874 ἔδοξας
1435 815 1546 874 τοῖς
1605 813 1892 883 ἐχέφροσιν

332 890 390 941 ἐν
437 893 769 964 ἀμφοτέροις
823 899 935 959 τοῖς
999 899 1334 968 μέρεσιν.οὶ
1394 902 1449 954 δὲ
1507 905 1640 971 ἱεροὶ
1695 905 1893 956 ἐκεῖνοι

332 983 426 1034 καὶ
479 983 610 1036 θεῖοι
671 985 864 1055 ἄνδρες
921 991 988 1039 τὰ
1051 991 1192 1060 ῥητά
1245 992 1422 1054 καλῶς
1476 996 1890 1062 ἐρευνήσαντες,

334 1077 398 1126 ἐκ
435 1076 530 1129 τοῦ
581 1077 709 1130 Υἱοῦ
767 1079 1059 1147 προφανῶς
1108 1078 1353 1150 λέγοντα,
1385 1085 1444 1136 τὸ
1495 1084 1550 1136 δὲ
1599 1086 1663 1138 ἐκ
1725 1086 1890 1154 μένου

332 1167 428 1220 τοῦ
493 1168 703 1237 Πατρὸς
766 1171 1042 1235 παντελῶς
1108 1175 1589 1243 ἀπηγορευμένον,
1645 1175 1892 1240 ἐδέξαντο

331 1260 457 1321 τοὺς
490 1260 678 1326 ἁγίους
722 1262 810 1312 καὶ
840 1261 936 1324 τὰς
982 1264 1158 1316 αὐτῶν
1202 1264 1407 1332 φωνὰς,
1435 1266 1526 1319 καὶ
1563 1267 1662 1336 τὴν
1693 1265 1888 1319 ἕνωσιν

330 1348 520 1400 λοιπὸν
580 1349 802 1412 εἰκότως
854 1352 1338 1422 ἐπραγματεύοντο
1384 1357 1625 1420 εὐσεϐῶς
1677 1373 1738 1409 τε
1798 1359 1895 1410 καὶ

333 1439 592 1502 εὐλαϐῶς.

1023 1539 1210 1593 ΕΦΕΣ.

404 1627 514 1680 Καὶ
559 1629 621 1698 δή
675 1647 728 1683 τι
767 1631 1044 1696 συνθέντες
1100 1633 1448 1701 γραμμάτιον
1500 1631 1726 1688 τοιαύτά
1770 1651 1892 1687 τινα

279 1741 288 1748 -
334 1718 608 1787 περιέχον,
667 1720 764 1789 τὴν
829 1721 1052 1775 ἐκείνων
1111 1721 1166 1774 δὲ
1223 1721 1383 1786 δόξαν
1439 1723 1587 1790 ὅμως
1637 1724 1892 1793 καθαρῶς

332 1808 702 1877 ἐκτιθέμενον,
754 1811 1141 1877 ἐξαπέστειλαν
1198 1814 1402 1876 αὐτοῖς,
1436 1815 1507 1877 ὡς
1567 1815 1655 1867 διὰ
1699 1816 1891 1868 τούτου

332 1897 430 1965 τὴν
468 1899 662 1952 ἕνωσιν
689 1902 1057 1972 ποιησόμενοι.
1093 1904 1214 1967 Τοῖς
1242 1905 1295 1955 δέ
1327 1905 1686 1957 οὑκ-ἀνεκτὸν
1721 1906 1892 1959 ἐδόκει

331 1990 395 2041 τὸ
433 1991 781 2060 γραμμάτιον
831 1993 1084 2058 δέξασθαι
1128 1996 1299 2063 χωρὶς
1338 1995 1658 2059 ἐξετάσεως,
1694 1997 1811 2049 ἀλλ’
1859 1998 1891 2066 ἢ

334 2079 472 2148 πρὸς
519 2081 817 2149 ἀπολογίαν
861 2083 1058 2148 αὐτοὺς
1106 2083 1537 2154 προύκαλοῦντο,
1573 2086 1666 2140 καὶ
1713 2086 1894 2147 λύσεις

333 2171 445 2222 τῶν
477 2171 1008 2245 ἀμφισϐητουμένων
1054 2177 1248 2242 φωνῶν
1295 2177 1354 2229 ἐν
1403 2178 1481 2248 τῷ
1512 2178 1822 2248 γράμματι,
1861 2179 1892 2247 ἢ

335 2257 395 2308 τὸ
441 2259 641 2311 οἰκεῖον
683 2261 940 2326 δέξασθαι
988 2263 1343 2334 παρηγγύων,
1374 2266 1512 2338 ὅπερ
1560 2267 1715 2320 αὐτοὶ
1759 2268 1894 2334 φθά-

337 2362 529 2409 σαντες
591 2347 1015 2413 ἐξαπέστειλαν·
1064 2348 1133 2424 ἧν
1184 2354 1242 2407 δέ
1301 2357 1477 2409 ἐκεῖνο
1539 2357 1896 2430 συμφώνησις

335 2436 606 2508 παντελὴς
646 2443 772 2510 περὶ
805 2443 866 2493 τὸ
903 2444 1082 2512 δόγμα
1106 2445 1355 2500 Λατίνων
1391 2465 1450 2500 τε
1483 2449 1578 2501 καὶ
1618 2450 1892 2520 Γραικῶν,

335 2527 430 2577 καὶ
463 2529 719 2598 ὁμολογία
756 2532 848 2584 τοῦ
891 2535 984 2586 καλ⁵
1026 2537 1088 2588 ἐκ
1138 2534 1230 2590 τοῦ
1283 2536 1414 2591 Υίοῦ
1452 2539 1512 2593 τὸ
1559 2541 1782 2608 Πνεῦμα
1835 2543 1896 2595 τὸ

336 2617 493 2683 ἅγιον
527 2621 944 2691 ἐκπορεύεσθαι.

1021 2716 1232 2772 ΑΠΟΛ.

409 2799 764 2882 Γραμμάτιον
789 2803 1075 2858 ἀπέδωκαν
1115 2806 1164 2859 oi
1194 2807 1450 2879 ἡμέτεροι
1471 2813 1541 2864 τὰ
1572 2811 1681 2865 τῶν
1727 2813 1896 2882 ἁγίων

339 2893 481 2960 ῥητὰ
511 2879 940 2961 συμειΰάζοιτες
971 2897 1108 2950 κατὰ
1139 2896 1237 2967 τὴν
1267 2898 1363 2951 τοῦ
1391 2901 1646 2971 Μαξίμου
1691 2906 1892 2976 φωνὴν,

337 2985 480 3051 ὅπερ
505 2986 830 3037 ἀπέστειλαν
859 2987 994 3054 πρὸς
1017 2991 1109 3040 τὸν
1131 2989 1298 3060 ἄκρον
1322 2993 1602 3063 ἀρχιερέα,
1629 2998 1895 3065 πρότερον

338 3075 496 3128 τοῦτο
520 3075 857 3146 ζητήσαντες
887 3084 1036 3149 παρὰ
1071 3081 1171 3149 τῆς
1210 3082 1530 3154 Ῥωμαῖκῆς
1571 3087 1896 3159 Ἐκκλησίας

336 3165 654 3234 ἐγγράφως,
694 3167 800 3220 τίνι
847 3170 1032 3239 τρόπῳ
1086 3173 1377 3243 γενήσεται
1407 3177 1435 3228 ὁ
1463 3176 1609 3244 ὅρος,
1654 3179 1746 3230 καὶ
1780 3180 1896 3242 πῶς

334 3258 397 3307 τδ
447 3257 618 3324 δόγμα
652 3257 710 3309 ἐν
762 3260 912 3328 αὐτῷ
964 3264 1376 3332 ἐγγραφήσεται
1402 3281 1416 3295 ο
1447 3267 1583 3336 ὅπερ
1625 3271 1898 3338 ποιήσασα

335 3348 619 3400 ἀπέστειλε
658 3353 766 3413 τοῖς
811 3352 1104 3418 Γραικοῖςο
1166 3354 1217 3406 οἳ
1260 3356 1517 3419 λαϐόντες
1561 3358 1734 3425 ἔγνων
1768 3362 1899 3412 αὐτὸ

335 3440 588 3508 φανερῶς
622 3440 776 3508 λέγον
809 3441 867 3493 τὺ
901 3443 1122 3514 Πιεῦμα
1147 3447 1206 3498 τὸ
1233 3447 1387 3514 άγιον
1413 3450 1505 3502 καὶ
1530 3451 1594 3502 ἐκ
1625 3451 1715 3502 τοῦ
1745 3451 1896 3506 Υἱοῦ.

337 3526 449 3581 Εἶτ’
485 3530 729 3601 ἔγραψαν
765 3535 1044 3588 καὶαύτοὶ
1064 3536 1346 3604 λέγοντες⁹
1381 3540 1440 3592 El
1483 3543 1577 3594 καὶ
1609 3542 1805 3596 ἔστιτὸ
1835 3545 1898 3597 ἐκ

337 3618 430 3671 τοῦ
460 3621 588 3672 Υίοῦ
626 3624 820 3676 ταυτὸν
872 3625 949 3692 τῷ
987 3627 1076 3678 διά
1115 3629 1208 3679 τοῦ
1246 3629 1399 3696 Υίοῦ,
1434 3635 1526 3684 καὶ
1575 3633 1635 3684 τὸ
1667 3634 1753 3685 διὰ
1799 3635 1894 3686 τοῦ

336 3713 470 3766 Υίοῦ
495 3715 687 3767 ταυτὸν
728 3718 804 3786 τῷ
856 3719 917 3768 ἐκ
965 3718 1058 3771 τοῦ
1091 3719 1239 3784 Υίοῦ,
1278 3721 1458 3785 καθὼς
1488 3724 1642 3792 ὑμεῖς
1685 3727 1894 3778 άπεδιὶ)⁴

336 3822 488 3869 κατε,
523 3807 668 3874 δ.έω;
723 3811 884 3876 ἡμεῖς
935 3811 1304 3881 ὁμολογοῦμεν
1359 3815 1438 3866 ὅτι
1478 3815 1537 3866 τὸ
1572 3817 1802 3884 ’Πνεῦμα
1835 3817 1898 3869 τὸ

336 3898 488 3960 ἆγισν
521 3899 582 3950 ἐκ
612 3899 702 3950 τοῦ
741 3901 948 3970 Πατρδς
979 3903 1065 3954 διὰ
1094 3903 1186 3955 τοῦ
1231 3904 1361 3956 Υίοῦ
1397 3905 1582 3969 άῖδίως
1615 3908 1789 3963 ἐστίν.
1832 3909 1899 3962 ἸΙ

351 3991 635 4062 Ῥωμαικὴ
682 3988 773 4045 οὖν
814 3993 1108 4063 Ἐκκλησία
1138 3996 1237 4046 οὐκ
1264 3996 1496 4066 ἠθέλησε
1543 3998 1602 4050 τὸ
1641 4002 1899 4070 γραμμά-

336 4099 452 4134 τιον
478 4083 732 4147 δέξασθαι
763 4089 932 4155 χωρὶς
962 4086 1282 4155 ἐξετάσεως,
1302 4088 1416 4140 ἀλλ’
1443 4089 1625 4157 ἔλεγεν
1646 4107 1661 4122 ·
1705 4093 1898 4162 Ἡμεῖς

338 4178 397 4226 ού
431 4175 726 4244 βουλόμεθα
749 4175 948 4229 ἕνωσιν
978 4179 1368 4248 πεπλασμένην
1395 4181 1752 4247 ποιήσασθαι,
1778 4185 1898 4237 ούδέ

338 4270 466 4330 τοὺς
498 4269 770 4338 Γραικοὺς
807 4269 1033 4339 θέλομεν
1081 4271 1202 4340 μεθ’
1255 4273 1411 4342 ἡμῶν
1450 4274 1714 4344 ἑνωθῆναι
1759 4279 1900 4344 μετὰ

338 4361 601 4430 αἱρέσεως
628 4361 724 4414 καὶ
757 4362 1005 4434 άπάτηςο
1036 4362 1150 4415 ἀλλ’
1204 4363 1408 4416 είδὲναι
1441 4364 1746 4436 βουλόμεθα
1797 4367 1896 4437 τὴν
1931 4412 1974 4466 D

341 4454 602 4521 ἐξήγησιν
647 4453 742 4506 τοῦ
803 4455 1157 4523 γραμματίου
1201 4455 1421 4521 τούτου,
1477 4457 1590 4518 πῶς
1645 4458 1740 4510 καὶ
1791 4460 1899 4512 τίνι

335 4546 525 4614 τρόπῳ
555 4544 652 4614 τὴν
682 4544 781 4598 διὰ
814 4545 1107 4608 ἐννοοῦσιν.
1145 4544 1281 4600 Οὐδὲ
1315 4546 1424 4616 γάρ
1455 4546 1702 4620 δώσομεν
1736 4551 1896 4605 τοῦτό

338 4654 503 4704 ποτε,
560 4639 658 4708 τὴν
715 4636 814 4691 διὰ
860 4629 1178 4692 ’ἐννοεῖσθαι
1239 4641 1418 4692 αἰτίαν
1471 4642 1800 4711 ὀργανικὴν,
1865 4645 1897 4713 ἢ

336 4731 702 4798 ύπουργικὴν.
733 4729 799 4782 Ἥ
833 4728 933 4782 διὰ
956 4731 1064 4797 γὰρ
1093 4730 1247 4798 ἴσμεν
1286 4731 1367 4782 ὅτι
1398 4733 1637 4797 τρισσῶς
1675 4737 1896 4800 νοεῖται,

334 4822 627 4892 ὀργανικὴ,
663 4822 998 4892 ὑπουργικὴ,
1029 4823 1125 4874 καὶ
1162 4823 1390 4893 φυσική.
1422 4825 1484 4876 El
1521 4825 1619 4894 μὲν
1651 4822 1745 4879 οὖν
1800 4846 1902 4896 cpu-

339 4913 511 4974 σικῶς
552 4913 754 4978 νοοῦσι,
783 4915 869 4966 διὰ
900 4915 952 4964 τί
995 4913 1054 4965 ού
1104 4912 1344 4982 χρῶνται
1390 4916 1481 4966 καὶ
1510 4921 1576 4985 τῇ
1609 4918 1678 4970 ἐκ
1706 4920 1897 4970 ταυτὸν

336 5013 403 5077 τῇ
433 5007 532 5062 διὰ
583 5007 895 5078 δυναμένης
943 5007 990 5058 εί
1014 5006 1070 5056 δέ
1101 5006 1428 5076 ὀργανικῶς,
1464 5009 1496 5079 ἢ
1530 5010 1897 5079 ὑπηρετικῶς⁹

338 5102 505 5170 ἡμεῖς
537 5099 749 5160 τούτοις
779 5099 838 5150 ού
872 5097 1176 5167 βουλόμεθα
1208 5099 1564 5167 κοινωνῆσαι.
1596 5103 1692 5154 Διά
1717 5103 1899 5168 τοῦτο,

339 5194 607 5262 αἰδέσιμε,
639 5191 864 5266 ἐζήτουν
890 5191 1149 5258 ἐξήγησιν
1172 5189 1264 5242 τοῦ
1294 5193 1648 5260 γραμματίου
1671 5211 1682 5222 ·
1711 5195 1770 5245 οὐ
1796 5195 1899 5262 γάρ

339 5284 627 5338 ἐϐούλοντο
654 5285 821 5353 χωρὶς
868 5282 1168 5346 ἐξετάσεως
1211 5281 1408 5334 ἕνωσιν
1459 5285 1712 5353 οὐδεμίαν
1740 5287 1899 5355 ποιή-

342 5375 570 5430 σασθαι·
616 5374 710 5427 καὶ
760 5373 1022 5435 δικαίως’
1082 5374 1130 5424 εἰ
1173 5375 1279 5442 γάρ
1314 5372 1407 5428 νῦν
1459 5377 1598 5443 μετά
1629 5376 1898 5446 τοσαύτης

340 5469 638 5534 ἐξετάσεως
678 5467 916 5534 ἐγένετο,
944 5465 1181 5533 σπουδῆς
1205 5482 1267 5518 τε
1305 5467 1400 5519 καὶ
1445 5467 1773 5536 ἀγρυπνίας,
1806 5469 1900 5520 καὶ

340 5561 390 5613 οἱ
422 5559 676 5630 ἡμέτεροι
709 5556 845 5627 αὑτῇ
905 5559 1172 5627 μάχονται
1223 5557 1476 5623 ἀναιδῶς,
1509 5558 1559 5609 τί
1592 5558 1657 5612 ἂν
1689 5559 1898 5627 ἔλεγον,

341 5652 389 5704 εἰ
439 5649 606 5722 χωρὶς
661 5648 963 5712 ἐξετάσεως
1015 5647 1292 5715 ἐγεγόνει,
1343 5647 1429 5703 διὰ
1473 5648 1629 5702 τοῦτο
1665 5649 1894 5720 ἐζήτουν

1387 241 1814 301 ΒΕΕΠΤΑΤΙΟ
1845 241 2084 300 MARCI
2125 242 2515 306 EPHESIN‘I.

328 343 535 413 ψυχρὸς
583 344 680 408 ὢν,
709 342 832 397 οὔτε
870 345 1069 415 θερμός
1098 364 1113 378 ο
1170 350 1262 402 καὶ
1321 348 1411 400 διὰ
1456 349 1616 404 τοῦτο
1660 352 1891 422 ἐμίσησὲ

1998 351 2208 405 calidus
2284 368 2475 417 esses;
2533 363 2751 421 propter
2836 355 2984 423 quod

3415 245 3551 310 10-7-8

3079 335 3230 426 juxra
3288 357 3550 415 Joannem

1993 440 2046 493 in
2104 442 2421 512 Apocalypsi
2479 443 2621 498 Deus
2700 443 2822 498 odio
2915 453 2964 499 te
3041 446 3232 501 habuit
3312 459 3364 502 et
3431 465 3555 504 evo-

1994 533 2148 596 muit,
2184 534 2579 589 ambidextrum
2604 534 3248 603 enim’calceamentum,
3296 541 3441 608 quod
3474 554 3558 596 est

1992 625 2298 680 cothurnus
2329 628 2546 696 utrique
2581 629 2702 698 pedi
2727 629 2920 685 inutile
2936 640 3039 686 est.
3068 630 3147 684 Tu
3183 648 3400 702 quoque
3426 649 3549 687 cum

1994 714 2070 769 sis
2105 714 2221 768 voci
2251 715 2379 769 huic
2406 732 2567 784 quam
2614 721 2914 787 usurpasti,
2969 728 3022 773 et
3055 720 3132 773 rei
3167 735 3328 790 quam
3375 724 3554 790 expri-

1995 820 2143 859 mere
2170 806 2410 873 voluisti,
2442 824 2546 861 non
2575 809 2860 875 absimilis,
2912 812 3059 866 visus
3083 811 3369 880 esjudicio
3424 829 3548 881 pru~

1995 896 2216 950 tlentum
2251 897 2463 965 utrique
2491 900 2628 966 parti
2670 901 2899 955 inutilis.
2933 903 3001 954 At
3025 917 3150 956 vero
3183 903 3322 957 sacri
3379 904 3454 957 illi
3495 920 3558 957 ac

1994 987 2160 1040 divini
2193 988 2290 1041 viri
2321 989 2460 1042 dicta
2487 989 2676 1043 sedulo
2701 992 3043 1059 perscrutati,
3090 993 3142 1047 in
3179 994 3380 1063 quibus
3417 995 3558 1048 dilu-

1995 1079 2113 1133 cide
2142 1081 2425 1143 asseritur,
2455 1080 2717 1149 Spiritum
2737 1097 2859 1136 esse
2908 1099 2972 1137 ex
2999 1083 3154 1151 Filio,
3187 1101 3252 1140 ex
3287 1087 3402 1141 solo
3431 1103 3558 1140 vero

1995 1169 2154 1224 Patre
2187 1170 2410 1223 omnino
2434 1171 2712 1241 rejicitur;
2736 1182 2954 1228 sanctos
2996 1185 3046 1229 et
3089 1191 3250 1232 voces
3281 1192 3466 1233 eorum
3502 1188 3560 1233 ut

1995 1274 2280 1328 germanas
2307 1260 2645 1315 admiserunt
2671 1279 2687 1326 ;
2745 1279 2807 1318 ac
2832 1265 3226 1336 deincepsjure
3257 1268 3324 1322 de
3369 1271 3559 1324 conci-

1996 1350 2176 1404 lianda
2207 1365 2339 1420 pace
2369 1353 2458 1421 pie
2482 1367 2543 1406 ac
2576 1353 2827 1422 religiose
2867 1356 3118 1425 agebant.

2669 1531 2905 1586 lil‘liES.

2066 1615 2255 1688 Itaque
2327 1619 2564 1674 libellum
2616 1625 3002 1698 conseribunt,
3053 1627 3193 1682 dicta
3249 1619 3556 1699 bujusmedi

1921 1693 1967 1752 Β
1995 1709 2389 1774 continentem,
2421 1711 2641 1765 illorum
2668 1723 2842 1768 tamen
2873 1694 3201 1773 sententiam
3255 1723 3413 1791 plane
3468 1744 3558 1780 cx-

1995 1810 2324 1870 pouentem;
2361 1813 2415 1855 et
2445 1804 2665 1857 tnittunt
2701 1808 2765 1858 ad
2796 1822 2910 1872 eos,
2942 1811 3096 1878 quasi
3131 1825 3226 1881 per
3255 1813 3406 1868 illum
3429 1833 3559 1870 eon-

1989 1892 2273 1962 jungendi.
2305 1891 2500 1948 Verum
2540 1895 2615 1949 illi
2645 1897 2791 1951 nullo
2823 1901 2982 1954 modo
3007 1902 3260 1958 volebant
3309 1906 3549 1962 libellum

1997 1985 2300 2050 admittere,
2333 1986 2384 2038 ui
2421 1987 2570 2054 prius
2601 1989 3008 2045 exatninaretur
3030 2009 3044 2059 ;
3067 1994 3159 2049 sed
3193 2010 3284 2050 eos
3310 1988 3389 2052 vel
3417 2008 3471 2052 ut
3500 2016 3558 2054 se

1994 2075 2366 2139 tlefenderent,
2405 2081 2787 2146 provocabant,
2812 2092 2864 2136 et
2919 2085 3188 2141 solverent
3221 2106 3341 2158 quae
3393 2093 3557 2146 dubia

1994 2175 2148 2222 erant
2179 2167 2234 2221 in
2259 2167 2471 2235 libello;
2500 2169 2579 2223 vel
2609 2186 2791 2238 suum,
2820 2190 2979 2243 quem
3011 2177 3108 2246 ipsi
3133 2177 3243 2248 jam
3271 2183 3554 2249 miseram,

1996 2260 2064 2310 ab
2107 2257 2172 2310 iis
2197 2259 2703 2328 suscipijubebant.
2735 2263 2862 2319 Erat
2899 2281 3064 2336 porro
3088 2269 3140 2322 in
3186 2263 3276 2326 illo
3318 2274 3553 2343 perfecta

1997 2347 2314 2405 Latinorum
2339 2363 2500 2422 atque
2533 2351 2846 2410 Graecorum
2870 2358 2937 2412 de
2968 2361 3221 2430 dogmate
3267 2366 3556 2423 consensio

1994 2449 2049 2494 et
2071 2443 2363 2512 confessio,
2395 2445 2540 2515 quod
2575 2448 2736 2503 etiam
2756 2461 2822 2504 ex
2878 2447 3014 2506 Filio
3044 2454 3300 2522 procedat
3322 2455 3563 2525 Spiritus

1996 2540 2239 2590 sanctus.

2657 2714 2855 2770 [{ESP.

2070 2803 2341 2860 Libellum
2373 2806 2539 2860 nostri
2563 2807 2849 2871 dederunt,
2877 2819 3192 2864 sanctorum
3225 2812 3366 2865 dicta
3397 2811 3550 2879 juxta

1999 2893 2217 2948 Maximi
2259 2910 2443 2948 vocem
2475 2897 2615 2950 inter
2656 2912 2714 2950 se
2745 2898 3120 2960 conciliantes.
3155 2914 3314 2968 quem
3343 2917 3560 2958 summu

2000 2987 2242 3056 pontiﬁci
2274 2986 2572 3050 miserunt;
2593 3003 2715 3041 cum
2738 3003 2765 3041 a
2792 2987 3034 3043 Romana
3065 2990 3310 3046 Ecclesia
3335 2996 3561 3062 quzcsis-

2003 3088 2122 3135 sent
2147 3081 2200 3133 in
2229 3079 2454 3148 scripto,
2479 3081 2752 3148 quomodo
2775 3091 2917 3136 esset
2943 3081 3278 3138 conficienda
3299 3085 3558 3152 definitio,

2003 3187 2175 3240 quave
2199 3171 2408 3224 ratione
2423 3171 2615 3240 dogma
2646 3187 2765 3226 esse
2795 3173 2844 3224 in
2865 3188 2922 3225 ea
2947 3176 3278 3242 ponendum.
3322 3179 3416 3230 llla
3439 3195 3558 3231 cum

2001 3278 2068 3314 ue
2133 3261 2294 3314 modo
2324 3261 2658 3328 scripsisset,
2696 3262 2841 3315 misit
2870 3265 2933 3316 ad
2968 3263 3183 3319 Cra-.cos
3213 3285 3226 3331 ;
3281 3278 3560 3337 acceptum

2002 3353 2075 3405 illi
2121 3354 2384 3420 scriptum
2433 3352 2705 3419 legerunt,
2742 3364 2795 3406 et
2836 3367 3206 3422 cognoverunt
3271 3359 3340 3411 ibi
3373 3371 3556 3428 aperte

2004 3444 2231 3509 dictum,
2262 3442 2526 3512 Spiritum
2588 3457 2836 3498 sanctum
2886 3461 3006 3500 esse
3056 3448 3216 3502 etiam
3271 3465 3333 3503 ex
3390 3450 3555 3507 Filio.

2006 3536 2206 3589 Deinde
2240 3536 2510 3606 scripsere
2540 3549 2593 3590 et
2621 3537 2721 3606 ipsi
2759 3539 2858 3592 lioe
2890 3549 3049 3606 pacto
3078 3556 3092 3594 :
3124 3540 3386 3606 Quamvis
3418 3544 3559 3598 idea.-

2001 3629 2072 3683 sit
2105 3642 2168 3680 ex
2197 3627 2333 3681 Filio
2367 3629 2510 3696 quod
2574 3643 2666 3697 per
2697 3626 2915 3694 Filium,
2959 3641 3010 3682 et
3051 3647 3142 3699 per
3182 3631 3375 3686 Filium
3421 3634 3560 3687 Idem

2001 3719 2144 3790 quod
2200 3735 2262 3774 ex
2289 3718 2446 3785 Filio,
2475 3720 2934 3788 quemadmodum
2967 3735 3062 3774 vos
3089 3724 3437 3790 explicastis;
3466 3740 3562 3778 nos

2002 3824 2182 3867 tamen
2214 3812 2466 3876 fatemur,
2490 3811 2753 3880 Spiritum
2785 3825 3036 3866 Sanctum
3069 3829 3187 3867 esse
3212 3834 3238 3865 ει
3271 3813 3432 3869 Patre
3463 3832 3558 3884 per

2000 3905 2194 3959 Filium
2224 3905 2581 3959 aeternaliter.
2614 3903 2857 3958 Romana
2891 3920 3018 3972 ergo
3045 3904 3284 3960 Ecclesia
3315 3907 3556 3962 libellum

2001 3999 2145 4052 hunc
2194 3999 2370 4052 noluit
2435 3998 2723 4052 admittere
2779 3999 2917 4051 citra
2985 3999 3420 4065 discussionem;
3463 4000 3558 4054 sed

1999 4090 2220 4144 aiebat:
2256 4089 2365 4143 Nos
2422 4088 2730 4142 simulatam
2782 4091 3037 4142 unionem
3099 4089 3215 4143 lieri
3259 4091 3558 4150 uolumus;

1999 4196 2178 4249 neque
2229 4181 2484 4234 volumus
2517 4178 2735 4233 Graecos
2799 4179 3088 4232 nobiscum
3152 4182 3408 4249 conjungi
3470 4195 3564 4248 per

2001 4273 2252 4328 fraudem
2283 4282 2336 4326 et
2369 4272 2638 4337 liwresin;
2672 4272 2764 4325 sed
2793 4272 2932 4325 scire
2968 4271 3131 4324 libelli
3166 4271 3324 4338 hujus
3351 4271 3566 4338 exposi-

2003 4367 2228 4428 tionem,
2260 4378 2369 4431 quo
2410 4363 2570 4431 plane
2602 4361 2784 4426 modo,
2813 4371 2865 4414 et
2923 4377 3032 4430 quo
3063 4376 3224 4415 sensu
3261 4360 3564 4429 intelligant

2004 4457 2161 4519 illud,
2195 4471 2308 4524 per.
2345 4453 2530 4522 Neque
2585 4454 2730 4506 enim
2763 4453 3128 4507 concedemus
3174 4469 3436 4522 unquam,
3468 4470 3514 4520 pi
3538 4471 3561 4504 r

2003 4551 2156 4618 illam
2192 4545 2542 4617 particulam,
2583 4559 2696 4612 per,
2751 4544 3043 4614 signiﬁcari
3079 4559 3300 4598 causam
3353 4545 3556 4597 instru-

2005 4640 2349 4701 meutariam,
2385 4639 2500 4690 sive
2552 4637 2981 4690 ministerialem.
3041 4636 3321 4705 Siquidem
3358 4637 3562 4690 scimus

2004 4745 2098 4798 per
2147 4729 2291 4782 hanc
2318 4743 2525 4790 vocem,
2564 4741 2678 4794 per,
2737 4725 2838 4783 tria
2873 4708 3191 4794 signiﬁcari,
3232 4724 3567 4776 instrumen—

2009 4833 2147 4885 tum,
2194 4819 2581 4879 ministerium,
2612 4826 2666 4870 et
2716 4830 2936 4870 causam
2971 4817 3292 4869 naturalem.
3337 4815 3392 4868 Si
3434 4829 3562 4882 ergo

2006 4916 2072 4968 ad
2105 4912 2519 4982 signiﬁcandam
2548 4908 2848 4962 naturalem
2884 4923 3104 4960 causam
3139 4912 3423 4960 assumunt
3449 4919 3560 4970 per.

2005 5022 2104 5061 cur
2134 5009 2296 5059 etiam
2340 5019 2403 5057 ea:
2434 5017 2541 5055 non
2585 5010 2828 5064 utuntur,
2859 5015 2981 5069 quze
3009 5001 3148 5053 idem
3179 4998 3315 5049 valet
3344 5012 3403 5047 ac
3431 4994 3560 5064 per?

2008 5098 2064 5151 Si
2101 5112 2228 5149 vero
2261 5095 2326 5147 ad
2362 5091 2781 5162 srgnilieandum
2813 5090 3263 5148 instrumentum,
3310 5085 3424 5136 sive
3460 5084 3562 5133 iiii-

2010 5192 2321 5250 nisterium,
2357 5203 2453 5239 nos
2489 5183 2934 5238 conuuunionem
2977 5180 3204 5231 istorum
3237 5190 3342 5228 non
3389 5172 3565 5227 susci-

2009 5285 2208 5352 pimus.
2240 5279 2554 5348 Propterea,
2585 5279 2669 5329 vir
2703 5271 3015 5332 revereude,
3049 5266 3368 5336 quan-ebant
3397 5263 3560 5316 libelli

2007 5375 2438 5444 expositionem;
2476 5371 2732 5423 nolebant
2770 5364 2913 5417 enim
2945 5361 3077 5415 citra
3126 5357 3563 5426 disquisitionem

2007 5468 2274 5521 coniicere
2306 5462 2613 5534 quamlibet
2663 5459 2916 5510 unionem
2943 5472 2956 5519 ;
2991 5463 3045 5506 et
3073 5453 3194 5522 jure
3225 5449 3439 5517 quidem
3471 5465 3566 5518 op-

2011 5558 2164 5612 timo.
2217 5557 2354 5608 Nam
2397 5553 2443 5608 si
2510 5559 2655 5604 tanta
2703 5564 2844 5601 nunc
2886 5545 3126 5599 adhibita
3190 5539 3564 5610 inquisitione,

2011 5651 2213 5718 studio,
2245 5666 2306 5704 ac
2345 5646 2616 5720 vigilantia
2650 5641 2820 5698 nostri
2859 5641 3052 5695 factam
3091 5637 3348 5692 unitatem
3379 5637 3560 5710 impn-
