4022 6196
277 275 414 342 MSS

1332 277 1380 336 R
1395 277 1772 339 EFUTATIO
1817 278 1864 336 Μ
1877 277 2060 360 ΑΒΩῙ
2098 277 2144 335 Ε
2158 275 2433 335 PHESIN
2449 277 2494 335 1⁵.

3387 276 3533 343 ῙὉ86’

269 391 331 444 τὸ
368 384 530 444 εἶναι.
572 387 735 440 Ὅθεν
765 388 813 440 εί
843 386 1055 455 λέγοιτο
1078 389 1171 441 καὶ
1202 390 1229 442 6
1254 387 1382 451 γεδξ
1409 390 1554 443 αἰτία
1579 391 1670 442 καὶ
1703 388 1846 458 ἀρχὴ

1971 384 2131 450 Quare
2155 397 2214 438 ut
2242 383 2653 453 Filius-quoque
2683 383 2898 438 dicatur
2918 400 3080 441 causa
3113 395 3164 442 et
3195 389 3521 462 principium

267 482 360 536 τοῦ
400 481 560 550 ἀγίου
589 479 930 548 Πνεύματος,
967 481 1032 532 ὲκ
1064 479 1156 538 τοῦ
1207 481 1417 550 Πατρὸς
1444 481 1587 534 τοῦτ’
1639 481 1797 534 ἔλαϐε
1825 496 1838 510 ⁸

266 571 544 640 δυνάμεθα
569 571 676 639 γὰρ
705 570 802 622 καὶ
827 571 985 640 ἡμεῖς
1017 571 1191 622 εἰπεῖν
1218 571 1357 623 κατὰ
1385 571 1476 623 τὸν
1498 573 1555 624 ἐν
1587 572 1840 641 θεολογίας.

271 664 447 734 μέγαν
478 664 799 733 Γρηγόριον·
831 665 898 717 Ἠ
928 666 992 717 ἐκ
1027 665 1124 729 τῆς
1145 665 1324 726 αίτίας
1355 665 1527 728 αἰτία,
1556 665 1710 732 τὸέκ
1748 663 1842 716 τοῦ

269 757 450 822 φωτὸς
483 758 621 823 φῶς,
655 758 682 808 6
715 757 782 808 ὲκ
805 756 940 809 Θεοῦ
973 757 1127 820 Θεὸς,
1163 756 1354 826 ὥσπερ
1410 757 1621 820 ἐκεῖνός
1651 773 1842 825 φησιν,

281 848 349 901 Ἦ
387 850 451 899 ἐκ
480 848 579 916 τῆς
619 847 795 917 ἀρχῆς
834 847 1000 918 ἀρχή.
1029 849 1194 900 Ὥστε
1241 849 1289 900 εί
1323 850 1417 901 καὶ
1448 849 1475 898 6
1521 849 1646 910 Υἱὸς
1696 849 1845 902 αἰτία

267 940 513 1006 λέγεται,
545 940 660 992 ἀλλ’
685 941 786 992 οὐκ
819 941 912 1005 ἀφ’
947 940 1142 993 ἑαυτοῦ
1168 942 1489 1010 ἀρχοειδῶς,
1525 941 1644 993 ἀλλ’
1664 941 1728 993 ὲκ
1751 939 1844 993 τοῦ

272 1032 490 1103 Πατρδς
528 1034 628 1100 μὲν
660 1034 978 1103 ἀρχοειδῶς,
1006 1035 1094 1087 διά
1120 1035 1211 1088 τοῦ
1247 1035 1378 1087 Υίοῦ
1407 1035 1462 1087 δὲ
1499 1037 1594 1088 καὶ
1635 1037 1698 1088 ἐκ
1751 1035 1846 1087 τοῦ

281 1124 409 1177 Υἱοῦ
433 1125 507 1187 ὡς
539 1125 629 1177 διὰ·
662 1124 757 1178 τοῦ
790 1125 944 1180 Υίοῦ.
1013 1127 1123 1178 Καὶ
1147 1125 1304 1179 τοῦτό
1332 1129 1479 1180 ἐστιν
1503 1129 1530 1180 ὃ
1565 1145 1697 1197 φησι
1731 1131 1850 1182 Μά-

272 1213 432 1282 ξιμος
456 1229 474 1247 ·
516 1215 614 1266 οὐκ
646 1215 826 1268 αἰτίαν
860 1217 1114 1285 ἀρχοειδῆ
1144 1218 1234 1268 τὸν
1275 1217 1403 1268 Υἰδν
1437 1217 1722 1279 ποιοῦντας
1755 1219 1848 1270 τοῦ

275 1307 593 1373 Πνεῦματος
629 1308 768 1375 σφᾶς
820 1308 1016 1371 αὐτοὺς
1065 1309 1378 1375 ἀπέδειξαν,
1408 1309 1526 1362 ἀλλ’
1560 1311 1646 1364 ἵνα
1679 1312 1740 1364 τὸ
1784 1311 1850 1363 δι’

269 1397 438 1451 αὐτοῦ
469 1399 720 1467 προϊέναι
750 1400 1056 1468 δηλώσωσι.
1097 1403 1204 1454 Καὶ
1234 1402 1379 1455 οὗτοι
1421 1400 1513 1456 οὖν
1544 1404 1688 1456 οὕτω
1723 1406 1848 1474 νοή-

271 1508 470 1553 σαντες
495 1490 677 1544 δοῦναι
705 1493 780 1561 τῷ
801 1493 914 1563 Υίῷ
941 1495 1039 1560 τὴν
1072 1494 1146 1565 μὴ
1172 1497 1622 1564 προκαταρτικὴν
1649 1499 1849 1561 αἰτίαν,

271 1583 460 1646 καλῶς
508 1591 603 1637 καὶ
630 1585 872 1644 εὐσεϐῶς
903 1587 1185 1655 ἐποίησαν.
1243 1588 1353 1640 Καὶ.
1402 1588 1510 1658 γὰρ
1540 1589 1650 1641 οὐδ’
1692 1591 1854 1658 ἡμεῖς

269 1673 508 1744 λέγομεν
535 1678 790 1746 ἀρχοειδῆ
825 1678 856 1746 ἢ
893 1682 1344 1749 προκαταρτικὴν
1375 1683 1465 1734 τὸν
1506 1681 1637 1734 Υίδν
1671 1682 1851 1733 αἰτίαν

269 1767 368 1819 τοῦ
396 1767 734 1835 Πνεῦματος,
760 1769 875 1822 ἀλλ’
907 1771 971 1824 ὲκ
1019 1771 1115 1824 τοῦ
1145 1775 1359 1842 Πατρδς
1392 1773 1470 1836 ὡς
1489 1774 1715 1844 πρώτης
1745 1775 1849 1842 ἀρ-

271 1859 378 1928 χῆς
413 1861 652 1930 άνάρχου
677 1867 766 1913 καὶ
803 1863 1141 1932 ἀρχοειδοῦς,
1183 1866 1246 1918 ὲκ
1268 1865 1362 1918 τοῦ
1394 1864 1528 1918 Υίοῦ
1550 1866 1607 1918 δὲ
1638 1865 1731 1917 καὶ
1763 1864 1852 1917 διὰ

274 1952 375 2005 τοῦ
399 1951 532 2005 Υίοῦ
561 1953 636 2015 ὡς
665 1954 734 2006 δι’
757 1956 924 2008 αὐτοῦ
960 1959 1022 2010 ὲκ
1058 1957 1154 2011 τοῦ
1192 1958 1426 2028 Πατρός.
1453 1959 1566 2012 Καὶ
1595 1959 1740 2011 οὕτω
1768 1975 1855 2010 πι-

273 2044 567 2116 στεύομεν,
592 2046 688 2098 καὶ
722 2048 991 2115 γενναίως
1023 2049 1395 2120 κηρύττομεν.

969 2167 1162 2220 ΕΦΕΣ.

362 2253 507 2307 Ἀλλ’
538 2257 586 2307 οἱ
633 2256 898 2327 τολμηροὶ
927 2258 1027 2329 τὴν
1055 2256 1400 2320 δυσσέϐειαν,
1433 2258 1530 2311 καὶ
1570 2256 1685 2310 ὅσοι
1727 2257 1854 2310 τού-

275 2363 396 2410 τοις
453 2349 606 2417 παρὰ
657 2349 754 2419 τὴν
804 2351 979 2422 ἀρχὴν
1046 2350 1446 2420 ἠκολούθησαν,
1498 2350 1857 2418 ἐπαγγελίαις

277 2442 571 2510 λαμπραῖς
602 2444 941 2514 ὑπαχθέντες
976 2444 1071 2497 καὶ
1098 2444 1346 2511 δόμασιν,
1371 2446 1553 2512 ¹γυμνῇ
1591 2446 1655 2513 τῇ
1687 2460 1858 2511 κεφα-

275 2539 346 2606 λῇ
367 2537 460 2589 τὸν
494 2537 624 2590 Υἱδν
680 2539 1034 2607 ἀπεφήναντο
1086 2536 1178 2590 τοῦ
1226 2537 1544 2606 Πνεύματος
1576 2535 1753 2588 αἴτιον
1787 2551 1800 2566 °
1830 2536 1860 2588 6

284 2629 414 2699 μηδ’
447 2633 505 2684 ὲν
535 2634 648 2694 τοῖς
677 2633 782 2684 τῶν
804 2631 1048 2685 Λατίνιον
1072 2632 1258 2701 ῥητοῖς
1284 2629 1517 2701 εὕρηταί
1550 2647 1655 2682 που
1689 2645 1857 2698 φανε-

283 2723 398 2794 ρῶς
427 2723 705 2795 κείμενον.

970 2844 1178 2897 ΑΠΟΛ.

357 2933 435 2987 Οὐ
478 2933 746 3002 τολμηροὶ
773 2934 870 3003 τὴν
905 2936 1254 2997 δυσσέϐειαν,
1290 2934 1406 2989 ἀλλ’
1457 2933 1711 2994 εὐλαϐεῖς
1754 2933 1856 3000 τὴν

285 3025 571 3078 εὐσέϐειαν
598 3020 742 3095 ἦσαν
775 3027 990 3087 ἐκεῖνοι,
1019 3026 1112 3088 οὓς
1146 3029 1210 3081 σὺ
1242 3028 1619 3096 συκοφαντεῖς.
1648 3025 1722 3078 Οὐ
1752 3024 1860 3096 γάρ
1892 3073 1934 3131 c

290 3119 666 3188 ἐϐουλήθησαν
697 3120 971 3189 διαμεῖναι
1022 3121 1119 3172 καὶ
1151 3121 1229 3172 ἔτι
1259 3120 1336 3189 τῷ
1382 3120 1646 3189 σχίσματι
1681 3118 1775 3170 καὶ
1797 3120 1862 3187 τῇ

291 3211 471 3282 κακίᾳ
517 3211 887 3281 διαιρούμενοι
932 3213 1041 3265 τῶν
1071 3211 1316 3281 ἀδελφῶν
1365 3213 1458 3265 καὶ
1499 3212 1600 3281 τῆς
1632 3210 1866 3278 Ἐκκλη-

291 3306 439 3366 σίαςο
471 3305 582 3358 οὐδ’
613 3301 756 3376 ἦσαν
785 3304 929 3358 οὕτω
982 3305 1158 3375 μωροὶ
1205 3305 1551 3374 ἀρνήσασθαι
1579 3303 1679 3373 τὴν
1731 3302 1868 3371 ἀλή-

292 3398 469 3461 θειαν,
500 3400 559 3460 ὃς
601 3399 752 3451 ἔστιν
787 3399 814 3450 6
870 3398 1124 3468 Χριστὸς,
1161 3397 1473 3468 ἔμπροσθεν
1504 3397 1615 3449 τῶν
1659 3394 1871 3465 ἀνθρὼ-

293 3509 439 3545 πων.
477 3491 567 3542 Διὸ
596 3492 695 3544 καὶ
721 3493 902 3560 γυμνῇ
932 3494 998 3561 τῇ
1026 3490 1236 3559 κεφαλῇ
1262 3489 1627 3558 ἀνεκήρυξαν,
1663 3489 1726 3540 ὲκ
1775 3486 1868 3538 τοῦ

297 3582 526 3645 σκότους
557 3581 654 3651 τῆς
689 3583 955 3647 κακίστης
989 3581 1308 3652 προλήψεως
1341 3580 1744 3650 ἀνανήψαντες,
1772 3582 1869 3630 καὶ

295 3675 437 3742 πρὸς
466 3674 525 3728 τὸ
556 3674 657 3744 τῆς
695 3674 958 3744 ἀληθείας
1006 3673 1121 3742 φῶς
1157 3673 1562 3742 ἁνεκλὴθησαν,
1609 3672 1668 3723 σὲ
1722 3669 1872 3722 κάτω

298 3767 556 3836 κείμενον
591 3743 842 3827 ἐλεεινῶς
876 3763 1274 3828 καταλιπόντες
1311 3765 1449 3832 μετά
1477 3763 1586 3814 τῶν
1618 3761 1715 3815 ἀπ’
1741 3760 1875 3811 αἰῶ-

298 3878 391 3924 νος
417 3860 675 3914 ἁπάντων
703 3857 1084 3930 σχισματικῶν
1108 3853 1259 3916 ,εἷναί
1293 3873 1375 3911 σε.
1404 3855 1514 3924 Οὐχ
1537 3852 1875 3921 ὑπαχθέντες

299 3953 361 4007 δὲ
391 3953 588 4023 δώροις
641 3971 699 4005 τε
749 3953 844 4004 καὶ
896 3951 1270 4018 ἐπαγγελίαις,
1335 3948 1409 4008 ὡς
1466 3949 1528 4001 σὺ
1570 3947 1699 4016 φῂς,
1735 3946 1875 3998 ἀλλὰ

303 4046 636 4114 φοδηθέντες
671 4044 762 4096 τὸν
790 4043 1064 4111 ἀλάθητον
1115 4043 1415 4110 ὀφθαλμὸν,
1441 4041 1469 4093 ὃ
1501 4040 1750 4107 ἔγνωσαν
1800 4039 1877 4090 δί-

225 4129 232 4136 ’
303 4154 486 4198 καιον,
523 4135 902 4205 ὡμολόγησαν.
963 4135 1087 4187 Ὀτι
1143 4135 1202 4186 δὲ
1257 4134 1356 4202 οὐχ
1389 4132 1622 4202 εὓρηται
1676 4133 1705 4183 6
1751 4129 1880 4194 Υίδς

305 4229 480 4290 αἴτιος
508 4227 602 4280 τοῦ
649 4227 967 4295 Ιῐνεὺματος
1011 4229 1068 4278 ὲν
1117 4229 1232 4288 τοῖς
1267 4225 1373 4278 τῶν
1405 4224 1652 4277 Λατίνων
1694 4225 1878 4293 ῥητοῖς

309 4321 558 4391 φανερῶς
606 4320 883 4388 κείμενον,
941 4318 1222 4385 ἐδείξαμεν
1278 4318 1566 4386 πρνέτερον,
1617 4315 1685 4368 τά
1739 4315 1880 4384 ρητά

1951 477 2187 547 Spiritus
2239 476 2438 538 sancti,
2480 477 2581 531 hoc
2616 490 2643 528 a
2707 474 2866 530 Patre
2922 478 3153 544 accepit.
3221 479 3524 542 Possumus

1949 567 2149 636 quippe
2188 581 2288 620 nos
2324 567 2490 619 etiam
2523 564 2772 634 exemplo
2810 567 2990 635 magni
3050 566 3298 636 Gregorii
3345 571 3522 628 Theot-

1951 658 2056 724 logi
2087 657 2270 712 dicere
2301 657 2376 726 (1)
2415 674 2428 709 :
2464 656 2636 711 Causa
2664 657 2730 710 de
2758 672 2949 721 causa,
2981 658 3162 712 lumen
3201 662 3266 715 de
3293 661 3520 730 lumine,

1950 751 2092 805 Deus
2122 753 2188 805 de
2224 752 2366 817 Deo;
2400 753 2545 806 sient
2571 753 2659 806 ille
2689 753 2824 808 dicit
2860 771 2874 805 :
2914 754 3250 825 Principium
3281 761 3346 811 de
3377 763 3530 829 prin-

1949 843 2113 912 cipio.
2146 842 2256 897 Etsi
2286 859 2414 912 ergo
2435 843 2607 898 Filius
2639 852 2867 898 vocatur
2905 859 3093 912 causa,
3147 862 3254 901 non
3287 861 3464 904 tamen
3496 868 3526 907 a

1953 947 2011 987 se
2047 933 2414 1002 Originaliter,
2455 950 2643 988 verum
2685 950 2752 988 ex
2793 935 2951 991 Patre
2992 938 3214 1006 quidem
3264 941 3528 1012 principi-

1952 1022 2147 1088 aliter;
2188 1040 2284 1094 per
2343 1022 2538 1078 Filium
2602 1040 2735 1080 vero
2788 1038 2843 1080 et
2886 1043 2951 1082 ex
2993 1029 3131 1083 Filio
3195 1040 3379 1100 utpote
3432 1049 3530 1102 per

1955 1114 2172 1169 Filium.
2204 1116 2270 1169 Et
2323 1118 2422 1170 hoc
2451 1127 2559 1182 est,
2594 1120 2737 1187 quod
2769 1119 2844 1171 ait
2898 1119 3192 1186 Maximus,
3244 1133 3525 1178 ostensum

1953 1221 2074 1259 esse
2101 1208 2169 1261 ab
2204 1206 2329 1270 illis.
2363 1225 2422 1261 se
2455 1225 2559 1262 nou
2615 1225 2860 1264 asserere
2891 1209 3089 1266 Filium
3144 1218 3365 1268 causam
3404 1213 3527 1282 Spi-

1957 1299 2094 1352 ritus
2130 1299 2504 1368 principalem,
2565 1301 2660 1355 sed
2717 1301 3028 1367 significare
3085 1303 3344 1370 voluisse,
3383 1310 3525 1373 quod

1956 1404 2052 1458 per
2077 1391 2249 1459 ipsum
2290 1391 2565 1460 procedat.
2600 1393 2674 1446 Ita
2708 1393 2869 1462 igitur
2903 1401 2958 1447 et
3003 1394 3090 1448 isti
3120 1395 3224 1448 hoc
3244 1410 3402 1451 sensu
3435 1397 3531 1451 tri-

1956 1485 2187 1539 buentes
2241 1484 2382 1540 Filio
2431 1501 2652 1541 causam
2692 1502 2798 1540 non
2843 1487 3273 1554 primordialem,
3305 1498 3455 1543 recte
3478 1499 3530 1544 et

1958 1577 2043 1645 pie
2075 1576 2343 1632 fecerunt.
2382 1579 2520 1632 Nam
2552 1595 2729 1647 neque
2759 1595 2860 1634 nos
2891 1580 3125 1634 dicimus
3153 1578 3345 1635 Ειιίιιιιι
3377 1583 3530 1652 prin-
3592 1578 3596 1581 ’

1957 1668 2206 1737 eipialem
2246 1685 2340 1723 seu
2394 1670 2800 1738 primordialem
2842 1671 3079 1740 Spiritus
3138 1686 3380 1735 causam,
3438 1673 3530 1726 sed

1958 1774 2020 1812 ex
2060 1759 2244 1822 Patre,
2276 1769 2462 1822 utpote
2497 1762 2672 1828 primo
2705 1763 2975 1832 principio
2998 1779 3027 1816 a
3063 1764 3215 1817 nullo
3242 1763 3530 1832 principio,

1957 1861 2014 1905 et
2043 1852 2331 1920 principali
2369 1869 2383 1910 :
2417 1868 2482 1906 cx
2513 1851 2651 1908 Filio
2682 1863 2862 1907 autem
2897 1865 2949 1908 et
2981 1869 3072 1924 per
3100 1853 3320 1921 Filium,
3362 1865 3416 1908 ut
3441 1870 3534 1923 per

1957 1941 2136 2011 ipsum
2165 1959 2229 1996 ex
2280 1940 2465 2000 Patre.
2517 1944 2594 1998 Ita
2630 1945 2928 2012 credimus,
2961 1955 3013 2001 et
3072 1946 3344 2016 intrepide
3396 1962 3533 2017 pra:-

1957 2035 2224 2096 dicamus.

2627 2150 2870 2207 EPHES.

2037 2241 2236 2297 Verum
2275 2245 2368 2314 qui
2427 2243 2491 2298 ad
2529 2245 2860 2314 impietatem
2915 2244 3150 2300 audaces
3190 2252 3367 2306 erant,
3419 2244 3540 2312 qui-

1961 2349 2065 2404 que
2094 2334 2215 2389 illos
2269 2349 2298 2388 a
2327 2333 2596 2404 principio
2626 2335 2799 2391 secuti
2834 2345 2984 2402 sunt,
3020 2334 3216 2404 amplis
3276 2332 3539 2403 pollicita-

1960 2426 2200 2481 tionibus
2223 2435 2277 2480 et
2311 2428 2628 2482 muneribus
2654 2427 2901 2498 pellecti,
2939 2427 3083 2481 nuda
3123 2426 3311 2480 fronde
3337 2423 3535 2478 Filium

1961 2519 2197 2588 Spiritus
2235 2536 2459 2592 causam
2497 2515 2916 2590 pronuntiarqu
2950 2535 2964 2582 ;
3026 2518 3171 2588 quod
3202 2533 3265 2572 uc
3298 2517 3348 2570 iu
3405 2517 3538 2585 ipsis

1961 2613 2181 2681 quidem
2233 2612 2554 2668 Latinorqu
2592 2614 2756 2668 dictis
2807 2615 2876 2667 ita
2919 2612 3140 2666 disertis
3176 2609 3357 2664 verbis
3391 2624 3543 2680 repe-

1964 2707 2103 2759 ritur
2129 2720 2474 2775 expressum.

2647 2818 2846 2873 RESP.

2035 2907 2152 2962 Non
2196 2911 2438 2965 audaces
2489 2911 2556 2964 ad
2610 2911 2965 2980 impietatem,
3030 2911 3123 2967 sed
3188 2911 3424 2981 religiosi
3474 2911 3540 2964 ad

1965 3001 2302 3056 retiuendam
2330 3003 2582 3071 pietatem
2601 3013 2756 3057 eraut
2777 3004 2880 3069 illi,
2907 3018 3045 3073 quos
3065 3013 3118 3057 tu
3149 3002 3538 3066 caluutuiaris;

1974 3093 2266 3147 noluerunt
2295 3097 2438 3147 enim
2471 3096 2728 3165 deinceps
2758 3095 2810 3149 iu
2854 3097 3150 3151 schismate
3174 3105 3229 3149 et
3274 3094 3544 3165 perversi-

1971 3194 2086 3239 tate
2111 3187 2425 3254 persistere,
2457 3188 2802 3242 secernendo
2832 3204 2889 3241 se
2913 3203 2941 3238 a
2977 3187 3234 3241 fratribus
3261 3199 3313 3240 et
3343 3187 3412 3240 ab
3435 3184 3544 3239 Εε-

1971 3278 2135 3332 clesia
2168 3295 2183 3344 ;
2218 3293 2316 3332 nec
2362 3280 2498 3333 adeo
2530 3280 2712 3334 stolidi
2746 3289 2925 3341 erant,
2963 3287 3022 3333 ut
3083 3279 3390 3341 veritatem,
3426 3295 3547 3347 qua:

1971 3367 2224 3424 Christus
2257 3381 2360 3434 est,
2396 3385 2581 3424 coram
2610 3370 2926 3425 hominibus
2960 3379 3218 3437 negarent
3250 3385 3266 3426 :
3297 3379 3349 3423 et
3388 3385 3548 3438 prop-

1981 3469 2129 3514 terea
2169 3463 2312 3515 uuda
2353 3461 2531 3516 fronte
2561 3463 2739 3531 palam
2775 3461 3218 3532 pronuntiarunt,
3254 3477 3282 3515 a
3311 3461 3548 3515 tenebris

1975 3553 2228 3622 pessimae
2255 3553 2424 3616 illius,
2452 3570 2614 3622 quam
2640 3563 3027 3623 p‘ratsumptam
3060 3555 3245 3608 animo
3273 3553 3549 3606 hahebaut

1976 3646 2248 3714 opinionis
2305 3664 2364 3702 se
2400 3649 2798 3717 recolligentes,
2855 3655 2911 3701 et
2961 3647 3029 3702 ad
3090 3646 3334 3701 veritatis
3375 3645 3548 3700 lucem

1979 3745 2218 3796 revocati
2256 3756 2306 3796 Ie
2366 3743 2759 3796 miserabiliter
2811 3741 2961 3796 humi
3002 3741 3183 3810 jacere
3243 3741 3456 3798 relicto.
3496 3751 3551 3792 ut

1977 3837 2154 3889 socios
2188 3836 2418 3888 haberes
2449 3851 2640 3888 omnes
2661 3835 2753 3904 qui
2785 3834 2896 3902 jam
2926 3850 3099 3901 usque
3125 3834 3193 3887 ah
3219 3833 3375 3885 initio
3402 3823 3555 3884 l‘ur-re

1981 3927 2343 3982 schismatici.
2402 3928 2508 3981 Nec
2569 3943 2720 3990 vero,
2778 3937 2836 3980 ut
2893 3928 2996 3986 ais,
3038 3926 3247 3995 pelieeti
3303 3932 3429 3980 sunt
3480 3921 3552 3975 illi

1981 4021 2266 4089 proluissis
2295 4035 2357 4072 ac
2393 4020 2738 4084 muneribus,
2775 4019 2866 4071 sed
2915 4019 3110 4072 timore
3152 4016 3381 4087 permoti
3414 4015 3556 4068 illitis

1982 4113 2152 4176 oculi,
2208 4129 2368 4180 quc-ut
2434 4113 2603 4166 latere
2662 4111 2796 4164 mhil
2867 4120 3062 4180 potest,
3139 4109 3375 4164 confessi
3430 4117 3560 4162 sunt

1983 4205 2128 4274 quod
2159 4219 2370 4273 aequum
2400 4219 2522 4258 esse
2553 4210 2950 4272 cognoverunt.
2973 4201 3126 4267 Quod
3156 4215 3283 4252 vero
3313 4200 3418 4263 ais,
3450 4215 3556 4251 nou

1985 4299 2213 4367 reperiri
2275 4299 2330 4350 in
2400 4297 2721 4351 Latinorum
2757 4295 2918 4348 dictis
2977 4301 3168 4362 aperte
3217 4306 3558 4359 expressum,

310 4413 496 4475 θέντες
526 4413 634 4466 τῶν
684 4411 920 4465 δυτικῶν
971 4411 1334 4463 διδασκάλων.
1370 4410 1486 4461 Οὐκ
1537 4404 1656 4461 οἶδα
1703 4406 1783 4468 δὲ,
1833 4424 1856 4458 ε

1987 4388 2186 4443 Filium
2213 4405 2335 4444 esse
2358 4403 2583 4442 causam
2616 4386 2876 4451 Spiritus,
2901 4385 3008 4451 jam
3037 4393 3316 4436 ostensum
3345 4395 3372 4430 a
3405 4379 3563 4431 nobis

310 4507 406 4559 καὶ
432 4505 608 4568 ἄλλως
660 4506 726 4558 σὺ
768 4505 910 4565 νοεῖς
936 4503 997 4554 to
1029 4498 1167 4554 εἷναι
1203 4504 1376 4554 αἴτιον
1407 4502 1500 4554 τοῦ
1533 4500 1878 4567 Πνεὺματος.

312 4595 488 4659 ἄλλως
533 4595 592 4646 τὸ
639 4591 699 4656 ἐξ
732 4592 900 4646 αὐτοῦ
953 4592 1410 4662 ἐκπορευόμενον.
1471 4591 1613 4656 Ἐγὼ
1666 4590 1720 4642 δὲ
1756 4590 1886 4642 ὅταν

311 4687 556 4749 ἀκούσω,
590 4686 746 4754 Παρά
783 4684 875 4736 τοῦ
903 4684 1034 4737 Υίοῦ
1065 4685 1126 4736 τὸ
1146 4680 1286 4736 εἶναι
1327 4684 1461 4753 ἔχει,
1495 4683 1590 4735 καὶ
1627 4683 1758 4749 παρ’
1790 4683 1886 4734 αὖ·

307 4779 406 4832 τοῦ
440 4778 824 4847 ἐκπορεύεται,
865 4775 926 4828 τδ
956 4773 1124 4828 αὐτοῦ
1155 4775 1328 4828 αἴτιον
1363 4775 1529 4827 ἐννοῶ
1554 4789 1568 4802 ·
1627 4777 1673 4826 εί
1702 4774 1758 4825 δὲ
1791 4774 1888 4826 ἄλ-

307 4871 373 4924 λο
415 4872 530 4923 ἐστὶ
559 4871 618 4922 τδ
647 4865 786 4921 εἶναι
818 4867 963 4936 ἔχειν
993 4868 1126 4938 παρ’
1160 4867 1349 4925 αὑτοῦ,
1389 4867 1517 4921 ἄλλο
1545 4866 1600 4918 δὲ
1653 4866 1710 4918 τὸ
1732 4860 1886 4916 ἐίναι

311 4964 512 5026 αἴτιον,
555 4963 729 5027 δεῖξον
765 4967 828 5017 ob
874 4965 1054 5022 τοῦτο,
1081 4962 1176 5014 καὶ
1206 4963 1367 5030 ἡμεῖς
1394 4961 1695 5028 σιγήσομεν
1725 4973 1742 4988 ο
1775 4957 1889 5008 ἀλλ’

313 5057 376 5107 οὐ
399 5055 604 5127 δυνήσῃ
636 5054 793 5108 τοῦτο
831 5055 1003 5120 δεῖξαί
1038 5072 1192 5118 ποτε,
1228 5053 1366 5106 ἀλλὰ
1398 5056 1577 5122 μάτην
1629 5049 1893 5120 πτερυγί-

318 5149 351 5213 ζ
354 5166 436 5211 εις
481 5149 653 5201 πολλὰ
685 5149 933 5219 κάμνων.

1012 5346 1203 5398 ΕΦΕΣ.

397 5458 620 5525 Τούτοις
658 5461 713 5513 δὲ
743 5460 837 5514 καὶ
872 5461 898 5512 6
924 5460 1276 5528 πατριάρχης
1311 5457 1713 5526 ἐπεψηφίσατο,
1766 5474 1901 5526 προ-

327 5552 721 5622 διεφθαρμένος
751 5554 854 5622 ἤδη
884 5552 979 5604 καὶ
1002 5550 1162 5612 αὐτὸς
1185 5551 1213 5601 6
1241 5547 1431 5614 τάλας,
1465 5549 1558 5601 καὶ
1581 5548 1697 5616 ἅμα
1729 5548 1899 5615 διψῶν

402 5730 478 5802 (l)
520 5731 647 5786 Orat
697 5733 747 5785 in
780 5732 1005 5787 Natiril.
1046 5731 1273 5786 Domini.

1989 4492 2098 4542 est.
2136 4483 2224 4536 ubi
2279 4480 2697 4535 occidentalium
2748 4479 3032 4532 doctorum
3068 4472 3368 4528 sententias
3397 4485 3564 4539 expu-

1994 4575 2227 4628 suimus.
2269 4571 2468 4625 Nescio
2504 4585 2690 4640 porro,
2723 4585 2790 4622 an
2831 4583 2992 4637 penes
3047 4573 3100 4618 te
3154 4563 3406 4627 differat,
3446 4578 3567 4616 esse

1997 4681 2225 4721 causam
2267 4665 2528 4732 Spiritus,
2565 4663 2718 4717 etab
2751 4676 2816 4715 co
2878 4659 3194 4729 procedere.
3241 4658 3354 4726 Ego
3415 4667 3566 4709 certe

1997 4774 2121 4812 cum
2156 4757 2316 4811 audio
2353 4758 2660 4810 locutiones
2704 4756 2848 4814 illas,
2900 4753 3068 4806 llahet
3111 4765 3233 4804 esse
3266 4766 3296 4803 a
3333 4747 3488 4804 Filio.
3517 4757 3566 4797 et

1996 4852 2064 4903 ab
2101 4866 2166 4904 eo
2207 4850 2490 4919 procedit;
2543 4864 2760 4902 causam
2800 4848 2974 4917 ipsius
3020 4844 3280 4913 intelligo.
3331 4841 3387 4893 Si
3440 4856 3571 4892 vero

1996 4941 2142 4995 aliud
2189 4951 2294 5005 est,
2329 4941 2398 4994 ab
2436 4940 2527 4994 illo
2560 4940 2843 5002 exsistere,
2894 4950 2946 4990 et
2987 4937 3132 4990 aliud
3177 4949 3396 4988 causam
3429 4946 3570 4989 esse,

1999 5036 2168 5106 proha
2203 5042 2258 5086 tu
2310 5034 2436 5097 hoe,
2470 5043 2522 5086 et
2562 5049 2660 5086 nos
2695 5033 2993 5086 lact-bimus
3040 5045 3055 5084 :
3107 5037 3162 5079 at
3193 5039 3472 5093 nunquam
3519 5024 3570 5075 id

2001 5129 2206 5197 poteris
2237 5127 2548 5190 ostendere,
2574 5127 2668 5180 sed
2699 5124 2915 5179 conaris
2936 5131 3144 5199 tantum
3173 5115 3374 5169 frustra
3394 5114 3574 5166 volare

2002 5224 2230 5275 multum
2277 5221 2550 5273 laborans.

2673 5328 2917 5385 EPIIES.

2076 5454 2319 5522 Quorum
2383 5451 2709 5507 sententiam
2773 5447 2888 5516 ipse
2961 5455 3177 5514 quoque
3261 5434 3576 5506 patriarcha

2012 5558 2233 5603 secutus
2265 5557 2368 5610 est,
2402 5545 2546 5615 quod
2600 5550 2745 5598 esset
2775 5536 3100 5610 jampridem
3138 5542 3191 5588 et
3244 5533 3358 5602 ipse
3414 5527 3582 5582 miser
