4022 6196
641 145 683 161 μ

591 311 729 379 1091

1573 314 2236 378 JOSEPHI-METHON
2250 316 2339 374 EN
2349 314 2465 374 SlS
2505 313 2850 374 EPISCO‘PI

3643 313 3744 379 1θῖὶὲ

593 443 714 485 rum
743 425 878 481 illud
910 441 1074 481 unum
1107 423 1309 480 inditur
1331 439 1558 493 nomen,
1593 439 1652 484 ut
1682 431 2022 498 appellentur
2052 432 2162 485 bae-

2263 430 2502 496 ταύτην
2537 428 2588 479 οἱ
2618 427 2676 479 δὲ
2729 427 2838 477 τῶν
2891 425 3291 493 οίκουμενικῶν
3350 427 3560 480 συνόδων
3607 430 3744 498 ἐχθραὶ

595 522 773 576 retici.
813 520 921 573 Nos
973 534 1100 572 vero
1148 534 1213 574 ne
1243 519 1531 573 incurabili
1567 520 1668 575 ltoc
1703 523 1894 576 morbo
1948 524 2162 578 labore-

598 627 738 673 mus,
796 624 859 664 ac
904 623 1000 676 per
1042 610 1217 677 ipsum
1275 610 1459 666 hostes
1526 611 1782 666 Ecclesiae
1846 612 2045 666 Christi
2107 622 2190 666 ct.

595 703 829 758 bzerctici
856 703 1150 756 evadamus
1171 743 1187 768 ,
1219 715 1583 760 sacrosanctae
1621 706 1748 760 huic
1777 709 1984 777 synodo
2027 723 2158 760 nos-

595 793 852 861 metipsos
881 793 1228 860 subjiciat-us,
1269 804 1322 849 et
1343 798 1737 863 amplectimur
1767 798 2056 852 unitatem.
2089 797 2160 850 Et

592 894 646 935 ιιι
677 883 897 951 quidem
952 900 1074 938 cum
1115 883 1277 939 latuis
1312 887 1739 954 cogitationibus
1795 903 2041 951 vacares,
2101 899 2159 944 et

593 973 810 1028 inanem
861 977 1224 1045 aucupareris
1273 978 1581 1045 gloriolam,
1634 995 1933 1046 auramque
1983 995 2159 1049 popu-

596 1063 786 1126 larem,
820 1065 1018 1132 quibus
1074 1067 1294 1121 assidue
1349 1067 1631 1138 effuseque
1681 1069 2064 1134 oblectabaris,
2100 1071 2156 1124 in

593 1168 1000 1211 sacrosanctam
1087 1161 1354 1230 synodum
1439 1161 1755 1229 blaspltema
1835 1161 2157 1220 eii‘undebas

598 1248 761 1303 verba
797 1266 811 1303 2
843 1265 947 1304 nos
985 1262 1166 1304 autem
1209 1259 1331 1306 cu‘m
1371 1264 1683 1307 sanctorum
1732 1253 1894 1309 ἀίοιὶε
1933 1271 2162 1309 vacave-

599 1341 798 1404 rimus,
822 1359 942 1398 eam
974 1345 1330 1409 ltonoramus,
1363 1361 1575 1412 proque
1611 1347 1724 1413 ipsa
1757 1347 2005 1416 quotidie
2036 1363 2158 1415 pro-

600 1451 926 1504 pugnamus.
960 1438 1032 1493 Ut
1069 1453 1194 1491 vero
1226 1439 1511 1508 impudens
1559 1450 1708 1494 tuum
1740 1456 1823 1504 os,
1861 1442 2003 1510 quod
2041 1443 2159 1509 fini-

598 1528 860 1594 quitatem
893 1538 946 1582 et
985 1530 1380 1599 blasphemiam
1414 1534 1468 1585 in
1521 1532 1740 1586 excelso
1769 1533 2010 1586 locutum
2051 1542 2156 1597 est,

597 1627 842 1686 tempore
890 1637 1088 1676 amarae
1131 1631 1236 1677 tua!
1270 1639 1334 1677 ex
1367 1623 1467 1678 hac
1499 1623 1604 1678 vita
1663 1625 2005 1691 migrationis
2050 1639 2155 1692 op-

593 1711 794 1780 pletum
829 1715 900 1766 sit
928 1713 1202 1779 sordibus,
1235 1725 1436 1768 norunt
1468 1717 1559 1784 qui
1602 1731 1788 1769 verum
1828 1717 1984 1770 fateri
2018 1715 2159 1771 didi-

2263 521 2364 574 oth
2411 519 2539 572 ἄλλο
2587 519 2964 586 λαμϐάνουσιν
3014 517 3265 587 δνομα,ἦ
3311 520 3558 586 αἱρετικοὶ
3601 521 3744 588 dmpsi-

2263 612 2473 674 ζονται.
2519 612 2713 677 Ἡμεῖς
2747 610 2801 662 δὲ
2832 611 2917 662 ἴνα
2957 609 3030 678 μὴ
3057 611 3155 674 τὴν
3187 611 3395 662 ἀνίατον
3425 611 3604 679 ταύτην
3629 615 3746 682 vocit-

2265 721 2470 772 σωμεν,
2500 705 2596 755 καὶ
2633 701 2900 770 αἱρετικοὶ
2953 702 3048 754 καὶ
3094 701 3278 771 ἐχθροὶ
3307 702 3388 754 διὰ
3418 704 3597 771 ταῦτης
3622 706 3746 770 γενῶ-

2265 792 2404 860 μεθα
2425 792 2525 858 ’τῆς
2548 791 2640 843 τοῦ
2659 789 2895 858 Χριστοῦ
2935 790 3290 858 Ἐκκλησίας.
3309 793 3372 858 τῇ
3391 791 3503 860 ἱερᾷ
3521 793 3666 860 ταύτῃ
3683 795 3748 844 καὶ

2266 883 2397 955 ἁγίᾳ
2447 884 2651 952 συνόδῳ
2682 881 3127 951 ὑποτασσόμεθα,
3175 881 3272 934 καὶ
3305 883 3359 934 ὲν
3409 881 3580 934 ἑνὼσει
3607 883 3748 950 ἐσμέν.

2265 978 2374 1030 Καὶ¹
2406 977 2471 1029 σὺ
2501 976 2600 1045 μὲν
2631 975 2900 1045 σχολάσας
2932 974 3184 1044 μωρίαις,
3217 973 3313 1026 καὶ
3340 971 3660 1038 δοξοφανίαις.
3685 974 3751 1025 tui

2260 1070 2452 1133 τιμαῖς
2481 1067 2594 1120 τῶν
2625 1066 2823 1119 κοινῶν
2872 1065 3200 1134 ἀνθρώπων.
3247 1065 3341 1117 καὶ
3369 1066 3578 1126 ταύταις
3607 1067 3750 1132 ἐντρυ-

2262 1161 2380 1229 φῶν
2408 1159 2527 1212 καθ’
2563 1159 2825 1229 ἑκάστην,
2859 1156 3221 1227 βλασφήμους
3251 1156 3565 1225 ἀπέρῤιπτες
3610 1155 3752 1220 λόγους

2263 1251 2406 1305 κατὰ
2435 1252 2540 1320 τῆς
2567 1251 2722 1319 ἱερᾶς
2776 1253 2872 1302 καὶ
2918 1249 3081 1315 ἁγίας
3116 1248 3365 1300 συνόδουο
3395 1247 3543 1314 ἡμεῖς
3573 1245 3621 1298 δὲ
3661 1263 3752 1313 σχι-

2263 1345 2532 1407 λάσαντες
2571 1345 2684 1404 τοῖς
2717 1343 2826 1395 τῶν
2871 1342 3043 1409 ἁγίων
3092 1343 3274 1411 ῥητοῖς
3329 1340 3562 1409 τιμῶμεν
3603 1340 3750 1406 αὐτὴν,

2219 1465 2221 1467 ι
2262 1435 2556 1506 καὶιαὺτῇς
2579 1433 3035 1503 ὑπερασπίζομεν
3062 1433 3183 1488 καθ’
3217 1431 3471 1500 ἑκάστην.
3497 1432 3662 1491 Ὅπως
3688 1425 3753 1483 οὖν

2262 1527 2445 1580 καὶτὸ
2483 1527 2702 1590 ἀναιδές
2749 1543 2843 1578 σου
2878 1526 3078 1595 στόμα,
3131 1527 3192 1578 τὸ
3219 1525 3453 1587 λαλῆσαν
3489 1524 3670 1576 ἀδικίαν
3698 1522 3753 1583 εἰς

2260 1617 2322 1671 τὸ
2354 1617 2489 1686 ὕψος
2529 1619 2623 1670 καὶ
2680 1616 3057 1685 βλασφημίαν,
3107 1615 3396 1685 ἐπληρώθη
3446 1614 3671 1682 αἰσχύνης
3715 1614 3754 1664 ὲν

2261 1709 2339 1779 τῷ
2379 1708 2558 1777 καιρῷ
2613 1709 2712 1776 τῆς
2771 1708 2869 1775 σῆς
2911 1709 3114 1777 πικρᾶς
3169 1707 3495 1771 ἀναλύσεως,
3533 1705 3681 1758 ἴσασιν
3720 1705 3754 1757 ιι

597 1811 808 1855 cerunt.
845 1801 908 1854 Et
932 1813 985 1856 ttt
1013 1786 1258 1874 quidem,
1289 1813 1345 1857 ttt
1371 1806 1474 1868 ais,
1507 1807 1712 1860 sanctis
1753 1807 1862 1859 tuis
1899 1807 2159 1860 Patribtts

2267 1802 2472 1872 τάληθῆ
2504 1801 2684 1868 λέγειν
2726 1799 3128 1869 μεμαθηκότες.
3155 1799 3267 1852 Καὶ
3299 1801 3362 1852 σὺ
3394 1797 3487 1866 μὲν
3513 1797 3755 1866 συνῆφθης.

597 1903 661 1941 ac
687 1889 1004 1945 doctm-ibus
1029 1901 1077 1944 te
1102 1893 1419 1960 adiunxisti,
1455 1893 1651 1947 Pbotio
1681 1889 2158 1949 schismaticorum

597 1981 851 2049 principi,
888 1983 998 2034 imo
1039 1998 1170 2036 vero
1197 1985 1406 2037 auctori
1445 1993 1500 2038 et
1536 1985 1714 2052 Opifici
1772 1985 2081 2039 scirismatis
2109 1995 2165 2040 et

595 2074 831 2137 dissidii,
880 2073 1165 2138 Cabasiire,
1225 2075 1480 2137 Palamaa,
1531 2076 1848 2143 Camatero,
1897 2076 2160 2143 Pburnio,

597 2163 797 2227 Psello,
851 2164 1276 2234 Moscltampari,
1331 2167 1614 2236 Bulgaria,
1668 2166 1890 2223 Nicolao
1959 2169 2164 2223 Metho-

601 2257 780 2318 nensi,
830 2254 1120 2320 Panareto,
1155 2267 1205 2312 et
1236 2258 1472 2320 caeteris,
1517 2259 1610 2327 qui
1661 2271 1782 2328 post
1822 2260 2062 2314 schisma
2110 2269 2165 2314 et

598 2347 820 2399 multam
881 2349 1292 2403 contentionem
1329 2351 1384 2403 in
1433 2351 1734 2404 Romanam
1794 2351 1992 2406 invecti
2037 2360 2165 2405 sunt

595 2435 919 2501 Ecclesiatn,
961 2449 1014 2491 et
1051 2437 1310 2508 Spiritum
1360 2455 1425 2494 ex
1477 2441 1595 2494 solo
1632 2440 1790 2495 Patre
1849 2441 2165 2509 ignorantiae

594 2541 658 2580 ac
713 2527 1062 2596 impudentiae
1115 2531 1274 2600 nugis
1321 2515 1709 2593 affirmarent,
1763 2533 1952 2586 eadem
2009 2535 2166 2602 plane

593 2620 923 2682 sentientes,
964 2637 1085 2690 qua:
1123 2622 1399 2691 desipiens
1454 2623 1763 2690 Nestorius,
1806 2642 1930 2682 nam
1971 2635 2024 2680 et
2074 2628 2164 2682 ille

595 2709 694 2763 soli
724 2707 871 2764 Patri
905 2712 1320 2779 productionem
1345 2713 1582 2782 Spiritus
1611 2717 1902 2770 tribuebat.
1931 2717 2007 2770 ita
2033 2731 2163 2772 vero

595 2800 878 2868 seiunctus
917 2818 975 2856 es
1006 2805 1183 2871 primo
1221 2806 1436 2872 quidem
1470 2807 1538 2860 ab
1584 2810 1839 2862 omnibus
1870 2810 2074 2862 sanctis
2103 2824 2166 2863 ac

597 2890 805 2947 divinis
829 2891 1100 2959 Pati-ibus,
1137 2894 1227 2962 qui
1260 2896 1313 2948 in
1351 2898 1698 2963 generalibus
1733 2899 2004 2953 emicuere
2031 2915 2163 2953 con—

594 2981 770 3046 ciliis,
833 2983 1028 3037 deinde
1079 2987 1148 3039 ab
1193 2987 1450 3040 omnibus
1490 2987 1582 3055 qni
1638 3003 1793 3042 sacra
1841 2990 2164 3055 scriptorum

597 3084 950 3144 monumenta
983 3075 1359 3144 relinquentes
1387 3078 1671 3146 perspicue
1691 3079 2015 3143 docuerunt,
2046 3081 2166 3150 Spi-

595 3165 761 3219 ritum
790 3174 1044 3222 sanctum
1076 3183 1142 3222 ex
1170 3167 1329 3222 Patre
1353 3179 1408 3224 et
1437 3169 1572 3225 Filio
1599 3173 1896 3239 procedere
1925 3189 1940 3238 ;
1983 3187 2047 3228 ac
2068 3184 2166 3241 per

595 3254 813 3319 Filium,
838 3265 893 3312 et
911 3273 977 3311 ex
999 3256 1157 3324 Filio,
1182 3261 1317 3315 etab
1336 3269 1587 3330 utroque,
1615 3270 1669 3316 et
1694 3262 1922 3332 reliqua,
1947 3264 2076 3317 dum
2101 3264 2167 3317 de

597 3348 758 3404 rebus
780 3348 979 3406 divinis
999 3361 1242 3422 agerent,
1266 3354 1548 3409 manifeste
1565 3354 1946 3409 tradiderunt:
1974 3354 2011 3409 ii
2035 3369 2166 3409 vero

595 3451 742 3505 sunt,
779 3443 1038 3505 Hilarius.
1099 3445 1454 3507 Athanasius.
1487 3446 1860 3515 Augustinus,
1907 3447 2164 3514 Basilius,

597 3531 1330 3601 Hieronyntus,Ambrosius,
1351 3537 1647 3602 Gregorius
1669 3537 1940 3606 Dialogus,
1957 3538 2164 3607 Grego-

599 3622 717 3676 rius
733 3621 1058 3692 Theologns.
1085 3640 1312 3693 magnus
1329 3625 1776 3694 Cltrysostomus,
1798 3625 2162 3695 Epiphanius,

601 3710 710 3766 Leo
737 3711 990 3780 Magnus,
1033 3713 1321 3781 Maximus,
1357 3715 1699 3776 Anastasius,
1750 3715 2026 3780 Tarasius,
2061 3717 2165 3770 Da-

601 3821 913 3871 ntasceuus,
953 3815 1006 3861 et
1054 3806 1167 3860 alii.
1217 3806 1325 3860 Nos
1375 3817 1557 3860 autem
1615 3807 1682 3860 ab
1729 3809 1818 3872 iis,
1853 3809 2054 3877 quibus
2105 3820 2160 3865 tu

599 3895 898 3958 adhaesisti,
935 3896 1162 3951 omnino
1191 3897 1554 3967 sejungimur,
1579 3912 1679 3952 nec
1713 3898 1876 3952 ullam
1907 3913 2029 3954 esse
2063 3915 2161 3953 vo-

600 3986 782 4042 lumus
815 3985 960 4039 inter
991 4000 1092 4041 nos
1137 3997 1192 4040 et
1237 3987 1362 4043 tllos
1401 3988 1848 4043 communionem
1880 4003 2056 4044 :‘cum
2097 3990 2164 4045 iis

599 4091 731 4130 vero
763 4087 1078 4133 reverenter
1106 4079 1518 4149 conjungitnur.
1553 4095 1583 4135 a
1626 4077 1828 4151 quibus
1863 4082 1978 4152 ipse
2001 4091 2166 4138 temet

599 4168 933 4239 disjunxisti.
958 4169 1023 4225 Et
1046 4180 1104 4224 tu
1125 4173 1344 4241 quidem
1371 4173 1426 4227 in
1445 4175 1685 4230 secundo
1703 4173 1904 4231 Christi
1929 4175 2162 4230 adventu

607 4261 753 4315 inter
791 4262 914 4317 illos
943 4265 1272 4328 numereris,
1309 4265 1399 4334 qui
1457 4267 1720 4334 Spiritum
1750 4283 1814 4322 ex
1853 4268 1971 4323 solo
2005 4267 2161 4322 Patre

599 4353 860 4408 dixerunt
887 4372 900 4408 :
936 4355 1093 4410 nobis
1125 4371 1254 4411 vero
1284 4358 1567 4428 contingat
1606 4359 1727 4427 ejus
1770 4367 1899 4414 tunc
1929 4376 2049 4416 esse
2076 4353 2165 4414 or?

2263 1894 2340 1957 ὡς
2369 1895 2497 1966 φῂς,
2530 1896 2643 1956 τοῖς
2695 1893 2874 1960 ἁγίοις
2915 1909 3009 1944 σου
3050 1893 3302 1957 Πατράσι
3334 1891 3425 1944 καὶ
3463 1889 3756 1948 διδασκάλοις.

2265 1985 2455 2054 Φωτίῳ
2487 1985 2566 2054 τῷ
2600 1986 2803 2053 πρώτῳ
2826 1983 3196 2052 σχισματικῷ,
3237 1984 3434 2052 μᾶλλον
3457 1982 3510 2036 δὲ
3536 1978 3758 2048 αὐτουργῷ

2265 2079 2361 2131 καὶ
2396 2077 2716 2145 δημιουργῷ
2749 2075 2844 2127 τοῦ
2892 2075 3196 2142 σχίσματος
3227 2075 3322 2126 καὶ
3359 2074 3454 2141 τῆς
3481 2072 3757 2140 διαιρέσεως,

2266 2167 2577 2238 Καεασιλᾷ,
2614 2167 2870 2236 Παλαμᾷ,
2914 2164 3262 2234 Καματηρῷ.
3325 2165 3544 2233 Φουρνῇ,
3593 2158 3756 2227 Ψελλῷ.

2265 2261 2666 2328 Μοσχάμπαρι,
2690 2257 3024 2326 Βουλγαρίᾳ,
3061 2254 3316 2325 Νικολάῳ
3343 2253 3603 2322 Μεθώνης,
3625 2254 3758 2304 Πανα-

2271 2351 2431 2418 ρὲτῳ,
2475 2351 2700 2410 καὶτοῖς
2729 2349 2959 2408 λοιποῖς,
2992 2350 3102 2410 τοῖς
3138 2347 3282 2414 μετὰ
3308 2346 3368 2398 τὸ
3395 2345 3583 2415 σχίσμα
3603 2341 3761 2408 καὶτὴν

2271 2441 2475 2511 πολλὴν
2507 2440 2624 2510 ἔριν
2648 2439 2787 2492 κατὰ
2815 2441 2910 2508 τῆς
2925 2437 3251 2506 Ῥωμαῖκῆς
3287 2435 3592 2505 Ἐκκλησίας
3621 2432 3761 2485 simi-

2269 2549 2346 2591 σι,
2379 2533 2473 2584 καὶ
2515 2533 2578 2583 ὲκ
2614 2530 2774 2600 μόνου
2805 2529 2898 2582 τοῦ
2929 2528 3144 2596 Πατρὸς
3189 2529 3252 2581 τὸ
3282 2526 3495 2595 Πνεῦμα
3519 2524 3704 2595 ἀμαθῶς
3719 2539 3759 2573 τε

2268 2622 2364 2676 καὶ
2396 2621 2631 2683 ἀναιδῶς
2664 2619 3039 2689 φλυαρήσασι,
3065 2617 3349 2687 Νεστορίῳ
3373 2616 3448 2686 τῷ
3471 2611 3761 2686 φρενοϐλαόεῖ

2268 2712 2412 2766 κατὰ
2437 2713 2616 2766 πάντα
2641 2709 2983 2778 ὁμονοοῦσιν,
3016 2710 3229 2762 εἰπόντι
3276 2709 3503 2777 κάκείνῳ
3543 2709 3598 2760 ὲκ
3642 2705 3759 2771 μόνον

2267 2803 2366 2857 τοῦ
2398 2804 2615 2872 Πατρός
2635 2817 2648 2831 °
2687 2800 2979 2872 χωρισθεὶς
3017 2801 3239 2871 πρῶτον
3295 2802 3504 2854 πάντων
3528 2800 3619 2851 τῶν
3643 2796 3760 2848 θείων

2269 2893 2362 2948 καὶ
2387 2894 2557 2960 ἁγίων
2595 2893 2855 2962 Πατέρων
2881 2890 2993 2944 τῶν
3024 2893 3078 2944 ἐν
3110 2894 3236 2954 ταῖς
3282 2890 3653 2962 οἰκουμενικαίς
3683 2886 3763 2939 διον

2270 2985 2596 3053 πρεψάντων
2624 2984 2890 3048 συνόδοις,
2914 2966 3033 3035 εἶτα
3052 2983 3276 3036 πάντων
3302 2984 3405 3035 τῶν
3427 2981 3762 3052 συγγράμματι

2275 3076 2393 3130 θεῖα
2423 3075 2857 3141 καταλιπόντων,
2897 3074 2962 3128 δι’
3008 3069 3084 3129 ὧν
3137 3075 3203 3128 ἐκ
3235 3075 3330 3128 τοῦ
3363 3073 3559 3142 Πατρός
3597 3064 3761 3125 καὶτοῦ

2277 3167 2408 3221 Υίοῦ
2442 3172 2500 3220 τὸ
2523 3167 2680 3235 ἅγιον
2718 3167 3119 3237 ἐκπορεύεσθαι
3152 3168 3381 3238 Πνεῦμα
3409 3163 3669 3237 διαρρήδην
3696 3161 3762 3226 ἔμ’

2269 3260 2523 3328 φαίνεται
2555 3276 2568 3288 ·
2601 3259 2698 3312 καὶ
2720 3259 2790 3312 δι’
2817 3259 2975 3322 Υἱοῦ,
3010 3260 3104 3312 καὶ
3159 3259 3224 3324 ἐξ
3249 3258 3404 3324 Υίοῦ,
3429 3258 3518 3312 καὶ
3555 3256 3606 3320 ἐξ
3633 3256 3764 3322 ἀμφο-

2268 3351 2466 3420 τέρων,
2504 3351 2601 3403 καὶ
2633 3351 2701 3403 τὰ
2729 3349 2894 3404 λοιπὰ
2936 3349 3336 3418 θεολογούντων
3372 3347 3677 3416 ἀναφανδόν·
3705 3341 3760 3395 οἷ-

2267 3442 2413 3504 τινές
2437 3442 2594 3503 εἰσιν,
2638 3441 2914 3510 ’1λάριος,-
2935 3442 3280 3509 Ἀθανάσιος,
3302 3427 3652 3509 Αὖγουστῐνος,
3690 3432 3762 3486 Βα-

2269 3529 2487 3596 σίλειος,
2512 3529 2885 3601 Γιερὼνυμος,
2936 3531 3294 3602 Ἃμϐρόσιος,
3325 3533 3605 3601 Γρηγόριος
3632 3529 3655 3579 ό
3680 3522 3764 3576 Διά-

2267 3623 2448 3689 λογος,
2473 3622 2779 3692 Γρηγόριος
2809 3623 2837 3674 ό
2854 3621 3136 3689 Θεολόγος,
3166 3626 3195 3676 ὁ
3229 3623 3400 3694 μέγας
3423 3621 3762 3692 Χρυσόστομοςν

2279 3710 2622 3779 Ἐπιφάνιος,
2679 3711 2968 3780 Κύριλλος,
3027 3713 3182 3767 Λέων
3232 3716 3262 3768 ὁ
3323 3713 3512 3783 μέγας,
3553 3708 3763 3773 Μάξιμος.

2270 3803 2647 3867 Ἀναστάσιος,
2700 3805 3003 3872 Ταράσιος,
3060 3803 3569 3883 Δαμασκηνὸς,.καὶ
3615 3801 3763 3866 ἕτεροι.

2280 3893 2472 3963 Ἡμεῖς
2499 3894 2577 3959 δὲ,
2608 3887 2683 3947 ὧν
2721 3896 2819 3961 μὲν
2848 3895 2912 3946 σὺ
2965 3894 3272 3965 συνήφθης,
3340 3891 3601 3950 παντελῶς
3644 3901 3766 3956 χωρι-

2268 3986 2498 4054 ζόμεθα,
2540 3987 2633 4040 καὶ
2663 3986 2922 4052 οὐδεμίαν
2948 3989 3240 4039 κοινωνίαν
3269 3985 3562 4056 βουλόμεθα
3601 3981 3630 4051 ἦ
3656 3976 3764 4030 θέλο-

2272 4095 2370 4146 μεν
2401 4077 2522 4146 μετ²
2554 4078 2620 4129 αὑ
2635 4077 2734 4130 τῶν
2789 4077 2934 4146 ἔχειν
2954 4093 2968 4108 ο
3005 4071 3081 4129 ὧν
3106 4076 3163 4129 δὲ
3212 4079 3278 4130 σὺ
3309 4074 3620 4147 ἐχωρίσθης,
3651 4065 3767 4136 ἡμεῖς

2270 4168 2514 4230 εὐλαϐῶς
2548 4167 2932 4234 συναπτόμεθα
2969 4183 2984 4198 ο
3028 4167 3123 4219 καὶ
3180 4168 3248 4219 σὺ
3285 4169 3384 4236 μὲν
3425 4163 3554 4236 μετά
3594 4159 3684 4214 τῶν
3727 4158 3769 4205 ἐκ

2275 4264 2435 4332 μόνου
2470 4239 2566 4313 τοῦ
2600 4261 2812 4329 Πατρδς
2868 4260 3134 4312 εἰπόντων
3178 4259 3244 4311 τὸ
3283 4258 3504 4328 Πνεῦμα
3532 4258 3584 4308 ἐν
3613 4254 3665 4320 τῇ
3690 4249 3772 4300 δευ-

2269 4352 2402 4423 τέρᾳ
2429 4351 2525 4404 τοῦ
2585 4351 2824 4418 Χριστοῦ
2873 4350 3148 4421 παρουσίᾳ
3207 4351 3491 4420 εὑρεθείης
3540 4351 3772 4403 συντεταγ-

599 4445 767 4511 (linis,
810 4447 864 4501 in
911 4463 1020 4516 quo
1049 4456 1179 4504 sunt
1207 4450 1301 4519 qui
1333 4450 1516 4504 divina
1556 4460 1857 4506 tractantes
1897 4450 2161 4520 Spiritum

2275 4446 2456 4514 μένος,
2501 4445 2664 4513 ἡμεῖς
2693 4444 2750 4497 δὲ
2791 4443 2930 4513 μετὰ
2959 4443 3069 4497 τῶν
3119 4444 3559 4512 θεολογησὰντων
3598 4433 3704 4489 αὐτὸ
3730 4433 3772 4481 ἐκ

599 4553 664 4591 ex
693 4537 852 4592 Patre
881 4539 1120 4595 fatentur
1150 4550 1204 4594 et
1259 4540 1416 4596 Filio.
1450 4542 1517 4596 Et
1543 4553 1596 4596 tu
1625 4542 1845 4613 quidem
1879 4543 1969 4597 bic
2001 4559 2160 4614 syno-

599 4627 670 4680 do
697 4636 750 4682 et
771 4627 1025 4683 Romamn
1054 4628 1307 4684 Ecclesiae
1329 4645 1450 4685 cunt
1474 4633 1548 4686 sis
1569 4632 1844 4696 inimicus,
1869 4631 1943 4687 ibi
1965 4633 2165 4702 pariter

2266 4534 2361 4588 τοῦ
2396 4535 2606 4603 Πατρδς
2641 4534 2854 4588 καὶτοῦ
2916 4534 3044 4586 Υἱοῦ
3091 4534 3496 4602 ἐκπορεύεσθαι
3546 4522 3770 4598 εὑρεθείη·

2267 4643 2368 4695 μεν
2400 4625 2765 4696 συνημμένοι.
2802 4627 2911 4679 Καὶ
2940 4625 3004 4678 σὺ
3035 4625 3135 4692 μὲν
3163 4619 3268 4678 ὦδε
3303 4625 3497 4695 ἐχθρὸς
3530 4622 3617 4689 τῆς
3651 4612 3770 4667 συνό-

599 4717 889 4772 habeberis
914 4720 1036 4788 ejus
1059 4719 1314 4776 inimicus
1342 4741 1354 4776 :
1380 4737 1478 4775 nos
1502 4738 1628 4778 vero
1652 4739 1777 4778 cum
1811 4724 1900 4778 bic
1925 4723 2084 4776 atnit-i
2111 4735 2162 4778 et

2262 4719 2354 4772 δου
2390 4719 2483 4770 καὶ
2511 4719 2609 4786 τῆς
2653 4718 2968 4787 Ῥωμαῖκῆς
3006 4718 3336 4786 Ἐκκλησίας
3368 4716 3630 4786 ὑπάρχων,
3658 4709 3772 4760 κάκεῖ

598 4807 959 4875 obsequentes
994 4809 1272 4865 catholica:
1312 4812 1510 4868 Clll'iali
1560 4813 1815 4869 Ecclesiae
1845 4826 1897 4869 et
1926 4816 2162 4883 generali

601 4898 832 4952 concilio
855 4900 1052 4963 simus,
1086 4917 1393 4968 pret-amur,
1427 4913 1486 4958 ut
1531 4905 1599 4958 ibi
1625 4906 1789 4959 etiam
1823 4906 1957 4960 tales
2013 4921 2164 4974 repe-

600 4989 830 5043 riamur.
861 4989 1010 5045 Hanc
1039 5007 1202 5062 porro
1225 5003 1371 5048 tuam
1397 4998 1757 5059 sententiam,
1787 5011 1950 5065 quam
1981 5007 2162 5049 notam

598 5083 854 5138 omnibus
895 5083 1050 5148 facis,
1094 5100 1192 5138 nos
1226 5085 1334 5138 Deo
1366 5085 1579 5140 favente
1603 5087 1712 5156 jam
1742 5086 2163 5150 COIIftllaViltltts,

600 5174 798 5242 partim
829 5191 950 5246 quae
977 5175 1029 5230 in
1055 5191 1116 5231 ea
1149 5184 1312 5242 sunt,
1337 5177 1575 5231 absurda
1605 5178 2011 5246 redarguentes,
2039 5192 2163 5242 par-

599 5268 696 5320 tim
727 5282 790 5322 ea
814 5283 934 5337 quae
959 5267 1115 5329 dicis.
1140 5268 1269 5324 falsa
1294 5269 1585 5338 probantes
1610 5272 1891 5323 ductorum
1913 5267 2166 5322 Ecclesia:

601 5360 969 5418 testimoniis:
1008 5371 1066 5416 ut
1093 5363 1264 5418 cuivis
1292 5363 1452 5417 liccat
1486 5363 1835 5432 perpendere,
1869 5377 2066 5415 verane
2095 5377 2160 5414 au

602 5450 737 5506 falsa
759 5451 941 5516 dicas,
969 5464 1137 5522 utque
1171 5454 1262 5508 iiat
1292 5456 1549 5510 omnibus
1573 5456 1872 5522 cognitum,
1900 5464 1950 5508 te
1974 5455 2163 5508 docto-

604 5559 721 5597 rum
755 5553 996 5604 tuorum.
1029 5561 1166 5613 quos
1191 5545 1447 5607 diximus,
1476 5559 1727 5615 perversa
1782 5545 2033 5613 dogmata
2079 5561 2164 5600 se-

605 5645 854 5701 quentem
887 5636 1127 5692 noluisse
1155 5638 1398 5706 recipere
1414 5637 1800 5701 orthodoxam,
1823 5639 2165 5707 irrepreltcn-

607 5723 843 5793 sibilent,
869 5742 1073 5792 verant,
1106 5729 1461 5797 inturbidaut,
1505 5740 1558 5785 et
1592 5741 1834 5787 sanctam
1867 5730 2158 5798 unitatem;

2265 4811 2540 4880 “Mean
2593 4810 2788 4878 ἐχθρὸς
2840 4811 3049 4878 αὐτῆς·
3086 4811 3250 4878 ἡμεῖς
3301 4810 3358 4862 δὲ
3420 4803 3517 4862 ὧδε
3549 4806 3671 4873 φίλοι
3702 4796 3771 4848 καὶ

2266 4905 2616 4957 ὑποτακτικτὴ
2639 4903 2736 4970 τῆς
2767 4902 3059 4971 καθολικῆς
3087 4902 3180 4954 τοῦ
3227 4900 3469 4968 Χριστοῦ
3501 4893 3772 4960 Ἐκκλησίδς

2265 4997 2362 5047 καὶ
2394 4997 2491 5062 τῆς
2519 4995 2907 5064 οἱκουμενικῆς
2931 4995 3082 5055 ὄντες
3101 4993 3347 5058 συνόδου,
3376 4993 3536 5045 κάκεῖ
3557 4979 3775 5053 εὐχόμεθα

2267 5090 2333 5140 ἵν’
2361 5087 2675 5156 εὑρεθῶμεν
2731 5086 2927 5148 οὕτως.
2980 5086 3090 5152 Τὴν
3119 5086 3176 5137 δὲ
3212 5083 3417 5138 σαυτοῦ
3453 5081 3656 5151 γνώμην
3680 5088 3776 5167 13"“:

2266 5198 2386 5250 την,
2423 5180 2490 5249 ἢν
2525 5179 2816 5249 καταφανῆ
2865 5180 2998 5231 πᾶσι
3036 5179 3228 5238 ποιεῖς,
3287 5179 3450 5247 ἡμεῖς
3482 5176 3576 5244 ήδη
3606 5171 3660 5236 τῇ
3688 5179 3775 5264 ’τιν

2269 5269 2403 5322 Θεοῦ
2440 5269 2625 5340 χάριτι
2654 5266 3056 5338 ἀνετρὲψαμεν,
3082 5265 3159 5333 ειιῆ
3193 5263 3297 5332 μὲν
3326 5263 3386 5316 τὸ
3409 5263 3598 5316 ἄτοπον
3618 5257 3776 5312 ταύτης

2270 5361 2610 5430 ἐλέγχοντες.
2645 5359 2721 5429 πῆ
2763 5358 2819 5411 δὲ
2869 5357 2996 5419 τοὺς
3037 5355 3228 5423 λόγους
3258 5353 3475 5422 ψευδεῖς
3524 5340 3775 5401 δεικνύντες

2267 5453 2357 5505 διὰ
2413 5451 2728 5522 μαρτυριῶν
2779 5449 2888 5503 τῶν
2944 5449 3042 5517 τῆς
3087 5444 3418 5514 Ἐκκλησίας
3457 5432 3773 5530 διδασκάλωνῗ

2269 5547 2416 5606 ὅπως
2444 5543 2539 5613 ἐξῇ
2573 5541 2887 5611 δοκιμάζειν
2921 5541 3170 5603 ἕκαστον,
3193 5536 3428 5615 πότερον
3447 5529 3677 5599 ἀλήθειαν
3696 5528 3776 5586 φῃς

2271 5635 2304 5704 ἢ
2341 5633 2534 5700 ψεῦδος
2559 5650 2574 5664 ο
2609 5633 2703 5686 καὶ
2733 5632 2819 5684 ἵνα
2841 5630 3009 5699 γνῶσι
3040 5630 3263 5689 πάντες,
3292 5625 3376 5678 ὅτι
3407 5622 3514 5680 τοῖς
3537 5619 3775 5679 διεστρίῐν

2277 5725 2458 5795 μένοις
2493 5724 2600 5778 τῶν
2624 5724 3042 5793 προειρημένων
3075 5739 3163 5773 σου
3197 5715 3532 5771 διδασκάλων
3556 5708 3772 5771 δόγμασιν
