3978 6204
306 283 438 348 “.7

968 287 1117 348 PRO
1157 292 1368 352 C(‘I'NC.
1409 293 1938 355 FLOREN'I‘.CAP.
1983 298 2026 361 Ι.
2073 299 2169 358 DE
2208 303 2522 364 Sl‘lRlTU
2549 305 2861 366 SANCTO‘.

3412 306 3563 377 ΙίΙᾶ

1335 537 1404 618 Κ
1419 538 1985 624 ΕΦΑΛΛΙΟΝ
2055 541 2510 626 ΠΡΩΤΟΝ

407 672 534 727 Ὀτι
570 673 638 725 τὸ
674 673 915 742 Πνεῦμα
944 673 1008 726 τὸ
1047 674 1219 744 ἅγιον
1241 677 1625 751 ἐκπορεύεται
1666 679 1762 751 καὶ
1806 680 1872 732 ἐκ
1925 681 2030 751 τοῦ
2069 683 2228 743 Υἱοῢ.
2266 683 2362 734 καὶ
2389 685 2498 734 οὐκ
2530 683 2594 733 ἐι(
2633 683 2827 750 μόνου
2861 684 2966 737 τοῦ
2997 685 3248 751 [lania-g3
3279 687 3361 751 ώς
3387 689 3446 743 οἱ

1203 745 1289 814 μὴ
1357 747 1470 813 τὴν
1533 749 1800 801 σύνοδον
1883 749 2240 816 στέργοντες
2299 753 2608 820 λέγουσιν.

1453 964 1830 1052 CAPUT
1901 968 2383 1056 PRIMUM

410 1109 712 1188 Spiritum
749 1119 1027 1172 sanetum
1056 1113 1388 1193 procedere
1433 1128 1484 1175 ct
1523 1137 1600 1176 ex
1627 1117 1817 1192 Filio,
1849 1137 1973 1180 non
2007 1141 2083 1180 ex
2121 1122 2305 1182 Patre
2348 1133 2612 1198 tantum,
2655 1139 2720 1186 ut
2777 1131 2956 1191 aiunt
3004 1134 3110 1212 qui
3144 1137 3446 1211 synodum

1658 1215 1783 1256 non
1818 1212 2188 1278 sequuntur.

373 1403 630 1469 ’Λρκτέον
681 1399 774 1458 οὖν
814 1405 908 1458 ἀπ’
942 1406 1105 1457 αὖτοῦ
1151 1407 1243 1460 τοῦ
1295 1410 1523 1476 πρώτως
1581 1415 1712 1482 ἡμῖν
1763 1417 1861 1484 τὴν

290 1496 570 1564 θεολογίαν
610 1497 814 1566 ταύτην
845 1497 1328 1566 ἀποκαλύψαντοςο
1365 1497 1516 1566 οὗτος
1549 1507 1656 1574 γὰρ
1693 1507 1748 1556 ἐν
1780 1505 1858 1575 τῷ

289 1592 430 1644 κατὰ
476 1592 729 1662 Ἰωάννην
763 1591 1078 1666 Εὖαγγελίῳ
1135 1600 1192 1651 ὲν
1224 1597 1508 1667 κεφαλαίῳ
1538 1599 1861 1651 ἑπτακαιδε-

286 1682 439 1752 κάτῳ
465 1683 636 1738 ταῦτά
676 1702 807 1753 φησι
845 1687 980 1764 πρὶς
1018 1689 1145 1750 τοὺς
1180 1689 1450 1758 μαθητὰς,
1490 1707 1508 1740 t
1544 1688 1720 1741 Πολλὰ
1754 1689 1860 1757 ἔχω

285 1775 467 1842 λέγειν
499 1776 648 1846 ὑμῖν,
679 1778 884 1830 ἀλλ’-οὖ
933 1780 1164 1834 δύνασθε
1199 1783 1489 1851 βαστάζειν
1528 1784 1688 1851 ἄρτι*
1730 1784 1859 1834 ὅταν

285 1868 344 1920 δὲ
387 1868 517 1938 ἑλοῃ
550 1873 777 1934 ἐκεῖνος,
809 1871 865 1925 τὸ
891 1873 1114 1941 Πνεῦμα
1167 1875 1263 1942 τῆς
1291 1875 1571 1943 ἀληθείας,
1602 1875 1860 1943 ὁδηγήσει

289 1961 434 2027 ὑμᾶς
456 1961 534 2021 είς
566 1963 746 2014 πᾶσαν
781 1962 880 2031 τὴν
919 1964 1178 2033 ἀλήθειαν
1203 1981 1215 1992 ο
1249 1965 1310 2016 οὐ
1361 1964 1468 2032 γὰρ
1503 1965 1724 2033 λαλήσει
1760 1965 1850 2031 ἀρ’

288 2053 507 2118 ἑαυτοῦ,
548 2054 664 2107 ἀλλ’
697 2055 795 2107 ὅσα
820 2053 886 2106 ἂν
927 2055 1158 2126 ἀκούσῃ,
1191 2057 1439 2124 λαλήσει,
1469 2056 1561 2108 καὶ
1589 2057 1657 2108 τὰ
1696 2059 1851 2129 ἐρχό-

288 2162 424 2213 μενα
455 2145 745 2212 ἀναγγελεῖ
797 2146 924 2214 ὑμῖν
947 2164 960 2178 '
989 2149 1195 2209 ἐκεῖνος
1226 2149 1323 2212 ἐμὲ
1368 2148 1582 2214 δοξάσει
1610 2163 1623 2177 °

284 2237 552 2306 τοῦ,ὲμοῦ
580 2239 808 2307 λήψεται
841 2238 934 2290 καὶ
966 2240 1259 2307 ἀναγγελεῖ
1308 2240 1458 2306 ὑμῖν.
1498 2260 1514 2290 ι
1546 2238 1672 2310 'Ap'
1707 2239 1857 2309 ἔχετέ

1664 2149 1746 2200 ὅτι
1794 2153 1857 2201 ἐκ

285 2348 336 2383 τι
369 2333 503 2402 πρὸς
527 2332 697 2384 ταῦτα
733 2333 928 2398 είπεῖν,
962 2331 1286 2385 οίτάναντία
1323 2333 1690 2401 φρονοῦιτες;
1723 2335 1854 2401 Ναὶ,

286 2423 447 2489 φασὶ,
465 2420 664 2489 γνῶσιν
688 2421 977 2489 λαμϐάνει,
1008 2422 1220 2491 λόγους,
1262 2423 1422 2492 λῆψιν
1446 2442 1460 2455 ·
1488 2424 1676 2477 ἀκούει
1704 2427 1857 2495 παρὰ

281 2517 376 2565 τοῦ
423 2513 569 2578 Υἱοῦ,
608 2513 795 2585 ὥσπερ
823 2516 850 2566 6
900 2515 1023 2575 Υἱὸς
1055 2516 1208 2584 παρὰ
1246 2516 1339 2568 τοῦ
1376 2517 1585 2587 Πατρὸς
1635 2518 1851 2586 σοφίαν,

283 2606 380 2657 καὶ
406 2606 475 2656 τὰ
503 2606 688 2660 λοιπά.
741 2606 848 2659 Καὶ
893 2608 1052 2675 ἡμεῖς
1085 2607 1227 2660 οὕτω
1277 2609 1505 2677 λέγομεν
1529 2626 1543 2639 ’
1586 2609 1700 2662 ἀλλ’
1736 2612 1856 2662 ἐπεὶ

282 2695 427 2745 νοεῖν
474 2693 534 2744 ού
569 2691 728 2761 θέμις
760 2694 930 2746 πολλὰ
977 2699 1034 2748 ἐν
1063 2696 1140 2763 τῷ
1173 2697 1309 2766 Θεῷ,
1349 2699 1434 2750 ἵνα
1489 2698 1564 2770 μὴ
1600 2699 1855 2752 σύνθετον

281 2786 450 2840 αὐτὸν
481 2788 844 2857 ἐννοήσωμεν,
876 2787 932 2838 ἓν
954 2787 1255 2858 λαμϐάνειν
1283 2791 1484 2858 φαμὲν,
1510 2791 1608 2860 τὴν
1633 2791 1821 2844 οὐσίαν
1840 2810 1851 2822 ·

280 2882 405 2949 ἣτις
441 2880 578 2950 σοφὴ
611 2882 704 2933 καὶ
730 2880 907 2951 ἀγαθὴ
936 2882 1029 2932 καὶ
1069 2881 1234 2934 τᾶλλα
1275 2882 1414 2935 ἐστί.
1454 2884 1564 2936 Καὶ
1588 2883 1674 2938 διὰ
1697 2883 1856 2938 τοῦτο

282 2974 332 3026 εἰ
388 2973 582 3040 σοφίαν
634 2973 924 3042 λαμϐάνει,
987 2973 1138 3025 οὐδὲν
1197 2972 1323 3025 ἄλλο
1380 2975 1428 3026 εί
1483 2975 1558 3044 μὴ
1615 2976 1674 3026 τὸ
1716 2972 1854 3028 εἶναι

281 3066 438 3118 αὐτό.
475 3103 478 3106 ι
509 3063 756 3116 Ἀκούσει
811 3054 905 3116 οὖν
960 3063 1020 3116 τὸ
1057 3065 1281 3133 Πνεῦμα
1305 3065 1366 3117 τὸ
1401 3067 1574 3133 ἅγιον,
1603 3065 1852 3118 τουτέστι

284 3156 417 3226 παρ’
444 3157 652 3208 ἐκείνου
675 3156 920 3220 ἀκούσει,
949 3156 1079 3225 παρ’
1103 3155 1161 3208 οὗ
1195 3156 1573 3227 ἐκπορεύεταιο
1599 3157 1656 3209 τὸ
1680 3156 1812 3208 ἀκού
1830 3184 1852 3202 ο

284 3267 368 3301 ειν
400 3251 598 3312 ἐκεῖνο,
623 3247 912 3315 γινώσκειν
957 3249 1107 3312 ἐστὶ,
1143 3247 1203 3299 τὸ
1241 3248 1297 3298 δὲ
1330 3249 1642 3315 γινώσκειν,
1693 3241 1851 3299 εἶναι.

296 3341 513 3409 Ίίπειδὴ
541 3341 715 3392 τοίνυν
747 3340 846 3395 οὐκ
896 3339 1040 3392 ἔστιν
1077 3338 1170 3406 ἀφ’
1198 3337 1412 3402 ἑαυτοῦ,
1444 3338 1580 3390 ἀλλὰ
1630 3339 1758 3406 παρ’
1791 3333 1851 3387 οὗ

2033 1412 2405 1483 Ιηρίρῖοιιιίιιιη
2464 1424 2546 1469 est
2583 1413 2755 1484 igitur
2815 1415 2886 1470 ab
2927 1397 2993 1471 eo
3044 1419 3137 1486 qui
3185 1421 3362 1490 primo
3395 1423 3550 1480 theo-

1961 1505 2188 1575 logicam
2227 1505 2367 1558 hanc
2412 1507 2694 1560 veritatem
2735 1509 3014 1562 revelavit.
3063 1510 3158 1564 Hie
3205 1514 3350 1566 enim
3401 1515 3550 1584 apud

1956 1597 2221 1652 Joannem
2257 1599 2655 1668 Evangelistam
2701 1601 2766 1653 ad
2799 1601 3095 1671 discipulos
3142 1618 3271 1659 suos
3317 1606 3394 1661 sic
3427 1609 3543 1662 ait:

1965 1709 1980 1740 t
2010 1690 2202 1746 Adhuc
2227 1691 2397 1745 multa
2431 1692 2601 1746 habeo
2634 1693 2788 1750 vobis
2821 1694 3023 1758 dicere,
3043 1696 3136 1750 sed
3175 1711 3284 1751 non
3313 1699 3552 1766 potestis.

1961 1793 2183 1853 portare
2219 1783 2420 1849 modo;
2476 1800 2595 1838 cunt
2658 1795 2839 1839 autem
2895 1788 3106 1841 venerit
3155 1789 3250 1842 ille
3307 1787 3554 1858 Spiritus

1960 1875 2222 1940 veritatis,
2252 1876 2471 1930 docebit
2511 1891 2604 1929 vos
2639 1893 2855 1930 onmem
2891 1878 3170 1935 veritatem
3208 1899 3220 1934 :
3256 1896 3362 1936 non
3397 1885 3544 1937 enim

1962 1967 2212 2035 loquetur
2251 1983 2281 2020 a
2330 1968 2781 2036 semetipso,sed
2834 1984 3174 2040 quaecunque
3227 1975 3414 2028 audiet
3466 1977 3548 2031 lo-

1960 2065 2180 2126 quctur,
2202 2070 2395 2128 etquae
2419 2071 2643 2113 ventura
2688 2074 2812 2113 sunt
2837 2063 3181 2117 annuntiabit
3211 2067 3360 2120 vobis
3408 2083 3422 2121 :
3458 2067 3547 2120 illo

1962 2168 2046 2205 me
2083 2152 2422 2216 clariﬁcabit,
2451 2152 2662 2221 quiade
2703 2169 2822 2207 meo
2856 2155 3091 2223 accipiet
3116 2167 3169 2210 et
3200 2160 3547 2214 annuntiabit

1963 2243 2113 2298 vobis
2133 2243 2174 2297 ³.
2208 2263 2226 2296 ι
2253 2244 2630 2314 Num‘Jtabetis
2652 2246 2781 2314 quid
2810 2247 2875 2298 ad
2906 2247 3009 2300 hoc
3032 2250 3428 2317 respondeatis,
3451 2266 3546 2306 vos

1959 2336 2050 2405 qui
2083 2337 2420 2390 contrarium
2452 2335 2713 2390 sentitis?
2746 2336 2942 2404 Etiam,
2969 2340 3244 2408 inquiunt,
3276 2342 3544 2410 cognitio-

1959 2444 2078 2480 nem
2097 2426 2318 2496 accipit,
2337 2427 2523 2492 verba,
2547 2428 2920 2497 acceptionem
2941 2449 2954 2484 :
2976 2431 3124 2485 audit
3147 2444 3175 2482 a
3200 2431 3356 2496 Filio,
3378 2432 3542 2486 utFi-

1960 2519 2064 2572 lius
2123 2535 2152 2572 a
2193 2517 2349 2574 Patre
2398 2520 2748 2588 sapientiam,
2805 2530 2858 2575 et
2904 2523 3131 2588 reliqua.
3191 2523 3260 2577 Et
3313 2539 3412 2578 nos
3472 2523 3544 2576 ita

1963 2610 2245 2666 dicimus:
2283 2613 2376 2666 sed
2441 2612 2568 2682 quia
2619 2613 2788 2668 multa
2829 2614 3134 2685 intelligere
3184 2615 3238 2668 in
3296 2615 3406 2669 Deo
3464 2615 3545 2670 fas

1961 2710 2196 2766 nonest,
2230 2717 2299 2756 ne
2332 2703 2696 2771 compositum
2751 2719 2873 2757 etnn
2931 2704 3320 2774 intelligamus,
3375 2721 3542 2758 unum

1957 2793 2205 2864 accipere
2253 2793 2530 2848 dicimus:
2567 2796 2886 2858 essentiam,
2939 2811 3060 2864 qua:
3109 2798 3330 2866 sapiens
3377 2805 3545 2852 estet

1958 2886 2132 2949 bona,
2191 2894 2299 2941 etc.
2347 2883 2641 2954 Propterea
2705 2885 2752 2938 si
2812 2887 3134 2956 sapientiam
3195 2885 3415 2956 accipit,
3465 2886 3542 2939 nil

1925 2976 2102 3031 oaliud
2144 2977 2250 3032 nisi
2284 2978 2463 3046 ipsum
2498 2991 2618 3032 esse
2657 2976 2895 3045 accipit:
2932 2977 3115 3031 audiet
3142 2992 3271 3046 ergo
3304 2977 3541 3046 Spiritus

1956 3078 2196 3134 sanctus,
2229 3070 2281 3124 id
2318 3077 2424 3132 est,
2461 3068 2528 3124 ab
2559 3083 2624 3122 eo
2653 3069 2838 3123 audiet
2867 3084 2896 3121 a
2936 3083 3044 3138 quo
3083 3069 3348 3139 procedit.
3404 3069 3542 3123 illud

1957 3163 2168 3222 audire.
2228 3177 2559 3230 cognoscere
2613 3169 2721 3225 est,
2756 3174 3106 3228 .cognoscerc
3169 3168 3349 3214 autem
3397 3175 3540 3216 esse.

1956 3253 2220 3316 Quoniam
2251 3250 2412 3320 igitur
2439 3265 2468 3302 a
2500 3265 2558 3302 se
2585 3265 2693 3302 non
2736 3256 2840 3314 est,
2869 3249 2960 3304 sed
2999 3264 3028 3300 a
3062 3264 3170 3315 quo
3195 3251 3438 3317 procedit
3465 3267 3481 3317 ;
3511 3266 3541 3304 a

1959 3358 2064 3410 quo
2100 3340 2351 3408 provenit
2396 3339 2447 3394 ei
2483 3340 2741 3399 essentia,
2787 3341 2855 3391 ab
2889 3339 2982 3390 illo
3026 3339 3268 3407 cognitio
3303 3356 3316 3392 :
3352 3342 3417 3392 ab
3447 3341 3541 3394 illo

281 3434 666 3501 ἐκπορεύεται,
699 3433 758 3483 τὸ
786 3430 1004 3483 ἀκούειν
1046 3433 1225 3482 ἐκεῖνο
1256 3429 1553 3497 γινώσκειν
1587 3431 1730 3492 ἐστὶ,
1791 3431 1850 3482 τὸ

1960 3447 2089 3503 ergo
2118 3441 2172 3486 et
2203 3431 2433 3491 auditio,
2465 3435 2609 3498 quod
2647 3430 2719 3482 nil
2764 3428 2907 3482 aliud
2944 3435 3027 3480 est
3071 3443 3230 3496 quam
3275 3429 3539 3484 essentia.

278 3526 337 3577 δὲ
363 3525 651 3592 γινώσκειν
683 3522 844 3577 εἶναι.
864 3523 1085 3591 Ἐπειδῇ
1112 3523 1289 3574 τοίνυν
1309 3522 1408 3573 ὀυκ
1431 3523 1577 3574 ἔστιν
1597 3523 1688 3592 ἀφ’
1721 3525 1852 3578 ἑαυ-

279 3619 394 3670 τῶν
419 3633 434 3646 ο
469 3616 603 3669 ἀλλὰ
625 3615 752 3681 παρ’
783 3612 843 3665 οὖ
867 3613 1249 3682 ἐκπορεύεται,
1285 3611 1376 3679 ἀφ’
1407 3607 1466 3665 οὗ
1494 3613 1640 3664 ἐστιν
1661 3613 1853 3682 ἐκείνῳ

285 3708 318 3776 ή
361 3705 538 3768 οὖσία,
577 3701 708 3770 παρ’
750 3701 958 3753 ἐκείνου
997 3701 1029 3770 ἡ
1064 3699 1294 3767 rubet;
1325 3699 1458 3769 παρ’
1502 3700 1714 3754 ἐκείνου
1745 3700 1852 3771 ἄρα

281 3799 380 3850 καὶ
430 3798 462 3864 ἡ
499 3795 788 3865 ἀκρόασις,
835 3793 975 3861 ὅπερ
1009 3793 1161 3845 οὐδὲν
1224 3792 1353 3844 ἄλλο
1400 3794 1546 3845 ἐστὶν
1581 3794 1614 3862 ἦ
1671 3794 1878 3848 οὐσία..

294 3889 408 3941 Ἀεὶ
441 3887 618 3938 τοίνυν
669 3883 854 3938 ἀκούει
899 3883 958 3936 τὸ
1017 3883 1241 3952 Πνεῦμα
1282 3882 1340 3934 τὸ
1388 3883 1566 3949 ἅγιον,
1627 3886 1710 3936 ὅτι
1763 3885 1851 3938 ἀεὶ

281 3985 565 4050 γινώσκει,
605 3979 698 4031 καὶ
739 3977 1009 4042 γνώσεται
1033 3992 1045 4004 '
1066 3977 1159 4028 καὶ
1187 3975 1273 4028 διὰ
1302 3974 1474 4029 ταῦτα
1505 3977 1596 4028 καὶ
1622 3961 1851 4046 ἤκουσε,

281 4077 377 4129 καὶ
420 4070 631 4137 ἀνούει,
661 4072 756 4122 καὶ
798 4069 1112 4122 ἀκούσεται.
1166 4067 1255 4129 Ὠς
1290 4068 1396 4133 γὰρ
1447 4067 1549 4138 ἤδη
1598 4069 1848 4137 εἴπομεν,

279 4160 430 4214 τοῦτ’
460 4162 605 4213 ἐστιν
637 4158 785 4226 αὑτῷ
815 4159 874 4210 τὸ
901 4157 1120 4210 ἀκούειν
1152 4157 1286 4222 ὅπερ
1316 4157 1376 4209 τὸ
1403 4155 1694 4224 γινώσκειν
1715 4172 1727 4186 ·
1760 4157 1852 4211 καὶ

279 4253 342 4305 τὸ
371 4251 662 4319 γινώσκειν
693 4248 864 4318 αὐτῷ,
895 4247 1042 4302 τοῦτ’
1072 4248 1220 4300 ἐστὶν
1250 4249 1386 4318 ὅπερ
1417 4249 1477 4300 τὸ
1521 4245 1682 4301 εἶναι.
1715 4247 1852 4317 ΙΙαρ⁹

280 4343 490 4395 ἐκείνου
524 4342 700 4394 τοίνυν
729 4341 948 4410 ἤκουσε,
990 4340 1083 4390 καὶ
1131 4340 1340 4406 ἀκούει,
1389 4341 1484 4392 καὶ
1537 4339 1850 4406 ἀκούσεται,

280 4439 417 4504 παρ’
447 4425 507 4483 οὗ
539 4435 654 4484 ἐστι
679 4447 693 4461 ⁸
743 4431 873 4501 παρ’
905 4431 1118 4484 ἐκείνου
1169 4429 1224 4482 δέ
1273 4433 1422 4482 ἐστιν
1467 4431 1562 4497 ἀφ’
1591 4430 1651 4482 οὖ
1684 4432 1852 4482 ἐκπο-

284 4525 526 4593 ρεύεται.
569 4523 708 4576 ’Δλϊ
748 4523 831 4576 ἵνα
867 4527 938 4592 μή
982 4540 1123 4584 τινες
1162 4522 1338 4574 εἰπεῖν
1369 4524 1541 4590 ἔχοιεν
1572 4523 1645 4584 ὡς
1680 4523 1736 4574 ἐν
1762 4525 1851 4591 τῇ,

279 4616 450 4684 ἐμοῦ,
483 4614 820 4682 ἀντωνυμίᾳ,
850 4617 908 4665 ἐν
938 4612 1015 4682 τῷ
1056 4613 1136 4665 ὅτι
1167 4613 1234 4666 ἐκ
1265 4612 1370 4668 τοῦ
1402 4612 1548 4681 ἐμοῦ
1591 4612 1852 4682 λήψεται

278 4710 343 4760 τὸ
369 4708 596 4775 Πατρός
623 4708 911 4768 ἐννοεῖται,
931 4705 1290 4774 παρακατιὼν
1312 4707 1368 4756 ἐν
1397 4704 1476 4774 τῷ
1505 4704 1654 4773 αὑτῷ
1681 4722 1847 4773 κεφα-

280 4797 424 4865 λαίῳ
476 4795 857 4857 ὲπισυνάπτει,
920 4814 937 4844 ι
999 4796 1182 4849 Πάντα
1237 4796 1335 4847 ὅσα
1393 4795 1505 4864 ἔχει
1553 4799 1581 4846 ὁ
1634 4797 1845 4866 Πατὴρ,

279 4891 477 4957 λέγων,
514 4874 621 4956 ἐμά
668 4889 815 4939 ἔστι·
851 4888 937 4940 διὰ
980 4889 1138 4938 τοῦτο
1174 4883 1328 4938 εἷπον
1370 4887 1496 4956 ὑμῖν
1533 4888 1616 4939 ὅτι
1662 4890 1724 4940 ἐκ
1755 4886 1850 4940 τοῦ

282 4980 420 5048 ἐμοῦ
450 4978 703 5048 λήψεται,
752 4979 847 5029 καὶ
877 4977 1170 5044 ἀμαγγελεί
1214 4978 1365 5044 ὑμῖν.
1410 4995 1428 5028 ο
1463 4976 1643 5030 Εἰπὼν
1674 4978 1730 5030 δὲ
1768 4980 1850 5031 ὅτι

283 5077 468 5128 Πάντα
497 5075 599 5127 ὅσα
635 5072 750 5142 ἔχει
785 5074 813 5124 ὁ
844 5071 1051 5141 Πατὴρ,
1089 5073 1198 5138 ἐμά
1224 5072 1394 5135 ἐστιν,
1427 5071 1716 5125 ἀπέκλεισε
1741 5071 1850 5123 πᾶν

286 5169 462 5235 στόμα
513 5164 838 5234 βουλόμενον
875 5163 1208 5229 ἀποκλείειν,
1249 5163 1343 5216 καὶ
1379 5162 1469 5216 τὸν
1503 5163 1632 5216 Υίὸν
1676 5162 1850 5214 αἴτιον

283 5258 382 5322 τῆς
441 5254 728 5324 ὑπάρξεως
777 5253 872 5304 τοῦ
922 5253 1191 5319 ⁴πιιιναγίου
1238 5253 1575 5321 Πνεύματος.
1627 5254 1750 5306 Ὅτι
1791 5253 1850 5305 δὲ

283 5347 482 5415 ἀληῦἐς
523 5349 635 5398 ἐστι
677 5345 760 5411 τὸ,
791 5343 970 5398 Πάντα
1015 5344 1116 5397 ὅσα
1149 5344 1259 5418 ἔχει
1296 5347 1324 5396 6
1361 5345 1570 5413 Πατὴρ,
1607 5345 1719 5414 ἔχει
1753 5345 1852 5398 καὶ

364 5469 379 5498 ⁸
399 5466 557 5522 Joan.
587 5481 699 5528 ut,
737 5464 823 5530 12,
846 5464 935 5518 15.

353 5583 432 5654 (1)
460 5582 576 5637 Non
610 5581 901 5654 admittunt
941 5579 1177 5654 theologi
1202 5581 1345 5654 hanc
1373 5580 1702 5654 locutionem
1750 5579 1850 5634 Fi-

288 5647 388 5708 lius
415 5647 490 5707 est
520 5652 830 5717 principium
856 5651 1092 5704 essentia:
1117 5647 1348 5716 Spiritus
1375 5653 1545 5703 sancti
1568 5668 1586 5714 ;
1613 5667 1734 5703 nam
1767 5667 1852 5705 es-

288 5725 462 5777 sentia
487 5722 690 5783 divina,
728 5737 848 5788 quae
873 5729 955 5773 est
988 5721 1041 5772 in
1070 5718 1273 5786 Spiritu
1303 5729 1512 5782 saneto,
1550 5736 1654 5772 non
1690 5722 1850 5774 habet

289 5791 637 5863 principium.
674 5790 778 5845 Sed
814 5799 1000 5844 auctor
1034 5796 1242 5844 tantum
1277 5789 1389 5842 vult
1421 5804 1669 5844 asserere
1729 5789 1851 5837 Sni—

1957 3523 2180 3592 Sctnper
2212 3523 2374 3593 igitur
2403 3520 2558 3576 audit
2604 3521 2841 3590 Spiritus
2878 3528 3124 3583 sanctus,
3175 3522 3299 3591 quia
3327 3537 3542 3592 semper

1954 3617 2233 3686 cognoscit
2281 3627 2336 3670 et
2385 3622 2680 3684 cognoscet
2712 3633 2725 3668 :
2760 3613 2966 3667 idcirco
3005 3613 3233 3678 audivit,
3283 3615 3454 3681 audit,
3487 3626 3541 3670 et

1954 3711 2179 3764 audiet:
2210 3724 2358 3778 nant,
2389 3716 2449 3761 ut
2479 3707 2735 3771 diximus,
2763 3707 2905 3760 idem
2944 3720 3027 3760 est
3080 3705 3127 3759 ei
3172 3707 3358 3767 audire
3392 3709 3538 3777 quod

1951 3816 2303 3872 cognoscere,
2341 3809 2396 3854 et
2449 3813 2781 3868 cognoscere
2811 3800 2860 3851 ei
2908 3796 3051 3850 idem
3097 3805 3180 3848 est
3215 3796 3357 3864 quod
3389 3813 3534 3852 esse.

1952 3895 2033 3948 Ab
2066 3909 2130 3947 eo
2175 3892 2339 3961 igitur
2383 3890 2608 3956 audivit,
2643 3889 2848 3953 audiet,
2899 3896 2955 3942 et
2985 3887 3158 3950 audit,
3192 3903 3220 3940 a
3268 3902 3378 3956 quo
3408 3897 3531 3942 est:

1951 3986 2019 4040 ab
2055 3999 2138 4038 .eo
2168 3991 2349 4037 autem
2397 3989 2499 4044 est,
2539 3996 2568 4032 a
2615 3992 2722 4046 quo
2773 3977 3043 4045 procedit.
3093 3976 3196 4031 Sed
3257 3991 3324 4029 ne
3356 3975 3537 4030 dicere

1953 4075 2184 4146 possint,
2221 4073 2366 4143 quod
2413 4071 2466 4122 in
2515 4086 2579 4123 eo
2613 4068 2960 4138 pronomine,
3000 4084 3135 4132 meo,
3165 4083 3287 4120 cum
3312 4067 3533 4131 dicitur,

1953 4166 2118 4237 quod,
2155 4167 2215 4219 de
2266 4179 2376 4217 meo
2406 4161 2646 4230 accipiet,
2694 4159 3034 4228 intelligitur,
3081 4157 3265 4222 Patre,
3312 4159 3447 4212 infra
3481 4159 3534 4212 in

1954 4257 2144 4312 eodem
2202 4255 2378 4324 capite
2431 4251 2735 4321 conjungit,
2796 4251 3036 4304 dicens:
3078 4267 3096 4300 ι
3144 4250 3337 4304 Omnia
3385 4265 3534 4318 qua:-

1953 4361 2168 4417 cunque
2221 4345 2384 4399 habet
2437 4345 2616 4407 Pater,
2676 4358 2797 4395 mea
2844 4350 3020 4399 sunt:
3058 4350 3344 4410 propterea
3418 4339 3532 4394 dixi

1955 4439 2103 4494 vobis
2131 4438 2274 4508 quod
2307 4438 2374 4492 de
2420 4451 2540 4491 meo
2575 4435 2816 4501 accipiet
2845 4443 2897 4488 et
2923 4432 3270 4487 annuntiabit
3301 4431 3475 4486 vobis.
3511 4450 3532 4482 ι

1953 4533 2088 4587 Cum
2148 4545 2291 4586 vero
2335 4527 2589 4582 dixerit:
2657 4523 2900 4578 tOmuia
2980 4539 3319 4592 quacunque
3376 4521 3540 4576 habet

1955 4623 2162 4687 Pater,
2239 4634 2358 4673 mea
2409 4625 2535 4672 sunt
2598 4634 2610 4670 :
2659 4635 2677 4666 ι
2731 4612 2962 4668 occlusit
3019 4627 3180 4667 omne
3225 4628 3286 4667 os
3353 4611 3542 4666 volens

1955 4710 2243 4765 excludere
2304 4707 2462 4763 etiam
2523 4703 2719 4759 Filium
2789 4716 2914 4757 esse
2969 4701 3301 4771 principium
3353 4715 3544 4755 eSsen-

1959 4805 2046 4856 tia:
2077 4801 2153 4870 (ί)
2206 4797 2538 4854 sanctissimi
2590 4795 2851 4864 Spiritus.
2906 4791 3064 4859 Quod
3114 4802 3295 4847 autem
3351 4806 3539 4846 verum

1960 4894 2050 4954 sit,
2078 4901 2271 4945 cuncta
2307 4903 2426 4957 quae
2466 4886 2632 4940 habet
2671 4884 2853 4950 Pater,
2886 4898 2950 4939 ea
2985 4894 3039 4939 et
3070 4883 3268 4938 Filium
3315 4883 3539 4946 habere,

1958 4987 2076 5054 ipse
2114 4986 2164 5038 id
2204 4993 2436 5039 testatur
2467 4995 2589 5035 cum
2619 4979 2770 5041 dicit,
2812 4997 2828 5028 t
2864 4976 3049 5042 Pater,
3086 4977 3265 5030 omnia
3300 4984 3391 5028 tua
3422 4988 3540 5028 mea

1958 5089 2107 5137 sunt,
2138 5085 2191 5129 et
2215 5089 2334 5128 mea
2387 5084 2498 5128 tua.
2531 5091 2549 5126 ι
2585 5071 2652 5126 Et
2680 5069 2942 5133 Joannes,
2987 5066 3232 5120 Damasci
3265 5066 3542 5134 refulgens

1956 5168 2130 5231 sidus,
2186 5165 2261 5220 ait
2302 5166 2378 5237 (‘2)
2406 5187 2422 5220 ;
2457 5183 2474 5215 ι
2515 5162 2710 5218 Omnia
2749 5173 3085 5229 quaecunque
3149 5155 3313 5209 habet
3355 5154 3538 5220 Pater,

1957 5260 2012 5314 in
2067 5257 2376 5328 generando
2443 5253 2664 5310 tradidit
2729 5251 2885 5315 Filio,
2947 5256 3142 5316 praeter
3199 5262 3359 5316 quam
3413 5261 3539 5302 esse

1957 5347 2193 5403 Patrem.
2227 5366 2245 5399 ι
2283 5347 2445 5418 largo,
2478 5347 2521 5400 si
2555 5344 2711 5398 Pater
2739 5342 3029 5411 (quatenus
3057 5336 3237 5405 Pater)
3271 5335 3530 5406 prolucit

1953 5583 2118 5637 ritum
2145 5593 2395 5636 sanctum
2432 5581 2634 5633 habere
2659 5593 2690 5631 a
2725 5575 2864 5630 Filio
2897 5583 3154 5642 tanquam
3196 5584 3226 5624 a
3261 5568 3343 5626 sui
3377 5567 3533 5639 priu-

1952 5653 2096 5719 cipio
2127 5654 2420 5705 essentiam
2457 5650 2720 5719 divinant.

2024 5721 2099 5789 (Et)
2127 5721 2271 5774 Fidei
2303 5719 2515 5772 Ortltod.
2557 5717 2646 5771 lib.
2687 5734 2721 5770 ι.
