3978 6204
503 310 642 376 1119

1662 298 1986 358 «ΙΟΞΕΞἯΙ
2027 288 2586 355 METIIONENSIS

3593 267 3696 330 nu

487 427 777 497 Spiritum,
819 433 872 476 et
917 420 1082 475 Filius
1123 419 1225 471 lioc
1269 413 1430 468 modo
1470 413 1904 466 communicaret
1961 411 2067 463 Pa-

2192 401 2548 465 il’i6;,at‘itb;
2581 395 2713 449 αὺτό
2748 390 3020 463 μαρτυρεῖ
3045 386 3242 453 λέγων.
3274 402 3291 433 ι
3341 381 3534 450 Πάτερ,
3562 384 3704 433 πάντα

2217 495 2224 497 -
2319 493 2329 497 λ
2411 492 2422 497 -
2491 488 2501 497 ·
2651 488 2660 497 -
2751 484 2761 497 ι
2809 483 2821 497 ο
2889 482 2900 497 ι
2985 478 3040 497 AL
3088 477 3195 497 ι---
3284 468 3450 497 -αι.ν..ι
3495 470 3704 497 una“.-.

492 519 584 580 tri,
609 524 756 570 esset
809 511 1045 580 Spiritus
1077 511 1194 576 ipse
1234 504 1428 564 Filius,
1485 511 1538 556 et
1578 501 1749 555 Filius
1786 516 1890 554 una
1941 514 2064 553 cum

493 609 671 672 Patre,
732 605 836 658 duo
883 601 1074 654 Patres
1121 598 1400 667 Spiritus:
1437 603 1490 648 et
1546 593 1648 646 huc
1708 602 1865 660 pacto
1902 589 2070 644 Filius

493 714 616 752 cum
664 696 820 748 Patre
864 706 972 744 non
1015 687 1444 742 connnunii-aret
1497 685 1750 737 essentia:
1806 679 2070 750 Spiritus.

494 790 650 843 Nunc
673 802 799 840 vero
832 798 940 837 non
971 781 1222 852 producit
1255 782 1354 833 lioc
1388 788 1548 848 pacto
1581 776 1742 831 Pater
1783 774 2070 843 Spiiitum,

495 885 588 936 sed
631 889 899 948 quatenus
947 875 1289 945 productor:
1331 887 1510 940 neque
1558 871 1696 924 Filio
1757 867 2072 935 opponitur,

493 973 623 1041 quin
657 971 770 1038 ipse
805 981 1020 1036 quoiue
1056 966 1127 1019 sit
1175 978 1336 1018 causa
1371 963 1628 1031 Spiritus.
1683 959 1817 1013 Nam
1847 957 1888 1013 si
1923 971 2074 1025 qua:-

493 1078 708 1131 ciinqne
735 1061 894 1115 liabet
922 1058 1100 1122 Pater,
1130 1058 1294 1111 habet
1321 1066 1374 1110 et
1407 1055 1600 1115 Filius,
1639 1061 1693 1106 et
1723 1051 1862 1104 nihil
1897 1065 2076 1104 rema-

494 1165 588 1210 net
610 1153 754 1208 Patri
807 1152 952 1221 quod
973 1151 1140 1204 Filius
1163 1165 1265 1202 non
1287 1147 1509 1212 habeat;
1531 1146 1693 1199 habet
1713 1153 1892 1196 autem
1917 1143 2080 1197 Pater

495 1247 904 1317 productionem
965 1242 1199 1311 Spiiitus
1233 1259 1246 1293 :
1284 1241 1334 1293 id
1383 1255 1512 1308 ergo
1560 1237 1724 1290 habet
1779 1246 1832 1288 et
1887 1234 2076 1288 Filius.

497 1339 574 1391 lix
630 1336 733 1389 hoc
778 1333 1013 1400 denique
1053 1339 1239 1398 aperte
1290 1328 1621 1401 ostenditur,
1655 1326 1796 1394 quod
1841 1339 1952 1377 non
1990 1338 2080 1377 so-

495 1429 605 1482 lutn
653 1444 682 1480 a
715 1425 872 1478 Patre
925 1433 1008 1477 est
1037 1421 1297 1490 Spiritus,
1332 1420 1424 1474 sed
1457 1429 1511 1472 et
1539 1435 1567 1471 a
1609 1417 1766 1474 Filio.
1800 1416 1970 1485 llujus
1998 1414 2079 1468 rei

497 1520 653 1574 testis
682 1529 764 1572 est
803 1517 1051 1570 omnium
1081 1514 1366 1567 doctorum
1399 1512 1687 1580 scriptura,
1723 1519 1778 1564 et
1809 1509 2081 1563 maximus

493 1610 725 1680 Cyrinus
775 1619 947 1661 totum
994 1609 1138 1659 hunc
1188 1604 1366 1658 locum
1427 1603 1641 1673 egregie
1689 1605 2080 1669 interpretans,
2124 1669 2129 1675 .

496 1713 551 1755 et
593 1701 756 1754 verba
807 1698 1062 1768 przedicta
1100 1712 1114 1750 :
1148 1703 1354 1749 attente
1406 1694 1778 1748 animadverte
1828 1707 1950 1760 quae
1999 1691 2081 1745 di-

495 1796 619 1871 cit_:
663 1811 680 1843 ι
715 1790 854 1845 Ecce
899 1789 1080 1853 enim,
1126 1788 1393 1857 Spiritum
1451 1785 1694 1841 veritatis
1740 1784 1815 1853 (id
1861 1791 1944 1836 est
1995 1781 2077 1836 sui

497 1885 688 1954 ipsius)
719 1883 1054 1936 Paracletum
1095 1881 1302 1943 dicens,
1337 1895 1366 1933 a
1409 1879 1568 1931 Patre
1619 1876 1915 1946 procedere
1955 1889 2078 1927 cuiu

499 1976 632 2030 dicit
667 1993 682 2029 :
715 1989 840 2028 nam
893 1972 1350 2041 quemadmodum
1407 1969 1653 2035 proprius
1706 1979 1789 2021 est
1845 1965 2084 2034 Spiritus

500 2067 646 2129 Filii,
683 2081 806 2118 cuin
843 2063 1162 2116 naturaliter
1197 2062 1252 2114 in
1279 2078 1342 2115 eo
1375 2061 1466 2122 sit,
1501 2069 1555 2113 et
1589 2060 1655 2112 ab
1688 2073 1753 2112 eo
1783 2056 2079 2126 procedat:

501 2161 583 2213 sic
611 2159 776 2212 etiam
810 2156 987 2209 Patris
1033 2163 1117 2208 est
1143 2155 1418 2224 proprius.
1450 2151 1657 2216 Quibus
1689 2165 1873 2204 autent
1902 2148 2085 2217 Spiri-

504 2264 592 2304 tus
619 2259 702 2303 est
732 2247 1060 2311 communis,
1095 2247 1239 2299 inter
1264 2247 1364 2298 hos
1398 2255 1451 2298 et
1474 2259 1534 2296 ea
1561 2257 1682 2311 quae
1701 2242 1766 2295 ad
1794 2241 2084 2294 essentiam

503 2343 779 2412 pertinent
804 2354 913 2394 non
948 2348 1108 2393 erunt
1138 2338 1329 2391 divisa.
1364 2335 1552 2404 Neque
1585 2349 1685 2389 nos
1721 2331 2084 2401 quorumdam

507 2435 671 2488 verba
710 2431 1054 2500 perturbant,
1110 2428 1201 2498 qui
1250 2430 1318 2482 ob
1355 2427 1625 2481 insciaiam
1662 2425 1826 2493 impie
1865 2421 1932 2476 de
1963 2420 2088 2474 reli-

504 2527 666 2593 gione
695 2523 901 2577 sentire
949 2522 1126 2576 solent
1172 2531 1226 2575 et
1271 2520 1442 2588 loqui,
1481 2531 1821 2588 qumcunque
1873 2516 1951 2568 fas
2001 2522 2086 2566 est

505 2620 746 2687 cogitare
777 2634 792 2668 :
828 2614 984 2684 quasi
1019 2613 1190 2668 Filius
1234 2612 1485 2665 ordinem
1521 2611 1752 2679 aliquem
1788 2605 2083 2676 adinipleat

505 2706 873 2773 niinistrandi,
932 2713 987 2759 et
1057 2705 1234 2758 Patris
1288 2702 1548 2771 Spiritum
1605 2702 1878 2754 ministret
1935 2713 2090 2751 crea-

505 2809 640 2850 tura!
674 2815 688 2852 :
729 2797 932 2867 quippe
966 2811 1089 2852 cum
1133 2809 1310 2862 neque
1341 2793 1393 2847 id
1421 2794 1635 2861 quidam
1670 2793 1876 2846 insulse
1901 2792 2087 2845 dicere

506 2889 934 2950 rel’m'niidarint,
967 2885 1140 2955 magis
1169 2898 1506 2953 consequens
1536 2892 1618 2936 est
1664 2883 1910 2944 cnedere,
1941 2878 2086 2949 quod

504 2983 629 3049 quia
666 2979 916 3049 proprius
954 2987 1039 3032 est
1082 2977 1204 3046 ejus
1240 2974 1718 3044 (quemadmodum
1765 2972 1955 3040 utique
1992 2970 2084 3023 Dei

505 3084 556 3126 et
589 3071 808 3140 Patris),
851 3071 975 3125 ideo
1007 3070 1075 3123 ad
1118 3078 1336 3123 sanctos
1371 3080 1498 3120 suos
1541 3064 1834 3132 discipulos
1877 3062 2086 3116 sancti-

506 3163 750 3217 ﬁcandos
809 3176 935 3216 eum
965 3160 1148 3214 mittit.
1182 3179 1202 3212 ι

2143 495 2242 546 ,τὰ
2279 493 2367 555 σὰ,
2408 488 2538 559 ἐμὰ,
2580 484 2774 538 καὶτὰ
2807 482 2940 549 ἐμὰ,
2976 478 3044 530 σα
3087 477 3222 527 ἐστι.
3284 468 3456 524 »Ἔαὶ
3495 470 3704 533 Ἰωάννης

2172 587 2270 640 δὲὸ
2292 585 2389 654 τῆς
2423 575 2716 650 Δαμασκοῦ
2755 575 2975 642 φαεινὸς
3005 567 3200 637 ἀστὴρ,
3228 587 3245 612 ι
3285 565 3466 616 Πάντα
3486 561 3576 613 ὅσα
3600 559 3705 628 ἔχει,

2178 685 2365 750 φησὶν,
2398 681 2424 731 ὁ
2455 674 2666 742 Πατὴρ,
2696 673 2752 722 ἐν
2781 666 2858 750 τίς)
2881 665 3078 733 γεννᾷν
3103 661 3302 713 δέδωκε
3325 656 3399 724 τῷ
3428 654 3555 722 Υῑῴ,
3582 654 3709 722 πλὴν,

2176 772 2270 825 τοῦ
2303 768 2444 822 εἶναι
2487 766 2726 834 Πατέρα.
2763 780 2781 811 ι
2813 744 3043 821 Οὐκοῦν,
3065 758 3112 808 εἰ
3157 753 3255 823 μὲν
3349 749 3548 818 Πατὴρ,
3588 747 3710 799 61h-

2178 866 2284 936 τὴρ
2328 861 2626 934 προϐάλλει
2661 856 2722 909 τὸ
2753 853 3004 922 Πνεῦμα,
3036 851 3130 902 καὶ
3161 850 3187 899 6
3216 847 3344 907 Υἱὸς
3383 839 3712 907 ἐκοινώνειτῷ

2179 957 2357 1027 Πατρὶ
2418 954 2558 1008 κατὰ
2608 951 2800 1003 τοῦτον
2829 947 2920 1000 τὸν
2964 948 3189 1012 τρόπον,
3241 935 3311 1010 ἦν
3343 936 3406 990 ἂν
3441 935 3498 986 τὸ
3531 932 3709 1000 Πνεῦμα

2181 1023 2332 1114 Υἱὸς,
2366 1050 2461 1102 καὶ
2499 1049 2526 1098 6
2558 1045 2687 1106 Υἱδς
2721 1041 2860 1108 μετὰ
2890 1037 2987 1090 τοῦ
3018 1035 3259 1102 Πατρὶς,
3292 1032 3385 1083 δύο
3414 1028 3625 1092 πατέρες
3644 1023 3713 1076 τοῦ

2185 1143 2522 1210 ΙΙνεύματος.
2568 1140 2677 1192 Καὶ
2710 1133 2902 1187 τοῦτον
2931 1131 3022 1182 τὸν
3055 1130 3255 1197 τρόπον
3284 1127 3385 1177 οὐκ
3428 1119 3715 1174 ἐκοινώνειό

2183 1237 2310 1300 Υἱὸς
2346 1237 2425 1305 τῷ
2463 1233 2641 1301 Πατρὶ
2679 1229 2778 1298 τῆς
2834 1228 3120 1298 ὑπάρξεως
3151 1223 3245 1276 τοῦ
3287 1219 3606 1285 Πνεύματος.
3631 1212 3715 1266 Νῦν

2181 1330 2239 1383 δὲ
2292 1330 2350 1381 οὺ
2387 1304 2529 1380 κατὰ
2578 1324 2767 1377 τοῦτον
2815 1321 2907 1374 τὸν
2942 1321 3144 1389 τρόπον
3177 1311 3469 1384 προϐάλλει
3512 1304 3716 1372 διΙατὴρ

2183 1421 2242 1474 τὸ
2275 1418 2499 1487 Πνεῦμα
2532 1434 2545 1448 °
2579 1414 2718 1468 ἀλλὰ
2749 1413 2890 1468 καθὸ
2922 1408 3245 1481 προϐολεῦς,
3278 1405 3372 1458 καὶ
3400 1403 3496 1455 οὐκ
3523 1398 3717 1452 ἀντίκει-

2183 1531 2273 1566 ται
2302 1513 2380 1581 τῲ
2406 1511 2521 1578 Titii
2555 1511 2613 1561 τὸ
2651 1505 2792 1560 εἶναι
2825 1506 2917 1559 καὶ
2965 1503 3126 1558 αὐτὸν
3161 1501 3335 1554 αῐτιον
3399 1493 3489 1547 τοῦ
3519 1489 3718 1555 Ilva-ipa

2185 1623 2296 1664 τος.
2339 1602 2401 1657 Εἰ
2444 1603 2554 1672 γὰρ
2588 1605 2764 1655 πάντα
2812 1601 2912 1650 ὅσα
2959 1598 3072 1665 ἕχει
3115 1597 3143 1647 6
3196 1593 3411 1659 Πατὴρ.
3461 1589 3561 1657 ἔχει
3603 1582 3717 1636 καὶὸ

2183 1694 2337 1763 Υίδς,
2369 1698 2462 1750 καὶ
2494 1696 2647 1748 οὐδὲν
2698 1692 3025 1759 ἐναπομένει
3073 1687 3151 1756 τῷ
3179 1687 3361 1754 lupi
3390 1683 3416 1734 ὃ
3445 1683 3472 1733 6
3515 1680 3625 1740 Υἱὸς
3645 1680 3718 1728 οὒκ

2188 1789 2322 1858 ἔχει,
2354 1790 2464 1856 ἔχει
2495 1787 2550 1839 δέ
2578 1789 2606 1839 6
2637 1786 2824 1853 Πατὴρ
2853 1783 2910 1835 τὸ
2934 1781 3267 1852 προϐάλλειν
3293 1780 3356 1831 τὸ
3383 1775 3612 1844 Πνεῦμα,
3633 1772 3718 1839 ἔχει

2186 1885 2294 1952 ἄρα
2318 1882 2477 1934 τοῦτο
2507 1881 2600 1933 καὶ
2630 1882 2657 1932 6
2683 1879 2830 1939 Υἱός.
2873 1875 3008 1929 Ἀπὸ
3035 1874 3231 1927 τούτου
3276 1871 3461 1924 λοιπὸν
3491 1869 3718 1921 δείκνυται

2186 1973 2487 2043 διαρρήδην
2533 1972 2614 2024 ὅτι
2654 1971 2716 2022 οὐ
2763 1970 2925 2040 μόνον
2976 1967 3124 2036 παρὰ
3160 1964 3258 2019 τοῦ
3321 1963 3524 2032 Πατρός
3557 1959 3718 2013 ἔστιτὸ

2191 2063 2437 2135 Πνεῦμα,
2471 2064 2606 2116 ἀλλὰ
2641 2064 2733 2114 καὶ
2766 2062 2918 2131 παρὰ
2949 2060 3045 2112 τοῦ
3076 2057 3234 2111 Υίοῦ.
3266 2058 3374 2111 Καὶ
3404 2055 3582 2108 τούτου
3613 2054 3720 2121 pip-

2190 2159 2341 2227 τυςὴ
2384 2158 2492 2210 τῶν
2528 2154 2873 2208 διδασκάλων
2907 2153 3057 2204 πᾶσα
3104 2149 3322 2220 γραφὴ,
3350 2149 3442 2202 καὶ
3470 2150 3495 2200 6
3538 2147 3720 2213 πάμμε·

2191 2267 2296 2319 γας
2348 2248 2640 2318 Κύριλλος,
2699 2246 3072 2314 ἐξηγούμενος
3113 2244 3239 2296 ὅλον
3270 2243 3333 2296 τὸ
3387 2240 3573 2311 χωρίον
3601 2237 3721 2290 τοῦτο

2192 2345 2286 2397 καὶ
2314 2342 2381 2396 τὰ
2427 2341 2567 2412 ῥητὰ
2593 2341 2663 2392 τὰ
2707 2341 3110 2409 προειρημένα,
3165 2335 3315 2404 μάλα
3346 2333 3621 2400 γενναίωςο
3651 2327 3722 2382 καὶ

2191 2439 2294 2507 ὅρα
2327 2434 2594 2505 νουνεχῶς
2618 2435 2684 2487 τὰ
2701 2433 2996 2501 λεγόμενα.
3025 2449 3045 2482 ι
3077 2431 3212 2484 Ἰδοὺ
3244 2429 3378 2498 γὰρ,
3402 2429 3526 2490 ἰδοὺ,
3547 2424 3722 2492 Πνεῦμα

2194 2532 2293 2597 τῆς
2334 2527 2615 2596 ἀληθείας,
2663 2525 2943 2577 τουτέστιν
2997 2521 3224 2586 ἐαυτοῦ,
3277 2523 3369 2575 τὸν
3421 2518 3722 2589 Παρὰκλητον

2198 2617 2395 2682 είπὼν,
2423 2616 2574 2685 παρὰ.
2605 2614 2698 2666 τοῦ
2726 2613 2935 2682 Πατρὸς
2967 2613 3130 2666 αὐτὴν
3161 2612 3555 2684 ἐκπορεύεσθαί
3579 2626 3720 2679 φησιν.

2199 2712 2413 2779 Ὥσπερ
2438 2709 2548 2780 γάρ
2594 2709 2741 2761 ἐστιν
2775 2709 2908 2761 ἴδιον
2946 2707 3171 2775 Πνεῦμα
3196 2706 3298 2759 τοῦ
3349 2705 3493 2770 Υἰοῦ,
3527 2701 3720 2771 φυσικῶς

2201 2807 2259 2856 ἐν
2299 2802 2450 2871 αὐτῷ
2477 2819 2536 2856 τε
2576 2801 2822 2869 ὑπάρχον
2857 2799 2949 2852 καὶ
2979 2799 3045 2851 δι’
3076 2797 3246 2852 αὐτοῦ
3277 2800 3477 2867 προῖδν,
3509 2795 3630 2849 οὕτω
3656 2791 3723 2845 καὶ

2195 2895 2289 2949 τοῦ
2321 2894 2571 2964 Πατρός.
2606 2887 2701 2954 Ui;
2731 2893 2785 2944 δὲ
2834 2891 2895 2944 τὸ
2942 2890 3172 2960 Πνεῦμα
3210 2889 3414 2952 κοινὸν,
3464 2888 3646 2948 τούτοις
3675 2884 3722 2936 ἂν

2195 2982 2282 3048 εἴη
2315 2981 2486 3050 δήπου
2528 2982 2624 3032 καὶ
2671 2979 2740 3031 τὰ
2791 2982 2891 3048 τῆς
2943 2978 3133 3041 οὐσίας
3167 2980 3231 3033 οὗ
3277 2979 3612 3049 διωρισμένα.
3657 2974 3722 3040 Μὴ

2141 3113 2146 3116 .
2195 3073 2302 3142 γὰρ
2332 3073 2398 3143 δή
2436 3089 2580 3133 τινος
2625 3073 2774 3140 ἡμᾶς
2807 3073 2916 3124 τῶν
2963 3071 3248 3125 δυσσεϐεῖν
3277 3071 3536 3126 εἰωθότων
3569 3068 3656 3121 τῶν
3679 3066 3722 3130 ἐξ

2194 3161 2436 3231 ἀμαθίας
2485 3160 2936 3230 ἀποκομιζόντων
2982 3163 3199 3227 λόγους,
3247 3162 3284 3216 ἃ
3321 3162 3454 3232 μηδέ
3482 3162 3616 3229 θέμις
3655 3157 3721 3206 ὲνο

505 3263 670 3323 νοεῖν,
705 3258 780 3321 ὡς
840 3259 1186 3328 ὐπουργικήν
1217 3275 1341 3311 τινα
1369 3256 1524 3321 τάξιν
1576 3254 1913 3325 ἀποπληρῶν
1961 3255 2167 3321 ὁΥἰὸς,
2200 3259 2260 3311 τὸ
2314 3260 2483 3328 παρὰ,
2513 3258 2608 3312 τοῦ
2658 3260 2870 3329 Πατρὸς
2909 3260 3134 3328 Πνεῦμα
3181 3264 3250 3330 τῇ
3302 3263 3473 3313 κτίσει
3519 3255 3720 3310 διακονεῖ.

507 3361 614 3412 λαὶ
639 3359 796 3411 τοῦτο
820 3356 931 3425 γὰρ
952 3356 1221 3418 ἀσυνέτως
1250 3355 1394 3418 τινὲς
1418 3355 1477 3407 ού
1499 3355 1818 3407 κατέδεισαν
1837 3355 2032 3406 εἰπεῖν·
2053 3355 2330 3409 πιστεύειν
2354 3356 2410 3408 δὲ
2437 3356 2638 3422 μᾶλλον
2668 3357 2980 3424 ἀκόλουθον,
3004 3357 3079 3421 ὡς
3098 3359 3218 3410 ἐπεί
3233 3375 3332 3421 περ
3360 3359 3482 3411 ἴδιόν
3508 3359 3632 3408 ἐστιν
3647 3352 3722 3405 αὖ·

505 3447 622 3514 τοῦ,
653 3448 901 3515 καθάπερ
929 3446 1120 3514 ἀμέλει
1154 3446 1248 3498 καὶ
1286 3447 1378 3499 τοῦ
1404 3445 1540 3498 Θεοῦ
1567 3446 1661 3498 καὶ
1703 3447 1936 3514 Πατρὺς,
1963 3446 2408 3512 ἀποστέλλειτοῖς
2441 3450 2615 3518 ἁγίοις
2643 3450 2807 3504 αὐτοῦ
2835 3451 3100 3521 μαθηταῖς
3145 3453 3287 3520 πρὸς
3327 3451 3602 3521 ἁγιασμόν.

580 3543 773 3604 Audis,
825 3550 880 3594 tu
931 3541 1021 3608 qui
1072 3539 1426 3606 contradicis,
1477 3542 1853 3595 admirandum
1888 3550 1944 3594 et
1982 3551 2169 3604 nia-(1

512 3648 676 3701 gnum
718 3631 930 3684 Patrem
969 3631 1134 3692 hunc,
1165 3630 1426 3700 Cyrillum
1459 3631 1609 3684 illum
1642 3631 1788 3693 dico,
1829 3630 2096 3694 Quemad-

515 3725 768 3788 modum,
801 3721 1000 3792 inquit,
1036 3719 1161 3774 Filii
1199 3721 1448 3790 proprius
1472 3730 1576 3784 est,
1606 3737 1715 3775 non
1744 3737 1841 3791 per
1878 3723 2095 3776 modum

515 3814 882 3877 ministrandi,
918 3814 1012 3866 sed
1051 3812 1372 3866 naturaliter
1405 3815 1460 3865 in
1516 3827 1581 3865 eo
1614 3820 1718 3876 est,
1749 3821 1806 3866 et
1839 3828 1935 3882 per
1971 3829 2095 3871 eum

517 3908 765 3978 procedit
802 3925 816 3959 :
852 3906 931 3960 sic
981 3915 1034 3960 et
1083 3907 1138 3960 in
1185 3905 1345 3960 Patre
1392 3905 1595 3958 evenit.
1656 3903 1712 3957 Si
1750 3905 1914 3974 igitur
1963 3919 2100 3972 quo-

519 3999 680 4052 modo
714 4008 796 4052 est
826 3997 976 4057 Filii.
1021 4008 1102 4052 est
1130 4007 1184 4051 et
1221 3995 1396 4051 Patris
1427 3995 1688 4065 Spiritus,
1719 4007 1970 4066 superest
2002 4012 2100 4051 nos

519 4087 822 4158 intelligere
870 4103 993 4141 eum
1052 4088 1218 4142 etiam
1272 4103 1339 4142 ex
1399 4086 1538 4141 Filio
1581 4088 1874 4156 procedere
1915 4105 1929 4140 :
1975 4104 2098 4142 nam

520 4189 748 4233 sanctus
787 4179 875 4233 liic
902 4179 1056 4244 dicit,
1088 4179 1234 4248 quod
1273 4181 1347 4232 uti
1375 4189 1460 4233 est
1493 4179 1610 4233 Filii
1651 4179 1886 4249 Spiritus
1915 4189 1972 4234 et
2004 4195 2102 4250 per

516 4286 642 4324 eum
683 4270 950 4339 procedit,
976 4270 1169 4326 eodem
1212 4272 1374 4326 modo
1406 4281 1462 4326 et
1491 4287 1556 4326 ex
1585 4271 1785 4328 Patre:
1823 4288 2002 4343 neque
2049 4283 2102 4328 te

517 4362 817 4431 intelligere
860 4371 1104 4431 Oportet,
1147 4360 1345 4416 Filium
1405 4379 1560 4417 usuin
1633 4364 1868 4432 aliquem
1938 4365 2102 4418 mini-

517 4455 725 4508 strandi
778 4455 1098 4524 adimplere,
1167 4464 1223 4509 et
1271 4456 1489 4511 mittere
1542 4473 1570 4510 a
1623 4456 1780 4511 Patre
1839 4456 2100 4526 Spiritum

518 4557 805 4612 creaturae,
837 4549 930 4600 sed
958 4547 1303 4602 naturaliter.
1335 4548 1392 4602 Si
1422 4549 1566 4602 enim
1610 4550 1708 4617 per
1743 4550 1962 4604 modum
1999 4552 2102 4603 ini-

519 4638 818 4702 nistrandi,
851 4653 959 4691 non
1012 4639 1359 4706 naturaliter,
1412 4640 1575 4692 mittit
1611 4640 1874 4710 Spiritum
1911 4639 2102 4711 Filius,

519 4743 646 4797 ergo
675 4736 731 4781 et
764 4729 924 4783 Pater
969 4745 1067 4797 per
1099 4730 1318 4784 modum
1352 4731 1698 4786 ministrandi
1736 4733 1902 4788 habet
1928 4733 2106 4804 Spiri-

520 4821 658 4881 tiun,
715 4835 825 4873 non
873 4822 1220 4887 naturaliter,
1269 4827 1395 4893 quia
1447 4841 1556 4895 quo
1594 4827 1755 4882 modo
1785 4826 2105 4898 intelligitur

2285 3544 2556 3612 ’Ᾱκούεις,
2588 3545 2616 3597 ὁ
2664 3518 2985 3614 ἀντιλέγων,
3013 3544 3108 3597 τοῦ
3143 3518 3460 3616 θαυμαστοῦ
3493 3546 3574 3596 καὶ
3601 3518 3725 3610 μεγάί

2203 3640 2294 3693 λου
2322 3640 2512 3693 τούτου
2533 3641 2744 3708 Πατρδς
2775 3641 3047 3708 Κυρίλλου
3075 3641 3168 3693 τοῦ
3196 3643 3344 3695 πάνυ
3367 3639 3502 3710 φημί
3525 3656 3537 3703 ;
3559 3638 3720 3699 Ὠσπερ

2181 3729 2310 3808 ’γάρ
2341 3731 2479 3793 ἐστι,
2537 3731 2694 3797 φησι,
2740 3721 2833 3781 τὸῦ
2889 3729 3020 3782 Υίοῦ
3065 3730 3218 3794 ἴδιον,
3275 3732 3374 3799 οὐχ
3435 3722 3722 3795 ὑπουργικῶς

2202 3823 2339 3874 ἀλλὰ
2402 3822 2649 3892 φυσικῶς
2680 3823 2738 3874 ἐν
2789 3821 2937 3892 αὐτῷ
2980 3839 3041 3874 τε
3091 3821 3342 3892 ὑπάρχον
3376 3823 3467 3876 καὶ⁵
3496 3821 3554 3873 δι’
3599 3812 3722 3870 αὺτοῦ

2203 3915 2416 3984 προϊὸν,
2447 3913 2591 3968 οὓτω
2619 3915 2711 3969 καὶ
2743 3914 2836 3967 τοῦ
2869 3915 3103 3981 Πατρός.
3142 3915 3201 3967 Ei
3230 3915 3332 3968 οὖν
3359 3915 3418 3968 ὃν
3443 3913 3620 3982 τρόπον
3640 3905 3724 3958 ἐστὶ

2203 4006 2296 4059 τοῦ
2332 4007 2487 4070 Υἱοῦ,
2521 4006 2636 4060 ἔστι
2691 4009 2785 4062 καὶ
2823 4008 2917 4060 τοῦ
2971 4008 3188 4077 Πατρδς
3223 4008 3290 4061 τὸ
3345 4005 3576 4076 Πνεῦμα,
3623 4001 3726 4053 νοεῖ*

2203 4099 2336 4166 ἡμῖν
2391 4097 2624 4163 ἔπεισιν,
2679 4098 2760 4150 ὃτι
2814 4098 3178 4166 ἐκπορεύεται
3215 4098 3316 4152 καὶ
3363 4099 3427 4151 ἐκ
3477 4095 3562 4148 τοῦ
3594 4087 3723 4144 Υξοΰ’

2205 4190 2394 4260 ἐπειδή
2431 4207 2597 4260 φησιν
2628 4183 2779 4254 οὗτος
2810 4193 2840 4244 6
2875 4192 3052 4259 ἅγιος,
3097 4193 3181 4246 ὅτι
3221 4192 3282 4245 ὃν
3319 4191 3513 4261 τρόπον
3539 4188 3725 4255 ὑπάρχει

2203 4281 2298 4336 τοῦ
2331 4281 2460 4335 Υίοῦ
2494 4283 2554 4334 τὸ
2582 4283 2824 4352 Πνεῦμα,
2862 4285 2955 4336 καὶ
2987 4285 3320 4354 προέρχεται
3354 4286 3423 4341 δι’
3456 4281 3628 4344 αὑτοῦ,
3660 4278 3724 4326 τὶν

2205 4376 2366 4429 αὑτὸν
2401 4376 2496 4428 καὶ
2539 4377 2603 4427 ἐκ
2645 4375 2738 4428 τοῦ
2776 4377 3011 4445 Πατρός.
3050 4378 3160 4429 Καὶ
3192 4379 3255 4431 ού
3304 4378 3386 4432 δεῖ
3420 4393 3478 4430 σε
3527 4377 3645 4428 νοεῖν
3665 4371 3760 4438 ὅτι,

2207 4468 2550 4538 ύπουργικήν
2582 4484 2704 4521 τινα
2739 4470 2928 4538 χρείαν
2954 4469 3291 4541 ἀποπληρῶν
3314 4474 3343 4525 6
3375 4471 3508 4536 Υἱὸς,
3540 4467 3593 4519 τὸ
3612 4461 3724 4529 περὶ

2206 4558 2299 4611 τοῦ
2343 4560 2557 4631 Πατρὸς
2611 4562 2839 4630 Πνεῦμα
2888 4561 3209 4615 ἀποστέλλει
3267 4565 3334 4634 τῇ
3392 4561 3579 4624 κτίσει,
3625 4551 3724 4610 ἀλλὰ

2209 4651 2472 4718 φυσικῶς.
2510 4653 2575 4704 Εἰ
2617 4653 2724 4722 γὰρ
2762 4654 2790 4705 6
2821 4652 2945 4715 Υίδς
2976 4654 3327 4722 ὑπουργικῶς
3376 4653 3543 4723 ἐνίησι
3583 4648 3656 4702 καὶ
3682 4643 3724 4696 οὗ

2210 4742 2454 4810 φυσικῶς
2484 4743 2544 4796 τὸ
2590 4743 2836 4812 Πνεῦμα,
2868 4746 2976 4816 ἄρα
3012 4749 3107 4800 καὶ
3151 4747 3180 4799 6
3213 4746 3403 4815 Πατὴρ
3435 4735 3726 4813 ύπουργικῶς

2209 4834 2322 4900 ἔχει
2348 4835 2407 4887 τὸ
2436 4833 2678 4904 Πνεῦμα,
2710 4837 2802 4888 καὶ
2839 4837 2899 4888 οὐ
2932 4837 3200 4905 φυσικῶς.
3241 4837 3459 4908 Ἐπειδὴ
3485 4836 3540 4889 ὃν
3571 4829 3725 4902 τρόπον

518 4915 584 4965 de
617 4910 777 4976 Filio,
811 4911 886 4966 ita
921 4913 1245 4984 intelligitur
1281 4890 1347 4970 de
1375 4890 1556 4981 Patre,
1589 4919 1892 4974 secundum
1919 4890 2091 4975 sancti

2207 4927 2408 4978 νοεῖται
2442 4925 2536 4978 τοῦ
2569 4926 2723 4993 Υίοῦ,
2760 4928 2963 4981 νοεῖται
2993 4926 3207 4982 καὶτοῦ
3238 4929 3452 4998 Πατρὸς
3480 4925 3606 4982 κατὰ
3627 4919 3726 4976 τοῦ·

519 5004 692 5078 hujus.
709 5006 1065 5072 sententiam;
1098 5005 1388 5077 Patrisque
1424 5018 1476 5063 et
1500 5008 1622 5064 Filii
1656 5013 1967 5068 communis
2019 5023 2102 5067 est

520 5097 778 5166 Spiritus,
803 5099 929 5167 quia
954 5115 1064 5155 non
1097 5110 1225 5154 sunt
1243 5103 1473 5171 separati
1505 5103 1744 5157 essentia
1763 5103 1924 5158 Pater
1941 5115 1993 5159 et
2012 5105 2103 5159 Fi-

519 5186 646 5242 l.us.
707 5186 766 5242 Si
803 5203 934 5258 ergo
987 5205 1283 5245 commune
1335 5201 1438 5254 est,
1479 5206 1586 5260 quo
1616 5193 1776 5263 modo
1811 5194 1885 5258 de
1943 5194 2102 5249 Patre

521 5277 738 5343 dicitur,
786 5281 977 5335 eodem
1024 5289 1080 5336 et
1107 5284 1172 5336 de
1203 5281 1343 5337 Filio
1374 5301 1388 5336 :
1419 5298 1607 5351 quare,
1646 5285 1691 5338 si
1731 5288 1797 5341 de
1830 5285 1990 5340 Patre
2021 5286 2103 5340 di-

522 5373 664 5426 citur
705 5371 848 5441 quod
891 5372 959 5425 ab
987 5386 1053 5426 eo
1089 5375 1334 5442 procedit
1369 5375 1498 5447 (non
1539 5377 1683 5430 enim
1717 5377 1861 5431 aliud
1905 5393 2100 5446 possu-

523 5479 646 5516 mus
697 5463 1048 5534 intelligere),
1102 5465 1308 5520 dicitur
1351 5479 1529 5522 autem
1575 5479 1632 5522 et
1684 5467 1801 5523 Filii
1840 5469 2098 5537 Spiritus,

523 5567 649 5622 ergo
674 5564 730 5610 et
775 5556 843 5610 ab
871 5571 936 5611 eo
961 5559 1228 5624 procedit.
1265 5557 1320 5612 Si
1355 5576 1483 5615 vero
1516 5561 1719 5616 dixerit
1764 5564 1911 5632 quis,
1956 5565 2100 5632 quod

525 5645 826 5698 secundum
857 5649 1326 5704 consubstantiale
1357 5652 1423 5706 de
1454 5652 1592 5706 Filio
1625 5653 1843 5719 dicitur,
1875 5671 1972 5709 nec
2001 5672 2096 5725 po-

531 5743 632 5786 test
661 5733 768 5787 dici
817 5739 1111 5792 secundum
1167 5757 1422 5805 causam,
1489 5745 1763 5798 diceretur
1823 5746 2087 5815 (inquam)

529 5824 690 5876 Pater
736 5827 785 5878 et
821 5825 986 5881 Filius
1019 5830 1186 5896 ipsius
1224 5832 1488 5898 Spiritus;
1531 5838 1652 5904 quia
1707 5838 1860 5890 unius
1904 5855 2087 5893 esseu-

2204 5033 2296 5070 τον
2325 5017 2418 5068 τὸν
2447 5017 2624 5086 ἅγιον.
2658 5020 2770 5072 Καὶ
2804 5021 2984 5074 κοινόν
3015 5039 3150 5092 φησι
3182 5024 3396 5094 Πατρδς
3424 5023 3512 5076 καὶ
3547 5015 3654 5072 Υίοῦ
3678 5010 3723 5065 τὸ

2207 5107 2434 5177 Πνεῦμα
2457 5124 2470 5138 °
2509 5109 2698 5178 ἐπειδὴ
2727 5111 2788 5162 οὐ
2823 5111 3184 5184 διωρισμένης
3212 5115 3401 5177 οὐσίας
3441 5111 3570 5167 εἰσιν
3593 5111 3617 5163 6
3640 5105 3725 5159 Πιο

2203 5197 2309 5268 τὴρ
2349 5198 2442 5250 καὶ
2475 5199 2501 5250 6
2532 5198 2680 5262 Υίός.
2708 5199 2771 5253 ΕΙ
2795 5196 2889 5255 οῦν
2926 5201 3126 5267 κοινὸν,
3153 5203 3277 5258 καθ’
3301 5204 3364 5256 ὃν
3394 5203 3582 5272 τρόπον
3605 5195 3725 5260 λέγε·

2203 5305 2293 5343 ται
2330 5289 2422 5342 τοῦ
2481 5291 2716 5361 Πατρδς,
2755 5294 2876 5346 κατ’
2923 5294 3085 5347 αὐτὸν
3136 5295 3326 5349 τοῦτον
3373 5287 3574 5348 καὶτοῦ
3625 5281 3724 5341 Υἱοῦ

2205 5382 2448 5450 λέγεται.
2479 5384 2643 5436 Ὥστε
2681 5387 2730 5438 εί
2761 5385 2979 5453 λέγεται
3031 5386 3124 5438 τοῦ
3161 5386 3373 5458 Πατρὸς
3399 5388 3476 5441 δτι
3520 5375 3723 5451 ἐξοικειτοῦ

2203 5474 2582 5543 ἐκπορεύεται,
2624 5477 2684 5529 οὐ
2715 5477 2824 5546 γὰρ
2865 5477 2993 5530 ἄλλο
3025 5476 3304 5547 δυνάμεθα
3347 5480 3502 5539 νοεῖν,
3543 5474 3723 5540 λέγεται

2203 5565 2259 5616 δὲ
2290 5567 2386 5618 καὶ
2415 5566 2507 5620 τοῦ
2544 5568 2678 5621 Υίοῦ
2708 5571 2768 5621 τὸ
2799 5569 3042 5640 Πνεῦμα,
3077 5573 3182 5642 ἄρα
3209 5575 3297 5626 καὶ
3327 5573 3386 5636 ἐξ
3414 5568 3566 5623 αὑτοῦ
3598 5567 3726 5616 tam?

2209 5657 2446 5724 ρεύεται.
2487 5661 2546 5712 Ei
2572 5662 2806 5730 δέ.λέγοι
2838 5681 2918 5726 τις
2942 5666 3024 5718 ὅτι
3053 5667 3197 5719 κατὰ
3227 5665 3284 5716 τὸ
3308 5661 3578 5732 ὁμοούσιον
3601 5656 3723 5717 λέγε·

2204 5767 2289 5800 ται
2318 5750 2408 5802 τοῦ
2443 5753 2564 5804 Υξοῦ
2591 5756 2680 5807 καὶ
2711 5757 2771 5807 ού
2794 5757 2930 5808 κατὰ
2959 5759 3017 5810 τὸ
3047 5759 3236 5821 αἴτιον,
3269 5755 3477 5820 ἐλέγετο
3499 5748 3723 5812 ἀκεῖται·

2204 5860 2299 5910 μεν
2333 5847 2421 5895 x1".
2449 5847 2628 5913 ἡμεῖς,
2713 5850 2897 5917 Πατὴρ
2927 5851 3016 5902 καὶ
3045 5853 3069 5903 6
3111 5852 3224 5914 fio;
3275 5849 3364 5903 τσῦ
3424 5845 3719 5912 Excipi-310$
