3978 6204
312 300 440 365 Ῑιὲὶ

951 266 1097 370 PRO
1140 312 1346 373 CONC.
1395 311 1761 374 FLORENT.
1807 314 1963 377 CAP.
2011 317 2033 374 Ι
2101 319 2194 377 DE
2235 321 2540 385 SPIRITU
2599 321 2902 389 SANCTO.

3433 341 3568 436 1122

308 417 496 482 ἐπειδὴ
551 418 678 486 μιᾶς
715 420 901 484 οὐσίας
949 424 1057 475 εἰσὶ
1097 425 1163 478 τὰ
1201 428 1322 496 τρία
1381 430 1687 496 πρόσωπα·
1747 433 1860 483 ὀλλέ

1986 430 2070 485 tiae
2099 445 2226 489 sunt
2251 446 2360 493 tres
2392 456 2662 509 personm;
2695 457 2749 500 at
2776 447 2825 498 id
2860 463 2968 501 non
3007 449 3228 507 dicitur.
3267 455 3569 515 Damasce-

306 505 469 559 τοῦτο
499 508 557 560 οὐ
607 509 846 576 λέγεται.
893 514 951 566 Ὀ
982 518 1343 587 Δαμασκηνός
1378 538 1459 573 σοι
1507 525 1633 585 τοὺς
1670 526 1878 593 μυκτῆ-

309 615 408 666 ρας
442 604 735 669 συντρίϐει,
777 607 833 656 ἐν
866 608 944 676 τῷ
991 609 1161 680 ὀγδόῳ
1192 614 1473 683 κεφαλαίῳ
1518 616 1624 668 τῶν
1663 619 1877 671 930.10-

303 690 491 757 τικῶν
526 709 540 723 ·
573 695 678 747 Τὸν
728 697 784 750 δὲ
816 698 964 767 Υἱὸν,
1021 707 1206 770 φησὶν,
1243 705 1366 759 οὔτε
1422 709 1512 761 τοῦ
1561 711 1877 780 Πνεῦματος

303 781 538 852 λέγομεν
568 786 690 838 οὔτε
726 790 832 858 μὴν
859 793 922 844 ἐκ
949 795 1042 846 τοῦ
1071 797 1406 866 Πνεῦματος.
1440 803 1547 853 Καὶ
1576 804 1877 872 Γρηγὸριος

301 879 328 928 6
349 879 572 950 Νῦσσης
600 883 656 933 ἐν
699 887 764 954 τῇ
789 888 946 958 τρίτῃ
971 892 1157 963 ὁμιλίᾳ
1184 895 1276 946 τοῦ
1308 896 1518 968 «Πάτερ
1537 901 1750 967 ἡμῶν),
1782 920 1878 955 κα-

299 970 496 1024 λύπτει
527 991 607 1026 σοι
630 976 755 1040 τοὺς
773 980 1104 1050 ὀφθαλμούς
1129 1005 1147 1038 ι
1173 986 1379 1056 ὈΥἱδς,
1413 996 1566 1060 conci,
1590 994 1681 1047 τοῦ
1708 996 1877 1049 Πνεύ-

304 1079 474 1128 ματος
509 1064 630 1117 οὔτε
661 1067 808 1120 ἐστὶν
847 1071 967 1124 οὔτε
1001 1068 1214 1143 λέγεται
1242 1097 1256 1110 ⁸
1291 1081 1414 1133 οὔτε
1463 1085 1812 1157 ἀντιστρέφει
1840 1091 1872 1158 ή

302 1158 528 1226 σχετικὴ
581 1159 870 1216 ἀκολουθία
902 1167 1040 1236 αὕτη
1063 1185 1076 1199 ’
1124 1172 1260 1226 ἀλλὰ
1298 1176 1359 1226 τὸ
1391 1177 1614 1248 Πνεῦμα
1657 1181 1872 1248 λέγεται

297 1247 393 1298 τοῦ
428 1247 580 1314 Υξοῦ,
618 1253 697 1305 ὅτι
732 1260 866 1326 παρ’
893 1259 1059 1312 αὐτοῦ
1096 1261 1384 1334 λαμϐάνει,
1417 1271 1511 1322 καὶ
1543 1275 1672 1340 παρ’
1704 1275 1871 1328 αὑτοῦ

301 1341 681 1409 ἐκπορεύεται,
716 1348 804 1400 καὶ
835 1349 896 1414 ἐξ
928 1352 1092 1406 αὑτοῦ
1131 1358 1241 1410 ἐστι
1275 1348 1528 1429 καθάπερ
1559 1365 1650 1416 καὶ
1683 1365 1745 1418 ἐκ
1777 1365 1871 1419 τοῦ

305 1430 576 1498 Πατρός.»
612 1438 712 1491 Διὰ
747 1440 904 1494 τοῦτο
937 1462 1102 1514 φησιν
1145 1450 1172 1500 6
1216 1450 1370 1517 ἅγιος
1397 1452 1549 1516 οὗτος
1582 1455 1870 1524 Κύριλλος,

303 1543 322 1574 ι
339 1525 499 1578 ἰδιον
521 1529 682 1582 αὑτοῦ
709 1534 825 1585 ἐστι
844 1535 1094 1608 καθάπερ
1116 1541 1208 1594 καὶ
1228 1544 1320 1595 τοῦ
1338 1544 1475 1599 Θεοῦ
1493 1547 1584 1601 καὶ
1607 1548 1835 1621 Πατρός.
1849 1571 1866 1602 ι

297 1617 414 1670 Τίνι
448 1621 634 1690 τρόπῳ
678 1624 825 1679 ἐστὶν
863 1627 993 1682 ἴδιον
1023 1631 1118 1684 τοῦ
1153 1635 1401 1706 Πατρόςς
1440 1638 1564 1690 "0::
1601 1640 1661 1704 ἐξ
1703 1617 1869 1696 αὑτοῦ

294 1707 356 1759 τὸ
405 1708 542 1765 εἶναι
599 1715 713 1782 εχει
762 1718 859 1771 καὶ
910 1722 1287 1788 ἐκπορεύεται.
1343 1728 1502 1783 Τοῦτ’
1535 1731 1664 1784 αὐτὸ
1701 1733 1784 1786 δεῖ
1809 1752 1868 1787 σε

295 1805 457 1867 νοεῖν,
511 1805 592 1858 ὅτι
638 1811 732 1863 καὶ
781 1811 846 1863 ὲκ
888 1813 984 1865 τοῦ
1046 1815 1176 1869 Υἱοῦ
1212 1819 1595 1889 ἐκπορεὺεται,
1632 1825 1865 1897 ἐπείπερ

297 1892 426 1945 ἴδιον
457 1895 621 1949 αὑτοῦ
648 1899 898 1971 καθάπερ
919 1903 1013 1958 καὶ
1040 1907 1133 1958 τοῦ
1165 1909 1396 1979 Πατρός.
1422 1915 1532 1968 Καὶ
1559 1916 1678 1984 μετ’
1708 1892 1866 1984 ὀλίγα

293 1984 320 2036 6
352 1985 515 2050 αὐτὸς
553 1990 708 2056 ἅγιός
749 2010 916 2064 φησιν
963 1997 1022 2048 ὲν
1047 1999 1114 2067 τῇ
1147 2000 1284 2070 αὐτῇ
1331 2003 1612 2074 ἐξηγήσει,
1645 2027 1664 2058 ‹
1706 2010 1866 2064 Ἱδιόν

293 2094 405 2146 φαμ
417 2094 474 2129 εν
494 2081 586 2131 τοῦ
610 2082 736 2136 Υἱοῦ
776 2087 865 2136 τὸν
891 2088 1266 2159 Παράκλητον,
1284 2097 1530 2160 τουτέστι
1557 2100 1616 2152 τὸ
1642 2103 1867 2172 Πνεῦμα

291 2170 352 2220 τὸ
401 2171 577 2239 ἅγιον,
631 2177 723 2229 καὶ
762 2178 1394 2256 οὐκὲπεισκρινόμενον
1441 2191 1660 2257 ἔξωθεν,
1715 2198 1865 2262 οὐδὲν

291 2264 586 2334 ἐπίκτητον
611 2269 670 2321 ἐν
697 2271 870 2340 αὐτῷ,
897 2275 1148 2346 καθάπερ
1179 2281 1328 2334 ἐστὶν
1353 2285 1410 2336 ἐν
1441 2288 1554 2348 τοῖς
1578 2287 1866 2360 ἁγιότητος

288 2357 576 2428 δεκτικοῖς,
615 2359 693 2426 οἷς
730 2367 823 2418 καὶ
849 2368 914 2422 ἐκ
945 2369 1020 2438 μὴ
1047 2371 1215 2426 ὄντων
1249 2377 1282 2446 ἡ
1314 2377 1548 2444 γένεσις,
1586 2383 1702 2436 ἀλλ’
1733 2357 1865 2452 ὀ-μο-

288 2449 469 2504 οὖλον
513 2455 662 2524 αὖτῷ
696 2457 948 2530 καθάπερ
985 2463 1175 2532 ἀμέλει
1229 2472 1323 2522 καὶ
1364 2471 1456 2524 τοῦ
1499 2475 1730 2544 Πατρός.
1769 2449 1860 2532 ⁷Οὐ

286 2540 396 2609 γὰρ
423 2543 646 2614 λαλήσει
676 2547 771 2615 ἀφ’
799 2550 1016 2615 ἑαυτοῦ,
1047 2554 1163 2607 ἀλλ’
1188 2557 1286 2610 ὅσα
1319 2561 1389 2612 ἂν
1427 2540 1659 2636 ἀκούση.
1689 2569 1860 2626 Ὅταν

285 2629 379 2686 οὖν
401 2633 773 2706 ἔλθῃ-ἐκεῖνος,
796 2643 1074 2697 τουτέστιν
1094 2649 1120 2700 6
1148 2650 1525 2722 Παράκλητος,
1549 2657 1611 2709 τὸ
1635 2659 1862 2730 Πνεῦμα

283 2725 384 2794 τῆς
414 2727 691 2796 ἀληθεὶας,
722 2732 978 2804 ὁδηγήσει
1014 2737 1160 2806 ὑμᾶς
1224 2741 1323 2810 τὴν
1368 2745 1645 2815 ἀλήθειαν.
1685 2725 1859 2806 Βλέπε

281 2817 340 2870 δὲ
365 2817 439 2880 ὠς
471 2822 774 2892 ἐγρήγορεν
806 2827 838 2896 ή
869 2829 1042 2897 φωνὴ,
1078 2831 1178 2899 ὅρα
1205 2833 1299 2887 τοῦ
1333 2836 1489 2905 λόγου
1519 2842 1619 2909 τὴν
1655 2843 1816 2914 νῆψιν
1841 2863 1856 2877 ⁸
1883 2903 1889 2909 _

283 2914 633 2981 προειρηκὼς
665 2916 772 2987 γὰρ
803 2917 956 2988 ἥξειν
987 2923 1075 2975 ἐπ’
1119 2924 1315 2991 αὐτοὺς
1345 2929 1437 2983 τὸν
1477 2934 1855 3007 Παρὰκλητον,

281 3002 345 3054 τὸ
377 3004 602 3074 Πνεῦμα
632 3007 731 3075 τῆς
763 3009 1024 3078 ἁληθεῐας
1051 3013 1338 3086 ὠνόμασεν
1359 3023 1539 3087 αὐτὸν,
1576 3002 1856 3084 τουτέστιν

283 3089 478 3145 ἑαυτοῦ
504 3109 519 3125 ο
559 3095 719 3160 αὐτὸς
747 3099 856 3169 γάρ
885 3101 1035 3156 ἐστιν
1077 3105 1109 3176 ἡ
1142 3107 1388 3179 ἀλήθεια.
1433 3113 1545 3168 Ἵνα
1584 3113 1640 3170 δὲ
1666 3121 1857 3175 εἰδεῖεν
1885 3131 1927 3188 C

283 3184 335 3234 οἱ
365 3183 626 3254 μαθηταὶ,
655 3188 732 3252 ὡς
767 3191 866 3244 οὐκ
903 3193 1192 3267 ἀλλοτρίαν
1228 3203 1318 3254 καὶ
1355 3205 1512 3276 ξένην
1543 3212 1706 3263 αὐτοῦ
1737 3215 1854 3267 ἐπι-

283 3278 557 3345 φοίτησιν,
591 3279 707 3334 ἀλλ’
735 3283 928 3339 ἑαυτὸν
956 3290 1160 3360 ἑτέρως
1189 3295 1478 3351 ἐπιδώσειν
1523 3303 1855 3373 ἐπαγγέλλε-

280 3385 396 3432 ται,
429 3371 650 3441 Πνεῦμα
699 3376 798 3443 τῆς
850 3379 1130 3450 ἀληθείας,
1175 3388 1458 3443 τουτέστιν
1505 3394 1724 3463 ἑαυτοῦ,
1764 3401 1856 3453 τὸν

282 3459 644 3532 Παράκλητον
693 3470 979 3529 ἀποκαλεῖ.
1015 3476 1087 3528 Οὐ
1134 3481 1244 3548 γὰρ
1290 3482 1571 3554 ἀλλότριον
1623 3459 1721 3556 τῆς
1758 3491 1852 3545 τοῦ

283 3552 623 3620 Μονογενοῦς
653 3558 842 3625 οὐσίας
867 3564 926 3617 τὸ
948 3565 1102 3633 ἅγιον
1123 3573 1323 3626 νοεῖται
1353 3552 1596 3646 Πνεῦμα.
1634 3552 1852 3649 Πτρόεισι

279 3643 338 3700 δὲ
373 3649 616 3712 φυσικῶς
641 3651 700 3718 ἐξ
722 3653 912 3722 αὐτῆς.
940 3658 1090 3710 οὐδὲν
1119 3661 1306 3730 ἕτερον
1337 3669 1466 3737 παρ’
1489 3643 1650 3726 αὑτὸν
1682 3643 1859 3744 ῦπάρ-

281 3756 397 3806 χον,
448 3741 572 3794 ὅσον
616 3745 695 3806 εἰς
748 3749 1047 3820 ταυτότητα
1100 3752 1316 3822 φύσεώς
1346 3775 1360 3790 ο
1410 3764 1459 3813 ει
1501 3765 1592 3815 καὶ
1650 3771 1852 3820 νοεῖται

279 3831 446 3900 τυχὸν
487 3835 889 3901 ἰδιοσυστάτως.
933 3860 952 3892 ο
993 3844 1098 3897 Καὶ
1140 3849 1260 3913 μεθ’
1288 3849 1472 3921 ἔτερα,
1501 3873 1522 3904 ι
1566 3856 1853 3913 ’Ὀτανοῦν

279 3921 408 3992 ἔλθῃ
457 3925 683 3994 ἐκεῖνος,
720 3933 905 4000 φησιν,
949 3936 1011 3987 οὐ
1047 3937 1267 4007 λαλήσει
1320 3944 1413 4013 ἀφ’
1451 3937 1688 4003 ἑαυτοῦ(
1736 3953 1852 4006 ἀλλ’

280 4015 403 4068 οὐδὲ
436 4018 581 4080 ξένον
608 4020 735 4085 ὑμῖν
766 4025 1121 4097 εἰσηγήσεται
1157 4033 1410 4104 μάθημα.
1443 4039 1519 4091 Οὐ
1549 4041 1656 4110 γὰρ
1690 4045 1852 4113 τυχῆν

239 4165 242 4167 ς
280 4109 505 4163 εἰσοίσει
541 4114 759 4181 νόμους.
804 4116 1026 4189 Ἐπειδὴ
1057 4122 1112 4174 δὲ
1145 4125 1386 4195 Πνεῦμα,
1417 4133 1510 4183 καὶ
1541 4135 1702 4187 οἱονεὶ
1730 4139 1852 4201 νοῦς

278 4201 429 4252 ἐστιν
484 4204 639 4271 ἐμὸς,
694 4206 916 4276 λαλήσει
947 4211 1010 4283 δὴ
1047 4215 1226 4267 πάντα
1275 4220 1344 4273 τὰ
1388 4223 1445 4272 ὲν
1502 4225 1643 4292 ἐμοί.
1687 4247 1703 4278 ι
1745 4231 1852 4282 Καὶ

281 4293 404 4361 μετ’
433 4295 624 4362 ὀλίγα⁶
670 4316 688 4349 ι
742 4300 960 4372 Ἐπειδὴ
997 4307 1214 4371 πάντως
1242 4312 1304 4363 ὲκ
1346 4315 1445 4384 τῆς
1488 4318 1630 4387 ἐμῆς
1661 4322 1851 4387 οὐσίας

276 4383 400 4437 ἐστὶ
445 4387 504 4439 τὸ
532 4389 779 4454 Πνεῦμα,
811 4395 904 4447 καὶ
931 4392 1044 4450 οἷον
1088 4401 1220 4469 ἐμός
1253 4403 1368 4455 ἐστι
1402 4383 1558 4474 νοῦς,
1587 4383 1652 4464 τὸ
1704 4383 1850 4484 ἐρεῖν

277 4474 412 4528 αὐτὸ
439 4477 508 4530 τὰ
538 4481 770 4549 ἐσόμενα
801 4486 902 4538 οὐκ
941 4489 1238 4559 ἐνδέχεται,
1284 4497 1358 4566 μὴ
1390 4499 1511 4570 οὐχὶ
1541 4474 1756 4565 πάντως
1792 4510 1849 4559 ὲν

278 4567 404 4634 ὲμοξ
431 4586 493 4621 τε
522 4571 766 4642 ὑπάρχον
795 4577 889 4630 καὶ
917 4577 984 4631 δι’
1017 4582 1150 4648 ἐμοῦ
1183 4588 1387 4650 προῖόν.
1557 4595 1638 4654 τὸ,
1680 4599 1848 4650 Ἐκεῖ-

278 4678 368 4721 νος
401 4662 499 4730 ἐμὲ
533 4663 766 4731 δοξάσει,
800 4667 881 4721 ὅτι
907 4673 971 4722 ἐκ
999 4674 1093 4726 τοῦ
1121 4676 1254 4744 ἐμοῦ
1286 4680 1510 4748 λήψεται
1545 4688 1639 4752 καὶ
1679 4689 1848 4754 ἀναγ-

279 4753 430 4818 γελεῖ
467 4756 612 4824 ὑμῖν.
643 4759 898 4824 «Δοξάξει
930 4765 1218 4833 τοιγαροῦν
1249 4771 1338 4822 τὸν
1361 4773 1487 4825 Υὶὸν
1514 4776 1848 4851 “Iapeti-:11;-

277 4865 392 4908 τος,
427 4852 674 4905 τουτέστι
706 4855 764 4905 τὸ
797 4855 926 4909 ἴδιον
950 4859 1114 4912 αὑτοῦ
1156 4863 1402 4932 Πνεῦμα,
1451 4870 1631 4922 πάντα
1665 4876 1849 4942 ἰσχύον

280 4942 378 4993 καὶ
426 4943 601 4995 πάντα
636 4947 794 5009 εξδός.
841 4949 1066 5013 Δοξάζει
1100 4952 1155 5005 δὲ
1192 4956 1348 5021 πῶς;
1384 4960 1417 5011 ἃ
1454 4962 1562 5032 γὰρ
1608 4959 1712 5017 οἶδε
1755 4969 1848 5020 καὶ

277 5031 503 5084 δύναται
533 5036 592 5086 τὸ
623 5037 847 5104 Πνεῦμα
874 5041 1060 5104 αὐτοῦ,
1103 5044 1220 5107 πῶς
1251 5047 1316 5099 ἂν
1356 5052 1516 5114 αὐτὸς
1547 5055 1647 5107 οὐκ
1680 5059 1846 5130 εἰδείη

283 5123 460 5191 τυχὸν,
489 5125 521 5196 ἢ
577 5126 693 5189 πῶς
721 5129 821 5182 οὐκ
856 5131 923 5182 ἂν
971 5133 1217 5202 «Silvano;
1271 5139 1366 5192 καὶ
1400 5141 1849 5220 εἴπερ,καοάπερ

285 5215 442 5277 αὐτός
479 5235 665 5285 φησιν,
697 5221 755 5285 ἐξ
786 5222 954 5274 αὐτοῦ
993 5222 1261 5296 λαμϐάνει
1289 5218 1368 5282 τδ¹
1389 5234 1636 5304 Πνεῦμα,
1670 5239 1847 5294 καίτοι

281 5308 462 5361 πάντα
492 5311 678 5379 ἰσχύον
712 5317 800 5366 καὶ
833 5317 1155 5385 κατορθοῦν,
1185 5321 1302 5385 πῶς
1327 5323 1391 5376 ἂν
1419 5327 1581 5391 αὐτὸς
1611 5333 1710 5383 οὐκ
1736 5335 1848 5403 ἔχοι

288 5399 339 5451 τὸ
369 5400 452 5467 ἐφ’
482 5401 687 5454 ἆπασιν
719 5403 979 5475 ἰσχυρόν;
1018 5425 1036 5458 ι
1068 5409 1176 5462 Καὶ
1209 5413 1327 5480 μετ’
1351 5413 1506 5483 ὀλίγα
1528 5433 1540 5446 ·
1575 5437 1592 5469 ι
1635 5399 1851 5493 Ἐπειδὴ

283 5493 334 5543 δὲ
361 5493 641 5560 ὁμοούσιόν
666 5495 724 5546 τὲ
755 5497 870 5548 ἐστι
897 5499 973 5566 τῷ
1003 5500 1134 5570 Υἱῴ,
1161 5505 1254 5555 καὶ
1281 5508 1492 5570 πρόεισι
1521 5510 1846 5581 Οεοπρεπῶς

281 5584 340 5650 ἐξ
371 5587 560 5650 αὑτοῦ,
597 5589 777 5643 πᾶσαν
809 5589 977 5643 αὐτοῦ
1023 5593 1122 5660 τὴν
1161 5594 1245 5661 ἐφ’
1293 5598 1465 5651 ἅπασι
1510 5604 1846 5667 τελειοτάτην

279 5676 402 5744 ἔχον
431 5677 713 5746 ἐνέργειαν
743 5695 798 5730 τε
829 5681 922 5731 καὶ
953 5681 1202 5749 δύναμιν,
1231 5684 1316 5738 διὰ
1340 5688 1492 5740 τοῦτο
1527 5707 1708 5760 φησιν,
1755 5695 1848 5748 Ἐκ

283 5769 375 5821 τοῦ
409 5767 543 5838 ἐμοῦ
580 5770 824 5838 λήψεται.
864 5791 880 5821 ι
925 5773 1034 5826 Καὶ
1081 5775 1199 5843 μεθ’
1228 5777 1391 5847 ἕτερα
1418 5797 1429 5808 ·
1479 5800 1495 5832 ‹
1545 5784 1845 5853 ’Λκατηγφ

1980 539 2081 577 nus
2127 526 2221 580 tibi
2273 546 2431 584 nares
2467 536 2723 596 contr-rit,
2759 540 2933 606 capite
2963 554 3155 608 octavo
3191 561 3302 600 suae
3343 549 3565 604 Theolo-

1979 618 2078 684 gt'te
2103 633 2121 670 :
2156 637 2172 670 ι
2209 620 2399 676 Filium
2431 624 2606 691 (dicit)
2637 643 2811 696 neque
2850 627 3089 698 Spiritus
3119 636 3352 692 dicimus
3393 657 3568 711 neque

1979 724 2041 762 es
2080 713 2312 778 Spiritu.
2354 734 2372 766 ι
2409 714 2471 769 Et
2516 717 2809 788 Gregorius
2846 722 3142 792 Nyssentts,
3183 731 3339 784 tertia
3387 732 3567 787 homi-

1979 799 2084 863 lia,
2143 819 2307 870 super
2352 822 2370 855 ι
2409 806 2569 861 Pater
2606 824 2821 876 noster,
2853 832 2872 864 ιι
2925 817 3163 870 occludit
3207 821 3300 872 tibi
3334 827 3568 882 oculos:

1983 911 2001 944 ι
2047 893 2238 961 Filius,
2284 898 2480 966 inquit,
2541 901 2776 969 Spiritus
2823 922 2999 975 neque
3039 919 3144 972 est,
3195 927 3373 980 neque
3424 903 3564 972 dici-

1979 998 2087 1050 tur,
2122 1003 2300 1055 neque
2356 991 2469 1045 haec
2499 993 2723 1048 relativa
2767 1003 3158 1066 consequentia
3183 1006 3562 1065 convertitur:

1976 1078 2069 1132 sed
2105 1077 2341 1147 Spiritus
2381 1081 2500 1136 Filii
2532 1083 2752 1151 dicitur,
2800 1089 2926 1156 quia
2977 1091 3045 1145 ab
3101 1107 3168 1147 eo
3221 1097 3444 1165 accipit,
3485 1102 3556 1156 ab

1976 1184 2148 1238 eoque
2203 1173 2473 1239 procedit,
2537 1183 2592 1229 et
2634 1192 2700 1229 ex
2743 1193 2806 1230 eo
2842 1189 2926 1234 est
2975 1185 3434 1251 quemadmodum
3491 1207 3564 1247 ex

1976 1258 2156 1315 Patre.
2184 1279 2202 1311 ι
2235 1260 2445 1318 Idcirco
2476 1276 2699 1321 sanctus
2729 1268 2820 1322 hic
2855 1271 3088 1340 Cyrilns
3121 1275 3336 1345 inquit;
3375 1298 3392 1330 ι
3428 1281 3564 1334 Prc-

1976 1351 2127 1420 prius
2166 1353 2298 1420 ‘ejus
2349 1365 2452 1420 est,
2503 1369 2560 1410 ut
2638 1357 2725 1412 Dei
2778 1372 2834 1415 et
2887 1363 3083 1420 Patris.
3122 1386 3141 1419 ι
3210 1371 3329 1434 Quo
3391 1388 3562 1442 pacto

1975 1444 2226 1512 proprius
2269 1457 2353 1501 est
2391 1447 2604 1503 Pat‘ris?
2637 1451 2772 1516 Quia
2809 1469 2870 1508 es
2908 1471 2975 1510 eo
3011 1459 3170 1514 habet
3201 1477 3322 1517 esse
3353 1476 3406 1518 et
3435 1483 3561 1534 pro-

1974 1535 2119 1590 cedit
2150 1555 2162 1590 :
2199 1537 2299 1592 hoc
2332 1538 2474 1593 idem
2523 1549 2577 1596 te
2619 1543 3200 1619 intelligereoportet,
3237 1558 3380 1623 quod
3415 1570 3467 1612 et
3495 1575 3558 1614 ex

1974 1627 2114 1682 Filio
2149 1632 2428 1699 procedit,
2454 1633 2578 1702 quia
2618 1641 2874 1706 proprius
2918 1643 3037 1709 ejus
3072 1655 3174 1710 est,
3211 1651 3563 1716 quemadmo-

1973 1720 2101 1774 dum
2135 1730 2190 1775 et
2220 1721 2391 1777 Patris
2423 1742 2438 1789 ;
2475 1737 2529 1781 et
2557 1730 2716 1797 paulo
2750 1743 2888 1798 post,
2922 1734 3012 1789 hic
3061 1739 3201 1792 idem
3239 1751 3462 1795 sanctus
3504 1744 3555 1796 in

1973 1809 2161 1864 eadem
2214 1815 2555 1882 expositione
2601 1819 2720 1872 ait:
2761 1839 2778 1871 ι
2835 1821 3123 1892 Proprium
3159 1829 3276 1881 Filii
3324 1831 3558 1887 dicimus

1974 1902 2338 1972 Paracletum,
2382 1909 2435 1963 id
2467 1917 2550 1964 est
2597 1911 2860 1981 Spiritum
2896 1928 3168 1984 sanctum,
3211 1939 3318 1977 non
3353 1927 3559 1979 extrin-

1971 2013 2145 2053 secus:
2174 1999 2593 2070 ingredientem,
2649 2024 2827 2077 neque
2883 2011 3239 2069 adventitium
3296 2018 3346 2071 in
3371 2035 3457 2083 eo,
3498 2029 3555 2073 ut

1971 2092 2025 2146 in
2060 2093 2128 2147 iis
2159 2097 2341 2149 evenit
2405 2097 2494 2164 qui
2525 2101 2867 2156 sanctitatem
2901 2107 3229 2176 suscipiunt,
3266 2122 3319 2165 et
3345 2129 3408 2166 ex
3445 2129 3552 2168 non

1969 2183 2192 2238 cutibus
2225 2199 2595 2258 generantur;
2633 2195 2728 2248 sed
2769 2198 3252 2266 co_usubstantial'rs
3304 2205 3352 2258 ei
3395 2221 3550 2272 sane,

1969 2287 2027 2327 ut
2059 2285 2113 2331 et
2142 2275 2320 2333 Patris
2357 2296 2372 2332 :
2406 2296 2515 2336 non
2570 2285 2715 2338 enim
2765 2287 3005 2357 loquitur
3045 2306 3075 2344 a
3107 2295 3424 2365 semetipso,
3455 2301 3552 2352 sed

1967 2381 2306 2438 qumcuuque
2361 2374 2652 2431 audiverit.
2706 2378 2938 2443 Quando
2991 2383 3158 2452 igitur
3202 2392 3410 2444 venerit
3438 2392 3547 2453 ille.

1967 2457 2019 2510 id
2059 2469 2142 2514 est
2195 2461 2508 2521 Paracletus
2585 2467 2822 2539 Spiritus
2877 2476 3136 2543 veritatis,
3175 2479 3390 2534 docebit
3455 2497 3548 2536 vos

1967 2565 2184 2610 omnem
2223 2557 2527 2613 veritatem.
2554 2559 2940 2620 Animadverte
2973 2583 3133 2636 quam
3173 2572 3402 2638 vigilans
3427 2591 3551 2642 pro-

1968 2641 2198 2712 vidaque
2253 2645 2325 2700 sit
2357 2663 2485 2712 vox,
2540 2651 2662 2705 vide
2708 2655 2950 2710 nominis
3007 2659 3379 2716 sobrietatem.
3415 2665 3548 2718 Nam

1965 2748 2087 2788 cum
2124 2739 2462 2803 prtctlixisset
2501 2757 2668 2811 super
2701 2760 2797 2800 eos
2846 2758 3136 2804 venturum
3181 2752 3561 2817 Paraclctutn,‘

1972 2823 2238 2892 Spiritum
2294 2831 2542 2885 veritatis
2594 2849 2717 2888 cum
2771 2838 3084 2907 appellavit,
3120 2843 3173 2896 id
3202 2855 3288 2898 cst
3320 2846 3547 2916 suimet;

1963 2913 2080 2985 ipse
2118 2919 2265 2972 enim
2303 2931 2386 2975 est
2429 2924 2630 2979 verita‘s
2659 2940 2894 2980 :vverum
2952 2939 3010 2983 ut
3047 2933 3300 3001 discipuli
3337 2938 3548 2991 scirent

1963 3021 2072 3061 non
2102 3023 2221 3062 esse
2261 3010 2504 3066 alienum
2553 3025 2609 3067 et
2651 3023 2972 3072 extraneum
3013 3021 3158 3076 illius
3203 3024 3493 3079 adventum
3530 3048 3542 3080 :

1963 3098 2057 3153 sed
2081 3100 2323 3171 seipsum
2364 3104 2522 3158 aliter
2545 3107 2916 3163 exbibiturum
2941 3113 3248 3180 pollicetur,
3285 3116 3543 3185 Spiritum

1963 3193 2224 3256 veritatis,
2279 3195 2329 3248 id
2384 3207 2466 3251 est
2505 3200 2730 3264 suimet,
2805 3203 3143 3259 Paraclctum
3199 3206 3398 3265 vocat:
3436 3229 3542 3266 non
3603 3195 3638 3290 ’ἢ

1959 3287 2102 3338 enim
2147 3286 2214 3338 ab
2252 3286 2520 3357 Unigeniti
2562 3293 2799 3346 essentia
2842 3294 3054 3346 alienus
3103 3308 3326 3353 sanctus
3366 3299 3540 3370 Spiri-

1963 3385 2049 3430 tus
2081 3379 2444 3449 intelligitur:
2480 3382 2726 3448 procedit
2758 3394 2937 3437 autem
2981 3389 3306 3442 naturaliter
3333 3394 3401 3444 ab
3452 3410 3541 3456 ea,

1961 3485 2085 3524 cum
2127 3472 2264 3524 nihil
2295 3473 2438 3528 aliud
2476 3483 2672 3542 praeter
2699 3491 2822 3528 eum
2859 3475 2950 3541 sit,
2984 3479 3162 3545 quoad
3198 3479 3538 3535 identitatetn

1960 3574 2196 3628 naturae;
2247 3574 2303 3619 et
2335 3565 2378 3620 si
2437 3575 2618 3631 potest
2669 3567 2895 3637 intelligi
2927 3572 3149 3640 proprio
3198 3575 3537 3630 snbsistendi

1959 3657 2141 3716 modo.
2180 3675 2199 3708 ι
2239 3657 2302 3710 Et
2337 3667 2458 3725 post
2491 3659 2632 3713 alia:
2670 3678 2689 3710 ι
2719 3642 2954 3726 Quando
2990 3662 3154 3732 igitur
3193 3669 3402 3721 venerit
3427 3669 3538 3732 ille,

1957 3763 2064 3801 non
2095 3747 2345 3816 loquetur
2390 3748 2610 3819 (inquit)
2654 3763 2684 3803 a
2729 3752 3022 3820 semetipso
3059 3749 3201 3808 :sed
3229 3771 3405 3824 neque
3439 3773 3541 3810 nn-

1955 3853 2078 3892 vam
2112 3851 2207 3890 vos
2241 3837 2455 3890 docebit
2487 3838 2791 3892 doctrinam
2821 3859 2840 3895 :
2880 3857 2988 3895 non
3017 3843 3161 3896 enim
3204 3844 3350 3913 leges
3388 3845 3535 3902 fert:

1956 3931 2048 3984 sed
2073 3929 2196 3997 quia
2235 3927 2494 3996 Spiritus,
2531 3940 2586 3984 et
2626 3933 2780 3999 quasi
2807 3949 2925 3987 mea
2961 3951 3116 3990 meus
3145 3948 3246 3998 est,
3286 3938 3540 4006 loquetur

1955 4033 2148 4076 cuncta
2195 4035 2313 4088 qme
2360 4030 2490 4075 sunt
2539 4023 2592 4074 in
2651 4039 2806 4077 me.)
2842 4026 2906 4078 Et
2951 4037 3076 4094 post
3104 4043 3273 4095 pauca
3303 4047 3320 4079 ι
3357 4028 3535 4095 :Quia

1954 4114 2180 4170 omnino
2207 4130 2272 4167 ex
2317 4127 2433 4166 mea
2461 4114 2696 4168 essentia
2725 4115 2963 4182 Spiritus
2992 4127 3096 4180 est,
3129 4128 3184 4172 et
3219 4121 3374 4187 quasi
3413 4137 3536 4176 mea

1957 4224 2130 4274 mens,
2163 4209 2208 4262 is
2257 4219 2481 4262 ventura
2521 4206 2704 4260 dicere
2741 4220 2846 4259 non
2911 4215 3109 4275 potest.
3163 4209 3263 4262 nisi
3309 4211 3535 4264 omnino

1957 4305 2010 4358 in
2039 4317 2123 4356 me
2159 4305 2250 4366 sit,
2285 4312 2338 4356 et
2372 4316 2465 4370 per
2497 4316 2582 4354 me
2609 4299 2889 4368 procedat.
2926 4319 2946 4350 ι
2989 4299 3164 4366 Super
3195 4300 3348 4363 illud,
3394 4320 3412 4351 ‹
3441 4303 3535 4355 Ide

1957 4411 2042 4449 me
2067 4391 2414 4465 gloril‘tCabit,
2438 4392 2566 4458 quia
2588 4391 2654 4443 de
2679 4404 2802 4443 meo
2837 4388 3086 4457 accipiet,
3109 4398 3162 4442 et
3187 4389 3536 4443 anuuntiabit

1883 4466 1927 4523 υ
1957 4485 2128 4540 vobis.
2149 4503 2166 4535 ι
2198 4514 2267 4522 -
2299 4482 2600 4536 tClariticat
2626 4495 2754 4548 ergo
2775 4479 2968 4532 Filium
2998 4478 3327 4544 Paraclctus,
3362 4480 3410 4534 id
3428 4492 3530 4545 esr,

1958 4577 2208 4646 proprius
2255 4575 2424 4641 ipsius
2461 4571 2735 4640 “Spiritus,
2794 4573 2920 4637 quia
2976 4571 3159 4623 omnia
3213 4579 3414 4636 potest,
3479 4582 3536 4625 et

1958 4670 2140 4724 omnia
2175 4669 2278 4722 scit
2311 4684 2326 4722 z
2367 4665 2647 4731 Quomodo
2679 4677 2810 4716 vero
2887 4663 3191 4717 clarilirat?
3244 4678 3362 4730 quae
3386 4665 3530 4717 enim

1957 4763 2064 4815 scit
2099 4773 2155 4818 et
2201 4767 2378 4828 potest
2409 4759 2525 4827 ejus
2563 4757 2812 4825 spiritus,
2871 4759 3146 4824 quomodo
3199 4756 3313 4825 ipse
3343 4757 3529 4825 utique

1957 4871 2066 4908 non
2110 4852 2331 4908 sciverit
2376 4851 2457 4904 vel
2513 4849 2743 4916 poterit?
2779 4859 2833 4902 et
2873 4850 2939 4912 si,
2993 4859 3052 4903 ut
3102 4850 3216 4916 ipse
3273 4849 3424 4914 dicit,
3464 4850 3532 4902 ab

1948 4966 2014 5004 eo
2049 4948 2283 5015 Spiritus
2332 4943 2546 5010 accipit,
2587 4944 2739 5011 atqui
2775 4947 2957 4999 omnia
2995 4953 3172 5009 potest
3204 4956 3258 4997 et
3292 4945 3527 5012 perﬁcit,

1948 5041 2220 5109 quomodo
2257 5038 2372 5107 ipse
2393 5035 2524 5089 -vim
2550 5047 2604 5089 et
2648 5039 2813 5090 robur
2843 5038 2896 5089 iu
2929 5037 3184 5089 omnibus
3228 5050 3334 5086 non
3365 5035 3528 5086 habe-

1948 5133 2060 5188 bit?
2083 5151 2101 5184 ι
2127 5132 2190 5186 Ει
2216 5130 2374 5200 paulo
2397 5137 2518 5198 post
2554 5145 2568 5187 ς
2599 5146 2616 5179 t
2649 5127 2919 5192 Quoniam
2940 5124 3416 5180 consubstantialis
3445 5132 3528 5178 est

1948 5227 2086 5281 Filio
2131 5234 2184 5279 et
2231 5239 2296 5277 ex
2350 5239 2418 5277 co
2464 5233 2523 5277 ut
2581 5225 2746 5276 Deum
2793 5225 2949 5275 dcent
2993 5219 3256 5287 procedit,
3306 5231 3526 5271 Omnem

1949 5333 2102 5372 suam
2139 5317 2191 5369 in
2223 5315 2478 5369 omnibus
2523 5313 2974 5381 perfectissimam
3025 5309 3394 5378 Operationem
3434 5311 3528 5361 lia-

1965 5409 2100 5462 bcns
2129 5416 2184 5461 et
2226 5408 2356 5468 vim,
2410 5408 2534 5459 ideo
2580 5405 2732 5466 dicit,
2772 5424 2787 5452 ι
2832 5405 2901 5456 De
2943 5417 3064 5456 mro
3111 5401 3359 5468 accipiet.
3386 5417 3404 5449 ι
3463 5400 3531 5452 Ει

1955 5508 2079 5569 post
2110 5499 2213 5550 alia
2254 5516 2266 5550 :
2309 5517 2326 5548 ι
2362 5493 2847 5564 lrrepreltensibile
2887 5495 3047 5562 igitur
3077 5507 3298 5548 oman
3318 5491 3444 5551 erit.
3477 5499 3532 5543 et

1953 5601 2106 5644 extra
2161 5604 2379 5642 omnem
2431 5587 2815 5641 contumeliam
2868 5588 3137 5654 positmn,
3186 5585 3230 5640 si
3284 5587 3349 5640 ab
3403 5584 3533 5640 Uni-

1959 5681 2140 5746 genilo
2192 5679 2319 5746 quid
2359 5677 2608 5746 accipere
2655 5678 2866 5732 dicatur
2915 5678 3031 5747 ejus
3077 5680 3347 5748 Spiritus;
3408 5695 3531 5732 nam

1957 5769 2026 5823 ab
2074 5785 2139 5824 eo
2196 5768 2516 5826 naturaliter
2555 5771 2893 5841 procedens,
2951 5783 3009 5825 ut
3061 5772 3177 5842 rjus
3240 5775 3528 5842 proprius,
