3978 6204
182 332 319 398 1³29

838 335 988 396 PRO
1017 334 1226 395 CONC.
1274 336 1643 397 FLOitEN‘l‘.
1678 338 1817 395 (IAP
1872 338 1916 397 ί.
1962 339 2055 396 DE
2095 336 2411 397 SPIRl'i'U
2450 336 2755 398 SANC'I‘O.

3273 334 3407 392 11.0

179 448 575 522 προθεωρεῖται
625 451 652 501 ὁ
703 447 890 518 Πατὴρ
942 448 1033 500 τοῦ
1095 447 1224 501 Υίοῦ
1278 446 1355 515 τῷ
1400 445 1500 514 τῆς
1560 444 1740 503 αἰτίας

1855 442 2006 497 ilium
2034 455 2211 514 potest
2236 456 2361 501 ante
2384 462 2442 500 se
2468 447 2868 500 considmatum
2898 443 3137 499 habere?
3174 442 3410 512 Spiritus

175 546 340 613 λόγῳ,
382 543 471 595 τὸν
532 542 690 594 αὐτ“.ν
737 543 931 610 τρόπον
970 540 1367 610 προθεωρείται
1408 540 1504 592 καὶ
1553 538 1580 589 6
1615 537 1741 599 Υἱὸς

176 635 270 687 τοῦ
309 636 643 703 Πνεύματος.
684 632 761 700 τῷ
786 634 885 699 τῆς
916 632 1097 693 αἰτίας
1126 631 1287 697 λόγῳ.
1329 628 1499 683 Τοῦτο
1523 628 1579 680 δὲ
1609 644 1743 679 ταυο

173 729 267 780 τόν
295 727 443 778 ἐστιν
477 726 671 788 εἰπεῖν,
709 723 768 775 Ὁ
797 723 895 791 μὲν
924 723 1071 787 Υἱὸς,
1094 723 1156 773 ἐκ
1187 722 1281 774 τοῦ
1310 722 1520 789 [ἰατρὸς
1551 720 1739 788 μόνον,

172 819 254 880 ὡς
286 816 448 886 μόνου
482 814 989 885 προθεωρουμένου,
1020 811 1114 865 τοῦ
1147 812 1299 865 Υίοῦ.
1346 811 1480 864 Τίνα
1510 811 1617 879 γὰρ
1650 810 1745 863 ἆλ-

177 908 269 961 λον
302 908 525 960 δύναται
578 904 1065 974 προθεωρούμενον
1100 903 1245 973 ἔχειν
1272 920 1289 969 ;
1320 903 1393 956 T6
1424 904 1480 955 δὲ
1520 901 1744 970 Πνεῦμα

172 1001 238 1052 τὸ
268 1000 441 1067 ἅγιον,
480 1001 542 1051 ἐκ
570 985 663 1049 τοῦ
689 997 900 1067 Πατρός
936 997 1029 1049 καὶ
1062 996 1154 1049 τοῦ
1196 995 1353 1062 Υῑοῦ,
1385 995 1461 1057 ὡς
1488 996 1583 1048 τοῦ
1630 996 1743 1047 Ila.-

173 1090 302 1160 τρὶς
327 1086 567 1157 δηλονότι
592 1088 685 1139 xa‘t
709 1085 803 1139 τοῦ
831 1087 984 1149 Υίοῦ,
1008 1088 1512 1157 προθεωρουμὲνων
1543 1083 1709 1137 αὐτοῦ
1727 1099 1740 1111 ·

178 1186 272 1233 καὶ
306 1180 446 1233 οὕτω
480 1179 908 1249 συμπεριίνεται
942 1182 1157 1249 ἀληθῶς
1184 1183 1246 1232 ἐκ
1277 1180 1371 1236 τοῦ
1412 1181 1624 1249 Πατρὺς
1650 1182 1746 1231 καὶ

175 1272 273 1325 τοῦ
312 1271 439 1324 Υίοῦ
493 1272 891 1342 ἐκπορεύεσθαι
946 1275 1006 1324 τὸ
1042 1273 1267 1342 Πνεῦμα
1318 1273 1378 1326 τὸ
1427 1272 1606 1340 ἅγιον,
1640 1273 1744 1326 κᾶν

177 1366 307 1433 ὑμῖν
338 1366 650 1435 ἀπαρέσκῃ.
681 1364 756 1417 T6
785 1365 894 1437 γὰρ
919 1365 1350 1436 προθεωρεῖσθαι
1380 1366 1477 1435 τὴν
1511 1366 1747 1420 ὑπόστα-

178 1475 264 1509 σιν
286 1455 379 1510 τοῦ
406 1456 638 1525 Πατρὸς,
665 1457 762 1526 τῆς
786 1457 880 1511 τοῦ
909 1458 1037 1511 Υἰοῦ
1063 1459 1433 1525 ὑποστάσεως,
1461 1461 1554 1512 καὶ
1576 1458 1746 1512 ταῦτα

174 1549 257 1618 τῷ
290 1551 383 1616 τῆς
431 1548 607 1611 αἰτίας
657 1548 820 1619 λόγῳ,
868 1550 967 1618 τὴν
1013 1549 1071 1601 δὲ
1129 1551 1427 1604 ὑπόστασιν
1466 1554 1558 1604 τοῦ
1592 1550 1744 1617 Υἱοῦ,

176 1644 278 1709 τῆς
314 1641 403 1693 τοῦ
432 1642 750 1709 Πνεύματος
776 1642 1123 1704 ὑποστάσεως
1155 1641 1227 1712 τῷ
1251 1643 1349 1711 τῆς
1377 1643 1554 1705 αἰτίας
1580 1643 1743 1711 λόγῳ,

177 1733 330 1785 οὐδὲν
362 1733 488 1784 ἄλλο
520 1732 691 1802 δηλοῖ,
722 1732 751 1801 ἢ
779 1734 806 1785 ὀ
838 1733 1027 1803 Πατὴρ
1061 1734 1221 1801 μόνος
1246 1734 1416 1795 αἴτιος
1447 1734 1539 1785 τοῦ
1574 1732 1703 1785 Υίοῦ
1731 1750 1743 1762 ·

176 1826 210 1877 6
230 1825 285 1876 δέ
315 1825 440 1887 Υἱὸς
473 1824 626 1894 παρὰ
663 1823 756 1876 τοῦ
788 1825 999 1893 Πατρός
1030 1826 1122 1877 καὶ
1151 1825 1309 1877 τοῦτο
1339 1825 1521 1879 λαϐὼν
1549 1826 1622 1887 ὼς
1652 1826 1749 1877 καὶ

176 1915 345 1968 τᾶλλα
401 1916 608 1983 φυσικὰ
644 1914 826 1983 ἀγαθὰ
871 1914 1053 1980 αὐτοῦ,
1099 1917 1192 1968 καὶ
1237 1916 1399 1978 αὐτὸς
1438 1919 1607 1979 αἴτιος
1655 1916 1746 1968 τοῦ

178 2006 337 2071 ἁγίου
386 2006 720 2077 Πνεύματος.
761 2009 867 2061 Καὶ
912 2008 1085 2069 οὕτως
1123 2009 1149 2060 6
1193 2006 1378 2078 Πατὴρ
1409 2010 1501 2060 καὶ
1536 2009 1561 2059 6
1596 2009 1745 2073 Υἱὸς,

180 2098 351 2165 ἄμφω
385 2098 477 2165 μία
510 2096 660 2151 αἰτία
687 2097 788 2164 τῆς
818 2096 909 2149 τοῦ
948 2097 1106 2164 ἁγίου
1144 2097 1453 2166 Πνεύματος
1480 2082 1749 2168 ἐκπορεύ-

184 2207 344 2251 σεως.
378 2192 473 2242 Διὰ
519 2187 677 2242 τοῦτο
708 2189 799 2242 καὶ
831 2192 859 2243 6
895 2192 1047 2256 ἅγιος
1091 2189 1245 2252 οῦτός
1275 2207 1460 2260 φησιν,
1510 2192 1600 2253 Ὠς
1641 2191 1749 2261 γὰρ

183 2280 515 2333 συνάπτεται
549 2280 628 2351 τῷ
678 2282 852 2351 Πατρὶ
883 2285 909 2335 6
945 2282 1094 2345 Υἱὸς,
1138 2282 1280 2335 κατὰ
1326 2282 1418 2335 τὸν
1447 2286 1543 2351 τῆς
1572 2283 1751 2346 αἰτίας

181 2374 362 2442 λόγον,
392 2374 607 2445 ἐπινοίᾳ
641 2375 734 2428 καὶ
770 2375 908 2447 μόνῃ
934 2376 1421 2445 προθεωρουμένου
1459 2377 1556 2443 τῆς
1586 2374 1749 2427 αὐτοῦ

185 2466 568 2527 ὑποστάσεως·
620 2466 710 2518 καὶ
756 2466 936 2530 ,οὕτως
997 2466 1339 2537 ἀληθεύομεν
1389 2466 1639 2536 λέγοντες
1691 2467 1752 2518 τὸ

185 2557 412 2630 Πνεῦμα
448 2558 541 2611 καὶ
577 2558 639 2612 ἐκ
670 2557 765 2610 τοῦ
824 2559 973 2613 Υίοῦ.
1030 2561 1118 2613 Ἐν
1163 2560 1219 2611 δέ
1255 2562 1369 2621 τοϊς
1424 2562 1751 2627 πρακτικοῖς

179 2652 281 2719 τῆς
314 2650 533 2720 πρώτης
563 2649 811 2712 συνιεδου,
846 2650 1061 2717 εἴρηται
1094 2648 1193 2718 μὲν
1223 2649 1284 2700 τὸ
1333 2648 1558 2715 Πνεῦμα
1586 2650 1753 2701 ἐκπο-

186 2742 480 2812 ρευόμενον
531 2743 594 2795 ἐκ
626 2740 717 2794 τοῦ
768 2740 999 2811 ιιατρὸς,
1041 2740 1169 2793 ίδιον
1213 2741 1268 2793 δὲ
1301 2740 1393 2793 τοῦ
1447 2739 1579 2794 Υἱοῦ
1612 2743 1751 2806 ἐστι,

183 2834 279 2887 καὶ
311 2833 370 2896 ἐξ
392 2832 554 2886 αὐτοῦ
578 2831 897 2895 ἀναϐλύζον.
935 2832 1200 2895 Ἀκούεις,
1242 2831 1332 2895 Ἐξ
1354 2832 1540 2895 αὐτοῦ,
1565 2833 1751 2901 φησὶν,

186 2925 515 2989 ἁναὸλύζον,
550 2926 624 2987 ὡς
654 2924 761 2976 ἀπὸ
792 2924 975 2993 πηγῆς
1001 2924 1246 2994 δηλονότι
1272 2924 1374 2992 τῆς
1402 2924 1753 2987 ὑποστάσεως

184 3018 277 3070 τοῦ
319 3016 469 3079 Υίοῦ,
518 3016 611 3069 καὶ
643 3017 726 3068 ὃτι
760 3016 889 3069 [διον
919 3014 1086 3068 αὑτοῦ
1118 3016 1253 3068 ἐστι.
1299 3015 1363 3066 Τί
1400 3014 1593 3085 δηλοῦν
1628 3015 1755 3085 βρύ-

1847 548 2029 590 autcm
2067 548 2288 592 sanctus
2318 554 2381 591 ex
2418 536 2581 591 Patre
2637 547 2689 589 et
2721 536 2886 600 Filio;
2934 536 3088 604 quasi
3146 535 3302 587 Pater
3332 535 3412 585 vi-

1847 628 2045 682 delicet
2090 640 2143 682 et
2199 628 2367 683 Filius
2420 638 2547 682 ante
2576 643 2699 681 eum
2730 628 3169 681 considerantur.
3221 624 3411 692 Itaque

1848 735 1977 773 vere
2028 720 2417 784 concluditur,
2471 735 2538 774 ex
2595 722 2753 774 Putre
2814 730 2868 773 et
2920 718 3056 771 Filio
3114 718 3410 785 procedere

1848 813 2112 882 Spiritum
2162 824 2437 874 sanctum,
2471 813 2683 867 etiamsi
2728 812 2881 865 vobis
2916 810 3244 879 displiceat:
3287 822 3411 860 nam

1849 920 2135 973 personam
2181 904 2357 959 Patris
2404 912 2531 959 ante
2552 903 2670 958 Filii
2720 916 3007 972 personam
3044 898 3414 959 considerari,

1847 996 2010 1066 idque
2054 977 2241 1051 causa:
2283 997 2530 1059 ratione;
2591 1009 2884 1061 personam
2926 1006 3055 1047 vero
3106 990 3227 1043 Filii
3289 997 3416 1040 ante

1850 1106 2137 1161 personam
2197 1090 2434 1160 Spiritus
2492 1088 2665 1143 sancti
2719 1087 2930 1141 ratione
2959 1099 3178 1154 quoque
3210 1096 3409 1145 causa;

1848 1183 1981 1237 nihil
2009 1182 2153 1236 aliud
2186 1170 2423 1235 ostendit
2456 1195 2617 1248 quam
2661 1180 2806 1249 quod
2850 1179 3000 1233 solus
3039 1176 3201 1231 Pater
3252 1190 3416 1229 causa

1850 1275 1968 1329 Filii
2004 1283 2109 1340 est,
2154 1277 2322 1330 Filius
2342 1286 2525 1329 autem
2552 1275 2602 1327 id
2655 1289 2685 1327 a
2729 1275 2886 1328 Patre
2930 1273 3207 1343 accipiens
3248 1271 3418 1340 (sicut

1848 1368 1951 1422 alia
1993 1368 2259 1422 naturalia
2298 1371 2436 1421 bona
2465 1366 2607 1435 ejus)
2648 1376 2702 1420 et
2734 1367 2846 1434 ipse
2871 1380 3035 1421 causa
3063 1374 3144 1419 cst
3178 1364 3419 1433 Spiritus

1848 1456 2022 1509 saueii
2059 1474 2072 1507 :
2125 1456 2309 1525 itaque
2352 1453 2515 1509 Pater
2556 1466 2611 1510 et
2655 1454 2827 1509 Filius
2876 1454 3038 1507 ambo
3090 1468 3197 1507 una
3253 1467 3421 1506 causa

1851 1552 2215 1620 processionis
2267 1552 2505 1620 Spiritus
2546 1552 2743 1605 sancti.
2805 1550 3015 1605 Idcirco
3058 1550 3295 1604 Sanctus
3332 1545 3422 1602 hic

1848 1642 1981 1697 dicit
2026 1664 2038 1697 :
2077 1643 2815 1712 Quemadmodumjungitur
2838 1641 2982 1695 Patri
3018 1641 3191 1695 Filius
3220 1656 3421 1695 securi-

1852 1737 1979 1789 dum
2013 1752 2188 1789 cause
2221 1737 2507 1798 rationem,
2538 1736 2654 1789 solo
2709 1736 2987 1790 intellectu
3041 1750 3274 1804 persona
3303 1735 3423 1801 ejus

1852 1838 2011 1883 antea
2046 1828 2389 1883 considerata
2416 1870 2430 1893 ,
2465 1828 2543 1881 sic
2575 1842 2763 1880 verum
2799 1827 3053 1889 dicimus,
3108 1841 3232 1879 cum
3280 1826 3421 1878 dici-

1852 1938 1973 1975 mus
2010 1922 2270 1989 Spiritum
2320 1936 2441 1975 esse
2473 1935 2537 1973 ex
2574 1920 2730 1973 Filio.
2784 1920 2839 1973 lu
2896 1918 3048 1973 Actis
3079 1933 3207 1972 vero
3233 1918 3425 1986 prima:

1853 2015 2040 2084 synodi
2094 2016 2356 2083 scriptum
2412 2025 2519 2078 est,
2581 2012 2843 2082 Spiritum
2880 2022 3131 2066 sanctum
3169 2027 3233 2065 ex
3267 2013 3424 2064 Patre

1854 2106 2168 2175 procedere,
2200 2104 2481 2173 proprium
2518 2114 2697 2156 autem
2746 2118 2869 2155 eum
2926 2118 3047 2155 esse
3092 2102 3233 2163 Filii,
3268 2111 3323 2155 ct
3360 2103 3427 2153 ab

1854 2215 1918 2252 co
1950 2199 2235 2253 scaturire.
2273 2198 2484 2250 Audis?
2522 2198 2602 2250 Ab
2640 2211 2705 2248 eo
2747 2194 2923 2263 inquit
2976 2194 3268 2251 scaturire.
3306 2204 3427 2246 tau-

1852 2308 2015 2359 quam
2048 2290 2280 2353 afontc;
2313 2289 2649 2343 videlicetex
2683 2289 2801 2356 ejus
2832 2302 3081 2354 persona,
3116 2287 3427 2355 pr0prium-

1853 2399 1958 2451 que
1991 2383 2109 2450 ejus
2129 2398 2270 2441 esse,
2294 2382 2423 2449 quid
2444 2380 2710 2450 signiticet
2731 2378 3165 2437 consideremus.
3202 2377 3426 2436 fratres,

1857 2489 2031 2544 neque
2080 2474 2400 2528 doctoribus
2468 2487 2775 2541 repugnare
2832 2472 3085 2524 velimus.
3165 2470 3318 2536 Quod
3383 2472 3427 2523 si

1854 2570 2056 2624 dixerit
2095 2569 2239 2636 quis,
2282 2565 2563 2637 proprium
2594 2580 2718 2618 cum
2751 2579 2874 2619 esse
2902 2564 3020 2618 Filii
3050 2573 3275 2633 propter
3297 2578 3429 2617 con-

1856 2657 2399 2717 substantialitatem,
2424 2664 2638 2724 reputet
2663 2654 2805 2723 quod
2824 2655 2989 2708 etiam
3017 2654 3185 2708 Filius
3212 2654 3428 2708 dicere-

1857 2764 1945 2804 tur
1968 2750 2138 2817 ipsius
2163 2747 2415 2817 Spiritus,
2435 2747 2735 2801 secundum
2756 2745 3381 2799 consubstantialitalem
3414 2761 3428 2796 :

1856 2842 1949 2896 sed
1982 2840 2033 2893 id
2078 2840 2157 2893 vel
2191 2839 2428 2908 cogitatu
2464 2848 2672 2892 tantum
2702 2847 2786 2892 est
2812 2837 3131 2892 absurdum.
3167 2835 3433 2890 Doctores

1854 2932 2088 2987 dicunt:
2126 2930 2297 2984 Filius
2336 2944 2513 2998 neque
2573 2928 2745 2998 ipsius
2796 2925 3035 2998 Spiritus
3083 2936 3189 2991 est,
3255 2943 3433 2996 neque

1855 3025 2056 3079 dicitur
2086 3042 2098 3076 :
2126 3023 2367 3093 Spiritus
2387 3021 2533 3083 Filii,
2569 3019 2920 3099 tnaximqut
2943 3018 3179 3089 Cyrillus
3200 3017 3404 3072 Alexan

182 3109 339 3162 λεται
384 3108 751 3176 ἐννοήσωμεν,
783 3107 1021 3173 ἀδελφοὶ,
1057 3106 1150 3159 καὶ
1183 3106 1258 3176 μὴ
1308 3105 1627 3177 θελήσωμεν
1657 3107 1749 3159 αν-

1857 3118 2142 3172 driuorum
2177 3115 2421 3186 pontifex
2461 3115 2514 3168 in
2546 3113 2780 3183 epistola
2840 3111 2909 3167 ad
2940 3111 3276 3173 Nestorium,
3314 3127 3436 3181 qum

184 3197 463 3269 τικρούειν
506 3202 618 3263 τοῖς
672 3198 1052 3260 διδασκάλοις·
1098 3200 1147 3249 εί
1200 3198 1299 3265 μὲν
1344 3198 1473 3267 εἴπῃ
1529 3214 1635 3261 τις,
1671 3198 1753 3251 ὅτι

184 3293 322 3347 ἴδιον
372 3293 590 3359 λέγεται
635 3290 729 3343 τοῦ
786 3290 942 3355 Υίοῦ,
976 3290 1063 3343 διὰ
1089 3289 1148 3342 τὸ
1187 3287 1492 3357 ὀμοούσιον,
1518 3288 1754 3357 ἐνθυμη-

184 3386 357 3455 θήτω,
385 3386 465 3437 ὅτι
492 3385 707 3452 ἐλέγετο
727 3384 791 3437 ἂν
822 3386 917 3435 καὶ
944 3384 971 3435 6
1001 3382 1124 3445 Υἱὸς
1148 3380 1239 3434 τοῦ
1272 3380 1588 3450 Πνεύματος
1614 3380 1755 3432 κατὰ

180 3477 244 3528 τὸ
273 3476 592 3545 όμοούσιον·
626 3474 747 3528 ἀλλ’
774 3475 979 3527 ἄτοπον
1013 3491 1169 3527 τουτο
1198 3475 1291 3526 καὶ
1329 3473 1530 3525 ἐννοεῖν
1569 3472 1754 3541 μόνον.

182 3569 249 3621 Οί
278 3568 593 3621 διδάσκαλοι
622 3566 874 3635 λέγουσιν
914 3567 996 3619 ὅτι
1026 3567 1053 3618 6
1082 3565 1228 3629 Υἱὸς,
1265 3564 1360 3618 τοῦ
1411 3564 1754 3634 Πνεύματος,

182 3659 309 3713 οὒτε
338 3657 643 3724 ἐστὶν,οῦτε
666 3658 901 3725 λέγεταιο
937 3658 996 3709 τὸ
1026 3657 1080 3709 δὲ
1110 3656 1331 3725 Πνεῦμα
1357 3655 1449 3709 τοῦ
1476 3656 1635 3722 Υίοῦ,
1667 3656 1757 3708 καὶ

187 3756 358 3825 μάλα.
409 3755 466 3807 '0
526 3753 583 3805 δὲ
611 3752 877 3823 Κύριλλος
913 3754 939 3805 6
983 3754 1078 3821 τῆς
1124 3749 1517 3820 Ἀλεξανδρέων
1566 3750 1757 3820 ἀρχιε-

183 3851 338 3918 ρεὺς,
371 3850 427 3899 ἐν
465 3851 528 3917 τῇ
574 3846 709 3915 πρὸς
756 3845 1049 3915 Νεστὸριον
1085 3843 1364 3912 ἐπιστολῇ,
1408 3837 1474 3914 ἦς
1524 3844 1555 3911 ἡ
1591 3842 1755 3911 ἀρχὴ.

193 3956 217 3993 ι
251 3938 361 3993 Τοῦ
395 3941 647 4011 Σωτῆρος
700 3939 856 4010 ἡμῶν
905 3937 1148 4008 ἐναργῶς
1192 3937 1463 4003 λέγοντος,
1504 3936 1561 3988 '0
1588 3934 1759 4002 φιλῶν

183 4036 399 4102 πατέρα
443 4034 474 4103 ἦ
550 4034 763 4103 μητέρα
825 4030 964 4099 ὑπὲρ
1015 4031 1150 4099 ἐμὲ,
1188 4049 1206 4081 ι
1244 4030 1444 4099 φησίν·
1488 4047 1505 4079 ι
1551 4030 1612 4083 El
1666 4032 1759 4082 καὶ

180 4129 335 4181 ἐστιν
368 4130 425 4177 ἐν
456 4126 753 4179 ὑποστάσει
782 4125 843 4177 τὸ
870 4124 1096 4193 Πνεῦμα
1127 4123 1294 4193 ἱδικῇ,
1330 4122 1425 4175 καὶ
1452 4122 1515 4191 δὴ
1557 4124 1759 4174 νοεῖται

182 4220 309 4274 καθ’
345 4220 475 4273 αὐτὸ
499 4219 635 4271 καθὸ
668 4216 895 4286 Πνεῦμὰ
917 4218 1055 4279 ἐστι,
1088 4216 1182 4268 καὶ
1211 4216 1309 4284 οὐχ
1343 4214 1488 4279 Υἱὸς,
1522 4215 1636 4267 ἀλλ’
1666 4210 1760 4268 οῦν

181 4315 337 4363 ἐστιν
369 4310 468 4364 οὐκ
513 4309 797 4378 ἀλλότριον
831 4308 995 4360 αὐτοῦ
1023 4324 1036 4338 ο
1071 4305 1295 4375 Πνεῦμα
1341 4305 1447 4375 γὰρ
1498 4306 1757 4375 ἀληθείας

177 4402 540 4470 ὠνόμασται·
568 4404 662 4455 καὶ
701 4382 816 4453 ἔστι
855 4400 1088 4469 Χριστὸς
1128 4402 1160 4469 ἡ
1194 4400 1421 4468 ἀλήθεια
1444 4415 1459 4430 ο
1500 4401 1595 4452 καὶ
1625 4416 1757 4467 προ⁹

1858 3208 2099 3277 incipit:
2137 3226 2154 3258 ι
2194 3208 2329 3261 Cum
2387 3205 2634 3259 Salvator
2683 3211 2877 3257 noster
2927 3204 3219 3258 manifeste
3267 3203 3435 3263 dicat,

1858 3300 1961 3365 Qui
2000 3308 2148 3353 amat
2194 3298 2411 3351 Patrem
2442 3296 2526 3349 vel
2567 3304 2811 3348 matrem.
2837 3294 2958 3363 plus
2984 3310 3145 3362 quam
3192 3308 3279 3347 me
3305 3294 3372 3355 ¹⁴,
3409 3314 3429 3346 ι

1860 3388 2076 3456 inquit:
2115 3403 2135 3437 ι
2176 3386 2317 3439 Etsi
2355 3384 2592 3452 Spiritus
2622 3383 2678 3437 in
2714 3382 2995 3451 hypostasi
3043 3391 3129 3436 est
3168 3382 3425 3451 propria;

1861 3478 2180 3549 intelligitur
2208 3493 2426 3547 quoque
2469 3492 2563 3545 per
2603 3492 2683 3539 se,
2718 3489 2990 3545 quatenus
3045 3475 3282 3545 Spiritus
3328 3484 3434 3537 est,

1859 3588 1967 3627 non
2002 3570 2190 3636 Filius,
2245 3586 2355 3623 non
2388 3577 2568 3622 tamen
2617 3569 2686 3623 ab
2735 3583 2803 3623 eo
2836 3567 3076 3621 alienum
3136 3577 3220 3621 est
3255 3585 3269 3622 :
3307 3582 3432 3621 nam

1861 3662 2097 3732 Spiritus
2125 3662 2377 3717 veritatis
2408 3661 2755 3725 nominatur;
2800 3670 2854 3714 et
2895 3659 3147 3715 Christus
3176 3668 3259 3715 est
3289 3660 3436 3713 veri-

1864 3765 1962 3817 tas,
2012 3762 2066 3807 et
2115 3754 2183 3808 ab
2248 3768 2315 3807 eo
2379 3752 2621 3822 proﬂuit,
2676 3752 3137 3822 quemadmodum
3178 3752 3371 3821 utique
3403 3770 3432 3803 a

1864 3846 1970 3899 Deo
2011 3856 2067 3901 et
2115 3847 2294 3900 Patre.
2336 3866 2353 3897 ι
2396 3846 2585 3908 Audis,
2646 3845 2884 3915 proﬂuit,
2933 3844 3133 3914 inquit,
3163 3843 3434 3913 quemad-

1862 3941 2084 3994 modum
2115 3948 2169 3992 et
2201 3956 2229 3991 ιι
2259 3939 2439 3993 Patre.
2465 3938 2593 4001 Sed,
2632 3957 2650 3988 ι
2689 3938 2929 4007 proﬂuit,
2967 3958 2985 3988 ο
3051 3937 3247 4007 inquit,
3298 3936 3438 3992 dixit

1862 4041 2106 4092 Sanctus,
2161 4048 2293 4093 non,
2345 4051 2363 4081 ι
2399 4030 2667 4099 procedit.
2708 4050 2726 4081 ι
2783 4030 2893 4085 Nos
2946 4045 3075 4085 vero
3114 4031 3297 4086 statim
3352 4031 3438 4085 eis

1865 4124 2280 4193 respondemus,
2310 4124 2455 4191 quod
2507 4122 2649 4175 idem
2701 4122 2960 4189 magister
3019 4123 3273 4192 explanat
3304 4124 3438 4192 quid

1862 4216 2131 4289 proﬂuere
2162 4217 2408 4279 denotet,
2460 4198 2762 4269 secundum
2806 4214 2925 4283 ejus
2970 4229 3190 4269 sensum
3235 4216 3287 4266 in
3327 4213 3438 4268 Ex-

1864 4309 2134 4379 positione
2152 4307 2322 4361 dit'ini
2352 4305 2618 4376 Syniboli.
2651 4306 2743 4360 ubi
2784 4306 2916 4360 dicit
2952 4324 2962 4358 :
3001 4325 3017 4356 ι
3060 4304 3330 4367 Perfecto,
3367 4307 3435 4359 de

1862 4402 2080 4456 Christo
2108 4410 2339 4455 tractatu
2358 4396 2654 4453 beatissimi
2690 4398 2880 4451 Patres
2910 4399 2976 4452 de
3006 4398 3215 4468 Spiritu
3244 4408 3438 4453 sani-to

179 4496 364 4565 χεῖται
398 4492 529 4563 παρ’
564 4492 750 4556 αὑτοῦ,
783 4491 1033 4562 καθάπερ
1066 4492 1255 4561 ἀμέλει
1284 4493 1377 4544 καὶ
1408 4493 1471 4543 ἐκ
1500 4491 1592 4544 τοῦ
1621 4491 1749 4544 Θεοῦ

1865 4494 2200 4547 mentionem
2235 4490 2441 4545 iaciunt
2475 4509 2489 4545 :
2523 4507 2648 4544 nam
2668 4492 2891 4545 credere
2922 4491 2974 4543 in
3011 4505 3136 4545 eum
3158 4490 3437 4552 dixerunt.

181 4587 279 4639 καὶ
312 4586 541 4655 Πατρός.
583 4605 600 4636 ι
658 4584 924 4645 Ἀκούεις,
961 4586 1267 4655 προχεῖται,
1316 4587 1470 4653 φησι,
1504 4584 1756 4652 καθάπερ

180 4678 282 4733 καὶ
312 4679 375 4730 ἐκ
404 4677 497 4730 τοῦ
534 4678 745 4745 Πατρός
768 4693 780 4706 ⁸
816 4676 953 4729 ἀλλὰ
983 4679 1290 4746 προχεῖται,
1340 4677 1526 4745 φησιν,
1553 4672 1706 4729 εἶπεν
1730 4680 1758 4730 6

178 4772 365 4839 ἆγιος,
408 4770 508 4823 οῦκ
560 4771 946 4837 ἐκπορεύεται.
987 4771 1178 4837 ’ἕίμεῖς
1223 4769 1279 4821 δέ
1330 4771 1521 4823 θᾶττον
1572 4772 1755 4833 αὐτοῖς

177 4860 626 4929 ἀπολογούμεθα,
666 4862 746 4911 ὃτι
781 4861 808 4912 6
836 4860 997 4919 αὐτὸς
1039 4858 1359 4923 διδάσκαλος
1401 4861 1676 4926 ἐξηγεῖται
1703 4864 1754 4915 τί

176 4952 242 5003 τὸ
283 4952 567 5018 προχεῖται
602 4949 852 5019 βούλεται
886 4949 1027 5003 κατὰ
1070 4951 1157 5003 τὸν
1204 4950 1373 5004 αὑτοῦ
1406 4951 1553 5015 νοῦν,
1592 4955 1649 5005 ἐν
1678 4957 1743 5023 τῇ

176 5040 442 5109 ἐξηγήσει
471 5038 565 5092 τοῦ
600 5040 743 5093 θείου
782 5026 1082 5109 Συμϐόλου,
1114 5040 1240 5094 ἔνθα
1269 5041 1436 5110 φησί’
1476 5060 1495 5092 ι
1538 5045 1743 5097 Atana-

178 5134 443 5204 ράναντες
464 5134 520 5185 δὲ
552 5138 641 5185 τὸν
672 5134 797 5201 περὶ
828 5132 1067 5202 Χριστοῦ
1094 5132 1249 5201 λόγον
1277 5134 1325 5186 οἱ
1355 5138 1747 5207 τρισμακάριοι

175 5228 448 5295 Πατέρες,
482 5226 571 5277 τὸν
612 5224 706 5277 τοῦ
757 5226 915 5291 ἁγίου
946 5224 1285 5295 ,Πνεύματος
1346 5228 1750 5297 διαμνημονεύ-

172 5333 339 5371 ουσι·
399 5318 676 5370 πιστεύειν
729 5320 837 5389 γὰρ
892 5318 1104 5386 ἔφασαν
1153 5322 1233 5383 είς
1285 5321 1439 5383 αὐτὸ,
1499 5322 1749 5393 καθάπερ

170 5408 371 5476 ἀμέλει
411 5409 487 5470 εἰς
515 5409 606 5460 τὸν
635 5410 854 5477 Πατέρα
886 5408 977 5459 καὶ
1007 5410 1095 5461 τὸν
1127 5408 1276 5473 Υὶὸν,
1326 5410 1613 5477 ὀμοούσιον
1640 5412 1749 5481 γάρ

172 5502 326 5551 ἐστιν
358 5500 561 5561 αὑτοῖς.
599 5499 710 5553 Καὶ
746 5502 1033 5569 προχεῖται
1070 5501 1190 5570 μὲν,
1244 5502 1415 5572 ηγουν
1452 5506 1749 5573 ἐκπορεύε-

170 5610 267 5645 ται
308 5592 565 5662 καθάπερ
600 5593 705 5644 ἀπὸ
764 5594 966 5663 πηγῆς,
1018 5594 1112 5645 τοῦ
1163 5595 1298 5647 Θεοῦ
1330 5596 1427 5651 καὶ
1482 5598 1700 5669 Πατρός
1728 5614 1742 5629 ·

288 5773 327 5803 η
356 5770 544 5825 Matth.
594 5785 648 5835 ι,
694 5769 783 5823 37.
892 5770 935 5801 ”
980 5769 1141 5827 Joan.
1191 5788 1281 5838 xx,
1332 5775 1425 5827 '32.

507 5862 784 5927 ΡΑτιιοι..
832 5868 947 5930 Gn.
1000 5866 1212 5929 CLIX.

1862 4584 2321 4655 quemadmodum
2376 4598 2508 4637 sane
2565 4582 2619 4635 in
2672 4580 2887 4635 Patrem
2955 4590 3009 4634 et
3060 4580 3280 4643 Filium,
3312 4583 3437 4651 quia

1860 4676 2344 4733 consubstantialis
2396 4674 2477 4728 eis
2522 4683 2625 4737 est,
2682 4682 2735 4726 et
2784 4672 3001 4741 proﬂuit
3050 4688 3204 4735 sane,
3254 4674 3306 4727 id
3355 4686 3441 4728 est

1861 4771 2128 4841 procedit,
2163 4768 2329 4823 veluti
2370 4782 2399 4819 a
2438 4766 2610 4830 fonte,
2639 4781 2705 4818 ex
2759 4764 2867 4818 Deo
2900 4777 2954 4818 et
2989 4765 3181 4828 Patre;
3225 4782 3242 4814 ι
3280 4765 3442 4818 exhi-

1862 4868 2021 4920 betur
2056 4876 2184 4915 vero
2230 4872 2495 4914 creatura:
2550 4873 2644 4923 per
2703 4856 2921 4910 Filium.
2968 4856 3265 4911 lnsuﬂlarit
3312 4872 3444 4927 ergo

1860 4975 1919 5025 ,‘u
1974 4958 2124 5026 ipsos
2176 4954 2473 5022 apostolos,
2538 4952 2778 5005 dicens:
2825 4968 2843 4999 ι
2881 4949 3128 5019 Accipite
3178 4948 3441 5019 Spiritum

1860 5058 2111 5105 sanctum
2137 5047 2203 5099 ”.
2242 5065 2259 5096 ι
2310 5044 2384 5098 Ex
2430 5047 2557 5107 Deo,
2596 5052 2651 5097 et
2676 5042 2838 5103 Deus,
2879 5041 3113 5110 Spiritus
3139 5051 3242 5103 cst,
3281 5055 3380 5094 nec
3405 5059 3439 5094 δ

1857 5154 2183 5212 quacunque
2216 5151 2472 5207 suprema
2528 5135 2835 5189 substantia
2884 5133 3132 5193 alienus;
3181 5134 3274 5185 sed
3314 5148 3332 5180 ι
3370 5148 3438 5185 ex

1854 5256 1941 5299 ea,
1975 5244 2029 5289 et
2073 5234 2128 5288 in
2182 5247 2271 5295 ea,
2323 5239 2379 5285 et
2424 5228 2678 5297 proprius
2726 5229 2865 5294 ejus.
2896 5244 2915 5274 ι
2964 5223 3088 5277 Haec
3138 5225 3301 5293 igitur
3354 5232 3443 5275 est

1853 5337 2165 5386 sanctorum
2208 5324 2429 5378 Patrum
2486 5330 2634 5376 recta
2667 5328 2723 5373 et
2771 5318 2996 5371 minime
3051 5331 3246 5370 errans
3303 5315 3441 5369 ﬂdes

1857 5423 1974 5477 sire
2024 5419 2148 5473 ﬁdei
2199 5415 2493 5473 confessio.
2526 5432 2544 5464 ι
2574 5412 2739 5467 Vides
2772 5409 2904 5479 quid
2950 5409 3216 5478 proﬂuere
3265 5408 3436 5478 signi-

1853 5514 1977 5570 ﬁcet
2036 5511 2339 5566 secundum
2401 5514 2648 5561 sanctum
2697 5501 2989 5573 Cyrillum,
3054 5512 3109 5555 et
3171 5500 3302 5571 quid
3355 5508 3443 5552 est

1859 5603 2130 5673 proﬂuere
2183 5609 2237 5655 et
2290 5598 2619 5669 procedere?
2670 5596 2790 5662 Quo
2843 5604 3002 5663 pacto
3064 5609 3161 5648 vos
3212 5591 3444 5649 omnino

2964 5862 3038 5926 36
