3978 6204
193 352 335 416 1133

873 357 1025 420 PRO
1053 359 1265 421 coxa.
1312 359 1679 425 nonem.
1728 363 1887 422 cae.
1931 362 1977 421 t.
2021 360 2115 420 DE
2154 346 2473 426 sruurd
2518 362 2832 424 SANCTO.

3308 358 3439 419 1134

190 471 252 523 τὸ
277 470 489 538 πρῶτον
522 470 723 536 μᾶλλον
747 470 979 526 τιθεῖσα.
1025 492 1044 523 ι
1085 473 1192 525 Καὶ
1239 472 1425 537 πάλιν,
1470 492 1486 522 ι
1531 474 1665 541 Οὐχὶ
1695 475 1758 525 ὲκ

1886 474 2012 541 luit,
2040 490 2104 528 ex
2136 490 2246 544 quo
2294 475 2497 540 omnia,
2530 483 2585 528 et
2613 490 2752 527 unus
2815 475 3072 527 Dominus
3132 472 3316 539 Jesus,
3349 490 3443 543 per

188 560 285 614 τοῦ
317 560 453 613 Θεοῦ
478 562 509 630 ἡ
544 562 872 630 διασὰφησις
900 563 1081 615 αὐτῶν
1104 565 1287 628 ἐστιν;
1325 582 1342 614 ι
1373 564 1477 617 Καὶ
1504 563 1769 633 Κύριλλος

188 651 249 703 δὲ
283 652 311 702 6
341 648 614 723 μακάριος
666 654 722 704 ἐν
770 658 834 723 τῇ
878 655 1013 723 πρὸς
1057 656 1351 725 Νεστόριον
1389 657 1670 728 ἐπιστολῇ,
1704 652 1770 727 ἦς

190 744 223 810 ἡ
246 742 409 811 ἁρχὴ,
425 761 442 793 ι
468 743 962 814 Καταφλυαροῦσιν
978 744 1053 807 ὡς
1080 746 1334 813 μανθάνω
1350 746 1546 809 τινὲςρ
1574 746 1735 815 φησίν
1753 764 1767 778 ·

196 851 218 883 ς
242 835 562 900 Ἀναγκαῖον
585 837 869 903 ὁμολογεῖν
892 839 973 888 ὃτι
994 838 1087 890 καὶ
1106 838 1400 905 γεγένηται
1424 840 1564 892 κατὰ
1591 840 1769 906 σάρκα

189 925 281 978 διὰ
312 926 569 993 γυναικός
593 941 606 953 ⁸
646 944 665 977 ι
703 930 796 979 καὶ
830 927 948 997 μετ’
996 928 1151 996 ὀλίγα
1178 945 1194 961 ο
1232 948 1250 979 ι
1300 930 1599 999 Γεγένηται
1645 929 1767 983 καθ’

190 1016 343 1086 ἡμᾶς
378 1019 440 1069 ἔκ
467 1018 728 1084 γυναικός
755 1037 769 1048 ’
812 1041 828 1066 ι
871 1020 963 1072 καὶ
1006 1020 1269 1084 πολλάκις
1300 1024 1356 1074 ὲν
1385 1024 1451 1091 τῇ
1488 1023 1626 1092 αὐτῇ
1657 1025 1771 1075 ὲπι-

192 1111 355 1180 στολῇ
388 1110 891 1177 ὑπαλλαττομέναις
918 1111 1068 1180 εὖροι
1096 1130 1176 1174 τις
1203 1112 1267 1165 ἂν
1292 1113 1456 1166 αὐτὸν
1485 1116 1607 1177 ταῖς
1642 1131 1773 1182 προ-

191 1200 376 1254 θέσεσι
427 1201 586 1253 satis;
605 1220 674 1265 ις,
706 1202 793 1253 ὁτὲ
832 1203 929 1270 μὲν
961 1204 1027 1271 τῇ
1072 1200 1191 1266 διὰ,
1220 1202 1308 1255 ὁτὲ
1357 1203 1414 1256 δὲ
1457 1206 1523 1274 τῇ
1563 1205 1655 1267 ἐκ,
1694 1205 1770 1267 ὡς

194 1293 644 1362 ῖσοδυναμούσαις
692 1296 1002 1365 ἀδιαφόρως
1048 1297 1355 1366 χρώμενον.
1407 1298 1515 1351 Καὶ
1553 1297 1772 1359 Παῦλος

190 1386 250 1437 δὲ
294 1387 323 1437 6
381 1386 676 1449 ἀπόστολος
736 1388 871 1455 πρὸς
925 1387 1169 1450 Γαλάτας
1225 1389 1426 1458 φησιν’
1465 1406 1484 1438 ι
1550 1388 1772 1453 Ἐξαπέ-

195 1477 406 1529 στειλεν
434 1481 461 1529 6
487 1478 617 1539 Θεὸς
650 1480 740 1530 τὸν
773 1479 905 1532 Υίὸν
950 1479 1137 1546 αὐτοῦ,
1171 1480 1461 1551 γενόμενον
1492 1482 1555 1534 ἐκ
1584 1498 1776 1548 γυναι-

189 1570 290 1631 κός
316 1584 329 1597 ·
365 1588 383 1619 ι
419 1571 513 1622 καὶ
547 1570 709 1623 πάλιν
756 1574 783 1623 6
818 1571 983 1634 αὐτὸς
1025 1570 1284 1641 ἀλλαχοῦ,
1315 1590 1335 1623 ι
1377 1569 1472 1636 Εἷς
1517 1572 1650 1634 Θεὸς
1684 1574 1776 1625 καὶ

195 1659 411 1728 Πατὴρ,
475 1662 661 1729 φησὶν,
700 1660 758 1725 ἐξ
808 1655 869 1715 οῦ
928 1662 996 1716 τὰ
1043 1662 1223 1716 πάντα
1252 1679 1267 1694 ο
1304 1663 1399 1716 καὶ
1452 1657 1533 1725 εἷς
1566 1665 1773 1732 Κύριος

1871 580 2033 633 quem
2068 565 2271 628 omnia,
2297 573 2352 620 et
2383 582 2523 619 unus
2553 566 2790 635 Spiritus
2822 573 3061 631 sanctus,
3092 564 3145 617 in
3178 578 3286 634 quo
3320 579 3443 617 om-

1872 656 1961 710 nia
1993 657 2057 710 ⁸⁸.
2088 676 2109 709 ι
2144 656 2339 711 Nonne
2372 672 2500 728 ergo
2532 657 2586 710 in
2633 657 2720 711 bis
2768 670 3058 725 possumus
3107 654 3406 724 intelligere
3427 694 3442 717 ,

1875 764 2042 802 unum
2094 750 2381 815 factorem,
2435 760 2489 805 et
2534 749 2809 820 opiﬁcem,
2861 757 2915 801 et
2954 747 3283 817 principium
3321 760 3443 799 om-

1873 842 2046 906 nium,
2106 850 2216 896 tres
2266 856 2558 911 personas;
2614 852 2673 896 ut
2721 857 2841 910 quae
2900 841 3012 894 sint
3065 854 3207 893 unus
3266 838 3446 891 Deus?

1874 940 2155 1003 unumque
2186 934 2518 1005 principium
2544 934 2811 999 dicemus,
2847 933 3083 996 Patrem,
3122 942 3177 986 et
3211 930 3406 985 Filium
3429 971 3445 993 ,

1841 1100 1847 1105 ν
1876 1035 1931 1078 et
1964 1025 2232 1095 Spiritum
2266 1037 2518 1081 sanctum
2541 1070 2555 1090 ,
2593 1043 2688 1097 per
2725 1030 2823 1082 bas
2871 1027 3309 1097 praepositiones,
3342 1040 3405 1078 cx
3429 1065 3445 1089 ,

1874 1132 1967 1185 per
1991 1126 2045 1171 et
2091 1118 2183 1171 in?
2222 1134 2317 1186 per
2349 1136 2411 1172 ea:
2443 1120 2657 1173 Patrem
2694 1130 2751 1173 ut
2786 1118 3145 1189 principalem
3172 1159 3186 1181 ,
3233 1134 3328 1185 per
3368 1117 3450 1170 di-

1873 1210 2109 1264 etionem
2144 1226 2236 1278 per
2266 1208 2487 1272 Filium,
2526 1220 2583 1263 ut
2614 1211 2865 1279 epiticem
2897 1228 2910 1265 :
2940 1227 3037 1279 per
3074 1211 3127 1262 in
3157 1208 3443 1278 Spiritum,

1874 1312 1935 1355 ut
1985 1300 2385 1370 perfectivum?
2418 1300 2665 1363 Maxime,
2708 1317 2880 1369 neque
2924 1301 3219 1356 dictionem
3255 1316 3346 1369 per
3379 1299 3447 1354 de

1874 1394 2037 1447 Patre
2064 1392 2317 1460 dicimus,
2359 1409 2538 1463 neque
2575 1410 2640 1448 ex
2675 1395 2742 1448 de
2768 1394 2926 1460 Pilio,
2979 1411 3049 1449 ne
3094 1396 3447 1464 principalem

1874 1502 2094 1543 causam
2119 1486 2298 1543 Patris
2326 1487 2599 1553 tollamus,
2623 1486 2667 1541 si
2702 1487 2838 1543 Filio
2863 1488 3194 1552 dederimus,
3215 1488 3308 1543 sed
3330 1502 3447 1541 eam

1875 1579 2025 1633 Patri
2054 1594 2423 1635 reservamus.
2470 1582 2534 1634 Et
2565 1583 2783 1650 quando
2825 1598 2843 1632 ι
2880 1596 2947 1635 ex
3000 1579 3161 1635 Patre
3193 1600 3210 1631 ι
3250 1579 3450 1634 dixeri-

1875 1684 2025 1736 mus,
2058 1678 2193 1725 tunc
2221 1686 2415 1726 rursus
2452 1660 2696 1740 sequitur
2727 1688 2838 1737 per,
2864 1687 2981 1741 qua:
3015 1672 3253 1725 medium
3292 1670 3453 1741 signi-

204 1750 441 1819 Ἰησοῦς,
471 1753 539 1804 δι’
570 1752 631 1804 οῦ
668 1754 733 1806 τὰ
766 1754 945 1807 πάντα
973 1770 988 1786 ⁸
1028 1757 1118 1808 καὶ
1156 1755 1215 1807 ἓν
1246 1755 1469 1826 Πνεῦμα
1506 1758 1682 1826 Ξιγιον,
1717 1761 1774 1811 ὲν

1886 1763 2004 1816 ﬁcat
2031 1779 2046 1816 :
2078 1762 2277 1833 quippe
2305 1777 2426 1816 cum
2473 1779 2567 1831 per
2604 1762 2863 1834 jungatur
2893 1763 3117 1818 dictioni
3149 1780 3231 1816 ex.
3267 1762 3453 1831 Itaque

189 1833 239 1907 ᾦ
266 1843 331 1894 τὰ
394 1844 571 1896 πάντα
600 1858 614 1871 '
656 1866 674 1895 ι
710 1840 798 1914 ἆρ’
850 1843 943 1899 οὖν
1001 1848 1061 1899 οὐ
1108 1848 1387 1917 δυνάμεθα
1430 1851 1683 1918 ἐννοῆσαι
1715 1852 1773 1902 ὲν

1886 1868 2002 1908 cum
2044 1824 2300 1916 asini...
2338 1873 2356 1906 ι
2396 1824 2673 1914 eximie.
2707 1824 3120 1925 nvintelligimus
3168 1863 3315 1919 tunc,
3359 1824 3453 1921 (ie.-

190 1932 429 1997 τούτοις,
470 1935 568 1987 ἕνα
621 1936 847 2008 ποιητὴν
889 1939 980 1991 καὶ
1018 1940 1351 2009 δημιουργὸν
1383 1942 1493 1994 τῶν
1518 1938 1783 1995 ἁπάντων

194 2029 291 2075 καὶ
315 2026 507 2088 αἴτιον,
535 2028 601 2078 τὰ
626 2029 751 2098 τρία
776 2032 1039 2100 πρόσωπα
1065 2030 1138 2094 ὡς
1165 2033 1265 2085 ἕνα
1288 2033 1417 2085 Θεὸν
1448 2034 1584 2086 αὐτὶ
1607 2033 1734 2086 ὄντα
1756 2050 1771 2100 ;

1876 1946 2115 2001 medium
2165 1944 2290 2001 Filii
2328 1956 2577 2002 sanctum
2617 1948 2914 2017 procedere
2958 1948 3247 2017 Spiritum.
3297 1946 3452 2012 Quod

1872 2048 2054 2093 autem
2100 2037 2267 2092 dictio
2297 2055 2388 2106 per
2418 2054 2649 2093 causam
2684 2037 2951 2108 signiﬁcet
2999 2037 3245 2091 eamdem
3293 2052 3451 2105 quam

193 2118 291 2170 καὶ
331 2118 425 2169 ἕνα
480 2120 656 2173 αῖτιον
687 2122 780 2175 τὸν
826 2124 1047 2191 Πατέρα
1100 2126 1348 2193 φήσομεν
1386 2118 1481 2178 καὶ
1525 2126 1617 2179 τὸν
1646 2126 1773 2179 Υίὺν

1886 2146 1958 2191 ετ.
1988 2140 2043 2184 et
2073 2132 2219 2199 quod
2263 2132 2407 2185 inter
2440 2146 2499 2186 se
2536 2131 2829 2207 potestatis
2862 2129 3104 2199 ejusdem
3160 2128 3289 2193 sint,
3322 2128 3452 2182 hinc

193 2208 295 2261 καὶ
324 2210 383 2263 τὸ
417 2211 665 2281 Πνεῦμα,
695 2213 783 2269 διὰ
811 2216 919 2268 τῶν
950 2215 1265 2285 προθέσεων
1292 2217 1516 2279 τούτων,
1545 2219 1645 2287 τῆς
1673 2220 1767 2285 ἐξ,

1880 2222 2229 2277 manifestum
2261 2236 2366 2279 est.

194 2305 297 2371 τῆς
325 2303 443 2370 διὰ,
476 2308 567 2359 καὶ
601 2307 699 2375 τῆς
746 2308 854 2372 ὲνς
889 2310 986 2378 τῆς
1025 2312 1117 2373 ἐκ,
1165 2312 1257 2363 ἐπὶ
1285 2309 1379 2365 τοῦ
1422 2312 1654 2381 Πατρὸς,
1681 2313 1757 2373 ὡς
1800 2316 2283 2383 προκαταρκτικῆς
2306 2334 2319 2348 ο
2350 2319 2451 2387 τῆς
2499 2315 2617 2378 διὰ,
2652 2318 2742 2366 ἐπὶ
2774 2315 2865 2367 τοῦ
2896 2314 3049 2380 Υἰοῦ,
3092 2316 3164 2376 ὡς
3199 2314 3457 2384 δημιουρ-

200 2401 365 2467 γικῆς
451 2400 546 2468 τῆς
598 2402 687 2466 ἐν,
743 2403 836 2454 ἐπὶ
887 2404 979 2455 τοῦ
1027 2403 1360 2473 Πνεῦματος,
1390 2406 1465 2468 ὡς
1495 2405 1887 2474 τιλειωτικῆς*
1919 2408 2061 2459 πάνυ
2096 2410 2196 2478 μὲν
2241 2405 2356 2461 οῦν.
2391 2408 2528 2463 Οὐδὲ
2572 2409 2679 2476 γὰρ
2734 2408 2962 2476 λέγομεν
3028 2410 3126 2477 τὴν
3192 2407 3324 2471 διὰ,
3369 2408 3458 2456 ἐπὶ

194 2494 292 2547 τοῦ
340 2496 550 2567 Πατρός
577 2513 590 2527 ·
623 2499 716 2552 καὶ
748 2498 846 2568 τὴν
890 2500 977 2563 ἐκ,
1004 2500 1097 2552 ἐπὶ
1128 2499 1221 2551 τοῦ
1273 2500 1427 2564 Υίοῦ,
1463 2500 1551 2553 ἴνα
1605 2502 1681 2570 μὴ
1750 2503 1809 2556 τὸ
1846 2508 2327 2573 προκαταρκτικὸν
2378 2504 2549 2557 αἴτιον
2599 2503 2693 2555 τοῦ
2746 2498 2957 2569 [ἰατρὸς
3042 2500 3451 2569 ἀναιρήσωμεν.

194 2587 433 2650 διδόντες
467 2586 545 2658 τῷ
577 2589 689 2656 Υἱῷ
710 2607 725 2621 ο
757 2591 891 2644 ἀλλὰ
943 2593 1293 2663 φυλάσσομεν
1322 2595 1482 2648 τοῦτο
1530 2598 1623 2648 ἐπὶ
1674 2595 1769 2648 τοῦ
1815 2598 2030 2667 Πατρός
2051 2614 2065 2627 ⁸
2096 2599 2188 2650 καὶ
2210 2596 2337 2650 ὅταν
2366 2598 2611 2666 εἴποιμεν
2632 2599 2695 2649 ὲκ
2721 2594 2814 2648 τοῦ
2841 2595 3072 2665 Πατρδς,
3139 2594 3245 2645 τότ’
3305 2586 3457 2652 αὖθις

198 2687 617 2758 ἐπακολουθεῖή
668 2689 785 2754 διὰ,
842 2691 1119 2759 μεσιτείαν
1158 2691 1425 2762 δηλοῦσαο
1474 2692 1881 2763 συνεζευγμὲνη
1913 2697 2020 2762 γάρ
2062 2695 2278 2765 ὲστινή
2334 2695 2451 2748 νδιὰ
2514 2696 2580 2764 τῇ
2652 2693 2734 2758 ἐκ,
2790 2694 2929 2746 ὥστε
2975 2692 3050 2753 ὼς
3116 2692 3240 2744 ὅταν
3285 2690 3459 2755 λέγω-

201 2797 306 2850 μιν
336 2783 398 2835 ἐκ
424 2782 519 2836 τοῦ
556 2783 786 2852 Πατρδς,
817 2785 1049 2853 νοοῦμεν
1077 2785 1199 2837 τότε
1232 2784 1323 2838 διὰ
1367 2785 1644 2853 μεσιτείας
1671 2786 1765 2839 τοῦ
1808 2787 1939 2839 Υίοῦ
1971 2789 2030 2839 τὸ
2067 2788 2211 2841 Θείον
2244 2786 2643 2857 ἐκπορεύεσθαι
2686 2784 2930 2853 Πνεῦμα.
2979 2784 3102 2836 Ὀτι
3169 2783 3223 2834 δὲ
3258 2783 3290 2851 ή
3363 2780 3461 2833 διὰ

199 2879 386 2933 αῖτὲαν
408 2880 561 2950 δηλοῖ
591 2879 690 2949 τὴν
712 2880 880 2951 αὐτὴν
906 2883 972 2949 τῇ
1002 2880 1094 2944 ἐκ.
1131 2882 1225 2936 καὶ
1252 2881 1327 2941 ὼς
1358 2882 1773 2953 ἰσοδυναμοῦσιν
1814 2884 2100 2955 ἀλλήλαις,
2136 2885 2389 2941 ἐντεῦθεν
2419 2884 2615 2956 δῆλον.·

940 2973 1014 3029 Γ¹.

2628 2976 2724 3031 111.

268 3066 603 3135 Θεοδὼριτος
636 3070 663 3120 6
693 3068 878 3134 Κύρου
907 3069 1228 3132 ἐπίσκοπος,
1262 3072 1319 3123 ἐν
1360 3074 1426 3142 τῇ
1458 3071 1591 3143 ἁγίᾳ
1617 3071 1777 3142 τρίτῃ

1958 3069 2344 3135 Theodoritus,
2375 3069 2495 3141 Cyri
2531 3071 2821 3140 episcopus
2845 3110 2859 3133 ,
2907 3070 2973 3122 ad
3011 3067 3067 3121 S.
3116 3066 3327 3121 tertiam
3372 3082 3461 3133 sy-

204 3159 411 3229 συνόδῳ
441 3158 610 3211 ἐλθὼν
642 3160 777 3226 μετὰ
803 3159 904 3227 τὴν
936 3160 1141 3228 ταύτης
1179 3160 1483 3225 τελείωσιν,
1523 3164 1662 3231 μετὰ
1686 3164 1781 3216 τοῦ

202 3250 550 3320 πατριάρχου
599 3250 932 3319 Ἀντιοχείας
977 3250 1250 3317 Ἰωάννου,
1270 3253 1333 3315 δς
1361 3253 1458 3305 σὺν
1489 3253 1639 3322 αὐτῷ
1664 3253 1786 3321 ἔφε-

204 3360 300 3410 ρεν
334 3344 540 3394 εἷκοσιν
576 3342 669 3394 καὶ
702 3340 763 3404 ἓξ
793 3342 1152 3406 ἐπισκόπους,
1197 3343 1293 3396 καὶ
1330 3342 1455 3396 ἰδὼν
1480 3342 1562 3394 ὅτι
1611 3344 1785 3413 πέρας

201 3437 329 3506 ἔσχε
361 3437 428 3489 τὰ
458 3435 555 3501 τῆς
574 3434 812 3499 συνόδου,
840 3433 935 3485 καὶ
958 3435 1038 3486 ὅτι
1070 3433 1437 3504 κατεδικάσθη
1468 3433 1781 3501 Νεστόριος,

200 3527 510 3597 ἐταράχθη.
562 3528 656 3580 καὶ
690 3528 775 3578 ὅτι
827 3526 1093 3596 Κύριλλος
1130 3525 1255 3594 ἔσχε
1300 3526 1360 3577 τὸ
1392 3524 1615 3595 κράτος,
1665 3527 1785 3577 ἑπι-

202 3618 547 3688 λαμεάνεται
602 3617 697 3670 τοῦ
756 3618 1026 3686 Κυρίλλου
1083 3619 1141 3669 ὲν
1190 3618 1306 3677 τοῖς
1363 3616 1568 3669 δώδεκα
1620 3633 1784 3684 κεφα-

202 3712 381 3773 λαίοις
405 3707 484 3773 οἷς
514 3711 724 3779 φθάσας
749 3711 961 3773 ἐξέθετο
984 3710 1123 3762 κατὰ
1153 3709 1246 3761 τοῦ
1272 3709 1587 3777 Νεστορίου.
1615 3708 1786 3769 Οὗτος

204 3802 301 3855 οὖν
356 3802 603 3872 μαθητὴς
631 3802 709 3854 ὣν
750 3801 980 3867 ἐκείνου,
1016 3800 1245 3869 ὥρμησε
1282 3799 1428 3867 κατᾶ
1480 3799 1575 3851 τοῦ
1612 3801 1783 3869 μεγάο

204 3896 300 3946 λου
338 3894 626 3964 Κυρίὶλου,
659 3892 731 3955 ὡς
757 3894 918 3962 δῆθεν
949 3892 1257 3962 συμμαχῶν
1285 3890 1362 3960 τῷ
1411 3892 1607 3944 ἑαυτοῦ
1641 3891 1785 3945 διδα·

208 3987 400 4056 σκάλῳ
423 4004 436 4019 ο
470 3990 561 4040 καὶ
588 3988 642 4037 ὲν
669 3987 745 4053 τῷ
779 3985 953 4054 ἐνάτῳ
974 3984 1272 4051 κεφαλαίῳ,
1310 3984 1367 4035 ὲν
1396 3977 1438 4050 ᾧ
1462 3985 1490 4037 6
1518 3982 1781 4052 Κύριλλός

206 4095 376 4147 φησιν
400 4094 414 4109 ο
452 4095 471 4129 ι
500 4078 660 4130 Ἱδιον
691 4077 829 4145 ἔχων
862 4078 890 4127 6
929 4076 1055 4135 Υἱὸς
1081 4074 1139 4125 τὸ
1172 4075 1227 4140 ἐξ
1251 4074 1437 4137 αὑτοῦ,
1472 4075 1565 4126 xui.
1591 4075 1785 4125 οὖσιω-

205 4172 314 4232 δὼς
359 4170 674 4239 ἐμπεφυκὸς
707 4167 858 4235 αὐτῷ
910 4167 1131 4236 Πνεῦμα
1164 4166 1323 4232 ἅγιον
1374 4164 1661 4233 εἰργάζετο
1687 4167 1785 4228 τὰς

208 4262 555 4330 θεοσημεὶας·
581 4278 600 4312 ι
622 4257 986 4326 ὁΘεοδὼριτός
1007 4272 1189 4325 φησιν·
1212 4275 1230 4307 ι
1246 4256 1305 4308 El
1325 4256 1443 4325 μὲν,
1463 4256 1786 4324 ὼςδμοφυές

1890 3162 2090 3216 nodum
2124 3178 2248 3217 cum
2288 3176 2351 3216 ea
2388 3161 2539 3215 ﬁnita
2576 3161 2812 3215 venisset
2845 3174 2968 3214 cum
3017 3150 3225 3212 Joanne
3281 3159 3465 3212 Antio-

1887 3252 2026 3307 «Μαι
2054 3252 2494 3322 patriarcita,qui
2524 3266 2616 3305 sex
2642 3260 2697 3305 et
2728 3249 2914 3320 viginti
2947 3248 3232 3316 episcopos
3269 3262 3453 3302 secum

1887 3344 2186 3397 adduxerat
2218 3357 2234 3394 :
2271 3343 2466 3396 videns
2512 3341 2623 3411 jam
2675 3339 2940 3410 synodum
2996 3348 3268 3405 peractam
3302 3352 3422 3392 esse
3445 3380 3461 3395 .

1890 3435 2309 3504 Nestoriumque
2339 3438 2675 3496 damnatum,
2699 3430 3071 3502 Cyrillumque
3099 3428 3461 3496 przcvaluisse,

1888 3528 2241 3599 perturbatus
2274 3536 2377 3591 est,
2408 3537 2462 3581 et
2496 3530 2549 3579 in
2578 3525 2866 3579 duodecim
2900 3522 3167 3591 capitibus
3200 3537 3317 3590 qum
3367 3524 3461 3573 ad-

1889 3635 2080 3675 versus
2109 3618 2423 3674 Nestorium
2476 3629 2634 3672 antea
2676 3617 2945 3680 ediderat,
2982 3612 3242 3683 Cyrili‘em
3283 3628 3465 3680 repre-

1890 3710 2101 3767 hendit.
2139 3710 2186 3764 Is
2211 3711 2376 3781 igitur
2406 3724 2532 3763 cum
2578 3706 2811 3763 Nestorii
2842 3704 3141 3773 discipulus
3172 3714 3335 3765 ess«:t,
3364 3703 3462 3756 ad-

1892 3814 2086 3856 versus
2128 3815 2382 3871 magnum
2426 3797 2687 3870 Cyrillum
2735 3796 2998 3866 impetum
3045 3791 3209 3857 fecit,
3258 3801 3313 3845 ut
3364 3808 3464 3845 suo

1893 3892 2153 3961 magistro
2201 3891 2587 3959 opitularetur.
2626 3887 2690 3941 Et
2723 3887 2775 3940 in
2826 3902 2970 3940 nouo
3000 3886 3200 3956 capite,
3243 3885 3332 3939 ubi
3364 3885 3465 3955 Cy-

1895 3986 2048 4038 rillus
2082 3982 2255 4038 dicit:
2290 4002 2307 4033 ι
2345 3981 2481 4036 Cum
2515 3981 2687 4035 Filius
2716 3979 2995 4049 preprium
3027 3994 3090 4032 ex
3121 3978 3303 4047 seipso
3328 3986 3382 4032 et
3409 3978 3463 4031 in

1894 4077 2076 4141 seipso
2107 4088 2230 4128 esse
2273 4071 2643 4127 essentialiter
2682 4070 2903 4123 insitum
2943 4068 3143 4122 habeat
3192 4069 3457 4138 Spiritum

1894 4174 2167 4228 sanctum,
2198 4165 2621 4218 vaticinabatur.
2655 4179 2675 4215 ι
2711 4160 3083 4218 Theodoritus
3124 4164 3416 4231 respondet
3446 4178 3461 4215 :

1900 4280 1916 4312 ι
1947 4258 2026 4326 Si,
2069 4269 2127 4313 ut
2155 4258 2399 4327 ejusdem
2434 4267 2642 4311 naturre
2669 4256 2901 4327 Cyrillus
2929 4254 3087 4318 dixit,
3116 4264 3172 4309 et
3197 4270 3262 4308 ex
3303 4254 3463 4307 Patre

207 4354 317 4421 ἔφη
376 4351 665 4420 Κύριλλος,
706 4350 801 4401 καὶ
847 4350 909 4401 ὲκ
936 4348 1032 4400 τοῦ
1084 4347 1293 4417 [ἰατρὸς
1325 4346 1780 4415 ἐκπορευόμενον,

1894 4349 2192 4422 procedere
2217 4388 2230 4409 ,
2268 4348 2374 4421 iam
2410 4346 2810 4413 conﬁtebimur,
2836 4357 2890 4399 et
2921 4352 3180 4413 tanquam
3218 4344 3304 4412 pia
3340 4343 3464 4412 ejus

211 4442 292 4495 ῐδε
322 4441 855 4510 συνομολογήσομεν,
909 4439 1003 4492 καὶ
1038 4438 1115 4501 ὡς
1143 4437 1340 4507 εὐσεϐῆ
1388 4435 1654 4506 δεξόμεθα
1686 4438 1780 4507 τὴν

1889 4442 2052 4496 verba
2096 4441 2442 4509 recipiemus.
2467 4438 2522 4490 Si
2540 4453 2668 4492 vero
2694 4446 2948 4506 tauquam
2979 4453 3043 4491 ex
3069 4436 3223 4502 Filio,
3245 4437 3326 4491 vel
3370 4452 3467 4506 per

210 4536 422 4606 φωνήν.
477 4534 537 4586 Ei
571 4532 615 4583 δ’
643 4533 717 4594 ὡς
749 4530 810 4595 ἐξ
860 4529 989 4583 Υίοῦ
1035 4532 1068 4603 ἢ
1118 4531 1185 4583 δι’
1222 4529 1350 4583 Υίοῦ
1403 4529 1503 4599 τὴν
1552 4528 1785 4599 ὓπαρξιν

212 4629 360 4697 ἔχον,
386 4626 460 4687 ὡς
494 4624 814 4693 βλάσφημον
848 4620 1010 4674 τοῦτο
1057 4625 1148 4674 καὶ
1178 4622 1438 4685 δυσσεϐὲς
1488 4623 1788 4692 ἀπορρίψο-

213 4735 337 4785 μεν.
382 4735 401 4767 ι
422 4717 663 4777 ’Δκούεις
700 4716 815 4776 πώς
842 4718 869 4767 6
899 4713 1227 4780 Θεοδώριτος
1260 4715 1528 4766 ὲδει).ίασε
1570 4718 1661 4767 καὶ
1688 4717 1787 4785 τὴν

208 4812 279 4865 ἐκ
306 4812 404 4863 καὶ
439 4809 539 4878 τὴν
569 4807 667 4860 διὰ
694 4810 788 4861 ἐπὶ
811 4809 908 4876 τῆς
940 4806 1162 4877 προόδου
1198 4806 1288 4858 τοῦ
1320 4806 1636 4875 Πνεῦματος
1663 4825 1676 4871 ;
1704 4808 1785 4860 διό

211 4919 350 4971 φησι
389 4902 525 4971 μετὰ
552 4901 782 4968 τρόμου,
814 4899 863 4950 ει
903 4898 948 4950 δ’
977 4899 1052 4959 ὡς
1082 4898 1140 4962 ἐξ
1163 4896 1293 4949 Υίοῦ
1325 4898 1358 4970 ἢ
1390 4898 1457 4949 δι’
1489 4898 1620 4951 Υίοῦ
1643 4913 1657 4929 ο
1690 4900 1783 4951 καὶ

210 4992 445 5053 εἰκότως
499 4992 617 5043 ἐκεῖ
643 4989 740 5043 καὶ⁸
764 4984 917 5051 οὗτος
954 4988 1215 5042 ὲδειλίασε
1248 4989 1437 5057 φόϐον,
1480 4982 1541 5041 οὗ
1580 4990 1679 5042 οὐκ
1714 4986 1781 5061 ἦν

213 5086 386 5155 φόϐος
412 5096 427 5111 ⁸
460 5082 647 5152 ὥσπερ
689 5084 784 5135 καὶ
822 5082 982 5151 ὑμεῖς
1021 5082 1243 5133 ποιεῖτε.
1292 5081 1397 5133 Καὶ
1429 5084 1535 5150 γὰρ
1578 5083 1781 5144 ἐκεῖνος

216 5177 548 5249 ἀρνούμενος
571 5175 851 5237 παντελῶς
883 5175 945 5227 τδ
975 5172 1197 5243 Πνεῦμα
1224 5174 1331 5227 ἀπὸ
1362 5173 1455 5227 τοῦ
1484 5174 1611 5226 The}
1642 5170 1780 5227 simu

212 5271 410 5338 ὥσπερ
442 5270 537 5323 καὶ
568 5270 746 5338 ὑμεῖς,
783 5264 906 5319 οὔτε
932 5266 990 5329 ἐξ
1025 5266 1177 5329 Υίοῦ,
1213 5265 1338 5318 οὔτε
1367 5266 1434 5318 δι’
1469 5265 1596 5318 Υῖοῦ
1627 5283 1789 5319 κατα-

214 5362 469 5429 δέχεται·
507 5360 665 5424 ὑμεῖς
697 5358 754 5410 δὲ
799 5358 861 5410 τὸ
910 5359 1007 5425 μὲν
1048 5356 1117 5408 δι’
1146 5355 1299 5415 Υίοῦ,
1348 5357 1659 5424 ὁμολογεῖτε
1696 5358 1788 5410 καὶ

222 5454 301 5521 μὴ
342 5452 677 5521 βουλόμενοι.
715 5450 776 5502 τὸ
822 5450 877 5502 δὲ
907 5448 964 5513 ἐξ
1000 5448 1153 5513 Υἱοῦ,
1201 5447 1313 5500 οὐδ’
1343 5448 1575 5500 ἀκοῦσαι
1608 5449 1794 5518 ἀνέχε-

222 5543 341 5607 σθε,
372 5541 467 5595 καὶ
509 5542 618 5611 γὰρ
648 5541 709 5594 τὸ
745 5540 878 5594 αὐτὸ
914 5540 1171 5609 σημαίνει
1222 5541 1365 5591 κατὰ
1408 5540 1498 5591 τὸν
1535 5538 1792 5607 Θεοδὼριο

218 5651 334 5688 τον.
373 5635 492 5686 ὐτι
523 5634 582 5686 δὲ
610 5636 668 5687 τὸ
706 5634 774 5686 δι’
805 5631 935 5685 Υίοῦ
975 5632 1312 5702 ὁμολογεῖτε,
1342 5630 1703 5701 Δαμασκηνὸς
1733 5634 1790 5685 ὲν

306 5813 348 5845 ¹⁸
379 5812 577 5886 Ephes.
612 5832 689 5883 tv,
722 5816 778 5870 6.

1886 4532 2080 4587 Filium
2126 4531 2416 4586 essentiam
2475 4530 2695 4594 habere,
2726 4538 2784 4582 ut
2816 4529 3209 4597 blasphemiam
3265 4540 3318 4583 et
3353 4545 3464 4583 rem

1886 4628 2104 4695 impiam
2124 4642 2243 4681 eam
2278 4624 2612 4692 rejiciemus.
2657 4642 2676 4674 ι
2704 4623 2874 4676 Audis
2899 4638 3005 4691 quo
3035 4634 3191 4692 pacto
3221 4621 3469 4676 Theodo-

1887 4721 2026 4772 ritus
2073 4719 2342 4771 dictiones
2370 4733 2432 4769 ex
2464 4725 2520 4769 et
2571 4731 2663 4784 per
2699 4716 3075 4769 reformidavit
3127 4715 3178 4767 in
3226 4713 3465 4783 Spiritus

1892 4812 2064 4867 sancti
2095 4809 2482 4879 processione?
2508 4808 2632 4863 ideo
2660 4824 2781 4861 cum
2808 4809 3027 4863 horrore
3048 4807 3203 4869 dicit,
3239 4807 3312 4859 «si
3338 4821 3466 4859 vero

1901 4920 1965 4956 ex
2001 4901 2157 4966 Filio,
2200 4902 2283 4955 vel
2320 4916 2415 4970 per
2450 4898 2663 4953 Filium.
2707 4918 2723 4949 ι
2764 4899 2828 4954 Et
2856 4882 2977 4967 jure
3014 4900 3086 4953 ibi
3118 4898 3335 4963 timuit,
3375 4898 3466 4951 ubi

1905 4994 2123 5046 timendi
2157 4993 2295 5047 ratio
2320 5008 2424 5046 non
2459 5002 2597 5057 erat,
2625 4992 2700 5046 uti
2732 5007 2827 5046 vos
2864 4993 3059 5047 facitis.
3098 4992 3230 5055 Nam
3264 5006 3387 5043 cum
3424 4992 3467 5043 is

1900 5083 2125 5138 omnino
2164 5093 2380 5153 negaret
2415 5082 2674 5151 Spiritum
2709 5098 2736 5134 a
2772 5082 2904 5135 Filio
2935 5081 3245 5149 procedere,
3270 5094 3464 5148 quern-

1900 5177 2187 5231 admodum
2226 5187 2276 5227 et
2308 5191 2401 5229 vos
2426 5215 2439 5239 ,
2472 5191 2644 5244 neque
2695 5194 2712 5225 ι
2750 5190 2813 5228 ex
2849 5172 3004 5230 Filio,
3043 5190 3060 5221 ι
3097 5187 3271 5236 nemo
3315 5190 3331 5220 ι
3370 5184 3466 5237 per

1903 5269 2097 5323 Filium
2145 5288 2162 5320 ι
2203 5268 2435 5338 recipit;
2466 5284 2560 5323 vos
2585 5284 2734 5330 vero,
2776 5286 2792 5315 ι
2830 5281 2923 5334 per
2964 5262 3178 5328 Fiiium,
3235 5287 3251 5312 ι
3299 5263 3465 5314 etiam

1903 5361 2051 5414 inviti
2105 5360 2473 5423 conﬁtemini;
2512 5380 2529 5411 ι
2564 5376 2627 5413 ex
2664 5357 2815 5419 Filio,
2868 5375 2884 5405 ι
2923 5370 3097 5422 neque
3144 5352 3332 5406 audire
3377 5368 3467 5406 su-

1900 5453 2116 5507 stinetis
2138 5492 2153 5517 ,
2184 5452 2327 5505 idem
2356 5452 2499 5505 enim
2530 5450 2829 5503 secundum
2871 5445 3259 5499 Theodoritum
3291 5443 3462 5512 signi-

1903 5546 2047 5598 ﬁcat.
2076 5543 2229 5609 Quod
2262 5557 2386 5595 vero
2416 5560 2435 5593 ι
2469 5557 2560 5610 per
2592 5540 2784 5593 Filium
2818 5560 2843 5586 ιι
2877 5537 3230 5600 conﬁtemini,
3269 5534 3462 5587 Dama-

1901 5646 2117 5697 scenus,
2146 5631 2198 5683 in
2244 5642 2438 5687 oetavo
2471 5641 2525 5685 et
2560 5627 3177 5698 tricesimojlieologim
3228 5640 3337 5679 sua:
3372 5639 3465 5678 ca-
