3978 6204
138 276 142 280 ’
224 303 350 363 m7

945 299 1093 362 PRO
1124 301 1329 366 (IONC.
1364 301 1734 363 FLORENT.
1770 304 1925 364 CAP.
1975 304 2017 371 ι.
2059 304 2153 364 DE
2192 304 2513 365 SPiRlTU
2553 245 2863 366 SANCTO.

3343 293 3490 358 1138“

223 412 510 482 μονογενὲς
536 412 936 486 φυλαττούσης,
969 415 1065 469 καὶ
1094 415 1154 467 τὸ
1193 414 1413 484 Πνεῦμα
1445 417 1540 482 τῆς
1569 415 1805 483 φυσικῆς

1918 435 2089 480 senae,
2131 430 2324 474 natura
2356 429 2409 473 et
2442 418 2661 479 dcitate,
2693 431 2794 470 nec
2840 411 3041 483 aliquid
3074 410 3143 466 sit
3189 408 3357 479 prius.
3399 407 3485 462 vel

223 504 356 573 πρὸς
393 505 484 558 τὸν
530 506 748 576 Πατέρα
781 508 1018 573 σχέσεως
1055 505 1129 575 μὴ
1181 506 1576 575 ἀπειργούσης.
1616 522 1633 554 ι
1680 503 1799 556 Ἐν-

218 597 393 650 ταῦθα
428 600 454 649 ό
490 597 647 662 ἅγιος
697 595 874 662 οὗτος,
906 599 1036 666 περὶ
1077 597 1368 668 ἠνωμένης
1401 597 1517 667 ἅμα
1549 599 1643 650 καὶ
1686 597 1801 650 δια-

219 691 598 760 κεκριμμένης
633 691 908 758 θεολογίας
937 690 1027 744 τὸν
1070 691 1232 758 λόγον
1269 690 1610 760 ποιούμενος,
1643 690 1801 761 ἔρχε-

218 801 306 836 ται
337 783 424 835 ἐπ’
459 782 631 854 αὐτὴν
664 783 761 849 τὴν
811 781 1085 850 διάκρισιν
1122 783 1230 834 τῶν
1263 782 1424 836 θείων
1469 780 1797 852 προσώπων,

220 877 313 929 καὶ
351 875 618 944 διακρίνει
649 877 786 929 αὐτὰ
827 879 892 946 τῇ
925 877 1094 946 αἰτίᾳ,
1128 876 1219 929 καί
1269 890 1439 944 φησισ
1473 875 1586 944 Τῆς
1611 875 1800 936 οὐσίας

219 969 313 1019 καὶ
348 968 564 1034 φύσεως
595 967 654 1019 τὸ
689 967 1107 1036 ἀπαράλλακτον
1157 966 1568 1036 ὁμολογοῦντες,
1607 966 1801 1020 τουτέ-

222 1075 307 1111 στι
339 1058 397 1110 τὸ
443 1058 722 1127 ἡνωμένον
753 1057 945 1125 αὐτῆς,
988 1057 1046 1110 ἓν
1080 1057 1186 1128 γάρ
1235 1059 1339 1110 εἰσι
1365 1058 1433 1110 τὰ
1471 1057 1596 1125 τρία
1629 1055 1800 1125 πρόσ-

148 1201 151 1204 .
217 1169 344 1203 ωπα
402 1153 468 1221 τῇ
505 1150 666 1218 φύσει
701 1150 794 1202 καὶ
823 1151 890 1218 τῇ
934 1149 1153 1216 θεότητι
1179 1162 1194 1178 '
1223 1148 1315 1201 καὶ
1336 1147 1486 1217 οὐδὲν
1514 1148 1798 1216 πρότερον,

219 1244 251 1311 ἢ
287 1242 533 1307 ὕστερον.
565 1240 664 1292 οὐκ
710 1239 1027 1309 όρνούμεθα
1055 1241 1153 1309 τὴν
1182 1239 1464 1308 διαφορὰν,
1505 1239 1571 1309 ἣν
1616 1239 1801 1304 διαφέ-

223 1349 412 1400 ρουσιν
441 1330 538 1384 ἀπ’
568 1330 815 1399 ἀλλήλων
841 1346 855 1360 ·
885 1329 1202 1398 διαφέρουσι
1233 1328 1342 1398 γὰρ
1369 1328 1510 1382 κατὰ
1536 1328 1596 1379 τὸ
1630 1327 1801 1380 αῐτιον

221 1427 316 1479 καὶ
355 1425 618 1491 αίτιατὸν,
652 1425 744 1478 καὶ
773 1423 1144 1494 διακρίνονται
1171 1423 1357 1492 ἕτερον
1402 1421 1631 1492 θατέρου
1659 1437 1672 1451 ο
1707 1419 1801 1472 καὶ

222 1519 572 1587 πιστεύομεν,
627 1519 782 1586 φησὶ,
813 1515 873 1568 τὸ
915 1515 1014 1586 μὲν
1071 1516 1266 1577 αἴτιον,
1310 1514 1372 1566 τὸ
1409 1513 1465 1566 δὲ
1518 1512 1798 1565 αἰτιατόν·

221 1613 366 1681 ἦτοι,
415 1611 509 1664 τδν
572 1611 670 1680 μὲν
702 1610 922 1679 Πατέρα
969 1608 1280 1672 αῐτιον,τὺν
1324 1608 1379 1658 δὲ
1425 1606 1553 1658 Υἱὸν
1609 1607 1703 1658 καὶ
1741 1604 1803 1655 τὸ

225 1701 475 1768 Πνεῦμα,
532 1701 792 1754 αἰτιατάο
821 1700 915 1753 καὶ
961 1699 1060 1768 οὐχ
1113 1698 1329 1751 ἵσταται
1380 1697 1543 1766 μέχρι
1585 1695 1799 1757 τούτου,

222 1795 340 1846 ἀλλ’
393 1793 564 1853 εὐθὺς
631 1793 1025 1846 ἑπισυνάπτει·
1103 1809 1123 1842 ι
1177 1789 1290 1842 Καὶ
1357 1787 1452 1842 τοῦ
1511 1786 1799 1850 αἰτιατοῦ,

223 1890 383 1954 φησὶ,
425 1884 520 1938 τοῦ
543 1886 694 1947 ὄντος
720 1885 777 1950 ἐξ
804 1884 1007 1957 αἰτίας,
1039 1881 1289 1936 τουτέστι
1313 1881 1407 1934 τοῦ
1433 1879 1565 1933 Υἱοῦ
1591 1880 1683 1932 καὶ
1711 1864 1805 1931 τοῦ

224 1976 566 2044 Πνεῦματος,
607 1973 777 2026 ὄντων
825 1975 883 2039 ἐξ
910 1973 1089 2034 αἰτίας
1138 1971 1232 2025 τοῦ
1279 1970 1495 2041 Πατρὸς
1539 1969 1802 2040 δηλονότι.

224 2066 432 2135 Ἀλλην
465 2066 629 2120 πάλιν
661 2063 953 2132 ἐννοοῦμεν
974 2065 1238 2133 διαφοράν
1261 2078 1274 2092 ·
1302 2064 1363 2114 τὸ
1397 2060 1496 2130 μὲν
1522 2060 1653 2130 γὰρ,
1687 2059 1807 2127 ἦτοι

219 2162 313 2211 τὴν
344 2159 491 2219 γυιν,
518 2157 798 2226 προσεχῶς
825 2157 917 2208 καὶ
942 2156 1160 2224 ἀμέσως
1182 2157 1247 2207 ὲκ
1271 2152 1364 2206 τοῦ
1391 2151 1633 2222 πρώτου.
1652 2167 1806 2203 τουτ-

221 2255 344 2306 έστι
385 2252 478 2304 τοῦ
542 2250 756 2318 Πατρός
780 2265 794 2280 ο
825 2250 886 2300 τὸ
914 2248 971 2302 δὲ
1004 2246 1250 2316 Πνεῦμα,
1284 2244 1564 2316 προσεχῶς
1598 2245 1694 2313 μὲν
1718 2243 1808 2297 δια

219 2345 320 2396 τοῦ
367 2344 520 2404 Υἱοῑ,
558 2341 814 2411 ὲμμέσως
860 2340 914 2392 δὲ
948 2342 1008 2392 ὲκ
1041 2339 1136 2392 τοῦ
1169 2338 1415 2409 πρώτου,
1449 2336 1546 2390 τοῦ
1591 2335 1805 2404 Πατρὸς

221 2437 494 2504 δηλονότι.
533 2454 551 2486 ι
591 2430 719 2504 Ἆρ’
747 2435 976 2500 ἐνόησας
1013 2431 1110 2501 τὴν
1145 2434 1244 2500 τῆς
1273 2431 1363 2484 διὰ
1413 2429 1692 2500 μεσιτείαν
1722 2429 1807 2479 ὲν-

221 2529 424 2590 ταῦθα,
455 2528 549 2579 καὶ
577 2526 670 2595 τὴν
698 2526 974 2590 διάκρισιν
1002 2525 1070 2594 ἢν
1100 2526 1128 2576 ὁ
1158 2522 1311 2590 ἅγιος
1344 2523 1476 2591 περὶ
1502 2521 1612 2573 τῶν
1648 2518 1806 2572 θείων

224 2624 463 2674 ποιεῖται
500 2617 806 2689 προσώπων
836 2635 849 2647 ·
881 2618 976 2670 κοιλ⁵
1016 2616 1091 2679 ώς
1126 2617 1288 2685 ἡμεῖς
1336 2614 1517 2675 καλῶς
1558 2611 1807 2665 διελυσάυ

224 2718 406 2788 μεθαηο
441 2715 534 2766 καὶ
565 2713 646 2767 ὃτι
675 2712 768 2764 καὶ
798 2711 859 2763 τὸ
903 2709 1192 2778 μονογενὲς
1236 2708 1329 2761 ἐπὶ
1357 2707 1451 2760 τοῦ
1494 2697 1627 2759 Υἱδῦ
1666 2705 1808 2774 μάλα

222 2808 411 2869 καλῶς
440 2807 776 2875 φυλάττεται
800 2821 814 2836 ⁸
848 2804 944 2856 καὶ
974 2802 1033 2855 τὸ
1082 2803 1145 2855 ἐκ
1179 2800 1273 2856 τοῦ
1318 2799 1533 2866 Harpe;
1576 2793 1714 2850 εἶναι
1748 2796 1809 2848 τὸ

224 2901 454 2969 Πνεῦμα
481 2898 568 2950 διὰ
594 2899 694 2965 τῆς
727 2896 819 2948 τοῦ
858 2894 982 2948 Υἰοῦ
1013 2895 1292 2964 μεσιτείας
1332 2893 1432 2944 οὐκ
1466 2890 1807 2959 ἀμφιϐάλλε-

221 3008 318 3044 ται
339 3007 350 3019 ·
378 2991 472 3042 καὶ
502 2992 576 3052 ὡς
606 2989 708 3040 οὐκ
731 2989 984 3058 ἀπείργει
1014 2989 1047 3055 ἡ
1081 2985 1328 3053 μεσιτεία
1357 2981 1496 3050 αῦτη
1523 2979 1618 3034 τοῦ
1652 2982 1804 3043 Υἱοῦ,

1914 519 2235 582 posterius),
2277 530 2292 562 ι
2333 509 2692 566 differentiam
2720 522 2828 562 non
2877 519 3160 575 negamus.
3188 517 3296 572 qua
3341 489 3486 554 inter

1903 622 1963 661 se
1990 605 2242 661 differant
2269 622 2283 658 :
2326 624 2343 656 ι
2377 620 2503 657 nam
2536 601 2836 657 secundum
2866 612 3086 654 causam
3120 603 3174 649 et
3203 600 3484 648 causatum

1905 698 2182 762 differunt,
2205 705 2259 752 et
2293 697 2430 751 alter
2463 694 2818 763 distinguitur
2842 691 2909 746 ah
2941 690 3147 751 altero;
3181 685 3486 741 credimus-

1904 806 2033 860 que,
2059 790 2254 858 inquit.
2283 789 2431 842 hunc
2461 802 2582 842 esse
2609 800 2852 846 causam,
2878 783 3033 842 illum
3066 792 3248 836 autem
3289 792 3485 831 causa-

1909 894 2047 946 tum,
2083 882 2135 935 id
2177 890 2282 944 est,
2321 879 2532 934 Patrem
2565 891 2807 936 causam.
2835 874 3033 930 Filium
3062 888 3191 927 vero
3224 881 3280 926 et
3315 869 3489 938 Spiri-

1905 956 2044 1029 tum.
2079 986 2107 1024 a
2130 985 2316 1023 causa.
2342 969 2452 1022 Nec
2481 969 2567 1022 hic
2592 966 2872 1024 consistit.
2909 964 3006 1018 sed
3039 963 3224 1017 statim
3255 960 3486 1027 snbjun-
3519 957 3521 959 ’

1905 1065 1980 1134 git
2017 1081 2062 1116 ιι
2105 1061 2170 1115 Ει
2206 1077 2328 1116 cum
2348 1070 2650 1118 causatunt.
2680 1058 2878 1126 inquit,
2904 1058 2973 1109 sit
3002 1071 3067 1109 ex
3097 1069 3280 1116 causa,
3305 1053 3356 1107 id
3383 1059 3485 1118 est,

1901 1171 2027 1210 cum
2059 1154 2229 1208 Filius
2273 1161 2326 1207 et
2359 1152 2594 1220 Spiritus
2623 1167 2689 1204 cx
2729 1163 2892 1203 causa
2926 1148 3035 1202 sint
3063 1161 3090 1200 a
3116 1147 3303 1206 Patre,
3326 1142 3485 1196 aliam

1902 1248 2162 1303 videlicet
2205 1261 2395 1300 rursus
2421 1244 2778 1313 intelligimus
2811 1241 3206 1297 differentiam.
3241 1237 3487 1290 Alterum

1903 1343 2049 1397 enim
2087 1343 2204 1394 sive
2247 1339 2441 1392 Filium
2475 1338 2722 1406 proxime
2747 1345 2802 1390 et
2831 1334 3145 1390 immediate
3178 1347 3244 1387 ex
3282 1316 3481 1399 primn‘,

1904 1432 1955 1488 id
1987 1441 2091 1494 est,
2119 1428 2402 1498 exPatrc:
2425 1426 2690 1496 Spiritum
2717 1441 2844 1480 vero
2871 1425 3114 1496 proxime
3144 1437 3242 1492 per
3265 1420 3486 1482 Filium,

1904 1524 2137 1578 mcdiate
2159 1532 2340 1576 autem
2362 1535 2422 1574 ex
2459 1519 2656 1588 primo,
2689 1517 2850 1573 Patre
2879 1516 3182 1571 videlicet.»
3225 1513 3363 1569 Num
3401 1513 3490 1568 hic

1904 1617 2199 1674 dictionem
2224 1631 2314 1683 per
2355 1614 2596 1668 medium
2635 1613 2900 1666 denotare
2936 1609 3279 1672 intellexisti,
3319 1615 3376 1662 et
3405 1605 3491 1660 di-

1907 1711 2156 1763 vinarum
2203 1706 2609 1763 distinctionem
2647 1718 3010 1773 personarum
3061 1714 3224 1769 quam
3265 1706 3490 1752 sanctus

1910 1801 2000 1856 hic
2034 1798 2210 1854 facit?
2238 1807 2290 1851 et
2318 1795 2466 1866 quod
2504 1793 2605 1850 nos
2647 1802 2797 1849 recte
2829 1789 3220 1848 dissolvimus?
3250 1799 3305 1844 et
3345 1788 3492 1857 quod

1909 1892 2176 1963 unigeniti
2212 1891 2353 1945 ratio
2407 1890 2614 1958 optime
2650 1898 2904 1943 servatur
2941 1886 2996 1941 in
3029 1883 3208 1949 Filio;
3243 1897 3345 1938 nec
3377 1896 3494 1934 me—

1909 1987 2059 2042 dium
2094 1985 2219 2048 hoc,
2253 1983 2374 2037 Filii
2404 1983 2708 2037 naturalem
2744 1979 2982 2050 Spiritus
3005 1978 3072 2032 ad
3107 1979 3326 2031 Patrem
3353 1973 3494 2028 tollit

1909 2075 2272 2132 relationem?
2301 2074 2747 2130 Rceonciliamini
2797 2087 2928 2142 ergo
2952 2111 2966 2132 .
3012 2085 3162 2141 rogo,
3203 2066 3410 2122 domini
3435 2073 3494 2119 et

1908 2169 2104 2223 fratres
2141 2169 2270 2222 mei.
2305 2167 2411 2222 Sed
2437 2181 2592 2221 sacer
2622 2180 2652 2220 a
2685 2165 2950 2219 Damasco
2972 2161 3211 2218 Joannes
3243 2158 3490 2215 accedat.

1911 2267 1969 2313 ut
1996 2259 2184 2313 eadem
2220 2269 2434 2311 mecum
2467 2254 2788 2311 testiﬁcetur
2827 2255 2895 2308 de
2953 2250 3336 2322 praepositione
3369 2263 3488 2316 per.

1909 2349 2165 2419 quodque
2199 2364 2264 2402 ex
2297 2347 2456 2402 Patre
2496 2363 2596 2418 per
2629 2347 2824 2402 Filium
2852 2345 3090 2414 Spiritus
3118 2352 3341 2400 sanctus
3365 2355 3496 2408 pro—

1909 2442 2073 2497 cedit.
2101 2442 2202 2495 llic
2229 2442 2399 2504 enim,
2433 2442 2613 2510 capite
2635 2438 3090 2507 Theologicarutn
3123 2450 3306 2490 rerum
3335 2430 3494 2487 tertio

1911 2533 2144 2596 decimo,
2179 2534 2336 2602 cuius
2366 2531 2694 2600 principium
2722 2546 2736 2582 :
2774 2549 2792 2580 ι
2833 2529 3118 2590 Divinitas,
3149 2541 3273 2582 cum
3306 2524 3379 2580 sit
3412 2523 3499 2578 in-

1913 2623 2447 2694 comprehensibilis,
2487 2623 2713 2677 omnino
2748 2620 2978 2691 exprimi
3009 2619 3232 2674 nomine
3264 2633 3370 2672 non
3403 2631 3501 2686 po-

1911 2729 2069 2781 testn
2102 2719 2184 2772 sic
2214 2716 2289 2770 ait
2318 2731 2333 2767 :
2373 2716 2528 2783 «Ipse
2552 2714 2774 2784 quidam
2805 2728 2963 2769 mens
2985 2723 3089 2777 est,
3121 2711 3279 2764 Pater
3306 2709 3499 2764 videli-

1912 2821 2022 2874 cet,
2064 2809 2182 2864 Filii
2215 2809 2465 2880 ahyssus,
2494 2807 2615 2861 Filii
2650 2806 2884 2878 genitor,
2928 2813 2982 2860 et
3011 2819 3111 2874 per
3143 2802 3364 2860 Filium.
3387 2816 3504 2854 ma-

1914 2900 2215 2954 nifestativi
2254 2899 2486 2968 Spiritus
2507 2899 2856 2967 produt-tor.»
2881 2902 2954 2951 Are
2976 2898 3135 2966 paulo
3170 2905 3321 2964 post:
3347 2893 3502 2961 «Spi-

1915 2994 2054 3047 ritus
2080 2991 2204 3046 vero
2235 3000 2480 3054 sanctus,
2510 2990 2914 3046 manifestativa
2944 2989 3172 3045 occultae
3202 2986 3501 3040 divinitatis

220 3083 326 3151 τῆς
357 3081 492 3151 πρὸς
519 3080 610 3131 τδν
648 3078 869 3146 Πατέρα
903 3077 1136 3146 φυσικῆς
1181 3077 1276 3130 τοῦ
1333 3077 1651 3145 Πνεύμαεος
1684 3075 1805 3144 σχέ-

1919 3086 2160 3151 potentia
2200 3082 2399 3146 Patris,
2429 3100 2494 3137 ex
2535 3081 2698 3138 Patre
2730 3097 2827 3152 per
2861 3080 3057 3136 Filium
3111 3078 3359 3148 procedit
3388 3120 3401 3139 ,
3438 3086 3498 3128 nt

225 3189 372 3234 σ;ως
395 3189 409 3237 ;
435 3171 764 3239 Διαλλάγητε
794 3165 907 3233 οῦν,
934 3169 1126 3237 δέομαι
1154 3168 1330 3236 ὑμῶν,
1363 3169 1544 3237 κύριοί
1579 3186 1680 3237 μου
1713 3169 1804 3220 καὶ

219 3265 466 3332 ἀδελφοί.
519 3264 743 3334 Παρίτω
796 3263 847 3315 δέ
890 3279 953 3329 γε
988 3261 1083 3313 καὶ
1114 3263 1141 3312 ὁ
1203 3263 1264 3313 ἐκ
1313 3261 1609 3330 Δαμασκοῦ
1661 3263 1804 3330 ἱερξς

229 3359 516 3425 Ἰωάννης,
553 3358 619 3410 τὰ
648 3357 785 3408 αὐτὰ
835 3357 1203 3426 μαρτυρήσων
1237 3354 1369 3421 ἡμῖν
1413 3353 1666 3422 περὶτῆς
1710 3351 1804 3406 διὰ

216 3449 434 3518 ταύτης
457 3437 797 3516 προθέσεως,
835 3447 927 3498 καὶ¹
958 3446 1038 3498 ὅτι
1085 3448 1148 3495 ἐκ
1194 3442 1405 3512 Harpe;
1449 3441 1518 3494 δι’
1548 3441 1678 3493 Υἱοῦ
1719 3443 1808 3492 ἐκ·

216 3540 520 3607 πορεύεται
537 3539 596 3590 τὸ
627 3538 848 3606 Πνεῦμα
871 3537 929 3590 τὸ
958 3536 1130 3603 ἆγιον.
1151 3527 1320 3597 Οὗτος
1343 3535 1450 3604 γὰρ
1469 3535 1526 3584 ὲν
1556 3532 1634 3603 τῷ
1658 3549 1805 3601 τρισ-

214 3631 541 3699 καιδεκάτῳ
588 3629 873 3699 κεφαλαίῳ
906 3630 1016 3680 τῶν
1049 3625 1445 3696 Θεολοτικῶν,
1479 3619 1540 3679 οῦ
1567 3627 1599 3694 ὴ
1639 3624 1802 3694 ἀρχὴ,

217 3743 240 3775 ε
280 3726 329 3776 Τ
333 3727 361 3776 ὸ
381 3722 523 3776 θεῖον
551 3723 936 3789 ἀκατάληπτον
984 3719 1064 3783 ὃν,
1109 3721 1326 3780 πάντως
1376 3720 1468 3770 καὶ
1521 3715 1806 3784 ἀνώνυμον

213 3817 404 3873 ἔσται,
449 3834 466 3865 ι
493 3813 635 3867 οὕτω
667 3813 831 3882 φησίν
852 3827 867 3842 ⁸
911 3829 928 3862 ι
969 3812 1140 3873 Αὐτὸς
1188 3811 1285 3880 μὲν
1317 3811 1408 3863 οὖν
1435 3810 1550 3862 ἐστι
1606 3809 1753 3870 νοῦς,
1783 3810 1812 3862 ὁ

215 3907 419 3975 Πατὴρ
452 3906 715 3975 δηλονότι,
751 3905 843 3958 τοῦ
888 3904 1019 3957 Υἱοῦ
1069 3905 1326 3966 ἄϐυσσος,
1374 3901 1467 3954 τοῦ
1514 3901 1644 3954 Υῐοῦ
1687 3917 1810 3968 γεν-

209 3999 431 4066 νήτωρ,
467 3999 561 4049 x11
590 3997 679 4049 διὰ
707 3996 798 4048 τοῦ
831 3995 964 4048 Υἱοῦ
1010 3995 1312 4064 προδολεύς
1341 3994 1435 4046 τοῦ
1485 3994 1808 4063 ὲκφαντορι-

208 4094 322 4146 κοῦ
361 4095 692 4162 Πνεύματῡς.
732 4113 749 4143 ι
790 4093 897 4145 Καὶ
923 4092 1040 4162 μετ’
1067 4091 1225 4159 ὀλίγα
1258 4107 1272 4120 ·
1320 4109 1338 4140 ι
1378 4091 1451 4143 Τὸ
1494 4091 1550 4144 δὲ
1584 4090 1808 4159 Πνεῦμα

1915 3178 2040 3245 ipse
2078 3177 2203 3230 scit.
2241 3194 2259 3226 ι
2297 3175 2452 3240 Quod
2479 3191 2609 3229 vero
2639 3175 2806 3229 dictio
2836 3189 2930 3243 per
2950 3188 3170 3227 causam
3211 3168 3502 3232 significet,

1911 3267 2018 3332 jam
2053 3267 2258 3320 dictum
2310 3278 2390 3319 cst
2425 3279 2527 3319 nec
2553 3273 2800 3332 repetere
2831 3269 3067 3330 oportet.
3107 3259 3339 3314 Sanctus
3369 3271 3504 3325 pra:-

1916 3369 2062 3410 trrea
2109 3356 2368 3426 Cyrillus,
2410 3357 2466 3409 in
2509 3355 2753 3411 secundo
2792 3353 2859 3408 ad
2917 3351 3220 3410 Hermiam.
3277 3347 3502 3418 inquit:

1921 3470 1938 3501 ι
1973 3452 2236 3502 Sanctum
2276 3446 2538 3514 Spiritum
2569 3445 2760 3512 addes,
2787 3445 2876 3514 qui
2907 3459 2970 3497 ex
2999 3441 3155 3496 l‘atre
3182 3455 3278 3510 per
3305 3438 3503 3494 Filium

1918 3541 2236 3595 naturaliter
2270 3539 2509 3608 proﬂuit.
2558 3561 2576 3592 ι
2615 3541 2762 3597 Idem
2817 3541 2868 3594 in
2918 3540 3163 3595 secundo
3190 3536 3506 3592 Thesauro—

1921 3648 2063 3697 rnm,
2097 3633 2152 3686 in
2177 3648 2432 3688 sermone
2458 3632 2618 3703 cujus
2668 3633 2882 3698 titulus,
2923 3651 2940 3684 ι
2977 3631 3132 3698 Quod
3164 3646 3228 3685 ex
3267 3630 3503 3684 essentia

1922 3723 2096 3777 Patris
2141 3733 2194 3778 et
2237 3722 2358 3778 Filii
2408 3722 2642 3792 Spiritus
2685 3733 2916 3780 sanctus
2963 3733 3067 3788 εει,
3109 3741 3126 3774 ι
3159 3721 3239 3776 sic
3270 3730 3499 3775 narrat:

1928 3837 1944 3867 ι
1979 3816 2136 3881 Quod
2177 3817 2340 3886 igitur
2365 3815 2606 3887 Spiritus
2631 3826 2853 3871 sanctus
2884 3816 2977 3885 qui
3007 3815 3058 3868 in
3085 3814 3243 3869 nobis
3271 3820 3376 3875 est,
3403 3826 3503 3864 nos

1922 3923 2044 3962 esse
2071 3909 2166 3961 Dei
2203 3907 2512 3963 conformes
2543 3908 2804 3973 ostendit,
2827 3907 3074 3977 procedit
3105 3915 3285 3960 autem
3306 3919 3370 3957 ex
3400 3902 3504 3954 Pa-

1922 4008 2001 4052 tre
2068 4010 2124 4054 ct
2159 3999 2317 4064 Filio,
2352 4009 2599 4068 apertum
2632 4008 2718 4054 est
2743 3999 2942 4053 divina!
2975 4013 3098 4053 esse
3127 3995 3384 4053 essentia:
3418 4009 3508 4048 es.

1919 4093 2231 4148 sentialiter
2265 4094 2318 4147 in
2359 4108 2445 4160 ea,
2474 4102 2529 4150 et
2560 4109 2626 4149 ex
2665 4107 2728 4148 ea
2757 4093 3165 4162 procedentem.
3210 4110 3228 4144 ι

207 4194 276 4242 τὸ
310 4187 489 4254 ἅγιον,
515 4189 548 4257 ὴ
582 4186 949 4256 ὲκφαντορικὴ
993 4186 1088 4239 τοῦ
1129 4186 1363 4254 κρυφίου
1430 4185 1530 4250 τῆς
1578 4184 1830 4254 θεότητος
1869 4185 2101 4255 δύναμις
2131 4186 2224 4240 τοῦ
2251 4187 2486 4257 Πατρδς,
2509 4188 2575 4242 ἐκ
2608 4187 2821 4256 Πατρός
2855 4187 2972 4239 ἐστι
3019 4183 3086 4238 δι’
3140 4181 3274 4235 Υἱοῦ
3337 4183 3506 4235 ἔκπο-

209 4285 522 4351 ρ;υομένη,
549 4282 626 4344 ὡς
675 4277 817 4334 οἶδεν
885 4282 1079 4344 αὐτός’
1116 4301 1134 4332 ι
1173 4281 1296 4332 Ὅτι
1344 4280 1400 4332 δὲ
1468 4281 1499 4349 ἡ
1568 4281 1666 4334 διὰ
1703 4283 1884 4366 αἰτίαν
1926 4282 2207 4351 σημαίνει,
2242 4281 2587 4352 προείρηται,
2613 4283 2710 4335 καὶ
2779 4282 2842 4336 οὐ
2881 4280 2964 4334 δεῖ
2985 4277 3350 4346 παλιλλογεῖν.
3383 4277 3507 4329 Ἔτι

203 4376 269 4428 6‘:
305 4374 336 4424 ὁ
373 4371 526 4437 ἅγιος
557 4370 844 4442 Κύριλλος,
876 4372 934 4422 ἐν
958 4370 1036 4439 τῷ
1073 4370 1312 4439 δευτέρῳ
1352 4369 1464 4420 τῶν
1538 4369 1670 4440 πρὸς
1741 4370 2008 4438 Ἑρμείαν
2073 4372 2206 4440 φησί
2230 4387 2246 4404 ο
2299 4390 2320 4423 ε
2355 4373 2549 4439 Ἀγιον
2586 4371 2646 4425 δὲ
2680 4371 2902 4440 Πνεῦμα
2954 4372 3269 4441 προσερεῖς,
3315 4371 3376 4422 τδ
3442 4370 3507 4422 ἐκ

209 4465 444 4532 Π-ιτρος
476 4463 542 4514 δι’
591 4461 722 4514 Υίοῦ
765 4461 1129 4541 προχεόμενον
1193 4459 1462 4528 φυσικῶς.
1504 4481 1522 4511 ι
1613 4462 1671 4514 '0
1712 4463 1874 4525 αὐτὸς
1913 4465 1970 4515 ὲν
2015 4463 2094 4533 τῷ
2143 4463 2382 4534 δευτέρῳ
2411 4463 2520 4517 τῶν
2550 4464 2908 4532 Θησαυρῶν,
2951 4467 3011 4518 ὲν
3039 4463 3118 4533 τῷ
3171 4463 3312 4541 λόγῳ
3368 4462 3427 4516 οὐ
3468 4465 3501 4528 ἡ

201 4553 514 4624 ἐπιγραφή
543 4572 556 4585 ·
596 4556 749 4607 (Ὅτι
785 4556 848 4606 ὲκ
869 4539 968 4622 τῆς
993 4554 1181 4615 οὐσίας
1231 4555 1326 4606 τοῦ
1372 4555 1586 4624 Πατρὶς
1633 4555 1848 4608 καὶτοῦ
1891 4555 2022 4609 Υῑοῦ
2053 4557 2114 4610 τὺ
2151 4557 2376 4627 Πνεῦμα
2417 4558 2476 4610 τὸ
2528 4559 2707 4627 ἅγιον,
2748 4576 2767 4610 ι
2794 4557 2935 4611 οὕτω
2988 4539 3276 4624 διέξεισιν*
3315 4579 3334 4611 ι
3373 4560 3504 4614 Ὀτε

199 4647 410 4703 τοίνυν
453 4645 513 4696 τὸ
542 4643 770 4720 Πνεῦμα
802 4645 863 4696 rh
895 4644 1050 4711 ᾶγιον
1109 4645 1166 4696 ὲν
1224 4645 1356 4713 ἡμῖν
1419 4645 1733 4714 γενόμενον,
1803 4649 2165 4717 συμμόρφους
2194 4650 2342 4719 ἡμᾶς
2385 4649 2729 4702 ἀποδεικνύει
2756 4647 2918 4711 Θεοῦ,
2955 4641 3178 4716 πρόεισι
3219 4650 3275 4704 δὲ
3305 4653 3404 4704 καὶ
3442 4654 3505 4706 ἐκ

203 4737 446 4806 Πατρὸς
476 4738 570 4789 καὶ
602 4735 754 4801 Υἱοῦ,
777 4734 1042 4805 πρόδηλον
1071 4736 1152 4788 ὅτι
1186 4737 1284 4804 τῆς
1315 4737 1464 4800 θείας
1499 4739 1648 4789 ἐστὶν
1672 4738 1882 4804 οὐσίας,
1911 4739 2184 4803 ούσιωδώς
2216 4741 2274 4793 ὲν
2297 4742 2434 4810 αὐτῇ
2466 4743 2562 4795 καὶ
2587 4742 2643 4807 ἐξ
2669 4743 2841 4812 αὐτῆς
2875 4742 3084 4812 προῖόν.
3123 4760 3142 4796 ι

307 4828 735 4899 Ἀνασκιρτοῦσι
765 4828 821 4881 δέ
862 4846 1009 4890 τινες
1043 4829 1152 4882 τῶν
1195 4829 1651 4899 φιλεγκλημόνων
1699 4849 1805 4901 σχι-

1995 4832 2293 4888 Prosiliunt
2316 4850 2382 4888 ex
2411 4835 2775 4889 schismaticis
2795 4837 3014 4906 quidam
3060 4838 3505 4902 calumniatores.

223 4921 548 4992 τματικῶν,
583 4922 677 4974 καὶ
713 4921 888 4975 πλατῦ
917 4922 1185 4989 γελῶντες
1209 4924 1432 4989 λέγουσι
1459 4923 1597 4990 πρὸς
1633 4922 1780 4991 ἡμᾶς
1800 4940 1817 4955 ο

218 5023 235 5069 .
267 5018 285 5069 ί
326 5015 489 5068 πάλιν
521 5017 676 5086 ἡμῖν,
707 5009 751 5068 ὧ
776 5017 1092 5082 Καθολικοὶ,
1126 5018 1218 5069 καὶ
1249 5015 1384 5086 πρὸς
1405 5015 1565 5071 τοῦτο
1587 5017 1776 5087 εἴπητε
1802 5034 1815 5082 ;

202 5112 242 5177 ἦ
294 5110 458 5160 ποῖον
502 5107 812 5162 ἀποδώσετε
855 5109 1034 5175 λόγον,
1088 5109 1578 5179 κατασοφιζόμενοι
1624 5109 1687 5162 τὸ
1713 5126 1811 5178 γε-

203 5201 592 5271 γραμμένον;
622 5200 715 5253 τοῦ
764 5200 1158 5269 εὐαγγελιστοῦ
1207 5202 1458 5270 λέγοντος
1508 5201 1813 5273 διαρρήδην

203 5292 383 5345 οὕτω
419 5293 515 5343 καὶ
558 5293 831 5362 φανερῶς,
860 5296 943 5348 ὅτι
1002 5293 1063 5346 τὸ
1099 5293 1320 5363 Πνεῦμα
1360 5289 1499 5346 εἶδεν
1524 5295 1552 5345 ό
1603 5293 1811 5362 μύστης

203 5381 374 5434 ὡσεὶ
431 5382 760 5452 περιστερὰν
821 5386 1225 5452 κατερχόμενον
1276 5385 1369 5436 ἐπὶ
1423 5386 1514 5437 τὸν
1553 5385 1808 5453 Χριστόν.

203 5469 452 5524 Οὐκοῦν
497 5471 634 5540 ὅπερ
681 5472 780 5524 οὐκ
823 5472 982 5541 ἔσχεν
1027 5474 1322 5540 ἐλάμϐανε.
1362 5473 1484 5533 Πῶς
1514 5474 1578 5527 ἂν
1618 5475 1681 5525 ἐκ
1715 5473 1810 5524 τοῦ

210 5559 376 5615 Υἱοῦ
407 5561 690 5630 νομισθείη
738 5563 798 5614 τὸ
837 5563 1064 5632 Πνεῦμα
1091 5566 1150 5616 τὸ
1180 5565 1336 5630 ἅγιον
1393 5548 1813 5633 ἐκπορεύεσθαι,

204 5649 476 5712 ἑστῶτος
501 5652 666 5704 αὐτοῦ
698 5655 753 5704 ὲν
785 5653 863 5723 τῷ
914 5654 1179 5726 Ἰορδάνῃ,
1219 5658 1312 5709 καὶ
1346 5656 1440 5707 τοῦ
1500 5655 1815 5724 Πνεύματος

207 5739 456 5800 ἄνωθεν
482 5743 882 5813 κατερχομένου
920 5745 994 5808 ώς
1023 5739 1156 5815 πρὸς
1181 5746 1364 5814 αὐτὸν,
1401 5748 1496 5802 καὶ
1530 5747 1680 5816 φωνὴ
1715 5765 1816 5800 πα-

1925 4939 1989 4979 ac
2023 4924 2200 4981 eil‘nse
2240 4925 2466 4980 ridendo
2499 4925 2684 4979 d'cnnt
2717 4927 2783 4981 ad
2836 4943 2938 4984 nos
2973 4944 2987 4980 :
3029 4929 3168 4996 Quid
3220 4945 3435 4994 rursus,
3474 4945 3507 4983 ο

1921 5015 2211 5081 Catholici,
2261 5017 2327 5071 ad
2383 5018 2485 5072 hoc
2539 5018 2698 5072 nobis
2746 5019 3192 5089 respondeltitisﬁ’
3217 5020 3300 5071 vel
3343 5034 3502 5086 quam

1921 5109 2162 5164 reddetis
2226 5110 2531 5174 rationem,
2587 5109 2926 5179 Seripturam
2989 5109 3318 5176 cavillando,
3379 5123 3503 5161 eum

1917 5202 2248 5273 evangelista
2299 5212 2484 5271 aperte
2533 5211 2590 5257 et
2665 5203 2809 5257 clare
2853 5203 2996 5255 dicat
3037 5201 3179 5268 quod
3235 5199 3503 5275 Spiritum

1918 5293 2229 5361 conspexit,
2268 5294 2660 5362 mysteriorum
2706 5294 2914 5362 peritus
2940 5291 3182 5346 Joannes
3218 5291 3369 5366 quasi
3415 5307 3507 5346 co-

1918 5385 2155 5438 lumbam
2217 5383 2268 5436 in
2302 5381 2577 5436 Christum
2627 5381 3074 5435 descendentem.
3128 5373 3288 5448 Ergo.
3348 5379 3496 5447 quod
3593 5442 3599 5447 ι

1920 5490 2029 5529 ηοη
2064 5473 2272 5536 habuit,
2311 5474 2612 5542 accipiebat
2649 5489 2663 5524 :
2697 5487 2804 5540 quo
2837 5480 2991 5541 pacto
3019 5469 3251 5541 Spiritus
3281 5481 3506 5526 sanctus

1926 5581 1954 5616 a
1992 5564 2128 5617 Filio
2153 5565 2450 5633 procedere
2467 5563 2890 5627 existimabitur,
2907 5578 3030 5617 cum
3052 5562 3168 5631 ipse
3194 5563 3246 5616 in
3271 5559 3506 5616 Iordane

1920 5657 2265 5718 consisteret,
2291 5669 2344 5709 et
2378 5654 2617 5724 Spiritus
2647 5655 2698 5708 in
2728 5670 2854 5710 eum
2884 5655 3100 5710 rmlitus
3123 5653 3502 5718 descenderet,

1921 5763 2133 5819 voxque
2163 5757 2388 5818 paterna
2423 5762 2659 5817 superna
2716 5757 3002 5803 testaretur
3041 5767 3055 5805 :
3095 5763 3114 5801 ι
3155 5745 3249 5804 Hic
3286 5756 3366 5802 cst
3412 5745 3501 5799 Fi-
