  <div class='ocr_page' id='page_1' title='image "/cluster/home/n/w/nwhite01/storage/ocr_20150623/159/hvd.32044073502684/617.png"; bbox 0 0 3978 6204; ppageno 0'>
   <div class='ocr_carea' id='block_1_1' title="bbox 540 230 3702 352">
    <p class='ocr_par' dir='ltr' id='par_1_1' title="bbox 540 230 3702 352">
     <span class='ocr_line' id='line_1_1' title="bbox 540 230 3702 352; baseline 0.011 -36"><span class='ocrx_word' id='word_1_1' title='bbox 540 255 679 320; x_wconf 78' lang='grc'><strong>1139</strong></span> <span class='ocrx_word' id='word_1_2' title='bbox 1698 264 2015 326; x_wconf 84' lang='lat' dir='ltr'><strong>JOSEPIII</strong></span> <span class='ocrx_word' id='word_1_3' title='bbox 2048 267 2599 333; x_wconf 45' lang='lat' dir='ltr'><strong>METHONENS‘IS’</strong></span> <span class='ocrx_word' id='word_1_4' title='bbox 3066 230 3103 315; x_wconf 15' lang='lat' dir='ltr'><strong>ii</strong></span> <span class='ocrx_word' id='word_1_5' title='bbox 3599 289 3702 352; x_wconf 80' lang='lat' dir='ltr'><strong>mo</strong></span> 
     </span>
    </p>
   </div>
   <div class='ocr_carea' id='block_1_2' title="bbox 536 370 2107 470">
    <p class='ocr_par' dir='ltr' id='par_1_2' title="bbox 536 370 2098 447">
     <span class='ocr_line' id='line_1_2' title="bbox 536 370 2098 447; baseline 0.004 -23"><span class='ocrx_word' id='word_1_6' title='bbox 536 372 640 426; x_wconf 88' lang='lat' dir='ltr'><strong>lius</strong></span> <span class='ocrx_word' id='word_1_7' title='bbox 688 385 840 427; x_wconf 86' lang='lat' dir='ltr'><strong>meus</strong></span> <span class='ocrx_word' id='word_1_8' title='bbox 879 370 1148 439; x_wconf 84' lang='lat' dir='ltr'><strong>dilectus,</strong></span> <span class='ocrx_word' id='word_1_9' title='bbox 1204 374 1254 427; x_wconf 92' lang='lat' dir='ltr'><strong>in</strong></span> <span class='ocrx_word' id='word_1_10' title='bbox 1302 390 1410 444; x_wconf 90' lang='lat' dir='ltr'><strong>quo</strong></span> <span class='ocrx_word' id='word_1_11' title='bbox 1452 376 1581 430; x_wconf 88' lang='lat' dir='ltr'><strong>mihi</strong></span> <span class='ocrx_word' id='word_1_12' title='bbox 1625 379 1930 447; x_wconf 89' lang='lat' dir='ltr'><strong>complacui</strong></span> <span class='ocrx_word' id='word_1_13' title='bbox 1967 380 2032 432; x_wconf 68' lang='lat'><strong>‘9.</strong></span> <span class='ocrx_word' id='word_1_14' title='bbox 2081 397 2098 430; x_wconf 74' lang='grc' dir='ltr'><strong>ι</strong></span> 
     </span>
    </p>
   </div>
   <div class='ocr_carea' id='block_1_3' title="bbox 2119 370 3690 470">
    <p class='ocr_par' dir='ltr' id='par_1_3' title="bbox 2137 383 3690 470">
     <span class='ocr_line' id='line_1_3' title="bbox 2137 383 3690 470; baseline 0.006 -33"><span class='ocrx_word' id='word_1_15' title='bbox 2137 384 2180 437; x_wconf 76' lang='grc' dir='ltr'><strong>Α</strong></span> <span class='ocrx_word' id='word_1_16' title='bbox 2209 383 2362 453; x_wconf 82' lang='grc' dir='ltr'>τρῲα</span> <span class='ocrx_word' id='word_1_17' title='bbox 2390 384 2599 438; x_wconf 67' lang='grc' dir='ltr'>ἄνωθεν</span> <span class='ocrx_word' id='word_1_18' title='bbox 2633 387 3010 457; x_wconf 76' lang='grc' dir='ltr'>μαρτυροῦσα,</span> <span class='ocrx_word' id='word_1_19' title='bbox 3049 406 3068 440; x_wconf 78' lang='lat' dir='ltr'><strong>t</strong></span> <span class='ocrx_word' id='word_1_20' title='bbox 3103 389 3264 454; x_wconf 77' lang='grc' dir='ltr'>Οὗτός</span> <span class='ocrx_word' id='word_1_21' title='bbox 3286 392 3465 448; x_wconf 69' lang='grc' dir='ltr'>ἐστινὸ</span> <span class='ocrx_word' id='word_1_22' title='bbox 3494 397 3595 460; x_wconf 59' lang='lat' dir='ltr'><strong>Tit;</strong></span> <span class='ocrx_word' id='word_1_23' title='bbox 3616 420 3690 470; x_wconf 74' lang='grc' dir='ltr'><strong>μου</strong></span> 
     </span>
    </p>
   </div>
   <div class='ocr_carea' id='block_1_4' title="bbox 534 462 2105 556">
    <p class='ocr_par' dir='ltr' id='par_1_4' title="bbox 534 462 2105 535">
     <span class='ocr_line' id='line_1_4' title="bbox 534 462 2105 535; baseline 0.004 -19"><span class='ocrx_word' id='word_1_24' title='bbox 534 462 616 518; x_wconf 76' lang='lat' dir='ltr'><strong>Ad</strong></span> <span class='ocrx_word' id='word_1_25' title='bbox 650 463 773 527; x_wconf 86' lang='lat' dir='ltr'><strong>bos,</strong></span> <span class='ocrx_word' id='word_1_26' title='bbox 805 464 898 532; x_wconf 85' lang='lat' dir='ltr'><strong>qui</strong></span> <span class='ocrx_word' id='word_1_27' title='bbox 928 462 1123 518; x_wconf 70' lang='lat' dir='ltr'><strong>divinae</strong></span> <span class='ocrx_word' id='word_1_28' title='bbox 1153 464 1409 521; x_wconf 65' lang='lat' dir='ltr'><strong>Ecclesia:</strong></span> <span class='ocrx_word' id='word_1_29' title='bbox 1448 467 1705 535; x_wconf 76' lang='lat' dir='ltr'><strong>dogmata</strong></span> <span class='ocrx_word' id='word_1_30' title='bbox 1743 470 2105 534; x_wconf 79' lang='lat' dir='ltr'><strong>subvertunt,</strong></span> 
     </span>
    </p>
   </div>
   <div class='ocr_carea' id='block_1_5' title="bbox 2128 462 3699 556">
    <p class='ocr_par' dir='ltr' id='par_1_5' title="bbox 2216 462 3699 556">
     <span class='ocr_line' id='line_1_5' title="bbox 2216 462 3699 556; baseline 0.005 -30"><span class='ocrx_word' id='word_1_31' title='bbox 2216 476 2243 526; x_wconf 83' lang='lat'><strong>0</strong></span> <span class='ocrx_word' id='word_1_32' title='bbox 2265 476 2546 544; x_wconf 81' lang='grc' dir='ltr'>ἀγαπητὸς</span> <span class='ocrx_word' id='word_1_33' title='bbox 2576 479 2638 530; x_wconf 83' lang='grc' dir='ltr'>ὲν</span> <span class='ocrx_word' id='word_1_34' title='bbox 2758 479 3056 550; x_wconf 83' lang='grc' dir='ltr'>ηὑδόκησα.</span> <span class='ocrx_word' id='word_1_35' title='bbox 3099 500 3117 533; x_wconf 69' lang='grc' dir='ltr'><strong>ι</strong></span> <span class='ocrx_word' id='word_1_36' title='bbox 3159 483 3295 554; x_wconf 76' lang='grc' dir='ltr'>Πρὸς</span> <span class='ocrx_word' id='word_1_37' title='bbox 3332 486 3382 537; x_wconf 79' lang='grc' dir='ltr'>δὲ</span> <span class='ocrx_word' id='word_1_38' title='bbox 3410 489 3596 552; x_wconf 70' lang='grc' dir='ltr'>τούτους</span> <span class='ocrx_word' id='word_1_39' title='bbox 3617 462 3699 556; x_wconf 46' lang='lat' dir='ltr'><strong>ea.</strong></span> 
     </span>
    </p>
   </div>
   <div class='ocr_carea' id='block_1_6' title="bbox 533 553 2104 646">
    <p class='ocr_par' dir='ltr' id='par_1_6' title="bbox 533 553 2104 631">
     <span class='ocr_line' id='line_1_6' title="bbox 533 553 2104 631; baseline 0.003 -21"><span class='ocrx_word' id='word_1_40' title='bbox 533 565 589 610; x_wconf 90' lang='lat' dir='ltr'><strong>ct</strong></span> <span class='ocrx_word' id='word_1_41' title='bbox 622 553 1031 624; x_wconf 86' lang='lat' dir='ltr'><strong>Scripturarum</strong></span> <span class='ocrx_word' id='word_1_42' title='bbox 1067 557 1450 612; x_wconf 86' lang='lat' dir='ltr'><strong>rectitudinem</strong></span> <span class='ocrx_word' id='word_1_43' title='bbox 1482 570 1802 628; x_wconf 84' lang='lat' dir='ltr'><strong>pervertunt</strong></span> <span class='ocrx_word' id='word_1_44' title='bbox 1830 599 1844 623; x_wconf 93' lang='lat'><strong>,</strong></span> <span class='ocrx_word' id='word_1_45' title='bbox 1882 577 2104 631; x_wconf 59' lang='lat' dir='ltr'><strong>resporr</strong></span> 
     </span>
    </p>
   </div>
   <div class='ocr_carea' id='block_1_7' title="bbox 2130 553 3701 646">
    <p class='ocr_par' dir='ltr' id='par_1_7' title="bbox 2216 553 3701 646">
     <span class='ocr_line' id='line_1_7' title="bbox 2216 553 3701 646; baseline 0.013 -32"><span class='ocrx_word' id='word_1_46' title='bbox 2216 578 2301 619; x_wconf 82' lang='grc' dir='ltr'><strong>ναι</strong></span> <span class='ocrx_word' id='word_1_47' title='bbox 2332 567 2443 619; x_wconf 83' lang='grc' dir='ltr'>δεῖν</span> <span class='ocrx_word' id='word_1_48' title='bbox 2473 568 2848 634; x_wconf 80' lang='grc' dir='ltr'>ὑπολαμϐάνω</span> <span class='ocrx_word' id='word_1_49' title='bbox 2897 572 3022 633; x_wconf 80' lang='grc' dir='ltr'>τοὺς</span> <span class='ocrx_word' id='word_1_50' title='bbox 3065 575 3131 622; x_wconf 69' lang='grc' dir='ltr'><strong>τὰ</strong></span> <span class='ocrx_word' id='word_1_51' title='bbox 3168 573 3409 644; x_wconf 53' lang='lat' dir='ltr'><strong>(ialm-ri};</strong></span> <span class='ocrx_word' id='word_1_52' title='bbox 3444 553 3701 646; x_wconf 75' lang='grc' dir='ltr'>Ἐκκλησίσς</span> 
     </span>
    </p>
   </div>
   <div class='ocr_carea' id='block_1_8' title="bbox 536 646 2107 739">
    <p class='ocr_par' dir='ltr' id='par_1_8' title="bbox 536 646 2107 722">
     <span class='ocr_line' id='line_1_8' title="bbox 536 646 2107 722; baseline 0.003 -22"><span class='ocrx_word' id='word_1_53' title='bbox 536 647 771 701; x_wconf 87' lang='lat' dir='ltr'><strong>dendum</strong></span> <span class='ocrx_word' id='word_1_54' title='bbox 799 646 1055 701; x_wconf 69' lang='lat' dir='ltr'><strong>existimo</strong></span> <span class='ocrx_word' id='word_1_55' title='bbox 1087 664 1099 700; x_wconf 93' lang='lat'><strong>:</strong></span> <span class='ocrx_word' id='word_1_56' title='bbox 1136 647 1466 704; x_wconf 75' lang='lat' dir='ltr'><strong>Ebrietatem</strong></span> <span class='ocrx_word' id='word_1_57' title='bbox 1495 651 1751 707; x_wconf 86' lang='lat' dir='ltr'><strong>diseutite</strong></span> <span class='ocrx_word' id='word_1_58' title='bbox 1776 668 1955 722; x_wconf 67' lang='lat' dir='ltr'><strong>pravae</strong></span> <span class='ocrx_word' id='word_1_59' title='bbox 1981 670 2107 707; x_wconf 81' lang='lat' dir='ltr'><strong>sun-</strong></span> 
     </span>
    </p>
   </div>
   <div class='ocr_carea' id='block_1_9' title="bbox 2133 646 3704 739">
    <p class='ocr_par' dir='ltr' id='par_1_9' title="bbox 2215 658 3704 739">
     <span class='ocr_line' id='line_1_9' title="bbox 2215 658 3704 739; baseline 0.01 -30"><span class='ocrx_word' id='word_1_60' title='bbox 2215 658 2625 727; x_wconf 81' lang='grc' dir='ltr'>ἀνατρέποντας</span> <span class='ocrx_word' id='word_1_61' title='bbox 2669 662 2940 730; x_wconf 75' lang='grc' dir='ltr'><strong>δόγματα,</strong></span> <span class='ocrx_word' id='word_1_62' title='bbox 2973 665 3070 716; x_wconf 72' lang='grc' dir='ltr'><strong>καὶ</strong></span> <span class='ocrx_word' id='word_1_63' title='bbox 3109 666 3201 734; x_wconf 80' lang='grc' dir='ltr'><strong>τὴν</strong></span> <span class='ocrx_word' id='word_1_64' title='bbox 3242 667 3343 718; x_wconf 83' lang='grc' dir='ltr'><strong>τῶν</strong></span> <span class='ocrx_word' id='word_1_65' title='bbox 3373 673 3704 739; x_wconf 73' lang='grc' dir='ltr'><strong>γεγραμμένων</strong></span> 
     </span>
    </p>
   </div>
   <div class='ocr_carea' id='block_1_10' title="bbox 536 738 2107 826">
    <p class='ocr_par' dir='ltr' id='par_1_10' title="bbox 536 738 2107 802">
     <span class='ocr_line' id='line_1_10' title="bbox 536 738 2107 802; baseline 0.007 -13"><span class='ocrx_word' id='word_1_66' title='bbox 536 738 721 802; x_wconf 78' lang='lat' dir='ltr'><strong>sionis,</strong></span> <span class='ocrx_word' id='word_1_67' title='bbox 766 747 820 792; x_wconf 92' lang='lat' dir='ltr'><strong>et</strong></span> <span class='ocrx_word' id='word_1_68' title='bbox 857 738 1076 793; x_wconf 70' lang='lat' dir='ltr'><strong>malitia:</strong></span> <span class='ocrx_word' id='word_1_69' title='bbox 1098 778 1111 802; x_wconf 87' lang='lat'><strong>,</strong></span> <span class='ocrx_word' id='word_1_70' title='bbox 1149 738 1413 795; x_wconf 75' lang='lat' dir='ltr'><strong>facientes</strong></span> <span class='ocrx_word' id='word_1_71' title='bbox 1446 741 1729 797; x_wconf 88' lang='lat' dir='ltr'><strong>hominem</strong></span> <span class='ocrx_word' id='word_1_72' title='bbox 1762 745 2107 800; x_wconf 88' lang='lat' dir='ltr'><strong>circumscri-</strong></span> 
     </span>
    </p>
   </div>
   <div class='ocr_carea' id='block_1_11' title="bbox 2131 738 3702 826">
    <p class='ocr_par' dir='ltr' id='par_1_11' title="bbox 2213 738 3702 826">
     <span class='ocr_line' id='line_1_11' title="bbox 2213 738 3702 826; baseline 0.012 -27"><span class='ocrx_word' id='word_1_73' title='bbox 2213 747 2483 817; x_wconf 83' lang='grc' dir='ltr'>ὀρθότητα</span> <span class='ocrx_word' id='word_1_74' title='bbox 2525 749 2979 820; x_wconf 80' lang='grc' dir='ltr'><strong>διαστρέφοντας.</strong></span> <span class='ocrx_word' id='word_1_75' title='bbox 3042 754 3336 824; x_wconf 79' lang='grc' dir='ltr'>Ἐκνήψατε</span> <span class='ocrx_word' id='word_1_76' title='bbox 3379 738 3626 826; x_wconf 78' lang='grc' dir='ltr'>μεθύοντες</span> <span class='ocrx_word' id='word_1_77' title='bbox 3660 767 3702 817; x_wconf 82' lang='grc' dir='ltr'><strong>ὲκ</strong></span> 
     </span>
    </p>
   </div>
   <div class='ocr_carea' id='block_1_12' title="bbox 536 831 2107 923">
    <p class='ocr_par' dir='ltr' id='par_1_12' title="bbox 536 831 2106 906">
     <span class='ocr_line' id='line_1_12' title="bbox 536 831 2106 906; baseline 0.007 -27"><span class='ocrx_word' id='word_1_78' title='bbox 536 840 685 895; x_wconf 88' lang='lat' dir='ltr'><strong>ptum</strong></span> <span class='ocrx_word' id='word_1_79' title='bbox 712 844 861 895; x_wconf 89' lang='lat' dir='ltr'><strong>eum,</strong></span> <span class='ocrx_word' id='word_1_80' title='bbox 885 831 979 899; x_wconf 88' lang='lat' dir='ltr'><strong>qui</strong></span> <span class='ocrx_word' id='word_1_81' title='bbox 1014 838 1096 885; x_wconf 90' lang='lat' dir='ltr'><strong>est</strong></span> <span class='ocrx_word' id='word_1_82' title='bbox 1119 831 1434 888; x_wconf 82' lang='lat' dir='ltr'><strong>indelinitus</strong></span> <span class='ocrx_word' id='word_1_83' title='bbox 1478 840 1534 887; x_wconf 89' lang='lat' dir='ltr'><strong>et</strong></span> <span class='ocrx_word' id='word_1_84' title='bbox 1561 834 2065 906; x_wconf 81' lang='lat' dir='ltr'><strong>incircumscriptus</strong></span> <span class='ocrx_word' id='word_1_85' title='bbox 2092 854 2106 901; x_wconf 92' lang='lat'><strong>;</strong></span> 
     </span>
    </p>
   </div>
   <div class='ocr_carea' id='block_1_13' title="bbox 2133 831 3704 923">
    <p class='ocr_par' dir='ltr' id='par_1_13' title="bbox 2212 839 3704 923">
     <span class='ocr_line' id='line_1_13' title="bbox 2212 839 3704 923; baseline 0.013 -34"><span class='ocrx_word' id='word_1_86' title='bbox 2212 839 2314 907; x_wconf 83' lang='grc' dir='ltr'><strong>τῆς</strong></span> <span class='ocrx_word' id='word_1_87' title='bbox 2342 844 2645 909; x_wconf 83' lang='grc' dir='ltr'>πεισμονῆς</span> <span class='ocrx_word' id='word_1_88' title='bbox 2693 843 2788 895; x_wconf 74' lang='grc' dir='ltr'>καὶ</span> <span class='ocrx_word' id='word_1_89' title='bbox 2831 844 3053 909; x_wconf 81' lang='grc' dir='ltr'>κακίας,</span> <span class='ocrx_word' id='word_1_90' title='bbox 3083 847 3354 912; x_wconf 85' lang='grc' dir='ltr'>ποιοῦντες</span> <span class='ocrx_word' id='word_1_91' title='bbox 3399 858 3704 923; x_wconf 66' lang='grc' dir='ltr'>περιγραπτῦν</span> 
     </span>
    </p>
   </div>
   <div class='ocr_carea' id='block_1_14' title="bbox 539 919 2110 1014">
    <p class='ocr_par' dir='ltr' id='par_1_14' title="bbox 539 919 2110 995">
     <span class='ocr_line' id='line_1_14' title="bbox 539 919 2110 995; baseline 0.006 -26"><span class='ocrx_word' id='word_1_92' title='bbox 539 927 595 973; x_wconf 89' lang='lat' dir='ltr'><strong>ut</strong></span> <span class='ocrx_word' id='word_1_93' title='bbox 626 919 970 989; x_wconf 85' lang='lat' dir='ltr'><strong>splendidum</strong></span> <span class='ocrx_word' id='word_1_94' title='bbox 995 923 1241 977; x_wconf 78' lang='lat' dir='ltr'><strong>veritatis</strong></span> <span class='ocrx_word' id='word_1_95' title='bbox 1272 923 1453 977; x_wconf 87' lang='lat' dir='ltr'><strong>lumen</strong></span> <span class='ocrx_word' id='word_1_96' title='bbox 1483 925 1911 995; x_wconf 83' lang='lat' dir='ltr'><strong>circumspicere</strong></span> <span class='ocrx_word' id='word_1_97' title='bbox 1932 927 2110 981; x_wconf 84' lang='lat' dir='ltr'><strong>valea-</strong></span> 
     </span>
    </p>
   </div>
   <div class='ocr_carea' id='block_1_15' title="bbox 2131 919 3702 1014">
    <p class='ocr_par' dir='ltr' id='par_1_15' title="bbox 2212 919 3702 1014">
     <span class='ocr_line' id='line_1_15' title="bbox 2212 919 3702 1014; baseline 0.011 -32"><span class='ocrx_word' id='word_1_98' title='bbox 2212 930 2499 1001; x_wconf 79' lang='grc' dir='ltr'>ἄνθρωπον</span> <span class='ocrx_word' id='word_1_99' title='bbox 2540 936 2633 986; x_wconf 76' lang='grc' dir='ltr'>τὸν</span> <span class='ocrx_word' id='word_1_100' title='bbox 2685 935 3073 1005; x_wconf 79' lang='grc' dir='ltr'>άπεριόριστόν</span> <span class='ocrx_word' id='word_1_101' title='bbox 3103 955 3162 990; x_wconf 90' lang='grc' dir='ltr'><strong>τε</strong></span> <span class='ocrx_word' id='word_1_102' title='bbox 3207 941 3301 993; x_wconf 71' lang='grc' dir='ltr'>καὶ</span> <span class='ocrx_word' id='word_1_103' title='bbox 3343 919 3702 1014; x_wconf 68' lang='grc' dir='ltr'>ἀπερίτρεπτον,</span> 
     </span>
    </p>
   </div>
   <div class='ocr_carea' id='block_1_16' title="bbox 538 1014 2109 1103">
    <p class='ocr_par' dir='ltr' id='par_1_16' title="bbox 538 1014 2109 1084">
     <span class='ocr_line' id='line_1_16' title="bbox 538 1014 2109 1084; baseline 0.005 -19"><span class='ocrx_word' id='word_1_104' title='bbox 538 1014 626 1080; x_wconf 88' lang='lat' dir='ltr'><strong>tis,</strong></span> <span class='ocrx_word' id='word_1_105' title='bbox 657 1024 711 1067; x_wconf 89' lang='lat' dir='ltr'><strong>et</strong></span> <span class='ocrx_word' id='word_1_106' title='bbox 743 1014 1027 1069; x_wconf 87' lang='lat' dir='ltr'><strong>nobiscum</strong></span> <span class='ocrx_word' id='word_1_107' title='bbox 1070 1016 1136 1069; x_wconf 90' lang='lat' dir='ltr'><strong>ad</strong></span> <span class='ocrx_word' id='word_1_108' title='bbox 1170 1016 1459 1071; x_wconf 88' lang='lat' dir='ltr'><strong>Dominum</strong></span> <span class='ocrx_word' id='word_1_109' title='bbox 1502 1018 1761 1084; x_wconf 82' lang='lat' dir='ltr'><strong>clamare,</strong></span> <span class='ocrx_word' id='word_1_110' title='bbox 1796 1037 1813 1070; x_wconf 77' lang='grc' dir='ltr'><strong>ι</strong></span> <span class='ocrx_word' id='word_1_111' title='bbox 1852 1019 1994 1074; x_wconf 80' lang='lat' dir='ltr'><strong>Vere</strong></span> <span class='ocrx_word' id='word_1_112' title='bbox 2022 1018 2109 1073; x_wconf 85' lang='lat' dir='ltr'><strong>Fi-</strong></span> 
     </span>
    </p>
   </div>
   <div class='ocr_carea' id='block_1_17' title="bbox 2133 1014 3704 1103">
    <p class='ocr_par' dir='ltr' id='par_1_17' title="bbox 2216 1019 3704 1103">
     <span class='ocr_line' id='line_1_17' title="bbox 2216 1019 3704 1103; baseline 0.013 -33"><span class='ocrx_word' id='word_1_113' title='bbox 2216 1019 2304 1073; x_wconf 82' lang='grc' dir='ltr'><strong>ἵνα</strong></span> <span class='ocrx_word' id='word_1_114' title='bbox 2325 1023 2632 1094; x_wconf 86' lang='grc' dir='ltr'>δυνήσησθε</span> <span class='ocrx_word' id='word_1_115' title='bbox 2652 1025 2713 1077; x_wconf 81' lang='grc' dir='ltr'>τὸ</span> <span class='ocrx_word' id='word_1_116' title='bbox 2740 1025 2991 1097; x_wconf 68' lang='grc' dir='ltr'>λαμπρὸν</span> <span class='ocrx_word' id='word_1_117' title='bbox 3017 1028 3114 1096; x_wconf 76' lang='grc' dir='ltr'>τῆς</span> <span class='ocrx_word' id='word_1_118' title='bbox 3137 1030 3385 1099; x_wconf 76' lang='grc' dir='ltr'><strong>ἀληθείας</strong></span> <span class='ocrx_word' id='word_1_119' title='bbox 3408 1034 3704 1103; x_wconf 76' lang='grc' dir='ltr'>περιαθρῆσαι</span> 
     </span>
    </p>
   </div>
   <div class='ocr_carea' id='block_1_18' title="bbox 533 1105 2104 1196">
    <p class='ocr_par' dir='ltr' id='par_1_18' title="bbox 533 1105 2104 1181">
     <span class='ocr_line' id='line_1_18' title="bbox 533 1105 2104 1181; baseline 0.004 -23"><span class='ocrx_word' id='word_1_120' title='bbox 533 1107 643 1158; x_wconf 83' lang='lat' dir='ltr'><strong>lius</strong></span> <span class='ocrx_word' id='word_1_121' title='bbox 679 1105 771 1159; x_wconf 80' lang='lat' dir='ltr'><strong>Dei</strong></span> <span class='ocrx_word' id='word_1_122' title='bbox 806 1121 898 1173; x_wconf 85' lang='lat' dir='ltr'><strong>es;</strong></span> <span class='ocrx_word' id='word_1_123' title='bbox 944 1126 961 1159; x_wconf 76' lang='grc' dir='ltr'><strong>ι</strong></span> <span class='ocrx_word' id='word_1_124' title='bbox 1012 1117 1067 1162; x_wconf 91' lang='lat' dir='ltr'><strong>et</strong></span> <span class='ocrx_word' id='word_1_125' title='bbox 1114 1108 1295 1162; x_wconf 86' lang='lat' dir='ltr'><strong>omnia</strong></span> <span class='ocrx_word' id='word_1_126' title='bbox 1346 1125 1689 1181; x_wconf 78' lang='lat' dir='ltr'><strong>quaecunque</strong></span> <span class='ocrx_word' id='word_1_127' title='bbox 1742 1111 1903 1166; x_wconf 84' lang='lat' dir='ltr'><strong>habet</strong></span> <span class='ocrx_word' id='word_1_128' title='bbox 1948 1113 2104 1166; x_wconf 85' lang='lat' dir='ltr'><strong>Pater</strong></span> 
     </span>
    </p>
   </div>
   <div class='ocr_carea' id='block_1_19' title="bbox 2131 1105 3702 1196">
    <p class='ocr_par' dir='ltr' id='par_1_19' title="bbox 2150 1111 3702 1196">
     <span class='ocr_line' id='line_1_19' title="bbox 2150 1111 3702 1196; baseline 0.014 -39"><span class='ocrx_word' id='word_1_129' title='bbox 2150 1152 2154 1157; x_wconf 88' lang='lat'><strong>.</strong></span> <span class='ocrx_word' id='word_1_130' title='bbox 2214 1111 2429 1177; x_wconf 85' lang='grc' dir='ltr'>κάλλος,</span> <span class='ocrx_word' id='word_1_131' title='bbox 2491 1114 2587 1168; x_wconf 78' lang='grc' dir='ltr'><strong>καὶ</strong></span> <span class='ocrx_word' id='word_1_132' title='bbox 2644 1115 2743 1196; x_wconf 66' lang='grc' dir='ltr'><strong>σὺν</strong></span> <span class='ocrx_word' id='word_1_133' title='bbox 2792 1118 2923 1187; x_wconf 75' lang='grc' dir='ltr'>ἡμῖν</span> <span class='ocrx_word' id='word_1_134' title='bbox 2967 1119 3264 1191; x_wconf 83' lang='grc' dir='ltr'>ἀναϐοῆσαι</span> <span class='ocrx_word' id='word_1_135' title='bbox 3299 1125 3426 1191; x_wconf 74' lang='grc' dir='ltr'>πρὸς</span> <span class='ocrx_word' id='word_1_136' title='bbox 3472 1126 3551 1178; x_wconf 79' lang='grc' dir='ltr'>τὸν</span> <span class='ocrx_word' id='word_1_137' title='bbox 3596 1129 3702 1190; x_wconf 57' lang='lat' dir='ltr'><strong>Wo,</strong></span> 
     </span>
    </p>
   </div>
   <div class='ocr_carea' id='block_1_20' title="bbox 535 1196 2106 1285">
    <p class='ocr_par' dir='ltr' id='par_1_20' title="bbox 535 1196 2106 1270">
     <span class='ocr_line' id='line_1_20' title="bbox 535 1196 2106 1270; baseline 0.003 -21"><span class='ocrx_word' id='word_1_138' title='bbox 535 1210 681 1261; x_wconf 86' lang='lat' dir='ltr'><strong>tuus,</strong></span> <span class='ocrx_word' id='word_1_139' title='bbox 712 1206 771 1249; x_wconf 91' lang='lat' dir='ltr'><strong>ut</strong></span> <span class='ocrx_word' id='word_1_140' title='bbox 798 1196 962 1257; x_wconf 85' lang='lat' dir='ltr'><strong>Deus,</strong></span> <span class='ocrx_word' id='word_1_141' title='bbox 1000 1211 1053 1250; x_wconf 87' lang='lat' dir='ltr'><strong>ct</strong></span> <span class='ocrx_word' id='word_1_142' title='bbox 1087 1208 1138 1251; x_wconf 89' lang='lat' dir='ltr'><strong>tu</strong></span> <span class='ocrx_word' id='word_1_143' title='bbox 1173 1197 1380 1253; x_wconf 83' lang='lat' dir='ltr'><strong>habes:</strong></span> <span class='ocrx_word' id='word_1_144' title='bbox 1421 1210 1619 1268; x_wconf 89' lang='lat' dir='ltr'><strong>tuaque</strong></span> <span class='ocrx_word' id='word_1_145' title='bbox 1647 1200 1832 1255; x_wconf 86' lang='lat' dir='ltr'><strong>divina</strong></span> <span class='ocrx_word' id='word_1_146' title='bbox 1868 1200 2106 1270; x_wconf 88' lang='lat' dir='ltr'><strong>potentia</strong></span> 
     </span>
    </p>
   </div>
   <div class='ocr_carea' id='block_1_21' title="bbox 2137 1196 3708 1285">
    <p class='ocr_par' dir='ltr' id='par_1_21' title="bbox 2216 1203 3708 1285">
     <span class='ocr_line' id='line_1_21' title="bbox 2216 1203 3708 1285; baseline 0.012 -31"><span class='ocrx_word' id='word_1_147' title='bbox 2216 1221 2235 1253; x_wconf 74' lang='grc' dir='ltr'><strong>ι</strong></span> <span class='ocrx_word' id='word_1_148' title='bbox 2260 1203 2499 1273; x_wconf 75' lang='grc' dir='ltr'>’Δληθῶς</span> <span class='ocrx_word' id='word_1_149' title='bbox 2534 1206 2671 1259; x_wconf 83' lang='grc' dir='ltr'>Θεοῦ</span> <span class='ocrx_word' id='word_1_150' title='bbox 2710 1208 2835 1272; x_wconf 68' lang='grc' dir='ltr'><strong>Υἱὸς</strong></span> <span class='ocrx_word' id='word_1_151' title='bbox 2867 1207 2920 1262; x_wconf 74' lang='grc' dir='ltr'>εἴ</span> <span class='ocrx_word' id='word_1_152' title='bbox 2946 1228 2991 1262; x_wconf 79' lang='grc' dir='ltr'>Ἰ</span> <span class='ocrx_word' id='word_1_153' title='bbox 3039 1212 3133 1265; x_wconf 75' lang='grc' dir='ltr'>καὶ</span> <span class='ocrx_word' id='word_1_154' title='bbox 3156 1215 3330 1267; x_wconf 85' lang='grc' dir='ltr'>πάντα</span> <span class='ocrx_word' id='word_1_155' title='bbox 3345 1216 3437 1268; x_wconf 87' lang='grc' dir='ltr'><strong>ὅσα</strong></span> <span class='ocrx_word' id='word_1_156' title='bbox 3452 1217 3597 1285; x_wconf 77' lang='grc' dir='ltr'>ἔχειὸ</span> <span class='ocrx_word' id='word_1_157' title='bbox 3631 1221 3708 1271; x_wconf 75' lang='lat' dir='ltr'><strong>ll:-</strong></span> 
     </span>
    </p>
   </div>
   <div class='ocr_carea' id='block_1_22' title="bbox 532 1288 2103 1376">
    <p class='ocr_par' dir='ltr' id='par_1_22' title="bbox 532 1288 2103 1356">
     <span class='ocr_line' id='line_1_22' title="bbox 532 1288 2103 1356; baseline 0.004 -17"><span class='ocrx_word' id='word_1_158' title='bbox 532 1297 726 1342; x_wconf 70' lang='lat' dir='ltr'><strong>rnncta</strong></span> <span class='ocrx_word' id='word_1_159' title='bbox 758 1288 1171 1356; x_wconf 87' lang='lat' dir='ltr'><strong>complecteris,</strong></span> <span class='ocrx_word' id='word_1_160' title='bbox 1204 1304 1267 1343; x_wconf 88' lang='lat' dir='ltr'><strong>ac</strong></span> <span class='ocrx_word' id='word_1_161' title='bbox 1303 1297 1407 1344; x_wconf 80' lang='lat' dir='ltr'><strong>tuae</strong></span> <span class='ocrx_word' id='word_1_162' title='bbox 1454 1291 1643 1345; x_wconf 88' lang='lat' dir='ltr'><strong>matris</strong></span> <span class='ocrx_word' id='word_1_163' title='bbox 1691 1291 2103 1354; x_wconf 85' lang='lat' dir='ltr'><strong>intercessione,</strong></span> 
     </span>
    </p>
   </div>
   <div class='ocr_carea' id='block_1_23' title="bbox 2137 1288 3708 1376">
    <p class='ocr_par' dir='ltr' id='par_1_23' title="bbox 2210 1289 3708 1376">
     <span class='ocr_line' id='line_1_23' title="bbox 2210 1289 3708 1376; baseline 0.011 -33"><span class='ocrx_word' id='word_1_164' title='bbox 2210 1293 2315 1361; x_wconf 81' lang='grc' dir='ltr'>τήρ</span> <span class='ocrx_word' id='word_1_165' title='bbox 2343 1310 2437 1346; x_wconf 88' lang='grc' dir='ltr'><strong>σου</strong></span> <span class='ocrx_word' id='word_1_166' title='bbox 2465 1289 2553 1347; x_wconf 76' lang='grc' dir='ltr'>οἷα</span> <span class='ocrx_word' id='word_1_167' title='bbox 2596 1296 2751 1360; x_wconf 80' lang='grc' dir='ltr'>Θεὸς,</span> <span class='ocrx_word' id='word_1_168' title='bbox 2783 1299 2878 1350; x_wconf 69' lang='grc' dir='ltr'>καὶ</span> <span class='ocrx_word' id='word_1_169' title='bbox 2909 1299 3071 1364; x_wconf 79' lang='grc' dir='ltr'>αὐτὸς</span> <span class='ocrx_word' id='word_1_170' title='bbox 3113 1303 3256 1371; x_wconf 73' lang='grc' dir='ltr'>ἔχεις</span> <span class='ocrx_word' id='word_1_171' title='bbox 3281 1320 3292 1333; x_wconf 84' lang='lat'>&#39;</span> <span class='ocrx_word' id='word_1_172' title='bbox 3324 1306 3410 1358; x_wconf 78' lang='grc' dir='ltr'><strong>καὶ</strong></span> <span class='ocrx_word' id='word_1_173' title='bbox 3435 1307 3568 1376; x_wconf 79' lang='grc' dir='ltr'>Οεῖκῇ</span> <span class='ocrx_word' id='word_1_174' title='bbox 3593 1310 3708 1360; x_wconf 69' lang='grc' dir='ltr'>δυνα-</span> 
     </span>
    </p>
   </div>
   <div class='ocr_carea' id='block_1_24' title="bbox 534 1384 2105 1467">
    <p class='ocr_par' dir='ltr' id='par_1_24' title="bbox 534 1384 2105 1455">
     <span class='ocr_line' id='line_1_24' title="bbox 534 1384 2105 1455; baseline 0.001 -21"><span class='ocrx_word' id='word_1_175' title='bbox 534 1384 806 1450; x_wconf 85' lang='lat' dir='ltr'><strong>placidum</strong></span> <span class='ocrx_word' id='word_1_176' title='bbox 846 1384 1107 1455; x_wconf 89' lang='lat' dir='ltr'><strong>Spiritum</strong></span> <span class='ocrx_word' id='word_1_177' title='bbox 1169 1384 1329 1440; x_wconf 90' lang='lat' dir='ltr'><strong>nobis</strong></span> <span class='ocrx_word' id='word_1_178' title='bbox 1383 1384 1603 1451; x_wconf 85' lang='lat' dir='ltr'><strong>reddis,</strong></span> <span class='ocrx_word' id='word_1_179' title='bbox 1654 1384 1746 1453; x_wconf 86' lang='lat' dir='ltr'><strong>qui</strong></span> <span class='ocrx_word' id='word_1_180' title='bbox 1806 1384 2105 1439; x_wconf 88' lang='lat' dir='ltr'><strong>bonitatem</strong></span> 
     </span>
    </p>
   </div>
   <div class='ocr_carea' id='block_1_25' title="bbox 2135 1384 3706 1467">
    <p class='ocr_par' dir='ltr' id='par_1_25' title="bbox 2215 1384 3706 1467">
     <span class='ocr_line' id='line_1_25' title="bbox 2215 1384 3706 1467; baseline 0.011 -33"><span class='ocrx_word' id='word_1_181' title='bbox 2215 1384 2370 1455; x_wconf 85' lang='grc' dir='ltr'>στείᾳ</span> <span class='ocrx_word' id='word_1_182' title='bbox 2411 1389 2807 1457; x_wconf 82' lang='grc' dir='ltr'>συμπεριέχεις</span> <span class='ocrx_word' id='word_1_183' title='bbox 2858 1389 2927 1442; x_wconf 83' lang='grc' dir='ltr'>τὰ</span> <span class='ocrx_word' id='word_1_184' title='bbox 2960 1392 3160 1447; x_wconf 82' lang='grc' dir='ltr'>πάντα.</span> <span class='ocrx_word' id='word_1_185' title='bbox 3210 1395 3321 1460; x_wconf 84' lang='grc' dir='ltr'>Τῆς</span> <span class='ocrx_word' id='word_1_186' title='bbox 3360 1396 3412 1448; x_wconf 79' lang='grc' dir='ltr'><strong>δὲ</strong></span> <span class='ocrx_word' id='word_1_187' title='bbox 3439 1402 3613 1467; x_wconf 69' lang='grc' dir='ltr'>μητρός</span> <span class='ocrx_word' id='word_1_188' title='bbox 3642 1417 3706 1451; x_wconf 77' lang='grc' dir='ltr'><strong>σου</strong></span> 
     </span>
    </p>
   </div>
   <div class='ocr_carea' id='block_1_26' title="bbox 532 1471 2103 1556">
    <p class='ocr_par' dir='ltr' id='par_1_26' title="bbox 532 1471 2103 1544">
     <span class='ocr_line' id='line_1_26' title="bbox 532 1471 2103 1544; baseline -0.003 -15"><span class='ocrx_word' id='word_1_189' title='bbox 532 1476 928 1539; x_wconf 84' lang='lat' dir='ltr'><strong>communicat,</strong></span> <span class='ocrx_word' id='word_1_190' title='bbox 966 1485 1020 1529; x_wconf 85' lang='lat' dir='ltr'><strong>et</strong></span> <span class='ocrx_word' id='word_1_191' title='bbox 1052 1495 1069 1527; x_wconf 85' lang='grc' dir='ltr'><strong>ι</strong></span> <span class='ocrx_word' id='word_1_192' title='bbox 1115 1492 1178 1530; x_wconf 80' lang='lat' dir='ltr'><strong>ex</strong></span> <span class='ocrx_word' id='word_1_193' title='bbox 1225 1475 1386 1530; x_wconf 83' lang='lat' dir='ltr'><strong>Patre</strong></span> <span class='ocrx_word' id='word_1_194' title='bbox 1430 1490 1525 1544; x_wconf 84' lang='lat' dir='ltr'><strong>per</strong></span> <span class='ocrx_word' id='word_1_195' title='bbox 1570 1485 1621 1528; x_wconf 88' lang='lat' dir='ltr'><strong>te</strong></span> <span class='ocrx_word' id='word_1_196' title='bbox 1659 1491 1677 1523; x_wconf 75' lang='grc' dir='ltr'><strong>ι</strong></span> <span class='ocrx_word' id='word_1_197' title='bbox 1721 1471 1984 1541; x_wconf 82' lang='lat' dir='ltr'><strong>procedit.</strong></span> <span class='ocrx_word' id='word_1_198' title='bbox 2042 1472 2103 1525; x_wconf 84' lang='lat' dir='ltr'><strong>Et</strong></span> 
     </span>
    </p>
   </div>
   <div class='ocr_carea' id='block_1_27' title="bbox 2134 1471 3705 1556">
    <p class='ocr_par' dir='ltr' id='par_1_27' title="bbox 2210 1472 3705 1556">
     <span class='ocr_line' id='line_1_27' title="bbox 2210 1472 3705 1556; baseline 0.013 -34"><span class='ocrx_word' id='word_1_199' title='bbox 2210 1474 2330 1536; x_wconf 71' lang='grc' dir='ltr'>ταῖς</span> <span class='ocrx_word' id='word_1_200' title='bbox 2359 1472 2690 1541; x_wconf 76' lang='grc' dir='ltr'>ἐντεύξεσιν,</span> <span class='ocrx_word' id='word_1_201' title='bbox 2721 1479 2880 1531; x_wconf 84' lang='grc' dir='ltr'>ῐλεων</span> <span class='ocrx_word' id='word_1_202' title='bbox 2902 1481 3085 1550; x_wconf 75' lang='grc' dir='ltr'>νέμεις</span> <span class='ocrx_word' id='word_1_203' title='bbox 3103 1485 3235 1555; x_wconf 79' lang='grc' dir='ltr'>ἡμῖν</span> <span class='ocrx_word' id='word_1_204' title='bbox 3259 1486 3467 1556; x_wconf 81' lang='grc' dir='ltr'>Πνεῦμα</span> <span class='ocrx_word' id='word_1_205' title='bbox 3493 1490 3705 1556; x_wconf 69' lang='grc' dir='ltr'>μεταδοτι-</span> 
     </span>
    </p>
   </div>
   <div class='ocr_carea' id='block_1_28' title="bbox 534 1562 2105 1648">
    <p class='ocr_par' dir='ltr' id='par_1_28' title="bbox 534 1562 2105 1634">
     <span class='ocr_line' id='line_1_28' title="bbox 534 1562 2105 1634; baseline -0.001 -16"><span class='ocrx_word' id='word_1_206' title='bbox 534 1582 722 1621; x_wconf 90' lang='lat' dir='ltr'><strong>rursus</strong></span> <span class='ocrx_word' id='word_1_207' title='bbox 751 1582 875 1622; x_wconf 89' lang='lat' dir='ltr'><strong>cum</strong></span> <span class='ocrx_word' id='word_1_208' title='bbox 915 1568 992 1621; x_wconf 86' lang='lat' dir='ltr'><strong>sis</strong></span> <span class='ocrx_word' id='word_1_209' title='bbox 1019 1566 1550 1634; x_wconf 86' lang='lat' dir='ltr'><strong>incircumscriptus.</strong></span> <span class='ocrx_word' id='word_1_210' title='bbox 1581 1565 1651 1619; x_wconf 88' lang='lat' dir='ltr'><strong>mi</strong></span> <span class='ocrx_word' id='word_1_211' title='bbox 1710 1562 1841 1619; x_wconf 84' lang='lat' dir='ltr'><strong>Jesu</strong></span> <span class='ocrx_word' id='word_1_212' title='bbox 1898 1572 1953 1617; x_wconf 89' lang='lat' dir='ltr'><strong>et</strong></span> <span class='ocrx_word' id='word_1_213' title='bbox 2000 1563 2105 1616; x_wconf 92' lang='lat' dir='ltr'><strong>Do-</strong></span> 
     </span>
    </p>
   </div>
   <div class='ocr_carea' id='block_1_29' title="bbox 2133 1562 3704 1648">
    <p class='ocr_par' dir='ltr' id='par_1_29' title="bbox 2214 1563 3704 1648">
     <span class='ocr_line' id='line_1_29' title="bbox 2214 1563 3704 1648; baseline 0.015 -34"><span class='ocrx_word' id='word_1_214' title='bbox 2214 1563 2309 1614; x_wconf 73' lang='grc' dir='ltr'><strong>κὸν</strong></span> <span class='ocrx_word' id='word_1_215' title='bbox 2337 1565 2725 1634; x_wconf 81' lang='grc' dir='ltr'>άγαθότητος,ι</span> <span class='ocrx_word' id='word_1_216' title='bbox 2754 1571 2817 1622; x_wconf 78' lang='grc' dir='ltr'><strong>ἐκ</strong></span> <span class='ocrx_word' id='word_1_217' title='bbox 2848 1572 3058 1641; x_wconf 63' lang='grc' dir='ltr'>Πατρὶς</span> <span class='ocrx_word' id='word_1_218' title='bbox 3087 1575 3173 1629; x_wconf 71' lang='grc' dir='ltr'><strong>διὰ</strong></span> <span class='ocrx_word' id='word_1_219' title='bbox 3197 1576 3289 1630; x_wconf 91' lang='grc' dir='ltr'><strong>σοῦ</strong></span> <span class='ocrx_word' id='word_1_220' title='bbox 3312 1596 3329 1628; x_wconf 74' lang='grc' dir='ltr'><strong>ι</strong></span> <span class='ocrx_word' id='word_1_221' title='bbox 3354 1580 3704 1648; x_wconf 77' lang='grc' dir='ltr'>προερχόμενον,</span> 
     </span>
    </p>
   </div>
   <div class='ocr_carea' id='block_1_30' title="bbox 532 1656 2103 1740">
    <p class='ocr_par' dir='ltr' id='par_1_30' title="bbox 532 1658 2103 1728">
     <span class='ocr_line' id='line_1_30' title="bbox 532 1658 2103 1728; baseline -0.001 -17"><span class='ocrx_word' id='word_1_222' title='bbox 532 1662 679 1714; x_wconf 89' lang='lat' dir='ltr'><strong>mine</strong></span> <span class='ocrx_word' id='word_1_223' title='bbox 716 1696 734 1722; x_wconf 84' lang='lat'><strong>,</strong></span> <span class='ocrx_word' id='word_1_224' title='bbox 769 1674 1080 1728; x_wconf 85' lang='lat' dir='ltr'><strong>quanquam</strong></span> <span class='ocrx_word' id='word_1_225' title='bbox 1131 1658 1185 1712; x_wconf 94' lang='lat' dir='ltr'><strong>in</strong></span> <span class='ocrx_word' id='word_1_226' title='bbox 1229 1658 1470 1712; x_wconf 69' lang='lat' dir='ltr'><strong>Iordane</strong></span> <span class='ocrx_word' id='word_1_227' title='bbox 1501 1658 1773 1722; x_wconf 57' lang='lat' dir='ltr'><strong>consistis,</strong></span> <span class='ocrx_word' id='word_1_228' title='bbox 1820 1666 2103 1726; x_wconf 84' lang='lat' dir='ltr'><strong>paternum</strong></span> 
     </span>
    </p>
   </div>
   <div class='ocr_carea' id='block_1_31' title="bbox 2133 1656 3704 1740">
    <p class='ocr_par' dir='ltr' id='par_1_31' title="bbox 2136 1656 3704 1740">
     <span class='ocr_line' id='line_1_31' title="bbox 2136 1656 3704 1740; baseline 0.011 -34"><span class='ocrx_word' id='word_1_229' title='bbox 2136 1726 2178 1740; x_wconf 39' lang='lat' dir='ltr'><strong>ﬁ</strong></span> <span class='ocrx_word' id='word_1_230' title='bbox 2214 1656 2320 1709; x_wconf 79' lang='grc' dir='ltr'><strong>Καὶ</strong></span> <span class='ocrx_word' id='word_1_231' title='bbox 2350 1656 2510 1721; x_wconf 76' lang='grc' dir='ltr'>αὖθις</span> <span class='ocrx_word' id='word_1_232' title='bbox 2539 1675 2552 1689; x_wconf 79' lang='grc' dir='ltr'><strong>ο</strong></span> <span class='ocrx_word' id='word_1_233' title='bbox 2599 1659 3039 1731; x_wconf 82' lang='grc' dir='ltr'>Ἀπερίγραπτος</span> <span class='ocrx_word' id='word_1_234' title='bbox 3071 1665 3169 1733; x_wconf 85' lang='grc' dir='ltr'>ὢν,</span> <span class='ocrx_word' id='word_1_235' title='bbox 3209 1668 3381 1737; x_wconf 87' lang='grc' dir='ltr'>Ἰησοῦ</span> <span class='ocrx_word' id='word_1_236' title='bbox 3407 1688 3497 1740; x_wconf 84' lang='grc' dir='ltr'><strong>μου</strong></span> <span class='ocrx_word' id='word_1_237' title='bbox 3525 1672 3601 1723; x_wconf 83' lang='grc' dir='ltr'><strong>καί</strong></span> <span class='ocrx_word' id='word_1_238' title='bbox 3625 1674 3704 1725; x_wconf 83' lang='grc' dir='ltr'><strong>Κύ-</strong></span> 
     </span>
    </p>
   </div>
   <div class='ocr_carea' id='block_1_32' title="bbox 530 1726 2101 1831">
    <p class='ocr_par' dir='ltr' id='par_1_32' title="bbox 530 1748 2101 1831">
     <span class='ocr_line' id='line_1_32' title="bbox 530 1748 2101 1831; baseline -0.003 -23"><span class='ocrx_word' id='word_1_239' title='bbox 530 1765 705 1831; x_wconf 85' lang='lat' dir='ltr'><strong>tamen</strong></span> <span class='ocrx_word' id='word_1_240' title='bbox 742 1755 994 1809; x_wconf 89' lang='lat' dir='ltr'><strong>thronum</strong></span> <span class='ocrx_word' id='word_1_241' title='bbox 1028 1768 1141 1807; x_wconf 88' lang='lat' dir='ltr'><strong>non</strong></span> <span class='ocrx_word' id='word_1_242' title='bbox 1172 1751 1460 1822; x_wconf 79' lang='lat' dir='ltr'><strong>reliquisti.</strong></span> <span class='ocrx_word' id='word_1_243' title='bbox 1495 1750 1786 1820; x_wconf 78' lang='lat' dir='ltr'><strong>Nunquam</strong></span> <span class='ocrx_word' id='word_1_244' title='bbox 1822 1748 1953 1803; x_wconf 91' lang='lat' dir='ltr'><strong>mihi</strong></span> <span class='ocrx_word' id='word_1_245' title='bbox 1986 1749 2101 1804; x_wconf 58' lang='lat' dir='ltr'><strong>haec</strong></span> 
     </span>
    </p>
   </div>
   <div class='ocr_carea' id='block_1_33' title="bbox 2133 1726 3704 1831">
    <p class='ocr_par' dir='ltr' id='par_1_33' title="bbox 2136 1726 3704 1829">
     <span class='ocr_line' id='line_1_33' title="bbox 2136 1726 3704 1829; baseline 0.008 -32"><span class='ocrx_word' id='word_1_246' title='bbox 2136 1726 2178 1782; x_wconf 71' lang='grc' dir='ltr'><strong><em>Β</em></strong></span> <span class='ocrx_word' id='word_1_247' title='bbox 2212 1762 2315 1814; x_wconf 88' lang='grc' dir='ltr'>ριε,</span> <span class='ocrx_word' id='word_1_248' title='bbox 2345 1749 2435 1800; x_wconf 79' lang='grc' dir='ltr'><strong>καὶ</strong></span> <span class='ocrx_word' id='word_1_249' title='bbox 2462 1750 2520 1801; x_wconf 86' lang='grc' dir='ltr'>ὲν</span> <span class='ocrx_word' id='word_1_250' title='bbox 2552 1749 2629 1817; x_wconf 83' lang='grc' dir='ltr'>τῷ</span> <span class='ocrx_word' id='word_1_251' title='bbox 2672 1726 2912 1823; x_wconf 69' lang='grc' dir='ltr'>Ἰορδάνῃ</span> <span class='ocrx_word' id='word_1_252' title='bbox 2950 1726 3282 1819; x_wconf 40' lang='grc' dir='ltr'>ἑστὼςίτοῦΙ</span> <span class='ocrx_word' id='word_1_253' title='bbox 3301 1726 3544 1829; x_wconf 73' lang='grc' dir='ltr'>πατρικοῦ</span> <span class='ocrx_word' id='word_1_254' title='bbox 3564 1760 3704 1826; x_wconf 74' lang='grc' dir='ltr'>θρόνου</span> 
     </span>
    </p>
   </div>
   <div class='ocr_carea' id='block_1_34' title="bbox 527 1837 2098 1919">
    <p class='ocr_par' dir='ltr' id='par_1_34' title="bbox 527 1843 2098 1911">
     <span class='ocr_line' id='line_1_34' title="bbox 527 1843 2098 1911; baseline -0.003 -13"><span class='ocrx_word' id='word_1_255' title='bbox 527 1846 753 1901; x_wconf 76' lang='lat' dir='ltr'><strong>haeresis</strong></span> <span class='ocrx_word' id='word_1_256' title='bbox 784 1847 837 1899; x_wconf 93' lang='lat' dir='ltr'><strong>in</strong></span> <span class='ocrx_word' id='word_1_257' title='bbox 874 1855 1110 1901; x_wconf 85' lang='lat' dir='ltr'><strong>mentem</strong></span> <span class='ocrx_word' id='word_1_258' title='bbox 1134 1844 1335 1907; x_wconf 74' lang='lat' dir='ltr'><strong>veniat,</strong></span> <span class='ocrx_word' id='word_1_259' title='bbox 1367 1852 1427 1897; x_wconf 90' lang='lat' dir='ltr'><strong>ut</strong></span> <span class='ocrx_word' id='word_1_260' title='bbox 1456 1843 1651 1907; x_wconf 85' lang='lat' dir='ltr'><strong>dicam,</strong></span> <span class='ocrx_word' id='word_1_261' title='bbox 1682 1857 1809 1896; x_wconf 92' lang='lat' dir='ltr'><strong>eum</strong></span> <span class='ocrx_word' id='word_1_262' title='bbox 1840 1855 1963 1911; x_wconf 59' lang='lat' dir='ltr'><strong>quae</strong></span> <span class='ocrx_word' id='word_1_263' title='bbox 1992 1854 2098 1894; x_wconf 89' lang='lat' dir='ltr'><strong>non</strong></span> 
     </span>
    </p>
   </div>
   <div class='ocr_carea' id='block_1_35' title="bbox 2134 1837 3705 1919">
    <p class='ocr_par' dir='ltr' id='par_1_35' title="bbox 2208 1837 3705 1919">
     <span class='ocr_line' id='line_1_35' title="bbox 2208 1837 3705 1919; baseline 0.01 -31"><span class='ocrx_word' id='word_1_264' title='bbox 2208 1837 2309 1890; x_wconf 86' lang='grc' dir='ltr'><strong>οὐκ</strong></span> <span class='ocrx_word' id='word_1_265' title='bbox 2337 1838 2573 1902; x_wconf 76' lang='grc' dir='ltr'>ἔλειπες.</span> <span class='ocrx_word' id='word_1_266' title='bbox 2602 1842 2694 1910; x_wconf 81' lang='grc' dir='ltr'><strong>Μή</strong></span> <span class='ocrx_word' id='word_1_267' title='bbox 2726 1861 2819 1912; x_wconf 87' lang='grc' dir='ltr'><strong>μοι</strong></span> <span class='ocrx_word' id='word_1_268' title='bbox 2854 1844 2911 1897; x_wconf 80' lang='grc' dir='ltr'><strong>δὲ</strong></span> <span class='ocrx_word' id='word_1_269' title='bbox 2941 1846 3154 1909; x_wconf 81' lang='grc' dir='ltr'>γένοιτο</span> <span class='ocrx_word' id='word_1_270' title='bbox 3193 1850 3449 1919; x_wconf 82' lang='grc' dir='ltr'>φρονῆσαί</span> <span class='ocrx_word' id='word_1_271' title='bbox 3489 1868 3597 1904; x_wconf 83' lang='grc' dir='ltr'>ποτε</span> <span class='ocrx_word' id='word_1_272' title='bbox 3626 1867 3705 1903; x_wconf 71' lang='grc' dir='ltr'>τοι·</span> 
     </span>
    </p>
   </div>
   <div class='ocr_carea' id='block_1_36' title="bbox 532 1929 2103 2010">
    <p class='ocr_par' dir='ltr' id='par_1_36' title="bbox 532 1932 2103 2005">
     <span class='ocr_line' id='line_1_36' title="bbox 532 1932 2103 2005; baseline -0.002 -18"><span class='ocrx_word' id='word_1_273' title='bbox 532 1937 770 1991; x_wconf 82' lang='lat' dir='ltr'><strong>habehat</strong></span> <span class='ocrx_word' id='word_1_274' title='bbox 803 1937 1050 2005; x_wconf 82' lang='lat' dir='ltr'><strong>accipere</strong></span> <span class='ocrx_word' id='word_1_275' title='bbox 1084 1952 1097 1988; x_wconf 90' lang='lat'><strong>:</strong></span> <span class='ocrx_word' id='word_1_276' title='bbox 1130 1950 1255 1990; x_wconf 88' lang='lat' dir='ltr'><strong>nam</strong></span> <span class='ocrx_word' id='word_1_277' title='bbox 1306 1949 1645 2004; x_wconf 69' lang='lat' dir='ltr'><strong>quamcunque</strong></span> <span class='ocrx_word' id='word_1_278' title='bbox 1697 1933 1856 1987; x_wconf 85' lang='lat' dir='ltr'><strong>Pater</strong></span> <span class='ocrx_word' id='word_1_279' title='bbox 1901 1932 2103 1996; x_wconf 91' lang='lat' dir='ltr'><strong>habet,</strong></span> 
     </span>
    </p>
   </div>
   <div class='ocr_carea' id='block_1_37' title="bbox 2135 1929 3706 2010">
    <p class='ocr_par' dir='ltr' id='par_1_37' title="bbox 2209 1929 3706 2010">
     <span class='ocr_line' id='line_1_37' title="bbox 2209 1929 3706 2010; baseline 0.009 -30"><span class='ocrx_word' id='word_1_280' title='bbox 2209 1929 2379 1999; x_wconf 77' lang='grc' dir='ltr'>αὐτην</span> <span class='ocrx_word' id='word_1_281' title='bbox 2410 1932 2644 2001; x_wconf 72' lang='grc' dir='ltr'>αἵρεσιν,</span> <span class='ocrx_word' id='word_1_282' title='bbox 2674 1936 2757 1988; x_wconf 78' lang='grc' dir='ltr'><strong>ὅτι</strong></span> <span class='ocrx_word' id='word_1_283' title='bbox 2784 1933 2859 2005; x_wconf 77' lang='grc' dir='ltr'>μὴ</span> <span class='ocrx_word' id='word_1_284' title='bbox 2893 1936 3032 2006; x_wconf 74' lang='grc' dir='ltr'>ἔχων</span> <span class='ocrx_word' id='word_1_285' title='bbox 3062 1940 3227 2004; x_wconf 74' lang='grc' dir='ltr'>αὐτὸς</span> <span class='ocrx_word' id='word_1_286' title='bbox 3255 1940 3511 2010; x_wconf 77' lang='grc' dir='ltr'>ἐλάμϐανε</span> <span class='ocrx_word' id='word_1_287' title='bbox 3532 1959 3546 1973; x_wconf 75' lang='grc' dir='ltr'><strong><em>ο</em></strong></span> <span class='ocrx_word' id='word_1_288' title='bbox 3575 1942 3706 1995; x_wconf 67' lang='grc' dir='ltr'>πάντα</span> 
     </span>
    </p>
   </div>
   <div class='ocr_carea' id='block_1_38' title="bbox 528 2022 2099 2099">
    <p class='ocr_par' dir='ltr' id='par_1_38' title="bbox 528 2022 2099 2095">
     <span class='ocr_line' id='line_1_38' title="bbox 528 2022 2099 2095; baseline -0.001 -16"><span class='ocrx_word' id='word_1_289' title='bbox 528 2028 693 2082; x_wconf 80' lang='lat' dir='ltr'><strong>habet</strong></span> <span class='ocrx_word' id='word_1_290' title='bbox 730 2038 783 2081; x_wconf 88' lang='lat' dir='ltr'><strong>et</strong></span> <span class='ocrx_word' id='word_1_291' title='bbox 812 2026 982 2082; x_wconf 82' lang='lat' dir='ltr'><strong>Filius</strong></span> <span class='ocrx_word' id='word_1_292' title='bbox 1009 2044 1021 2079; x_wconf 90' lang='lat'><strong>:</strong></span> <span class='ocrx_word' id='word_1_293' title='bbox 1046 2036 1100 2082; x_wconf 88' lang='lat' dir='ltr'><strong>et</strong></span> <span class='ocrx_word' id='word_1_294' title='bbox 1132 2026 1263 2080; x_wconf 86' lang='lat' dir='ltr'><strong>nihil</strong></span> <span class='ocrx_word' id='word_1_295' title='bbox 1297 2028 1435 2081; x_wconf 84' lang='lat' dir='ltr'><strong>inest</strong></span> <span class='ocrx_word' id='word_1_296' title='bbox 1457 2025 1598 2079; x_wconf 82' lang='lat' dir='ltr'><strong>Patri</strong></span> <span class='ocrx_word' id='word_1_297' title='bbox 1626 2024 1755 2095; x_wconf 89' lang='lat' dir='ltr'><strong>quin</strong></span> <span class='ocrx_word' id='word_1_298' title='bbox 1786 2023 1913 2078; x_wconf 89' lang='lat' dir='ltr'><strong>insit</strong></span> <span class='ocrx_word' id='word_1_299' title='bbox 1942 2022 2099 2089; x_wconf 88' lang='lat' dir='ltr'><strong>Filio,</strong></span> 
     </span>
    </p>
   </div>
   <div class='ocr_carea' id='block_1_39' title="bbox 2136 2022 3707 2099">
    <p class='ocr_par' dir='ltr' id='par_1_39' title="bbox 2206 2022 3707 2099">
     <span class='ocr_line' id='line_1_39' title="bbox 2206 2022 3707 2099; baseline 0.007 -26"><span class='ocrx_word' id='word_1_300' title='bbox 2206 2022 2317 2091; x_wconf 81' lang='grc' dir='ltr'><strong>γὰρ</strong></span> <span class='ocrx_word' id='word_1_301' title='bbox 2350 2023 2449 2076; x_wconf 81' lang='grc' dir='ltr'><strong>ὅσα</strong></span> <span class='ocrx_word' id='word_1_302' title='bbox 2494 2022 2608 2094; x_wconf 77' lang='grc' dir='ltr'>ἔχει</span> <span class='ocrx_word' id='word_1_303' title='bbox 2637 2027 2664 2078; x_wconf 88' lang='lat'><strong>0</strong></span> <span class='ocrx_word' id='word_1_304' title='bbox 2698 2026 2911 2096; x_wconf 74' lang='grc' dir='ltr'>Πατὴρ,</span> <span class='ocrx_word' id='word_1_305' title='bbox 2957 2029 3072 2099; x_wconf 80' lang='grc' dir='ltr'>ἔχει</span> <span class='ocrx_word' id='word_1_306' title='bbox 3120 2032 3215 2085; x_wconf 80' lang='grc' dir='ltr'><strong>καὶ</strong></span> <span class='ocrx_word' id='word_1_307' title='bbox 3242 2033 3269 2086; x_wconf 89' lang='grc' dir='ltr'><strong>ὁ</strong></span> <span class='ocrx_word' id='word_1_308' title='bbox 3316 2032 3457 2098; x_wconf 82' lang='grc' dir='ltr'>Υἱὸς,</span> <span class='ocrx_word' id='word_1_309' title='bbox 3490 2034 3569 2086; x_wconf 80' lang='grc' dir='ltr'><strong>καὶ</strong></span> <span class='ocrx_word' id='word_1_310' title='bbox 3595 2034 3707 2084; x_wconf 68' lang='grc' dir='ltr'>οὐδὲν</span> 
     </span>
    </p>
   </div>
   <div class='ocr_carea' id='block_1_40' title="bbox 524 2114 2095 2194">
    <p class='ocr_par' dir='ltr' id='par_1_40' title="bbox 524 2115 2095 2189">
     <span class='ocr_line' id='line_1_40' title="bbox 524 2115 2095 2189; baseline 0.001 -18"><span class='ocrx_word' id='word_1_311' title='bbox 524 2130 750 2186; x_wconf 77' lang='lat' dir='ltr'><strong>excepta</strong></span> <span class='ocrx_word' id='word_1_312' title='bbox 788 2120 1134 2189; x_wconf 87' lang='lat' dir='ltr'><strong>paternitate.</strong></span> <span class='ocrx_word' id='word_1_313' title='bbox 1176 2118 1228 2171; x_wconf 81' lang='lat' dir='ltr'><strong>Si</strong></span> <span class='ocrx_word' id='word_1_314' title='bbox 1260 2118 1407 2171; x_wconf 87' lang='lat' dir='ltr'><strong>enim</strong></span> <span class='ocrx_word' id='word_1_315' title='bbox 1430 2116 1573 2187; x_wconf 84' lang='lat' dir='ltr'><strong>quod</strong></span> <span class='ocrx_word' id='word_1_316' title='bbox 1618 2132 1729 2171; x_wconf 90' lang='lat' dir='ltr'><strong>non</strong></span> <span class='ocrx_word' id='word_1_317' title='bbox 1754 2115 1949 2177; x_wconf 86' lang='lat' dir='ltr'><strong>habet,</strong></span> <span class='ocrx_word' id='word_1_318' title='bbox 1985 2116 2095 2185; x_wconf 85' lang='lat' dir='ltr'><strong>ipse</strong></span> 
     </span>
    </p>
   </div>
   <div class='ocr_carea' id='block_1_41' title="bbox 2137 2114 3708 2194">
    <p class='ocr_par' dir='ltr' id='par_1_41' title="bbox 2206 2114 3708 2194">
     <span class='ocr_line' id='line_1_41' title="bbox 2206 2114 3708 2194; baseline 0.013 -29"><span class='ocrx_word' id='word_1_319' title='bbox 2206 2114 2503 2185; x_wconf 74' lang='grc' dir='ltr'><strong>ἐνυπάρχει</strong></span> <span class='ocrx_word' id='word_1_320' title='bbox 2550 2117 2627 2187; x_wconf 83' lang='grc' dir='ltr'>τῷ</span> <span class='ocrx_word' id='word_1_321' title='bbox 2660 2118 2857 2189; x_wconf 77' lang='grc' dir='ltr'>Πατρὶ,</span> <span class='ocrx_word' id='word_1_322' title='bbox 2890 2121 2918 2173; x_wconf 86' lang='grc' dir='ltr'>ὃ</span> <span class='ocrx_word' id='word_1_323' title='bbox 2952 2122 2979 2172; x_wconf 91' lang='lat'><strong>0</strong></span> <span class='ocrx_word' id='word_1_324' title='bbox 3028 2121 3158 2185; x_wconf 81' lang='grc' dir='ltr'>Υίὺς</span> <span class='ocrx_word' id='word_1_325' title='bbox 3206 2124 3304 2177; x_wconf 83' lang='grc' dir='ltr'>οὐκ</span> <span class='ocrx_word' id='word_1_326' title='bbox 3343 2125 3469 2194; x_wconf 79' lang='grc' dir='ltr'>ἔχει,</span> <span class='ocrx_word' id='word_1_327' title='bbox 3499 2124 3613 2194; x_wconf 67' lang='grc' dir='ltr'>πλὴν</span> <span class='ocrx_word' id='word_1_328' title='bbox 3640 2125 3708 2190; x_wconf 76' lang='grc' dir='ltr'><strong>τῆς</strong></span> 
     </span>
    </p>
   </div>
   <div class='ocr_carea' id='block_1_42' title="bbox 525 2206 2096 2285">
    <p class='ocr_par' dir='ltr' id='par_1_42' title="bbox 525 2208 2096 2279">
     <span class='ocr_line' id='line_1_42' title="bbox 525 2208 2096 2279; baseline 0.001 -17"><span class='ocrx_word' id='word_1_329' title='bbox 525 2211 827 2279; x_wconf 77' lang='lat' dir='ltr'><strong>accipiebat</strong></span> <span class='ocrx_word' id='word_1_330' title='bbox 865 2228 878 2263; x_wconf 93' lang='lat'><strong>:</strong></span> <span class='ocrx_word' id='word_1_331' title='bbox 910 2226 1034 2265; x_wconf 73' lang='lat' dir='ltr'><strong>vera</strong></span> <span class='ocrx_word' id='word_1_332' title='bbox 1064 2210 1226 2264; x_wconf 79' lang='lat' dir='ltr'><strong>Arius</strong></span> <span class='ocrx_word' id='word_1_333' title='bbox 1286 2209 1602 2278; x_wconf 87' lang='lat' dir='ltr'><strong>protulisset</strong></span> <span class='ocrx_word' id='word_1_334' title='bbox 1627 2208 1882 2272; x_wconf 87' lang='lat' dir='ltr'><strong>dicendo,</strong></span> <span class='ocrx_word' id='word_1_335' title='bbox 1920 2227 1937 2260; x_wconf 86' lang='grc' dir='ltr'><strong>ι</strong></span> <span class='ocrx_word' id='word_1_336' title='bbox 1984 2217 2096 2263; x_wconf 85' lang='lat' dir='ltr'><strong>erat</strong></span> 
     </span>
    </p>
   </div>
   <div class='ocr_carea' id='block_1_43' title="bbox 2136 2206 3707 2285">
    <p class='ocr_par' dir='ltr' id='par_1_43' title="bbox 2209 2206 3707 2285">
     <span class='ocr_line' id='line_1_43' title="bbox 2209 2206 3707 2285; baseline 0.033 -29"><span class='ocrx_word' id='word_1_337' title='bbox 2209 2206 2568 2275; x_wconf 77' lang='grc' dir='ltr'>πατρότητοςο</span> <span class='ocrx_word' id='word_1_338' title='bbox 2606 2208 2665 2261; x_wconf 70' lang='grc' dir='ltr'><strong>Εἰ</strong></span> <span class='ocrx_word' id='word_1_339' title='bbox 2697 2209 2805 2278; x_wconf 76' lang='grc' dir='ltr'>γὰρ</span> <span class='ocrx_word' id='word_1_340' title='bbox 2831 2210 2906 2281; x_wconf 81' lang='grc' dir='ltr'>μὴ</span> <span class='ocrx_word' id='word_1_341' title='bbox 2935 2213 3072 2281; x_wconf 74' lang='grc' dir='ltr'>ἔχων</span> <span class='ocrx_word' id='word_1_342' title='bbox 3097 2215 3263 2278; x_wconf 67' lang='grc' dir='ltr'>αὐτὸς</span> <span class='ocrx_word' id='word_1_343' title='bbox 3292 2215 3588 2285; x_wconf 71' lang='grc' dir='ltr'><strong>ὲλάμδανενν</strong></span> <span class='ocrx_word' id='word_1_344' title='bbox 3612 2214 3707 2282; x_wconf 44' lang='lat' dir='ltr'><strong>iii“</strong></span> 
     </span>
    </p>
   </div>
   <div class='ocr_carea' id='block_1_44' title="bbox 527 2297 2098 2378">
    <p class='ocr_par' dir='ltr' id='par_1_44' title="bbox 527 2303 2098 2373">
     <span class='ocr_line' id='line_1_44' title="bbox 527 2303 2098 2373; baseline 0.001 -19"><span class='ocrx_word' id='word_1_345' title='bbox 527 2303 816 2371; x_wconf 75' lang='lat' dir='ltr'><strong>aliquando</strong></span> <span class='ocrx_word' id='word_1_346' title='bbox 847 2304 990 2372; x_wconf 90' lang='lat' dir='ltr'><strong>quod</strong></span> <span class='ocrx_word' id='word_1_347' title='bbox 1019 2319 1120 2357; x_wconf 89' lang='lat' dir='ltr'><strong>non</strong></span> <span class='ocrx_word' id='word_1_348' title='bbox 1154 2314 1288 2359; x_wconf 88' lang='lat' dir='ltr'><strong>erat.</strong></span> <span class='ocrx_word' id='word_1_349' title='bbox 1326 2305 1423 2358; x_wconf 69' lang='lat' dir='ltr'><strong>oAt</strong></span> <span class='ocrx_word' id='word_1_350' title='bbox 1456 2303 1505 2357; x_wconf 87' lang='lat' dir='ltr'><strong>id</strong></span> <span class='ocrx_word' id='word_1_351' title='bbox 1520 2303 1759 2373; x_wconf 80' lang='lat' dir='ltr'><strong>cogitatu</strong></span> <span class='ocrx_word' id='word_1_352' title='bbox 1787 2312 1994 2357; x_wconf 76' lang='lat' dir='ltr'><strong>tantum</strong></span> <span class='ocrx_word' id='word_1_353' title='bbox 2022 2309 2098 2357; x_wconf 87' lang='lat' dir='ltr'><strong>est</strong></span> 
     </span>
    </p>
   </div>
   <div class='ocr_carea' id='block_1_45' title="bbox 2138 2297 3709 2378">
    <p class='ocr_par' dir='ltr' id='par_1_45' title="bbox 2206 2297 3709 2378">
     <span class='ocr_line' id='line_1_45' title="bbox 2206 2297 3709 2378; baseline 0.005 -30"><span class='ocrx_word' id='word_1_354' title='bbox 2206 2297 2361 2349; x_wconf 79' lang='grc' dir='ltr'>θευεν</span> <span class='ocrx_word' id='word_1_355' title='bbox 2398 2299 2638 2369; x_wconf 73' lang='grc' dir='ltr'>Ἄρειος,</span> <span class='ocrx_word' id='word_1_356' title='bbox 2663 2300 2889 2369; x_wconf 79' lang='grc' dir='ltr'>λέγων,ι</span> <span class='ocrx_word' id='word_1_357' title='bbox 2926 2298 2994 2374; x_wconf 82' lang='grc' dir='ltr'>ἦν</span> <span class='ocrx_word' id='word_1_358' title='bbox 3031 2322 3185 2371; x_wconf 85' lang='grc' dir='ltr'>ποτε,</span> <span class='ocrx_word' id='word_1_359' title='bbox 3211 2307 3297 2360; x_wconf 88' lang='grc' dir='ltr'><strong>ὅτε</strong></span> <span class='ocrx_word' id='word_1_360' title='bbox 3320 2308 3416 2361; x_wconf 79' lang='grc' dir='ltr'>οὐκ</span> <span class='ocrx_word' id='word_1_361' title='bbox 3439 2304 3519 2378; x_wconf 78' lang='grc' dir='ltr'>ἧν.</span> <span class='ocrx_word' id='word_1_362' title='bbox 3558 2304 3709 2358; x_wconf 69' lang='grc' dir='ltr'>ι’Δλλᾰ</span> 
     </span>
    </p>
   </div>
   <div class='ocr_carea' id='block_1_46' title="bbox 531 2387 2102 2465">
    <p class='ocr_par' dir='ltr' id='par_1_46' title="bbox 531 2392 2102 2465">
     <span class='ocr_line' id='line_1_46' title="bbox 531 2392 2102 2465; baseline 0.001 -20"><span class='ocrx_word' id='word_1_363' title='bbox 531 2393 785 2462; x_wconf 89' lang='lat' dir='ltr'><strong>impium.</strong></span> <span class='ocrx_word' id='word_1_364' title='bbox 816 2392 918 2459; x_wconf 87' lang='lat' dir='ltr'><strong>Qui</strong></span> <span class='ocrx_word' id='word_1_365' title='bbox 962 2393 1073 2451; x_wconf 88' lang='lat' dir='ltr'><strong>vult</strong></span> <span class='ocrx_word' id='word_1_366' title='bbox 1123 2395 1285 2462; x_wconf 80' lang='lat' dir='ltr'><strong>igitur</strong></span> <span class='ocrx_word' id='word_1_367' title='bbox 1340 2403 1484 2449; x_wconf 88' lang='lat' dir='ltr'><strong>recte</strong></span> <span class='ocrx_word' id='word_1_368' title='bbox 1535 2395 1781 2465; x_wconf 60' lang='lat' dir='ltr'><strong>sentire,</strong></span> <span class='ocrx_word' id='word_1_369' title='bbox 1821 2394 1947 2448; x_wconf 80' lang='lat' dir='ltr'><strong>talia</strong></span> <span class='ocrx_word' id='word_1_370' title='bbox 1993 2409 2102 2447; x_wconf 89' lang='lat' dir='ltr'><strong>non</strong></span> 
     </span>
    </p>
   </div>
   <div class='ocr_carea' id='block_1_47' title="bbox 2138 2387 3709 2465">
    <p class='ocr_par' dir='ltr' id='par_1_47' title="bbox 2205 2387 3709 2463">
     <span class='ocr_line' id='line_1_47' title="bbox 2205 2387 3709 2463; baseline 0.006 -25"><span class='ocrx_word' id='word_1_371' title='bbox 2205 2387 2366 2441; x_wconf 85' lang='grc' dir='ltr'>τοῦτο</span> <span class='ocrx_word' id='word_1_372' title='bbox 2409 2392 2501 2442; x_wconf 76' lang='grc' dir='ltr'><strong>καὶ</strong></span> <span class='ocrx_word' id='word_1_373' title='bbox 2536 2391 2792 2462; x_wconf 75' lang='grc' dir='ltr'>ἐννοῆσαι</span> <span class='ocrx_word' id='word_1_374' title='bbox 2836 2394 3019 2463; x_wconf 87' lang='grc' dir='ltr'>μόνον,</span> <span class='ocrx_word' id='word_1_375' title='bbox 3069 2398 3219 2450; x_wconf 79' lang='grc' dir='ltr'>ἐστὶν</span> <span class='ocrx_word' id='word_1_376' title='bbox 3262 2398 3470 2460; x_wconf 77' lang='grc' dir='ltr'>ἀσεϐές.</span> <span class='ocrx_word' id='word_1_377' title='bbox 3498 2394 3709 2451; x_wconf 75' lang='grc' dir='ltr'><strong>θῦκοῦνὸ</strong></span> 
     </span>
    </p>
   </div>
   <div class='ocr_carea' id='block_1_48' title="bbox 523 2477 2094 2557">
    <p class='ocr_par' dir='ltr' id='par_1_48' title="bbox 523 2485 2094 2557">
     <span class='ocr_line' id='line_1_48' title="bbox 523 2485 2094 2557; baseline 0.002 -19"><span class='ocrx_word' id='word_1_378' title='bbox 523 2485 731 2551; x_wconf 88' lang='lat' dir='ltr'><strong>credat,</strong></span> <span class='ocrx_word' id='word_1_379' title='bbox 776 2485 870 2541; x_wconf 89' lang='lat' dir='ltr'><strong>sed</strong></span> <span class='ocrx_word' id='word_1_380' title='bbox 902 2492 961 2539; x_wconf 88' lang='lat' dir='ltr'><strong>ut</strong></span> <span class='ocrx_word' id='word_1_381' title='bbox 988 2500 1142 2539; x_wconf 87' lang='lat' dir='ltr'><strong>sacer</strong></span> <span class='ocrx_word' id='word_1_382' title='bbox 1178 2485 1509 2540; x_wconf 81' lang='lat' dir='ltr'><strong>Athanasius</strong></span> <span class='ocrx_word' id='word_1_383' title='bbox 1535 2501 1763 2557; x_wconf 76' lang='lat' dir='ltr'><strong>magnus</strong></span> <span class='ocrx_word' id='word_1_384' title='bbox 1793 2485 1850 2539; x_wconf 90' lang='lat' dir='ltr'><strong>in</strong></span> <span class='ocrx_word' id='word_1_385' title='bbox 1877 2485 2094 2551; x_wconf 75' lang='lat' dir='ltr'><strong>divinis,</strong></span> 
     </span>
    </p>
   </div>
   <div class='ocr_carea' id='block_1_49' title="bbox 2137 2477 3708 2557">
    <p class='ocr_par' dir='ltr' id='par_1_49' title="bbox 2209 2477 3708 2557">
     <span class='ocr_line' id='line_1_49' title="bbox 2209 2477 3708 2557; baseline 0.005 -29"><span class='ocrx_word' id='word_1_386' title='bbox 2209 2477 2537 2551; x_wconf 74' lang='grc' dir='ltr'>βουλόμενος</span> <span class='ocrx_word' id='word_1_387' title='bbox 2576 2482 2712 2553; x_wconf 79' lang='grc' dir='ltr'>ὀρθά</span> <span class='ocrx_word' id='word_1_388' title='bbox 2744 2487 2964 2553; x_wconf 76' lang='grc' dir='ltr'>φρονεῖν</span> <span class='ocrx_word' id='word_1_389' title='bbox 2988 2486 3057 2539; x_wconf 81' lang='grc' dir='ltr'>τὰ</span> <span class='ocrx_word' id='word_1_390' title='bbox 3093 2487 3321 2541; x_wconf 82' lang='grc' dir='ltr'>τοιαῦτα</span> <span class='ocrx_word' id='word_1_391' title='bbox 3356 2488 3426 2557; x_wconf 79' lang='grc' dir='ltr'><strong>μὴ</strong></span> <span class='ocrx_word' id='word_1_392' title='bbox 3457 2488 3708 2551; x_wconf 69' lang='grc' dir='ltr'>ὕπονοείτω,</span> 
     </span>
    </p>
   </div>
   <div class='ocr_carea' id='block_1_50' title="bbox 522 2569 2093 2648">
    <p class='ocr_par' dir='ltr' id='par_1_50' title="bbox 522 2577 2093 2648">
     <span class='ocr_line' id='line_1_50' title="bbox 522 2577 2093 2648; baseline 0.001 -18"><span class='ocrx_word' id='word_1_393' title='bbox 522 2580 620 2645; x_wconf 85' lang='lat' dir='ltr'><strong>qui</strong></span> <span class='ocrx_word' id='word_1_394' title='bbox 658 2578 712 2631; x_wconf 91' lang='lat' dir='ltr'><strong>in</strong></span> <span class='ocrx_word' id='word_1_395' title='bbox 739 2593 996 2632; x_wconf 85' lang='lat' dir='ltr'><strong>sermone</strong></span> <span class='ocrx_word' id='word_1_396' title='bbox 1029 2578 1097 2633; x_wconf 84' lang='lat' dir='ltr'><strong>de</strong></span> <span class='ocrx_word' id='word_1_397' title='bbox 1125 2579 1408 2633; x_wconf 86' lang='lat' dir='ltr'><strong>incarnata</strong></span> <span class='ocrx_word' id='word_1_398' title='bbox 1440 2577 1870 2648; x_wconf 83' lang='lat' dir='ltr'><strong>dispensatione,</strong></span> <span class='ocrx_word' id='word_1_399' title='bbox 1893 2578 1986 2648; x_wconf 91' lang='lat' dir='ltr'><strong>qui</strong></span> <span class='ocrx_word' id='word_1_400' title='bbox 2023 2578 2093 2633; x_wconf 90' lang='lat' dir='ltr'><strong>in-</strong></span> 
     </span>
    </p>
   </div>
   <div class='ocr_carea' id='block_1_51' title="bbox 2137 2569 3708 2648">
    <p class='ocr_par' dir='ltr' id='par_1_51' title="bbox 2206 2569 3708 2643">
     <span class='ocr_line' id='line_1_51' title="bbox 2206 2569 3708 2643; baseline 0.004 -22"><span class='ocrx_word' id='word_1_401' title='bbox 2206 2569 2321 2622; x_wconf 80' lang='grc' dir='ltr'>ἀλλ’</span> <span class='ocrx_word' id='word_1_402' title='bbox 2350 2570 2542 2643; x_wconf 83' lang='grc' dir='ltr'>ὥσπερ</span> <span class='ocrx_word' id='word_1_403' title='bbox 2568 2575 2593 2626; x_wconf 98' lang='lat'><strong>0</strong></span> <span class='ocrx_word' id='word_1_404' title='bbox 2627 2572 2768 2640; x_wconf 75' lang='grc' dir='ltr'>ἱερὸς</span> <span class='ocrx_word' id='word_1_405' title='bbox 2811 2575 3154 2643; x_wconf 86' lang='grc' dir='ltr'>Ἀθανάσιος,</span> <span class='ocrx_word' id='word_1_406' title='bbox 3184 2580 3212 2630; x_wconf 88' lang='lat'><strong>0</strong></span> <span class='ocrx_word' id='word_1_407' title='bbox 3241 2578 3403 2640; x_wconf 78' lang='grc' dir='ltr'>πολὺς</span> <span class='ocrx_word' id='word_1_408' title='bbox 3444 2578 3504 2630; x_wconf 76' lang='grc' dir='ltr'>τὰ</span> <span class='ocrx_word' id='word_1_409' title='bbox 3538 2578 3648 2641; x_wconf 83' lang='grc' dir='ltr'>θεῖα,</span> <span class='ocrx_word' id='word_1_410' title='bbox 3668 2575 3708 2637; x_wconf 78' lang='grc' dir='ltr'>ὃς</span> 
     </span>
    </p>
   </div>
   <div class='ocr_carea' id='block_1_52' title="bbox 523 2661 2094 2743">
    <p class='ocr_par' dir='ltr' id='par_1_52' title="bbox 523 2669 2094 2740">
     <span class='ocr_line' id='line_1_52' title="bbox 523 2669 2094 2740; baseline 0.002 -18"><span class='ocrx_word' id='word_1_411' title='bbox 523 2671 653 2739; x_wconf 77' lang='lat' dir='ltr'><strong>cipit</strong></span> <span class='ocrx_word' id='word_1_412' title='bbox 682 2689 694 2723; x_wconf 91' lang='lat'><strong>:</strong></span> <span class='ocrx_word' id='word_1_413' title='bbox 732 2689 749 2721; x_wconf 82' lang='grc' dir='ltr'><strong>ι</strong></span> <span class='ocrx_word' id='word_1_414' title='bbox 788 2669 891 2736; x_wconf 85' lang='lat' dir='ltr'><strong>Qui</strong></span> <span class='ocrx_word' id='word_1_415' title='bbox 921 2671 1132 2725; x_wconf 88' lang='lat' dir='ltr'><strong>divinas</strong></span> <span class='ocrx_word' id='word_1_416' title='bbox 1165 2671 1481 2739; x_wconf 86' lang='lat' dir='ltr'><strong>Scripturas</strong></span> <span class='ocrx_word' id='word_1_417' title='bbox 1522 2670 1767 2740; x_wconf 87' lang='lat' dir='ltr'><strong>captiose</strong></span> <span class='ocrx_word' id='word_1_418' title='bbox 1801 2671 1991 2726; x_wconf 81' lang='lat' dir='ltr'><strong>volunt</strong></span> <span class='ocrx_word' id='word_1_419' title='bbox 2024 2674 2094 2725; x_wconf 89' lang='lat' dir='ltr'><strong>in-</strong></span> 
     </span>
    </p>
   </div>
   <div class='ocr_carea' id='block_1_53' title="bbox 2137 2661 3708 2743">
    <p class='ocr_par' dir='ltr' id='par_1_53' title="bbox 2206 2661 3708 2743">
     <span class='ocr_line' id='line_1_53' title="bbox 2206 2661 3708 2743; baseline 0.004 -28"><span class='ocrx_word' id='word_1_420' title='bbox 2206 2666 2262 2716; x_wconf 82' lang='grc' dir='ltr'>ὲν</span> <span class='ocrx_word' id='word_1_421' title='bbox 2315 2664 2391 2735; x_wconf 85' lang='grc' dir='ltr'>τῷ</span> <span class='ocrx_word' id='word_1_422' title='bbox 2426 2667 2555 2736; x_wconf 78' lang='grc' dir='ltr'>περὶ</span> <span class='ocrx_word' id='word_1_423' title='bbox 2602 2666 2699 2737; x_wconf 82' lang='grc' dir='ltr'>τῆς</span> <span class='ocrx_word' id='word_1_424' title='bbox 2750 2668 3016 2738; x_wconf 80' lang='grc' dir='ltr'>ὲνσάρκου</span> <span class='ocrx_word' id='word_1_425' title='bbox 3062 2672 3377 2743; x_wconf 73' lang='grc' dir='ltr'>οἰκονομίας</span> <span class='ocrx_word' id='word_1_426' title='bbox 3426 2673 3573 2742; x_wconf 81' lang='grc' dir='ltr'>λόγῳ,</span> <span class='ocrx_word' id='word_1_427' title='bbox 3612 2661 3708 2736; x_wconf 63' lang='lat' dir='ltr'><strong>obii</strong></span> 
     </span>
    </p>
   </div>
   <div class='ocr_carea' id='block_1_54' title="bbox 526 2759 2097 2835">
    <p class='ocr_par' dir='ltr' id='par_1_54' title="bbox 526 2761 2097 2833">
     <span class='ocr_line' id='line_1_54' title="bbox 526 2761 2097 2833; baseline 0.004 -21"><span class='ocrx_word' id='word_1_428' title='bbox 526 2761 788 2829; x_wconf 79' lang='lat' dir='ltr'><strong>telligere,</strong></span> <span class='ocrx_word' id='word_1_429' title='bbox 820 2780 836 2811; x_wconf 75' lang='grc' dir='ltr'><strong>ι</strong></span> <span class='ocrx_word' id='word_1_430' title='bbox 859 2762 940 2815; x_wconf 85' lang='lat' dir='ltr'><strong>sic</strong></span> <span class='ocrx_word' id='word_1_431' title='bbox 964 2762 1151 2817; x_wconf 89' lang='lat' dir='ltr'><strong>scribit</strong></span> <span class='ocrx_word' id='word_1_432' title='bbox 1176 2777 1189 2810; x_wconf 90' lang='lat'><strong>:</strong></span> <span class='ocrx_word' id='word_1_433' title='bbox 1220 2781 1236 2813; x_wconf 84' lang='grc' dir='ltr'><strong>ι</strong></span> <span class='ocrx_word' id='word_1_434' title='bbox 1271 2762 1348 2815; x_wconf 77' lang='lat' dir='ltr'><strong>Nc</strong></span> <span class='ocrx_word' id='word_1_435' title='bbox 1377 2764 1561 2816; x_wconf 83' lang='lat' dir='ltr'><strong>credat</strong></span> <span class='ocrx_word' id='word_1_436' title='bbox 1580 2762 1703 2832; x_wconf 88' lang='lat' dir='ltr'><strong>quis</strong></span> <span class='ocrx_word' id='word_1_437' title='bbox 1723 2762 1864 2831; x_wconf 87' lang='lat' dir='ltr'><strong>quod</strong></span> <span class='ocrx_word' id='word_1_438' title='bbox 1892 2763 1935 2816; x_wconf 92' lang='lat' dir='ltr'><strong>is</strong></span> <span class='ocrx_word' id='word_1_439' title='bbox 1956 2763 2097 2833; x_wconf 90' lang='lat' dir='ltr'><strong>quod</strong></span> 
     </span>
    </p>
   </div>
   <div class='ocr_carea' id='block_1_55' title="bbox 2139 2759 3710 2835">
    <p class='ocr_par' dir='ltr' id='par_1_55' title="bbox 2208 2759 3710 2835">
     <span class='ocr_line' id='line_1_55' title="bbox 2208 2759 3710 2835; baseline -0.011 -6"><span class='ocrx_word' id='word_1_440' title='bbox 2208 2759 2406 2829; x_wconf 69' lang='grc' dir='ltr'><strong>ἀρχὴν(</strong></span> <span class='ocrx_word' id='word_1_441' title='bbox 2446 2761 2509 2814; x_wconf 79' lang='grc' dir='ltr'>οε</span> <span class='ocrx_word' id='word_1_442' title='bbox 2531 2762 2873 2834; x_wconf 82' lang='grc' dir='ltr'>κακοτέχνως</span> <span class='ocrx_word' id='word_1_443' title='bbox 2900 2768 2997 2825; x_wconf 74' lang='grc' dir='ltr'><strong>τὰς</strong></span> <span class='ocrx_word' id='word_1_444' title='bbox 3026 2764 3180 2829; x_wconf 80' lang='grc' dir='ltr'>θείας</span> <span class='ocrx_word' id='word_1_445' title='bbox 3212 2768 3429 2835; x_wconf 58' lang='lat' dir='ltr'><strong>rma,</strong></span> <span class='ocrx_word' id='word_1_446' title='bbox 3463 2764 3710 2834; x_wconf 58' lang='grc' dir='ltr'><strong>βουλόμενοι</strong></span> 
     </span>
    </p>
   </div>
   <div class='ocr_carea' id='block_1_56' title="bbox 524 2848 2095 2924">
    <p class='ocr_par' dir='ltr' id='par_1_56' title="bbox 524 2849 2095 2921">
     <span class='ocr_line' id='line_1_56' title="bbox 524 2849 2095 2921; baseline 0.003 -19"><span class='ocrx_word' id='word_1_447' title='bbox 524 2865 631 2903; x_wconf 92' lang='lat' dir='ltr'><strong>non</strong></span> <span class='ocrx_word' id='word_1_448' title='bbox 658 2849 891 2904; x_wconf 85' lang='lat' dir='ltr'><strong>habebat</strong></span> <span class='ocrx_word' id='word_1_449' title='bbox 914 2850 1213 2919; x_wconf 82' lang='lat' dir='ltr'><strong>accipiebat</strong></span> <span class='ocrx_word' id='word_1_450' title='bbox 1239 2869 1251 2903; x_wconf 85' lang='lat'><strong>:</strong></span> <span class='ocrx_word' id='word_1_451' title='bbox 1278 2852 1324 2906; x_wconf 90' lang='lat' dir='ltr'><strong>is</strong></span> <span class='ocrx_word' id='word_1_452' title='bbox 1351 2853 1496 2905; x_wconf 87' lang='lat' dir='ltr'><strong>cnim</strong></span> <span class='ocrx_word' id='word_1_453' title='bbox 1528 2867 1762 2921; x_wconf 83' lang='lat' dir='ltr'><strong>superne</strong></span> <span class='ocrx_word' id='word_1_454' title='bbox 1790 2852 2095 2908; x_wconf 81' lang='lat' dir='ltr'><strong>demittebal</strong></span> 
     </span>
    </p>
   </div>
   <div class='ocr_carea' id='block_1_57' title="bbox 2139 2848 3710 2924">
    <p class='ocr_par' dir='ltr' id='par_1_57' title="bbox 2204 2848 3710 2924">
     <span class='ocr_line' id='line_1_57' title="bbox 2204 2848 3710 2924; baseline 0.005 -24"><span class='ocrx_word' id='word_1_455' title='bbox 2204 2850 2371 2913; x_wconf 78' lang='grc' dir='ltr'>νοεῖν,</span> <span class='ocrx_word' id='word_1_456' title='bbox 2406 2868 2424 2901; x_wconf 75' lang='grc' dir='ltr'><strong><em>ι</em></strong></span> <span class='ocrx_word' id='word_1_457' title='bbox 2453 2849 2596 2904; x_wconf 78' lang='grc' dir='ltr'>οὕτω</span> <span class='ocrx_word' id='word_1_458' title='bbox 2649 2852 2836 2920; x_wconf 80' lang='grc' dir='ltr'><strong>λέγει·</strong></span> <span class='ocrx_word' id='word_1_459' title='bbox 2871 2872 2892 2905; x_wconf 78' lang='grc' dir='ltr'><strong>ι</strong></span> <span class='ocrx_word' id='word_1_460' title='bbox 2946 2854 3036 2924; x_wconf 76' lang='grc' dir='ltr'><strong>Μὴ</strong></span> <span class='ocrx_word' id='word_1_461' title='bbox 3095 2855 3392 2910; x_wconf 82' lang='grc' dir='ltr'>ὑπονοείτω</span> <span class='ocrx_word' id='word_1_462' title='bbox 3443 2872 3518 2917; x_wconf 88' lang='grc' dir='ltr'><strong>τις</strong></span> <span class='ocrx_word' id='word_1_463' title='bbox 3547 2853 3614 2907; x_wconf 80' lang='grc' dir='ltr'><strong>ὅτι</strong></span> <span class='ocrx_word' id='word_1_464' title='bbox 3658 2848 3710 2916; x_wconf 71' lang='grc' dir='ltr'>μὴ</span> 
     </span>
    </p>
   </div>
   <div class='ocr_carea' id='block_1_58' title="bbox 524 2941 2095 3017">
    <p class='ocr_par' dir='ltr' id='par_1_58' title="bbox 524 2941 2095 3013">
     <span class='ocr_line' id='line_1_58' title="bbox 524 2941 2095 3013; baseline 0.002 -20"><span class='ocrx_word' id='word_1_465' title='bbox 524 2952 581 2995; x_wconf 84' lang='grc' dir='ltr'><strong>ιιι</strong></span> <span class='ocrx_word' id='word_1_466' title='bbox 604 2942 744 2996; x_wconf 88' lang='lat' dir='ltr'><strong>Deus</strong></span> <span class='ocrx_word' id='word_1_467' title='bbox 770 2958 783 2994; x_wconf 93' lang='lat'>:</span> <span class='ocrx_word' id='word_1_468' title='bbox 812 2951 864 2996; x_wconf 89' lang='lat' dir='ltr'><strong>et</strong></span> <span class='ocrx_word' id='word_1_469' title='bbox 890 2941 1101 2997; x_wconf 77' lang='lat' dir='ltr'><strong>inferne</strong></span> <span class='ocrx_word' id='word_1_470' title='bbox 1120 2942 1235 3012; x_wconf 83' lang='lat' dir='ltr'><strong>ipse</strong></span> <span class='ocrx_word' id='word_1_471' title='bbox 1268 2958 1393 2997; x_wconf 90' lang='lat' dir='ltr'><strong>eum</strong></span> <span class='ocrx_word' id='word_1_472' title='bbox 1426 2944 1764 3013; x_wconf 87' lang='lat' dir='ltr'><strong>suscipiebat</strong></span> <span class='ocrx_word' id='word_1_473' title='bbox 1795 2955 1854 2998; x_wconf 90' lang='lat' dir='ltr'><strong>ut</strong></span> <span class='ocrx_word' id='word_1_474' title='bbox 1885 2946 2048 2999; x_wconf 79' lang='lat' dir='ltr'><strong>homo</strong></span> <span class='ocrx_word' id='word_1_475' title='bbox 2084 2962 2095 2996; x_wconf 93' lang='lat'><strong>:</strong></span> 
     </span>
    </p>
   </div>
   <div class='ocr_carea' id='block_1_59' title="bbox 2139 2941 3710 3017">
    <p class='ocr_par' dir='ltr' id='par_1_59' title="bbox 2206 2941 3710 3017">
     <span class='ocr_line' id='line_1_59' title="bbox 2206 2941 3710 3017; baseline -0.004 -23"><span class='ocrx_word' id='word_1_476' title='bbox 2206 2941 2345 3009; x_wconf 79' lang='grc' dir='ltr'>ἔχων</span> <span class='ocrx_word' id='word_1_477' title='bbox 2396 2942 2559 3007; x_wconf 80' lang='grc' dir='ltr'>αὐτὸς</span> <span class='ocrx_word' id='word_1_478' title='bbox 2625 2943 2971 3014; x_wconf 75' lang='grc' dir='ltr'>ἐλάμϐανεν,</span> <span class='ocrx_word' id='word_1_479' title='bbox 3024 2947 3191 3010; x_wconf 79' lang='grc' dir='ltr'>αὐτὸς</span> <span class='ocrx_word' id='word_1_480' title='bbox 3239 2949 3345 3017; x_wconf 84' lang='grc' dir='ltr'>γὰρ</span> <span class='ocrx_word' id='word_1_481' title='bbox 3394 2946 3515 3000; x_wconf 77' lang='grc' dir='ltr'>αὐτὸ</span> <span class='ocrx_word' id='word_1_482' title='bbox 3558 2941 3710 2996; x_wconf 79' lang='grc' dir='ltr'>ἄνωθεν</span> 
     </span>
    </p>
   </div>
   <div class='ocr_carea' id='block_1_60' title="bbox 527 3028 2098 3123">
    <p class='ocr_par' dir='ltr' id='par_1_60' title="bbox 527 3034 2098 3105">
     <span class='ocr_line' id='line_1_60' title="bbox 527 3034 2098 3105; baseline 0.002 -17"><span class='ocrx_word' id='word_1_483' title='bbox 527 3051 593 3088; x_wconf 80' lang='lat' dir='ltr'><strong>cx</strong></span> <span class='ocrx_word' id='word_1_484' title='bbox 627 3049 692 3088; x_wconf 93' lang='lat' dir='ltr'><strong>eo</strong></span> <span class='ocrx_word' id='word_1_485' title='bbox 724 3034 888 3104; x_wconf 80' lang='lat' dir='ltr'><strong>igitur</strong></span> <span class='ocrx_word' id='word_1_486' title='bbox 927 3034 982 3087; x_wconf 90' lang='lat' dir='ltr'><strong>in</strong></span> <span class='ocrx_word' id='word_1_487' title='bbox 1017 3049 1142 3089; x_wconf 89' lang='lat' dir='ltr'><strong>eum</strong></span> <span class='ocrx_word' id='word_1_488' title='bbox 1174 3034 1541 3090; x_wconf 86' lang='lat' dir='ltr'><strong>descendebat</strong></span> <span class='ocrx_word' id='word_1_489' title='bbox 1574 3052 1587 3088; x_wconf 88' lang='lat'><strong>:</strong></span> <span class='ocrx_word' id='word_1_490' title='bbox 1622 3048 1688 3089; x_wconf 80' lang='lat' dir='ltr'><strong>ex</strong></span> <span class='ocrx_word' id='word_1_491' title='bbox 1720 3036 1836 3105; x_wconf 86' lang='lat' dir='ltr'><strong>ejus</strong></span> <span class='ocrx_word' id='word_1_492' title='bbox 1878 3036 2098 3099; x_wconf 88' lang='lat' dir='ltr'><strong>deitate,</strong></span> 
     </span>
    </p>
   </div>
   <div class='ocr_carea' id='block_1_61' title="bbox 2139 3028 3710 3123">
    <p class='ocr_par' dir='ltr' id='par_1_61' title="bbox 2139 3028 3710 3123">
     <span class='ocr_line' id='line_1_61' title="bbox 2139 3028 3710 3123; baseline -0.021 -11"><span class='ocrx_word' id='word_1_493' title='bbox 2139 3065 2171 3123; x_wconf 63' lang='grc' dir='ltr'><strong>[ἶ.</strong></span> <span class='ocrx_word' id='word_1_494' title='bbox 2207 3028 2454 3100; x_wconf 62' lang='grc' dir='ltr'><strong>ἔπεμπεν</strong></span> <span class='ocrx_word' id='word_1_495' title='bbox 2491 3033 2565 3093; x_wconf 70' lang='grc' dir='ltr'><strong>ὡς</strong></span> <span class='ocrx_word' id='word_1_496' title='bbox 2601 3032 2753 3098; x_wconf 80' lang='grc' dir='ltr'>Θεὸς,</span> <span class='ocrx_word' id='word_1_497' title='bbox 2809 3035 2901 3087; x_wconf 75' lang='grc' dir='ltr'><strong>καὶ</strong></span> <span class='ocrx_word' id='word_1_498' title='bbox 2944 3036 3103 3099; x_wconf 77' lang='grc' dir='ltr'>αὐτὸς</span> <span class='ocrx_word' id='word_1_499' title='bbox 3139 3036 3274 3089; x_wconf 81' lang='grc' dir='ltr'>αὐτὸ</span> <span class='ocrx_word' id='word_1_500' title='bbox 3306 3035 3531 3090; x_wconf 81' lang='grc' dir='ltr'>κάτωθεν</span> <span class='ocrx_word' id='word_1_501' title='bbox 3570 3028 3710 3123; x_wconf 57' lang='lat' dir='ltr'><strong>inrdi-</strong></span> 
     </span>
    </p>
   </div>
   <div class='ocr_carea' id='block_1_62' title="bbox 531 3121 2102 3196">
    <p class='ocr_par' dir='ltr' id='par_1_62' title="bbox 531 3125 2099 3196">
     <span class='ocr_line' id='line_1_62' title="bbox 531 3125 2099 3196; baseline 0.003 -21"><span class='ocrx_word' id='word_1_502' title='bbox 531 3127 582 3178; x_wconf 91' lang='lat' dir='ltr'><strong>in</strong></span> <span class='ocrx_word' id='word_1_503' title='bbox 616 3125 1009 3179; x_wconf 86' lang='lat' dir='ltr'><strong>humanitatem</strong></span> <span class='ocrx_word' id='word_1_504' title='bbox 1035 3126 1223 3196; x_wconf 90' lang='lat' dir='ltr'><strong>ipsius.</strong></span> <span class='ocrx_word' id='word_1_505' title='bbox 1253 3145 1271 3178; x_wconf 73' lang='grc' dir='ltr'><strong>ι</strong></span> <span class='ocrx_word' id='word_1_506' title='bbox 1312 3125 1523 3181; x_wconf 83' lang='lat' dir='ltr'><strong>Audis?</strong></span> <span class='ocrx_word' id='word_1_507' title='bbox 1554 3125 1678 3195; x_wconf 88' lang='lat' dir='ltr'><strong>Ipse</strong></span> <span class='ocrx_word' id='word_1_508' title='bbox 1706 3141 1944 3196; x_wconf 83' lang='lat' dir='ltr'><strong>superne</strong></span> <span class='ocrx_word' id='word_1_509' title='bbox 1977 3127 2099 3181; x_wconf 92' lang='lat' dir='ltr'><strong>mit-</strong></span> 
     </span>
    </p>
   </div>
   <div class='ocr_carea' id='block_1_63' title="bbox 2137 3121 3708 3196">
    <p class='ocr_par' dir='ltr' id='par_1_63' title="bbox 2147 3121 3708 3193">
     <span class='ocr_line' id='line_1_63' title="bbox 2147 3121 3708 3193; baseline -0.004 5"><span class='ocrx_word' id='word_1_510' title='bbox 2147 3121 2156 3123; x_wconf 23' lang='grc' dir='ltr'>ν</span> <span class='ocrx_word' id='word_1_511' title='bbox 2205 3139 2328 3191; x_wconf 73' lang='grc' dir='ltr'><strong>Χετο</strong></span> <span class='ocrx_word' id='word_1_512' title='bbox 2353 3122 2425 3183; x_wconf 73' lang='grc' dir='ltr'><strong>ὡς</strong></span> <span class='ocrx_word' id='word_1_513' title='bbox 2454 3123 2737 3192; x_wconf 65' lang='grc' dir='ltr'>ἄνθρωπος</span> <span class='ocrx_word' id='word_1_514' title='bbox 2762 3142 2775 3156; x_wconf 90' lang='grc'><strong>⁹</strong></span> <span class='ocrx_word' id='word_1_515' title='bbox 2814 3126 2871 3190; x_wconf 75' lang='grc' dir='ltr'>ἐξ</span> <span class='ocrx_word' id='word_1_516' title='bbox 2903 3127 3065 3180; x_wconf 68' lang='grc' dir='ltr'>αὐτοῦ</span> <span class='ocrx_word' id='word_1_517' title='bbox 3096 3124 3212 3191; x_wconf 78' lang='grc' dir='ltr'>οὖν,</span> <span class='ocrx_word' id='word_1_518' title='bbox 3246 3129 3327 3191; x_wconf 84' lang='grc' dir='ltr'><strong>είς</strong></span> <span class='ocrx_word' id='word_1_519' title='bbox 3348 3127 3499 3180; x_wconf 76' lang='grc' dir='ltr'>αὐτὸν</span> <span class='ocrx_word' id='word_1_520' title='bbox 3528 3121 3708 3193; x_wconf 52' lang='lat' dir='ltr'><strong>milii&quot;</strong></span> 
     </span>
    </p>
   </div>
   <div class='ocr_carea' id='block_1_64' title="bbox 532 3209 2103 3289">
    <p class='ocr_par' dir='ltr' id='par_1_64' title="bbox 532 3216 2100 3287">
     <span class='ocr_line' id='line_1_64' title="bbox 532 3216 2100 3287; baseline 0.003 -18"><span class='ocrx_word' id='word_1_521' title='bbox 532 3216 672 3271; x_wconf 57' lang='lat' dir='ltr'><strong>trba!</strong></span> <span class='ocrx_word' id='word_1_522' title='bbox 706 3226 764 3270; x_wconf 89' lang='lat' dir='ltr'><strong>ut</strong></span> <span class='ocrx_word' id='word_1_523' title='bbox 793 3216 955 3284; x_wconf 86' lang='lat' dir='ltr'><strong>Deus,</strong></span> <span class='ocrx_word' id='word_1_524' title='bbox 1000 3226 1055 3273; x_wconf 87' lang='lat' dir='ltr'><strong>et</strong></span> <span class='ocrx_word' id='word_1_525' title='bbox 1081 3217 1257 3286; x_wconf 84' lang='lat' dir='ltr'><strong>ipsum</strong></span> <span class='ocrx_word' id='word_1_526' title='bbox 1289 3216 1501 3272; x_wconf 81' lang='lat' dir='ltr'><strong>inferne</strong></span> <span class='ocrx_word' id='word_1_527' title='bbox 1535 3217 1866 3287; x_wconf 85' lang='lat' dir='ltr'><strong>suscipiebat</strong></span> <span class='ocrx_word' id='word_1_528' title='bbox 1896 3227 1954 3271; x_wconf 93' lang='lat' dir='ltr'><strong>ut</strong></span> <span class='ocrx_word' id='word_1_529' title='bbox 1998 3218 2100 3273; x_wconf 85' lang='lat' dir='ltr'><strong>ho-</strong></span> 
     </span>
    </p>
   </div>
   <div class='ocr_carea' id='block_1_65' title="bbox 2139 3209 3710 3289">
    <p class='ocr_par' dir='ltr' id='par_1_65' title="bbox 2203 3209 3710 3289">
     <span class='ocr_line' id='line_1_65' title="bbox 2203 3209 3710 3289; baseline -0.001 -24"><span class='ocrx_word' id='word_1_530' title='bbox 2203 3216 2268 3266; x_wconf 85' lang='grc' dir='ltr'><strong>ἐκ</strong></span> <span class='ocrx_word' id='word_1_531' title='bbox 2300 3214 2394 3283; x_wconf 81' lang='grc' dir='ltr'>τῆς</span> <span class='ocrx_word' id='word_1_532' title='bbox 2433 3214 2687 3284; x_wconf 78' lang='grc' dir='ltr'>θεότητος</span> <span class='ocrx_word' id='word_1_533' title='bbox 2739 3215 2926 3283; x_wconf 83' lang='grc' dir='ltr'>αὐτοῦ,</span> <span class='ocrx_word' id='word_1_534' title='bbox 2962 3219 3041 3279; x_wconf 88' lang='grc' dir='ltr'><strong>είς</strong></span> <span class='ocrx_word' id='word_1_535' title='bbox 3090 3219 3193 3288; x_wconf 80' lang='grc' dir='ltr'>τὴν</span> <span class='ocrx_word' id='word_1_536' title='bbox 3242 3216 3602 3289; x_wconf 76' lang='grc' dir='ltr'>άνθρωπότητα</span> <span class='ocrx_word' id='word_1_537' title='bbox 3644 3209 3710 3264; x_wconf 79' lang='grc' dir='ltr'><strong>αὖ·</strong></span> 
     </span>
    </p>
   </div>
   <div class='ocr_carea' id='block_1_66' title="bbox 532 3305 2103 3379">
    <p class='ocr_par' dir='ltr' id='par_1_66' title="bbox 532 3307 2101 3379">
     <span class='ocr_line' id='line_1_66' title="bbox 532 3307 2101 3379; baseline 0.004 -22"><span class='ocrx_word' id='word_1_538' title='bbox 532 3320 619 3360; x_wconf 79' lang='grc' dir='ltr'>ιιιο</span> <span class='ocrx_word' id='word_1_539' title='bbox 652 3321 666 3359; x_wconf 87' lang='lat'>:</span> <span class='ocrx_word' id='word_1_540' title='bbox 700 3316 754 3361; x_wconf 90' lang='lat' dir='ltr'><strong>et</strong></span> <span class='ocrx_word' id='word_1_541' title='bbox 785 3307 954 3362; x_wconf 86' lang='lat' dir='ltr'><strong>veluti</strong></span> <span class='ocrx_word' id='word_1_542' title='bbox 985 3308 1125 3363; x_wconf 81' lang='lat' dir='ltr'><strong>Dens</strong></span> <span class='ocrx_word' id='word_1_543' title='bbox 1158 3307 1433 3370; x_wconf 87' lang='lat' dir='ltr'><strong>mittebat,</strong></span> <span class='ocrx_word' id='word_1_544' title='bbox 1463 3308 1625 3364; x_wconf 73' lang='lat' dir='ltr'><strong>veluti</strong></span> <span class='ocrx_word' id='word_1_545' title='bbox 1663 3308 1828 3365; x_wconf 90' lang='lat' dir='ltr'><strong>homo</strong></span> <span class='ocrx_word' id='word_1_546' title='bbox 1870 3309 2101 3379; x_wconf 88' lang='lat' dir='ltr'><strong>reeipie-</strong></span> 
     </span>
    </p>
   </div>
   <div class='ocr_carea' id='block_1_67' title="bbox 2139 3305 3710 3379">
    <p class='ocr_par' dir='ltr' id='par_1_67' title="bbox 2203 3305 3710 3379">
     <span class='ocr_line' id='line_1_67' title="bbox 2203 3305 3710 3379; baseline -0.001 -22"><span class='ocrx_word' id='word_1_547' title='bbox 2203 3306 2321 3360; x_wconf 84' lang='grc' dir='ltr'>τοῦ.</span> <span class='ocrx_word' id='word_1_548' title='bbox 2362 3326 2379 3357; x_wconf 73' lang='grc' dir='ltr'><strong>ι</strong></span> <span class='ocrx_word' id='word_1_549' title='bbox 2433 3307 2719 3375; x_wconf 79' lang='grc' dir='ltr'>’Δκούεις;</span> <span class='ocrx_word' id='word_1_550' title='bbox 2761 3309 2945 3377; x_wconf 73' lang='grc' dir='ltr'>αὐτὸς,</span> <span class='ocrx_word' id='word_1_551' title='bbox 2980 3310 3170 3379; x_wconf 72' lang='grc' dir='ltr'>φησὶν,</span> <span class='ocrx_word' id='word_1_552' title='bbox 3217 3311 3349 3365; x_wconf 79' lang='grc' dir='ltr'>αὐτὸ</span> <span class='ocrx_word' id='word_1_553' title='bbox 3375 3309 3563 3363; x_wconf 83' lang='grc' dir='ltr'>ἄνωθεν</span> <span class='ocrx_word' id='word_1_554' title='bbox 3587 3305 3710 3369; x_wconf 70' lang='lat' dir='ltr'><strong>Emp-</strong></span> 
     </span>
    </p>
   </div>
   <div class='ocr_carea' id='block_1_68' title="bbox 525 3393 2096 3470">
    <p class='ocr_par' dir='ltr' id='par_1_68' title="bbox 525 3399 2096 3470">
     <span class='ocr_line' id='line_1_68' title="bbox 525 3399 2096 3470; baseline 0.003 -21"><span class='ocrx_word' id='word_1_555' title='bbox 525 3399 614 3450; x_wconf 89' lang='lat' dir='ltr'><strong>hat</strong></span> <span class='ocrx_word' id='word_1_556' title='bbox 650 3420 662 3453; x_wconf 84' lang='lat'><strong>:</strong></span> <span class='ocrx_word' id='word_1_557' title='bbox 696 3414 818 3452; x_wconf 86' lang='lat' dir='ltr'><strong>nam</strong></span> <span class='ocrx_word' id='word_1_558' title='bbox 858 3408 1003 3455; x_wconf 89' lang='lat' dir='ltr'><strong>totus</strong></span> <span class='ocrx_word' id='word_1_559' title='bbox 1054 3410 1172 3454; x_wconf 81' lang='lat' dir='ltr'><strong>erat</strong></span> <span class='ocrx_word' id='word_1_560' title='bbox 1229 3400 1281 3454; x_wconf 91' lang='lat' dir='ltr'><strong>in</strong></span> <span class='ocrx_word' id='word_1_561' title='bbox 1339 3409 1508 3463; x_wconf 84' lang='lat' dir='ltr'><strong>terra,</strong></span> <span class='ocrx_word' id='word_1_562' title='bbox 1563 3399 1824 3470; x_wconf 90' lang='lat' dir='ltr'><strong>nulloque</strong></span> <span class='ocrx_word' id='word_1_563' title='bbox 1864 3400 2025 3456; x_wconf 91' lang='lat' dir='ltr'><strong>modo</strong></span> <span class='ocrx_word' id='word_1_564' title='bbox 2070 3414 2096 3454; x_wconf 85' lang='lat' dir='ltr'><strong>a</strong></span> 
     </span>
    </p>
   </div>
   <div class='ocr_carea' id='block_1_69' title="bbox 2140 3393 3711 3470">
    <p class='ocr_par' dir='ltr' id='par_1_69' title="bbox 2206 3393 3711 3461">
     <span class='ocr_line' id='line_1_69' title="bbox 2206 3393 3711 3461; baseline -0.001 -16"><span class='ocrx_word' id='word_1_565' title='bbox 2206 3411 2305 3448; x_wconf 79' lang='grc' dir='ltr'><strong>πεν</strong></span> <span class='ocrx_word' id='word_1_566' title='bbox 2339 3394 2413 3456; x_wconf 85' lang='grc' dir='ltr'>ὡς</span> <span class='ocrx_word' id='word_1_567' title='bbox 2467 3395 2625 3458; x_wconf 83' lang='grc' dir='ltr'>Θεὸς,</span> <span class='ocrx_word' id='word_1_568' title='bbox 2662 3400 2757 3450; x_wconf 83' lang='grc' dir='ltr'><strong>καὶ</strong></span> <span class='ocrx_word' id='word_1_569' title='bbox 2811 3397 2973 3461; x_wconf 78' lang='grc' dir='ltr'>αὐτὸς</span> <span class='ocrx_word' id='word_1_570' title='bbox 3018 3399 3153 3451; x_wconf 79' lang='grc' dir='ltr'>αὐτὸ</span> <span class='ocrx_word' id='word_1_571' title='bbox 3197 3398 3439 3453; x_wconf 80' lang='grc' dir='ltr'>κάτωθεν</span> <span class='ocrx_word' id='word_1_572' title='bbox 3485 3393 3711 3460; x_wconf 76' lang='grc' dir='ltr'>ὑπεδέχετο</span> 
     </span>
    </p>
   </div>
   <div class='ocr_carea' id='block_1_70' title="bbox 521 3478 2092 3562">
    <p class='ocr_par' dir='ltr' id='par_1_70' title="bbox 521 3492 2092 3562">
     <span class='ocr_line' id='line_1_70' title="bbox 521 3492 2092 3562; baseline 0.002 -18"><span class='ocrx_word' id='word_1_573' title='bbox 521 3492 658 3545; x_wconf 71' lang='lat' dir='ltr'><strong>«mlo</strong></span> <span class='ocrx_word' id='word_1_574' title='bbox 686 3492 911 3545; x_wconf 87' lang='lat' dir='ltr'><strong>aberat:</strong></span> <span class='ocrx_word' id='word_1_575' title='bbox 936 3492 1137 3561; x_wconf 88' lang='lat' dir='ltr'><strong>quippe</strong></span> <span class='ocrx_word' id='word_1_576' title='bbox 1168 3508 1292 3545; x_wconf 88' lang='lat' dir='ltr'><strong>cum</strong></span> <span class='ocrx_word' id='word_1_577' title='bbox 1328 3493 1381 3547; x_wconf 87' lang='lat' dir='ltr'><strong>in</strong></span> <span class='ocrx_word' id='word_1_578' title='bbox 1416 3507 1482 3547; x_wconf 90' lang='lat' dir='ltr'><strong>eo</strong></span> <span class='ocrx_word' id='word_1_579' title='bbox 1521 3493 1701 3547; x_wconf 89' lang='lat' dir='ltr'><strong>omnis</strong></span> <span class='ocrx_word' id='word_1_580' title='bbox 1734 3493 1954 3547; x_wconf 86' lang='lat' dir='ltr'><strong>deitatis</strong></span> <span class='ocrx_word' id='word_1_581' title='bbox 1985 3492 2092 3562; x_wconf 85' lang='lat' dir='ltr'><strong>ple-</strong></span> 
     </span>
    </p>
   </div>
   <div class='ocr_carea' id='block_1_71' title="bbox 2141 3478 3712 3562">
    <p class='ocr_par' dir='ltr' id='par_1_71' title="bbox 2196 3478 3712 3560">
     <span class='ocr_line' id='line_1_71' title="bbox 2196 3478 3712 3560; baseline -0.001 -24"><span class='ocrx_word' id='word_1_582' title='bbox 2196 3485 2277 3548; x_wconf 74' lang='grc' dir='ltr'>ὡς</span> <span class='ocrx_word' id='word_1_583' title='bbox 2309 3485 2617 3558; x_wconf 78' lang='grc' dir='ltr'>ἄνθρωπος.</span> <span class='ocrx_word' id='word_1_584' title='bbox 2672 3490 2780 3543; x_wconf 72' lang='grc' dir='ltr'>Καὶ</span> <span class='ocrx_word' id='word_1_585' title='bbox 2827 3485 2913 3543; x_wconf 80' lang='grc' dir='ltr'>οἷα</span> <span class='ocrx_word' id='word_1_586' title='bbox 2960 3490 3058 3559; x_wconf 78' lang='grc' dir='ltr'><strong>μὲν</strong></span> <span class='ocrx_word' id='word_1_587' title='bbox 3112 3491 3248 3554; x_wconf 77' lang='grc' dir='ltr'>Θεὸς</span> <span class='ocrx_word' id='word_1_588' title='bbox 3296 3491 3548 3560; x_wconf 76' lang='grc' dir='ltr'>ἔπεμπεν,</span> <span class='ocrx_word' id='word_1_589' title='bbox 3575 3479 3642 3537; x_wconf 78' lang='grc' dir='ltr'>οἷα</span> <span class='ocrx_word' id='word_1_590' title='bbox 3672 3478 3712 3528; x_wconf 63' lang='grc' dir='ltr'><strong>δὲ</strong></span> 
     </span>
    </p>
   </div>
   <div class='ocr_carea' id='block_1_72' title="bbox 525 3574 2096 3652">
    <p class='ocr_par' dir='ltr' id='par_1_72' title="bbox 525 3579 2096 3650">
     <span class='ocr_line' id='line_1_72' title="bbox 525 3579 2096 3650; baseline 0.003 -19"><span class='ocrx_word' id='word_1_591' title='bbox 525 3579 715 3632; x_wconf 89' lang='lat' dir='ltr'><strong>nitudo</strong></span> <span class='ocrx_word' id='word_1_592' title='bbox 742 3579 1103 3648; x_wconf 85' lang='lat' dir='ltr'><strong>corporaliter</strong></span> <span class='ocrx_word' id='word_1_593' title='bbox 1132 3580 1418 3635; x_wconf 81' lang='lat' dir='ltr'><strong>resideret.</strong></span> <span class='ocrx_word' id='word_1_594' title='bbox 1445 3582 1578 3637; x_wconf 80' lang='lat' dir='ltr'><strong>Cum</strong></span> <span class='ocrx_word' id='word_1_595' title='bbox 1607 3595 1738 3650; x_wconf 80' lang='lat' dir='ltr'><strong>ergo</strong></span> <span class='ocrx_word' id='word_1_596' title='bbox 1760 3596 1928 3637; x_wconf 87' lang='lat' dir='ltr'><strong>carne</strong></span> <span class='ocrx_word' id='word_1_597' title='bbox 1958 3589 2096 3636; x_wconf 90' lang='lat' dir='ltr'><strong>esset</strong></span> 
     </span>
    </p>
   </div>
   <div class='ocr_carea' id='block_1_73' title="bbox 2138 3574 3709 3652">
    <p class='ocr_par' dir='ltr' id='par_1_73' title="bbox 2204 3574 3709 3652">
     <span class='ocr_line' id='line_1_73' title="bbox 2204 3574 3709 3652; baseline -0.005 -22"><span class='ocrx_word' id='word_1_598' title='bbox 2204 3575 2495 3647; x_wconf 78' lang='grc' dir='ltr'>ἄνθρωπος</span> <span class='ocrx_word' id='word_1_599' title='bbox 2549 3580 2841 3650; x_wconf 81' lang='grc' dir='ltr'>ὑπεδέχετο</span> <span class='ocrx_word' id='word_1_600' title='bbox 2868 3597 2882 3612; x_wconf 87' lang='grc'><strong>·</strong></span> <span class='ocrx_word' id='word_1_601' title='bbox 2916 3582 3032 3643; x_wconf 76' lang='grc' dir='ltr'>ὅλος</span> <span class='ocrx_word' id='word_1_602' title='bbox 3070 3583 3184 3652; x_wconf 79' lang='grc' dir='ltr'>γὰρ</span> <span class='ocrx_word' id='word_1_603' title='bbox 3226 3578 3295 3652; x_wconf 76' lang='grc' dir='ltr'>ἧν</span> <span class='ocrx_word' id='word_1_604' title='bbox 3334 3585 3389 3635; x_wconf 82' lang='grc' dir='ltr'>ὲν</span> <span class='ocrx_word' id='word_1_605' title='bbox 3423 3582 3521 3641; x_wconf 83' lang='grc' dir='ltr'>τοῖς</span> <span class='ocrx_word' id='word_1_606' title='bbox 3570 3574 3709 3627; x_wconf 79' lang='grc' dir='ltr'>κάτω·</span> 
     </span>
    </p>
   </div>
   <div class='ocr_carea' id='block_1_74' title="bbox 524 3661 2095 3742">
    <p class='ocr_par' dir='ltr' id='par_1_74' title="bbox 524 3670 2095 3741">
     <span class='ocr_line' id='line_1_74' title="bbox 524 3670 2095 3741; baseline 0.004 -20"><span class='ocrx_word' id='word_1_607' title='bbox 524 3670 991 3741; x_wconf 65' lang='lat' dir='ltr'><strong>circumscriptus,</strong></span> <span class='ocrx_word' id='word_1_608' title='bbox 1027 3672 1081 3725; x_wconf 91' lang='lat' dir='ltr'><strong>in</strong></span> <span class='ocrx_word' id='word_1_609' title='bbox 1106 3670 1344 3726; x_wconf 79' lang='lat' dir='ltr'><strong>Jordanc</strong></span> <span class='ocrx_word' id='word_1_610' title='bbox 1370 3672 1830 3741; x_wconf 84' lang='lat' dir='ltr'><strong>conspiciebatur;</strong></span> <span class='ocrx_word' id='word_1_611' title='bbox 1861 3673 1955 3729; x_wconf 90' lang='lat' dir='ltr'><strong>sed</strong></span> <span class='ocrx_word' id='word_1_612' title='bbox 1983 3673 2095 3728; x_wconf 91' lang='lat' dir='ltr'><strong>dei-</strong></span> 
     </span>
    </p>
   </div>
   <div class='ocr_carea' id='block_1_75' title="bbox 2142 3661 3713 3742">
    <p class='ocr_par' dir='ltr' id='par_1_75' title="bbox 2205 3661 3713 3742">
     <span class='ocr_line' id='line_1_75' title="bbox 2205 3661 3713 3742; baseline 0.005 -21"><span class='ocrx_word' id='word_1_613' title='bbox 2205 3669 2297 3722; x_wconf 79' lang='grc' dir='ltr'><strong>καὶ</strong></span> <span class='ocrx_word' id='word_1_614' title='bbox 2325 3673 2439 3733; x_wconf 73' lang='grc' dir='ltr'>τοῖς</span> <span class='ocrx_word' id='word_1_615' title='bbox 2469 3671 2581 3724; x_wconf 82' lang='grc' dir='ltr'><strong>άνω</strong></span> <span class='ocrx_word' id='word_1_616' title='bbox 2608 3672 2714 3725; x_wconf 65' lang='lat'><strong>0&#39;10‘</strong></span> <span class='ocrx_word' id='word_1_617' title='bbox 2745 3671 2880 3735; x_wconf 84' lang='grc' dir='ltr'><strong>ὅλως</strong></span> <span class='ocrx_word' id='word_1_618' title='bbox 2915 3674 3081 3742; x_wconf 79' lang='grc' dir='ltr'>ἀπῆν.</span> <span class='ocrx_word' id='word_1_619' title='bbox 3149 3675 3241 3726; x_wconf 83' lang='grc' dir='ltr'>Ἐν</span> <span class='ocrx_word' id='word_1_620' title='bbox 3284 3672 3431 3742; x_wconf 82' lang='grc' dir='ltr'>αὐτῷ</span> <span class='ocrx_word' id='word_1_621' title='bbox 3461 3669 3556 3740; x_wconf 84' lang='grc' dir='ltr'>γὰρ</span> <span class='ocrx_word' id='word_1_622' title='bbox 3585 3661 3713 3729; x_wconf 71' lang='grc' dir='ltr'><strong>κατῲ·</strong></span> 
     </span>
    </p>
   </div>
   <div class='ocr_carea' id='block_1_76' title="bbox 529 3754 2100 3835">
    <p class='ocr_par' dir='ltr' id='par_1_76' title="bbox 529 3762 2100 3833">
     <span class='ocr_line' id='line_1_76' title="bbox 529 3762 2100 3833; baseline 0.002 -19"><span class='ocrx_word' id='word_1_623' title='bbox 529 3772 641 3817; x_wconf 86' lang='lat' dir='ltr'><strong>tate</strong></span> <span class='ocrx_word' id='word_1_624' title='bbox 681 3778 803 3816; x_wconf 89' lang='lat' dir='ltr'><strong>cum</strong></span> <span class='ocrx_word' id='word_1_625' title='bbox 839 3772 987 3818; x_wconf 87' lang='lat' dir='ltr'><strong>esset</strong></span> <span class='ocrx_word' id='word_1_626' title='bbox 1025 3762 1554 3831; x_wconf 81' lang='lat' dir='ltr'><strong>incircumscriptus,</strong></span> <span class='ocrx_word' id='word_1_627' title='bbox 1587 3773 1873 3833; x_wconf 86' lang='lat' dir='ltr'><strong>paternum</strong></span> <span class='ocrx_word' id='word_1_628' title='bbox 1921 3763 2100 3819; x_wconf 88' lang='lat' dir='ltr'><strong>sinum</strong></span> 
     </span>
    </p>
   </div>
   <div class='ocr_carea' id='block_1_77' title="bbox 2138 3754 3709 3835">
    <p class='ocr_par' dir='ltr' id='par_1_77' title="bbox 2206 3754 3709 3835">
     <span class='ocr_line' id='line_1_77' title="bbox 2206 3754 3709 3835; baseline -0.002 -21"><span class='ocrx_word' id='word_1_629' title='bbox 2206 3777 2293 3815; x_wconf 79' lang='grc' dir='ltr'>κει</span> <span class='ocrx_word' id='word_1_630' title='bbox 2322 3762 2429 3816; x_wconf 79' lang='grc' dir='ltr'>πᾶν</span> <span class='ocrx_word' id='word_1_631' title='bbox 2460 3762 2520 3815; x_wconf 85' lang='grc' dir='ltr'><strong>τὸ</strong></span> <span class='ocrx_word' id='word_1_632' title='bbox 2547 3762 2822 3835; x_wconf 79' lang='grc' dir='ltr'>πλήρωμα</span> <span class='ocrx_word' id='word_1_633' title='bbox 2862 3764 2961 3833; x_wconf 83' lang='grc' dir='ltr'>τῆς</span> <span class='ocrx_word' id='word_1_634' title='bbox 2998 3763 3255 3835; x_wconf 80' lang='grc' dir='ltr'>θεότητος</span> <span class='ocrx_word' id='word_1_635' title='bbox 3297 3759 3614 3833; x_wconf 74' lang='grc' dir='ltr'>σωματικῶς.</span> <span class='ocrx_word' id='word_1_636' title='bbox 3640 3754 3709 3806; x_wconf 71' lang='lat'><strong>[15-</strong></span> 
     </span>
    </p>
   </div>
   <div class='ocr_carea' id='block_1_78' title="bbox 530 3846 2101 3925">
    <p class='ocr_par' dir='ltr' id='par_1_78' title="bbox 530 3853 2101 3924">
     <span class='ocr_line' id='line_1_78' title="bbox 530 3853 2101 3924; baseline 0.002 -17"><span class='ocrx_word' id='word_1_637' title='bbox 530 3870 637 3909; x_wconf 86' lang='lat' dir='ltr'><strong>non</strong></span> <span class='ocrx_word' id='word_1_638' title='bbox 690 3854 1052 3924; x_wconf 86' lang='lat' dir='ltr'><strong>relinquebat,</strong></span> <span class='ocrx_word' id='word_1_639' title='bbox 1084 3853 1229 3909; x_wconf 89' lang='lat' dir='ltr'><strong>unde</strong></span> <span class='ocrx_word' id='word_1_640' title='bbox 1257 3869 1324 3908; x_wconf 79' lang='lat' dir='ltr'><strong>ex</strong></span> <span class='ocrx_word' id='word_1_641' title='bbox 1368 3868 1440 3908; x_wconf 92' lang='lat' dir='ltr'><strong>eo</strong></span> <span class='ocrx_word' id='word_1_642' title='bbox 1470 3853 1521 3907; x_wconf 90' lang='lat' dir='ltr'><strong>iu</strong></span> <span class='ocrx_word' id='word_1_643' title='bbox 1553 3868 1676 3908; x_wconf 83' lang='lat' dir='ltr'><strong>eum</strong></span> <span class='ocrx_word' id='word_1_644' title='bbox 1711 3853 2101 3911; x_wconf 83' lang='lat' dir='ltr'><strong>descendebat.</strong></span> 
     </span>
    </p>
   </div>
   <div class='ocr_carea' id='block_1_79' title="bbox 2143 3846 3714 3925">
    <p class='ocr_par' dir='ltr' id='par_1_79' title="bbox 2207 3846 3714 3925">
     <span class='ocr_line' id='line_1_79' title="bbox 2207 3846 3714 3925; baseline 0.003 -20"><span class='ocrx_word' id='word_1_645' title='bbox 2207 3852 2509 3922; x_wconf 83' lang='grc' dir='ltr'>ριγραπτὸς</span> <span class='ocrx_word' id='word_1_646' title='bbox 2545 3848 2638 3907; x_wconf 85' lang='grc' dir='ltr'><strong>οῦν</strong></span> <span class='ocrx_word' id='word_1_647' title='bbox 2692 3855 2755 3923; x_wconf 81' lang='grc' dir='ltr'>τῇ</span> <span class='ocrx_word' id='word_1_648' title='bbox 2792 3857 2957 3923; x_wconf 79' lang='grc' dir='ltr'>σαρκὶ</span> <span class='ocrx_word' id='word_1_649' title='bbox 3001 3853 3291 3925; x_wconf 81' lang='grc' dir='ltr'>ὑπάρχων,</span> <span class='ocrx_word' id='word_1_650' title='bbox 3333 3857 3388 3906; x_wconf 79' lang='grc' dir='ltr'>ἐν</span> <span class='ocrx_word' id='word_1_651' title='bbox 3414 3853 3488 3922; x_wconf 79' lang='grc' dir='ltr'>τῷ</span> <span class='ocrx_word' id='word_1_652' title='bbox 3534 3846 3714 3916; x_wconf 70' lang='grc' dir='ltr'><strong>Ἰορδάτίὶ</strong></span> 
     </span>
    </p>
   </div>
   <div class='ocr_carea' id='block_1_80' title="bbox 530 3937 2101 4015">
    <p class='ocr_par' dir='ltr' id='par_1_80' title="bbox 530 3945 2101 4015">
     <span class='ocr_line' id='line_1_80' title="bbox 530 3945 2101 4015; baseline 0.004 -18"><span class='ocrx_word' id='word_1_653' title='bbox 530 3948 657 4001; x_wconf 81' lang='lat' dir='ltr'><strong>Ideo</strong></span> <span class='ocrx_word' id='word_1_654' title='bbox 694 3946 831 4000; x_wconf 82' lang='lat' dir='ltr'><strong>nihil</strong></span> <span class='ocrx_word' id='word_1_655' title='bbox 862 3945 1085 4015; x_wconf 88' lang='lat' dir='ltr'><strong>prodest</strong></span> <span class='ocrx_word' id='word_1_656' title='bbox 1118 3946 1261 4015; x_wconf 78' lang='lat' dir='ltr'><strong>quod</strong></span> <span class='ocrx_word' id='word_1_657' title='bbox 1294 3960 1324 3999; x_wconf 90' lang='lat' dir='ltr'><strong>a</strong></span> <span class='ocrx_word' id='word_1_658' title='bbox 1373 3945 1528 3999; x_wconf 85' lang='lat' dir='ltr'><strong>vobis</strong></span> <span class='ocrx_word' id='word_1_659' title='bbox 1558 3945 1780 3999; x_wconf 85' lang='lat' dir='ltr'><strong>allatum</strong></span> <span class='ocrx_word' id='word_1_660' title='bbox 1828 3956 1944 4012; x_wconf 89' lang='lat' dir='ltr'><strong>est;</strong></span> <span class='ocrx_word' id='word_1_661' title='bbox 1996 3946 2101 4003; x_wconf 89' lang='lat' dir='ltr'><strong>imo</strong></span> 
     </span>
    </p>
   </div>
   <div class='ocr_carea' id='block_1_81' title="bbox 2143 3937 3714 4015">
    <p class='ocr_par' dir='ltr' id='par_1_81' title="bbox 2206 3937 3714 4015">
     <span class='ocr_line' id='line_1_81' title="bbox 2206 3937 3714 4015; baseline -0.005 -19"><span class='ocrx_word' id='word_1_662' title='bbox 2206 3943 2478 4011; x_wconf 68' lang='grc' dir='ltr'>ἐφαίνετο,</span> <span class='ocrx_word' id='word_1_663' title='bbox 2524 3945 2936 4015; x_wconf 84' lang='grc' dir='ltr'>ἀπερίγραπτος</span> <span class='ocrx_word' id='word_1_664' title='bbox 2967 3946 3024 3999; x_wconf 83' lang='grc' dir='ltr'><strong>δὲ</strong></span> <span class='ocrx_word' id='word_1_665' title='bbox 3059 3948 3123 4012; x_wconf 78' lang='grc' dir='ltr'>τῇ</span> <span class='ocrx_word' id='word_1_666' title='bbox 3172 3948 3389 4015; x_wconf 86' lang='grc' dir='ltr'>θεότητι</span> <span class='ocrx_word' id='word_1_667' title='bbox 3416 3942 3503 4008; x_wconf 81' lang='grc' dir='ltr'>ὢν,</span> <span class='ocrx_word' id='word_1_668' title='bbox 3541 3937 3619 3991; x_wconf 82' lang='grc' dir='ltr'><strong>τοῦ</strong></span> <span class='ocrx_word' id='word_1_669' title='bbox 3642 3950 3714 3985; x_wconf 70' lang='grc' dir='ltr'><strong>πι-</strong></span> 
     </span>
    </p>
   </div>
   <div class='ocr_carea' id='block_1_82' title="bbox 421 4026 1992 4108">
    <p class='ocr_par' dir='ltr' id='par_1_82' title="bbox 421 4035 1992 4108">
     <span class='ocr_line' id='line_1_82' title="bbox 421 4035 1992 4108; baseline -0.003 -15"><span class='ocrx_word' id='word_1_670' title='bbox 421 4086 428 4093; x_wconf 91' lang='grc'><strong>.</strong></span> <span class='ocrx_word' id='word_1_671' title='bbox 527 4053 626 4105; x_wconf 91' lang='lat' dir='ltr'><strong>pro</strong></span> <span class='ocrx_word' id='word_1_672' title='bbox 650 4038 802 4091; x_wconf 88' lang='lat' dir='ltr'><strong>nobis</strong></span> <span class='ocrx_word' id='word_1_673' title='bbox 836 4037 1049 4091; x_wconf 86' lang='lat' dir='ltr'><strong>videtur</strong></span> <span class='ocrx_word' id='word_1_674' title='bbox 1080 4036 1288 4100; x_wconf 77' lang='lat' dir='ltr'><strong>facere,</strong></span> <span class='ocrx_word' id='word_1_675' title='bbox 1321 4035 1584 4106; x_wconf 83' lang='lat' dir='ltr'><strong>vobisque</strong></span> <span class='ocrx_word' id='word_1_676' title='bbox 1616 4052 1873 4108; x_wconf 78' lang='lat' dir='ltr'><strong>magnum</strong></span> <span class='ocrx_word' id='word_1_677' title='bbox 1904 4039 1992 4107; x_wconf 82' lang='lat' dir='ltr'><strong>iuq</strong></span> 
     </span>
    </p>
   </div>
   <div class='ocr_carea' id='block_1_83' title="bbox 2144 4026 3715 4108">
    <p class='ocr_par' dir='ltr' id='par_1_83' title="bbox 2205 4026 3715 4106">
     <span class='ocr_line' id='line_1_83' title="bbox 2205 4026 3715 4106; baseline 0.005 -18"><span class='ocrx_word' id='word_1_678' title='bbox 2205 4036 2395 4106; x_wconf 86' lang='grc' dir='ltr'>τρικοῦ</span> <span class='ocrx_word' id='word_1_679' title='bbox 2432 4037 2527 4091; x_wconf 65' lang='grc' dir='ltr'><strong>,οὐκ</strong></span> <span class='ocrx_word' id='word_1_680' title='bbox 2553 4036 2731 4090; x_wconf 80' lang='grc' dir='ltr'>ἔλειπε</span> <span class='ocrx_word' id='word_1_681' title='bbox 2755 4037 2957 4091; x_wconf 84' lang='grc' dir='ltr'>κόλπου</span> <span class='ocrx_word' id='word_1_682' title='bbox 2984 4053 2998 4068; x_wconf 76' lang='grc'><strong>⁸</strong></span> <span class='ocrx_word' id='word_1_683' title='bbox 3024 4036 3148 4092; x_wconf 89' lang='grc' dir='ltr'>ὅθεν</span> <span class='ocrx_word' id='word_1_684' title='bbox 3183 4038 3245 4104; x_wconf 79' lang='grc' dir='ltr'>ἐξ</span> <span class='ocrx_word' id='word_1_685' title='bbox 3282 4036 3445 4093; x_wconf 83' lang='grc' dir='ltr'>αὐτοῦ</span> <span class='ocrx_word' id='word_1_686' title='bbox 3501 4035 3570 4095; x_wconf 77' lang='grc' dir='ltr'>είς</span> <span class='ocrx_word' id='word_1_687' title='bbox 3598 4026 3715 4081; x_wconf 53' lang='lat' dir='ltr'><strong>am“</strong></span> 
     </span>
    </p>
   </div>
   <div class='ocr_carea' id='block_1_84' title="bbox 529 4110 2100 4199">
    <p class='ocr_par' dir='ltr' id='par_1_84' title="bbox 529 4128 1044 4191">
     <span class='ocr_line' id='line_1_84' title="bbox 529 4128 1044 4191; baseline 0.002 -12"><span class='ocrx_word' id='word_1_688' title='bbox 529 4135 603 4184; x_wconf 83' lang='lat' dir='ltr'><strong>tat</strong></span> <span class='ocrx_word' id='word_1_689' title='bbox 633 4128 1044 4191; x_wconf 76' lang='lat' dir='ltr'><strong>detrimentum.</strong></span> 
     </span>
    </p>
   </div>
   <div class='ocr_carea' id='block_1_85' title="bbox 2145 4110 3716 4199">
    <p class='ocr_par' dir='ltr' id='par_1_85' title="bbox 2207 4110 3716 4199">
     <span class='ocr_line' id='line_1_85' title="bbox 2207 4110 3716 4199; baseline 0.001 -21"><span class='ocrx_word' id='word_1_690' title='bbox 2207 4127 2403 4197; x_wconf 77' lang='grc' dir='ltr'>κατῄει</span> <span class='ocrx_word' id='word_1_691' title='bbox 2458 4144 2473 4159; x_wconf 75' lang='grc' dir='ltr'><strong><em>ο</em></strong></span> <span class='ocrx_word' id='word_1_692' title='bbox 2503 4110 2597 4181; x_wconf 76' lang='grc' dir='ltr'><strong>καὶ</strong></span> <span class='ocrx_word' id='word_1_693' title='bbox 2626 4127 2798 4199; x_wconf 78' lang='grc' dir='ltr'>οὕτως</span> <span class='ocrx_word' id='word_1_694' title='bbox 2829 4129 2983 4182; x_wconf 84' lang='grc' dir='ltr'>οὐδὲν</span> <span class='ocrx_word' id='word_1_695' title='bbox 3021 4128 3153 4198; x_wconf 84' lang='grc' dir='ltr'>ὑμῖν</span> <span class='ocrx_word' id='word_1_696' title='bbox 3182 4130 3427 4183; x_wconf 77' lang='grc' dir='ltr'>συντελεῖ</span> <span class='ocrx_word' id='word_1_697' title='bbox 3466 4127 3520 4179; x_wconf 82' lang='grc' dir='ltr'>τὺ</span> <span class='ocrx_word' id='word_1_698' title='bbox 3547 4117 3716 4190; x_wconf 72' lang='grc' dir='ltr'>εἰρημέ’</span> 
     </span>
    </p>
   </div>
   <div class='ocr_carea' id='block_1_86' title="bbox 1308 4208 3719 4291">
    <p class='ocr_par' dir='ltr' id='par_1_86' title="bbox 1308 4208 3719 4291">
     <span class='ocr_line' id='line_1_86' title="bbox 1308 4208 3719 4291; baseline -0.004 -19"><span class='ocrx_word' id='word_1_699' title='bbox 1308 4208 1318 4224; x_wconf 72' lang='grc'><em>“</em></span> <span class='ocrx_word' id='word_1_700' title='bbox 2207 4235 2296 4271; x_wconf 90' lang='grc' dir='ltr'><strong>νον</strong></span> <span class='ocrx_word' id='word_1_701' title='bbox 2329 4219 2459 4289; x_wconf 77' lang='grc' dir='ltr'>παρ’</span> <span class='ocrx_word' id='word_1_702' title='bbox 2494 4219 2669 4287; x_wconf 82' lang='grc' dir='ltr'>ὑμῶν,</span> <span class='ocrx_word' id='word_1_703' title='bbox 2697 4219 2833 4273; x_wconf 82' lang='grc' dir='ltr'>ἀλλὰ</span> <span class='ocrx_word' id='word_1_704' title='bbox 2874 4219 3076 4288; x_wconf 81' lang='grc' dir='ltr'>μᾶλλον</span> <span class='ocrx_word' id='word_1_705' title='bbox 3115 4220 3260 4291; x_wconf 74' lang='grc' dir='ltr'>ὑπὲρ</span> <span class='ocrx_word' id='word_1_706' title='bbox 3306 4221 3461 4291; x_wconf 81' lang='grc' dir='ltr'>ἡμῶν</span> <span class='ocrx_word' id='word_1_707' title='bbox 3506 4215 3719 4270; x_wconf 72' lang='grc' dir='ltr'>δείκνυται</span> 
     </span>
    </p>
   </div>
   <div class='ocr_carea' id='block_1_87' title="bbox 2208 4310 3467 4383">
    <p class='ocr_par' dir='ltr' id='par_1_87' title="bbox 2208 4310 3467 4383">
     <span class='ocr_line' id='line_1_87' title="bbox 2208 4310 3467 4383; baseline -0.002 -20"><span class='ocrx_word' id='word_1_708' title='bbox 2208 4311 2288 4378; x_wconf 79' lang='grc' dir='ltr'>δν,</span> <span class='ocrx_word' id='word_1_709' title='bbox 2319 4312 2415 4365; x_wconf 77' lang='grc' dir='ltr'><strong>καὶ</strong></span> <span class='ocrx_word' id='word_1_710' title='bbox 2449 4310 2653 4381; x_wconf 81' lang='grc' dir='ltr'>πολλὴν</span> <span class='ocrx_word' id='word_1_711' title='bbox 2689 4312 2918 4382; x_wconf 73' lang='grc' dir='ltr'>παρέχει</span> <span class='ocrx_word' id='word_1_712' title='bbox 2953 4313 3083 4381; x_wconf 82' lang='grc' dir='ltr'>ὑμῖν</span> <span class='ocrx_word' id='word_1_713' title='bbox 3116 4312 3217 4383; x_wconf 79' lang='grc' dir='ltr'>τὴν</span> <span class='ocrx_word' id='word_1_714' title='bbox 3244 4311 3467 4381; x_wconf 78' lang='grc' dir='ltr'>ζημίαν.</span> 
     </span>
    </p>
   </div>
   <div class='ocr_carea' id='block_1_88' title="bbox 1276 4392 3022 4458">
    <p class='ocr_par' dir='ltr' id='par_1_88' title="bbox 1276 4392 3022 4458">
     <span class='ocr_line' id='line_1_88' title="bbox 1276 4392 3022 4458; baseline 0.002 -5"><span class='ocrx_word' id='word_1_715' title='bbox 1276 4399 1359 4453; x_wconf 86' lang='lat' dir='ltr'><strong>IV.</strong></span> <span class='ocrx_word' id='word_1_716' title='bbox 2134 4392 2182 4451; x_wconf 91' lang='lat' dir='ltr'><strong>D</strong></span> <span class='ocrx_word' id='word_1_717' title='bbox 2949 4404 3022 4458; x_wconf 84' lang='lat' dir='ltr'><strong>A’.</strong></span> 
     </span>
    </p>
   </div>
   <div class='ocr_carea' id='block_1_89' title="bbox 594 4484 2165 4567">
    <p class='ocr_par' dir='ltr' id='par_1_89' title="bbox 594 4491 2099 4564">
     <span class='ocr_line' id='line_1_89' title="bbox 594 4491 2099 4564; baseline 0.002 -18"><span class='ocrx_word' id='word_1_718' title='bbox 594 4491 751 4546; x_wconf 87' lang='lat' dir='ltr'><strong>Unde</strong></span> <span class='ocrx_word' id='word_1_719' title='bbox 774 4492 938 4560; x_wconf 79' lang='lat' dir='ltr'><strong>igitur</strong></span> <span class='ocrx_word' id='word_1_720' title='bbox 966 4498 1192 4552; x_wconf 85' lang='lat' dir='ltr'><strong>omnino</strong></span> <span class='ocrx_word' id='word_1_721' title='bbox 1220 4498 1376 4552; x_wconf 92' lang='lat' dir='ltr'><strong>nobis</strong></span> <span class='ocrx_word' id='word_1_722' title='bbox 1398 4496 1687 4550; x_wconf 90' lang='lat' dir='ltr'><strong>ostendere</strong></span> <span class='ocrx_word' id='word_1_723' title='bbox 1720 4495 1961 4564; x_wconf 85' lang='lat' dir='ltr'><strong>possitis,</strong></span> <span class='ocrx_word' id='word_1_724' title='bbox 1989 4511 2099 4550; x_wconf 89' lang='lat' dir='ltr'><strong>non</strong></span> 
     </span>
    </p>
   </div>
   <div class='ocr_carea' id='block_1_90' title="bbox 2147 4484 3718 4567">
    <p class='ocr_par' dir='ltr' id='par_1_90' title="bbox 2282 4484 3718 4567">
     <span class='ocr_line' id='line_1_90' title="bbox 2282 4484 3718 4567; baseline -0.009 -19"><span class='ocrx_word' id='word_1_725' title='bbox 2282 4495 2452 4548; x_wconf 85' lang='grc' dir='ltr'>Πόθεν</span> <span class='ocrx_word' id='word_1_726' title='bbox 2481 4491 2574 4550; x_wconf 88' lang='grc' dir='ltr'><strong>οῦν</strong></span> <span class='ocrx_word' id='word_1_727' title='bbox 2620 4497 2754 4567; x_wconf 73' lang='grc' dir='ltr'>ἡμῖν</span> <span class='ocrx_word' id='word_1_728' title='bbox 2783 4494 2952 4559; x_wconf 77' lang='grc' dir='ltr'>δεῖξαι</span> <span class='ocrx_word' id='word_1_729' title='bbox 2993 4494 3131 4558; x_wconf 86' lang='grc' dir='ltr'>ὅλως</span> <span class='ocrx_word' id='word_1_730' title='bbox 3156 4495 3443 4563; x_wconf 72' lang='grc' dir='ltr'>εὑρήσετε,</span> <span class='ocrx_word' id='word_1_731' title='bbox 3481 4491 3553 4543; x_wconf 85' lang='grc' dir='ltr'><strong>ὅτι</strong></span> <span class='ocrx_word' id='word_1_732' title='bbox 3577 4485 3654 4539; x_wconf 80' lang='grc' dir='ltr'>οὐκ</span> <span class='ocrx_word' id='word_1_733' title='bbox 3676 4484 3718 4534; x_wconf 74' lang='grc' dir='ltr'><strong>ἐκ</strong></span> 
     </span>
    </p>
   </div>
   <div class='ocr_carea' id='block_1_91' title="bbox 525 4571 2096 4660">
    <p class='ocr_par' dir='ltr' id='par_1_91' title="bbox 525 4584 2096 4660">
     <span class='ocr_line' id='line_1_91' title="bbox 525 4584 2096 4660; baseline 0.005 -24"><span class='ocrx_word' id='word_1_734' title='bbox 525 4598 645 4638; x_wconf 80' lang='lat' dir='ltr'><strong>esse</strong></span> <span class='ocrx_word' id='word_1_735' title='bbox 678 4600 744 4639; x_wconf 71' lang='lat' dir='ltr'><strong>ex</strong></span> <span class='ocrx_word' id='word_1_736' title='bbox 785 4584 924 4641; x_wconf 87' lang='lat' dir='ltr'><strong>Filio</strong></span> <span class='ocrx_word' id='word_1_737' title='bbox 952 4587 1240 4657; x_wconf 81' lang='lat' dir='ltr'><strong>Spiritum,</strong></span> <span class='ocrx_word' id='word_1_738' title='bbox 1280 4605 1380 4660; x_wconf 77' lang='lat' dir='ltr'><strong>ego</strong></span> <span class='ocrx_word' id='word_1_739' title='bbox 1410 4603 1751 4657; x_wconf 84' lang='lat' dir='ltr'><strong>nequaquam</strong></span> <span class='ocrx_word' id='word_1_740' title='bbox 1782 4590 1962 4644; x_wconf 87' lang='lat' dir='ltr'><strong>video.</strong></span> <span class='ocrx_word' id='word_1_741' title='bbox 1991 4590 2096 4644; x_wconf 84' lang='lat' dir='ltr'><strong>Ma-</strong></span> 
     </span>
    </p>
   </div>
   <div class='ocr_carea' id='block_1_92' title="bbox 2146 4571 3717 4660">
    <p class='ocr_par' dir='ltr' id='par_1_92' title="bbox 2208 4571 3717 4657">
     <span class='ocr_line' id='line_1_92' title="bbox 2208 4571 3717 4657; baseline -0.009 -16"><span class='ocrx_word' id='word_1_742' title='bbox 2208 4588 2302 4641; x_wconf 86' lang='grc' dir='ltr'><strong>τοῦ</strong></span> <span class='ocrx_word' id='word_1_743' title='bbox 2359 4587 2486 4641; x_wconf 83' lang='grc' dir='ltr'>Υίοῦ</span> <span class='ocrx_word' id='word_1_744' title='bbox 2539 4588 2601 4641; x_wconf 76' lang='grc' dir='ltr'><strong>τὸ</strong></span> <span class='ocrx_word' id='word_1_745' title='bbox 2642 4587 2904 4657; x_wconf 79' lang='grc' dir='ltr'>Πνεῦμα,</span> <span class='ocrx_word' id='word_1_746' title='bbox 2942 4587 3053 4654; x_wconf 69' lang='grc' dir='ltr'><strong>ἐγὼ</strong></span> <span class='ocrx_word' id='word_1_747' title='bbox 3108 4586 3221 4639; x_wconf 65' lang='grc' dir='ltr'><strong>οὐδ’</strong></span> <span class='ocrx_word' id='word_1_748' title='bbox 3259 4585 3395 4649; x_wconf 88' lang='grc' dir='ltr'>ὅλως</span> <span class='ocrx_word' id='word_1_749' title='bbox 3442 4599 3504 4651; x_wconf 86' lang='grc' dir='ltr'><strong>γε</strong></span> <span class='ocrx_word' id='word_1_750' title='bbox 3542 4571 3717 4643; x_wconf 81' lang='grc' dir='ltr'>συνορῶ.</span> 
     </span>
    </p>
   </div>
   <div class='ocr_carea' id='block_1_93' title="bbox 524 4668 2095 4751">
    <p class='ocr_par' dir='ltr' id='par_1_93' title="bbox 524 4672 2095 4750">
     <span class='ocr_line' id='line_1_93' title="bbox 524 4672 2095 4750; baseline 0.008 -26"><span class='ocrx_word' id='word_1_751' title='bbox 524 4688 664 4740; x_wconf 76' lang='lat' dir='ltr'><strong>gnus</strong></span> <span class='ocrx_word' id='word_1_752' title='bbox 698 4672 934 4732; x_wconf 79' lang='lat' dir='ltr'><strong>Joannes</strong></span> <span class='ocrx_word' id='word_1_753' title='bbox 959 4677 1386 4749; x_wconf 84' lang='lat' dir='ltr'><strong>Chrysostomus</strong></span> <span class='ocrx_word' id='word_1_754' title='bbox 1415 4681 1466 4733; x_wconf 92' lang='lat' dir='ltr'><strong>in</strong></span> <span class='ocrx_word' id='word_1_755' title='bbox 1492 4679 1713 4735; x_wconf 90' lang='lat' dir='ltr'><strong>homilia</strong></span> <span class='ocrx_word' id='word_1_756' title='bbox 1739 4696 1903 4750; x_wconf 87' lang='lat' dir='ltr'><strong>quam</strong></span> <span class='ocrx_word' id='word_1_757' title='bbox 1930 4683 1984 4735; x_wconf 92' lang='lat' dir='ltr'><strong>in</strong></span> <span class='ocrx_word' id='word_1_758' title='bbox 2016 4681 2095 4735; x_wconf 85' lang='lat' dir='ltr'><strong>itt-</strong></span> 
     </span>
    </p>
   </div>
   <div class='ocr_carea' id='block_1_94' title="bbox 2147 4668 3718 4751">
    <p class='ocr_par' dir='ltr' id='par_1_94' title="bbox 2208 4668 3718 4751">
     <span class='ocr_line' id='line_1_94' title="bbox 2208 4668 3718 4751; baseline 0.001 -18"><span class='ocrx_word' id='word_1_759' title='bbox 2208 4681 2320 4734; x_wconf 76' lang='grc' dir='ltr'><strong>Καὶ</strong></span> <span class='ocrx_word' id='word_1_760' title='bbox 2345 4683 2372 4733; x_wconf 85' lang='lat'><strong>0</strong></span> <span class='ocrx_word' id='word_1_761' title='bbox 2404 4681 2577 4750; x_wconf 84' lang='grc' dir='ltr'>μέγας</span> <span class='ocrx_word' id='word_1_762' title='bbox 2607 4680 2665 4734; x_wconf 80' lang='grc' dir='ltr'><strong>δὲ</strong></span> <span class='ocrx_word' id='word_1_763' title='bbox 2704 4680 2955 4751; x_wconf 81' lang='grc' dir='ltr'>Ἰωάννης</span> <span class='ocrx_word' id='word_1_764' title='bbox 2979 4681 3007 4732; x_wconf 91' lang='lat'><strong>0</strong></span> <span class='ocrx_word' id='word_1_765' title='bbox 3039 4678 3452 4747; x_wconf 82' lang='grc' dir='ltr'>Χρυσόστομος,</span> <span class='ocrx_word' id='word_1_766' title='bbox 3479 4676 3532 4728; x_wconf 80' lang='grc' dir='ltr'>ὲν</span> <span class='ocrx_word' id='word_1_767' title='bbox 3557 4673 3612 4740; x_wconf 73' lang='grc' dir='ltr'>τῇ</span> <span class='ocrx_word' id='word_1_768' title='bbox 3636 4668 3718 4735; x_wconf 60' lang='lat'><strong>5?&quot;</strong></span> 
     </span>
    </p>
   </div>
   <div class='ocr_carea' id='block_1_95' title="bbox 525 4761 2096 4844">
    <p class='ocr_par' dir='ltr' id='par_1_95' title="bbox 525 4763 2096 4841">
     <span class='ocr_line' id='line_1_95' title="bbox 525 4763 2096 4841; baseline 0.01 -27"><span class='ocrx_word' id='word_1_769' title='bbox 525 4763 898 4820; x_wconf 87' lang='lat' dir='ltr'><strong>carnationem</strong></span> <span class='ocrx_word' id='word_1_770' title='bbox 961 4769 1172 4824; x_wconf 88' lang='lat' dir='ltr'><strong>Domini</strong></span> <span class='ocrx_word' id='word_1_771' title='bbox 1228 4769 1394 4837; x_wconf 79' lang='lat' dir='ltr'><strong>facit,</strong></span> <span class='ocrx_word' id='word_1_772' title='bbox 1450 4772 1530 4827; x_wconf 88' lang='lat' dir='ltr'><strong>sic</strong></span> <span class='ocrx_word' id='word_1_773' title='bbox 1578 4771 1755 4841; x_wconf 91' lang='lat' dir='ltr'><strong>inquit</strong></span> <span class='ocrx_word' id='word_1_774' title='bbox 1806 4787 1819 4824; x_wconf 92' lang='lat'>:</span> <span class='ocrx_word' id='word_1_775' title='bbox 1872 4790 1891 4824; x_wconf 83' lang='lat' dir='ltr'><strong>t</strong></span> <span class='ocrx_word' id='word_1_776' title='bbox 1939 4772 2096 4829; x_wconf 86' lang='lat' dir='ltr'><strong>Venit</strong></span> 
     </span>
    </p>
   </div>
   <div class='ocr_carea' id='block_1_96' title="bbox 2147 4761 3718 4844">
    <p class='ocr_par' dir='ltr' id='par_1_96' title="bbox 2206 4761 3718 4844">
     <span class='ocr_line' id='line_1_96' title="bbox 2206 4761 3718 4844; baseline -0.01 -20"><span class='ocrx_word' id='word_1_777' title='bbox 2206 4772 2317 4844; x_wconf 75' lang='grc' dir='ltr'>λίᾳ,</span> <span class='ocrx_word' id='word_1_778' title='bbox 2351 4771 2416 4842; x_wconf 80' lang='grc' dir='ltr'>ἢν</span> <span class='ocrx_word' id='word_1_779' title='bbox 2446 4774 2525 4835; x_wconf 83' lang='grc' dir='ltr'>εἰς</span> <span class='ocrx_word' id='word_1_780' title='bbox 2557 4771 2656 4840; x_wconf 83' lang='grc' dir='ltr'><strong>τὴν</strong></span> <span class='ocrx_word' id='word_1_781' title='bbox 2707 4769 3121 4839; x_wconf 76' lang='grc' dir='ltr'>ὲνανθρώπησιν</span> <span class='ocrx_word' id='word_1_782' title='bbox 3152 4768 3251 4822; x_wconf 89' lang='grc' dir='ltr'><strong>τοῦ</strong></span> <span class='ocrx_word' id='word_1_783' title='bbox 3284 4769 3487 4840; x_wconf 85' lang='grc' dir='ltr'>Κυρίου</span> <span class='ocrx_word' id='word_1_784' title='bbox 3516 4761 3718 4818; x_wconf 79' lang='grc' dir='ltr'>ποιεῖται,</span> 
     </span>
    </p>
   </div>
   <div class='ocr_carea' id='block_1_97' title="bbox 526 4852 2097 4933">
    <p class='ocr_par' dir='ltr' id='par_1_97' title="bbox 526 4854 2097 4926">
     <span class='ocr_line' id='line_1_97' title="bbox 526 4854 2097 4926; baseline 0.011 -21"><span class='ocrx_word' id='word_1_785' title='bbox 526 4854 780 4910; x_wconf 78' lang='lat' dir='ltr'><strong>Christus</strong></span> <span class='ocrx_word' id='word_1_786' title='bbox 824 4860 893 4913; x_wconf 90' lang='lat' dir='ltr'><strong>ad</strong></span> <span class='ocrx_word' id='word_1_787' title='bbox 938 4876 1060 4926; x_wconf 90' lang='lat' dir='ltr'><strong>nos,</strong></span> <span class='ocrx_word' id='word_1_788' title='bbox 1092 4862 1239 4917; x_wconf 84' lang='lat' dir='ltr'><strong>dedit</strong></span> <span class='ocrx_word' id='word_1_789' title='bbox 1280 4866 1439 4920; x_wconf 81' lang='lat' dir='ltr'><strong>nobis</strong></span> <span class='ocrx_word' id='word_1_790' title='bbox 1468 4865 1892 4921; x_wconf 81' lang='lat' dir='ltr'><strong>descendentem</strong></span> <span class='ocrx_word' id='word_1_791' title='bbox 1936 4882 2000 4920; x_wconf 82' lang='lat' dir='ltr'><strong>ex</strong></span> <span class='ocrx_word' id='word_1_792' title='bbox 2034 4881 2097 4923; x_wconf 90' lang='lat' dir='ltr'><strong>eo</strong></span> 
     </span>
    </p>
   </div>
   <div class='ocr_carea' id='block_1_98' title="bbox 2148 4852 3719 4933">
    <p class='ocr_par' dir='ltr' id='par_1_98' title="bbox 2208 4852 3719 4933">
     <span class='ocr_line' id='line_1_98' title="bbox 2208 4852 3719 4933; baseline -0.01 -15"><span class='ocrx_word' id='word_1_793' title='bbox 2208 4863 2352 4917; x_wconf 75' lang='grc' dir='ltr'>οὕτω</span> <span class='ocrx_word' id='word_1_794' title='bbox 2377 4864 2543 4932; x_wconf 83' lang='grc' dir='ltr'>φησίν</span> <span class='ocrx_word' id='word_1_795' title='bbox 2568 4877 2581 4892; x_wconf 83' lang='lat'><strong><em>°</em></strong></span> <span class='ocrx_word' id='word_1_796' title='bbox 2617 4882 2635 4913; x_wconf 85' lang='lat' dir='ltr'><strong>t</strong></span> <span class='ocrx_word' id='word_1_797' title='bbox 2674 4858 2876 4915; x_wconf 83' lang='grc' dir='ltr'>Ἦλθεν</span> <span class='ocrx_word' id='word_1_798' title='bbox 2902 4863 2929 4913; x_wconf 92' lang='lat'><strong>0</strong></span> <span class='ocrx_word' id='word_1_799' title='bbox 2968 4862 3205 4933; x_wconf 84' lang='grc' dir='ltr'>Χριστὸς</span> <span class='ocrx_word' id='word_1_800' title='bbox 3251 4862 3333 4924; x_wconf 90' lang='grc' dir='ltr'><strong>είς</strong></span> <span class='ocrx_word' id='word_1_801' title='bbox 3361 4860 3504 4929; x_wconf 77' lang='grc' dir='ltr'>ἡμᾶς</span> <span class='ocrx_word' id='word_1_802' title='bbox 3524 4873 3538 4887; x_wconf 94' lang='grc'><strong>·</strong></span> <span class='ocrx_word' id='word_1_803' title='bbox 3569 4852 3719 4905; x_wconf 76' lang='grc' dir='ltr'>ἔδωκεν</span> 
     </span>
    </p>
   </div>
   <div class='ocr_carea' id='block_1_99' title="bbox 531 4943 2102 5028">
    <p class='ocr_par' dir='ltr' id='par_1_99' title="bbox 531 4947 2101 5028">
     <span class='ocr_line' id='line_1_99' title="bbox 531 4947 2101 5028; baseline 0.01 -29"><span class='ocrx_word' id='word_1_804' title='bbox 531 4947 796 5016; x_wconf 86' lang='lat' dir='ltr'><strong>Spiritum</strong></span> <span class='ocrx_word' id='word_1_805' title='bbox 824 4992 837 5017; x_wconf 91' lang='lat'><strong>,</strong></span> <span class='ocrx_word' id='word_1_806' title='bbox 881 4962 936 5007; x_wconf 89' lang='lat' dir='ltr'><strong>et</strong></span> <span class='ocrx_word' id='word_1_807' title='bbox 974 4968 1174 5024; x_wconf 89' lang='lat' dir='ltr'><strong>corpus</strong></span> <span class='ocrx_word' id='word_1_808' title='bbox 1223 4967 1469 5011; x_wconf 81' lang='lat' dir='ltr'><strong>nostrum</strong></span> <span class='ocrx_word' id='word_1_809' title='bbox 1501 4958 1766 5028; x_wconf 88' lang='lat' dir='ltr'><strong>suscepit.</strong></span> <span class='ocrx_word' id='word_1_810' title='bbox 1802 4978 1821 5011; x_wconf 74' lang='grc' dir='ltr'><strong>ι</strong></span> <span class='ocrx_word' id='word_1_811' title='bbox 1856 4958 2101 5015; x_wconf 81' lang='lat' dir='ltr'><strong>Verbum</strong></span> 
     </span>
    </p>
   </div>
   <div class='ocr_carea' id='block_1_100' title="bbox 2153 4943 3724 5028">
    <p class='ocr_par' dir='ltr' id='par_1_100' title="bbox 2209 4943 3724 5023">
     <span class='ocr_line' id='line_1_100' title="bbox 2209 4943 3724 5023; baseline -0.013 -13"><span class='ocrx_word' id='word_1_812' title='bbox 2209 4955 2341 5023; x_wconf 79' lang='grc' dir='ltr'>ἡμῖν</span> <span class='ocrx_word' id='word_1_813' title='bbox 2375 4953 2435 5009; x_wconf 79' lang='grc' dir='ltr'><strong>τὸ</strong></span> <span class='ocrx_word' id='word_1_814' title='bbox 2460 4953 2518 5018; x_wconf 81' lang='grc' dir='ltr'>ἐξ</span> <span class='ocrx_word' id='word_1_815' title='bbox 2557 4951 2723 5006; x_wconf 84' lang='grc' dir='ltr'>αὐτοῦ</span> <span class='ocrx_word' id='word_1_816' title='bbox 2755 4951 2999 5018; x_wconf 87' lang='grc' dir='ltr'>Πνεῦμα,</span> <span class='ocrx_word' id='word_1_817' title='bbox 3028 4953 3122 5005; x_wconf 77' lang='grc' dir='ltr'>καὶ</span> <span class='ocrx_word' id='word_1_818' title='bbox 3153 4950 3387 5005; x_wconf 79' lang='grc' dir='ltr'>ἀνέλαϐε</span> <span class='ocrx_word' id='word_1_819' title='bbox 3428 4948 3486 5002; x_wconf 84' lang='grc' dir='ltr'>τδ</span> <span class='ocrx_word' id='word_1_820' title='bbox 3512 4943 3724 5017; x_wconf 70' lang='grc' dir='ltr'>ἡμέτερον</span> 
     </span>
    </p>
   </div>
   <div class='ocr_carea' id='block_1_101' title="bbox 533 5028 2104 5122">
    <p class='ocr_par' dir='ltr' id='par_1_101' title="bbox 533 5045 2097 5122">
     <span class='ocr_line' id='line_1_101' title="bbox 533 5045 2097 5122; baseline 0.008 -29"><span class='ocrx_word' id='word_1_821' title='bbox 533 5060 551 5093; x_wconf 82' lang='grc' dir='ltr'><strong>ι</strong></span> <span class='ocrx_word' id='word_1_822' title='bbox 590 5057 657 5097; x_wconf 77' lang='lat' dir='ltr'><strong>ex</strong></span> <span class='ocrx_word' id='word_1_823' title='bbox 684 5057 752 5097; x_wconf 92' lang='lat' dir='ltr'><strong>eo</strong></span> <span class='ocrx_word' id='word_1_824' title='bbox 791 5062 808 5095; x_wconf 79' lang='grc' dir='ltr'><strong>ι</strong></span> <span class='ocrx_word' id='word_1_825' title='bbox 845 5045 973 5115; x_wconf 90' lang='lat' dir='ltr'><strong>quid</strong></span> <span class='ocrx_word' id='word_1_826' title='bbox 1007 5047 1278 5119; x_wconf 82' lang='lat' dir='ltr'><strong>signiﬁcat</strong></span> <span class='ocrx_word' id='word_1_827' title='bbox 1316 5049 1463 5104; x_wconf 90' lang='lat' dir='ltr'><strong>aliud</strong></span> <span class='ocrx_word' id='word_1_828' title='bbox 1488 5089 1502 5113; x_wconf 93' lang='lat'><strong>,</strong></span> <span class='ocrx_word' id='word_1_829' title='bbox 1536 5066 1696 5119; x_wconf 90' lang='lat' dir='ltr'><strong>quam</strong></span> <span class='ocrx_word' id='word_1_830' title='bbox 1737 5051 1882 5121; x_wconf 83' lang='lat' dir='ltr'><strong>quod</strong></span> <span class='ocrx_word' id='word_1_831' title='bbox 1916 5052 2005 5122; x_wconf 87' lang='lat' dir='ltr'><strong>qui</strong></span> <span class='ocrx_word' id='word_1_832' title='bbox 2032 5067 2097 5106; x_wconf 76' lang='lat' dir='ltr'><strong>ex</strong></span> 
     </span>
    </p>
   </div>
   <div class='ocr_carea' id='block_1_102' title="bbox 2152 5028 3723 5122">
    <p class='ocr_par' dir='ltr' id='par_1_102' title="bbox 2211 5028 3723 5122">
     <span class='ocr_line' id='line_1_102' title="bbox 2211 5028 3723 5122; baseline -0.004 -25"><span class='ocrx_word' id='word_1_833' title='bbox 2211 5045 2391 5114; x_wconf 86' lang='grc' dir='ltr'>σῶμα.</span> <span class='ocrx_word' id='word_1_834' title='bbox 2433 5064 2452 5097; x_wconf 75' lang='grc' dir='ltr'><strong>ι</strong></span> <span class='ocrx_word' id='word_1_835' title='bbox 2489 5045 2560 5098; x_wconf 77' lang='lat' dir='ltr'><strong>T0</strong></span> <span class='ocrx_word' id='word_1_836' title='bbox 2588 5044 2645 5097; x_wconf 81' lang='grc' dir='ltr'><strong>δὲ</strong></span> <span class='ocrx_word' id='word_1_837' title='bbox 2682 5042 2771 5109; x_wconf 75' lang='grc' dir='ltr'><strong>«ἐξ</strong></span> <span class='ocrx_word' id='word_1_838' title='bbox 2790 5043 3007 5108; x_wconf 76' lang='grc' dir='ltr'>αὑτοῦ.»</span> <span class='ocrx_word' id='word_1_839' title='bbox 3042 5045 3094 5097; x_wconf 86' lang='grc' dir='ltr'><strong>τί</strong></span> <span class='ocrx_word' id='word_1_840' title='bbox 3120 5042 3320 5112; x_wconf 83' lang='grc' dir='ltr'>δηλοῦν</span> <span class='ocrx_word' id='word_1_841' title='bbox 3352 5028 3723 5122; x_wconf 11' lang='grc' dir='ltr'>βούλεταιῶγδτῑ</span> 
     </span>
    </p>
   </div>
   <div class='ocr_carea' id='block_1_103' title="bbox 532 5121 2103 5213">
    <p class='ocr_par' dir='ltr' id='par_1_103' title="bbox 532 5121 2098 5213">
     <span class='ocr_line' id='line_1_103' title="bbox 532 5121 2098 5213; baseline 0.008 -28"><span class='ocrx_word' id='word_1_842' title='bbox 532 5148 598 5185; x_wconf 88' lang='lat' dir='ltr'><strong>eo</strong></span> <span class='ocrx_word' id='word_1_843' title='bbox 632 5137 898 5203; x_wconf 80' lang='lat' dir='ltr'><strong>procedit,</strong></span> <span class='ocrx_word' id='word_1_844' title='bbox 930 5137 1193 5208; x_wconf 89' lang='lat' dir='ltr'><strong>Spiritum</strong></span> <span class='ocrx_word' id='word_1_845' title='bbox 1243 5141 1401 5196; x_wconf 91' lang='lat' dir='ltr'><strong>nobis</strong></span> <span class='ocrx_word' id='word_1_846' title='bbox 1451 5141 1710 5196; x_wconf 87' lang='lat' dir='ltr'><strong>tradidit?</strong></span> <span class='ocrx_word' id='word_1_847' title='bbox 1737 5121 2098 5213; x_wconf 86' lang='lat' dir='ltr'><strong>quemadmo-</strong></span> 
     </span>
    </p>
   </div>
   <div class='ocr_carea' id='block_1_104' title="bbox 2155 5121 3726 5213">
    <p class='ocr_par' dir='ltr' id='par_1_104' title="bbox 2210 5121 3726 5213">
     <span class='ocr_line' id='line_1_104' title="bbox 2210 5121 3726 5213; baseline -0.003 -24"><span class='ocrx_word' id='word_1_848' title='bbox 2210 5137 2271 5189; x_wconf 82' lang='grc' dir='ltr'><strong>τὸ</strong></span> <span class='ocrx_word' id='word_1_849' title='bbox 2300 5136 2358 5203; x_wconf 70' lang='grc' dir='ltr'><strong>ἐξ</strong></span> <span class='ocrx_word' id='word_1_850' title='bbox 2398 5135 2565 5190; x_wconf 79' lang='grc' dir='ltr'>αὑτοῦ</span> <span class='ocrx_word' id='word_1_851' title='bbox 2598 5136 3035 5207; x_wconf 77' lang='grc' dir='ltr'>ἐκπορευόμενον</span> <span class='ocrx_word' id='word_1_852' title='bbox 3078 5134 3307 5203; x_wconf 84' lang='grc' dir='ltr'>Πνεῦμα</span> <span class='ocrx_word' id='word_1_853' title='bbox 3346 5134 3566 5187; x_wconf 70' lang='grc' dir='ltr'>δέδωκεν</span> <span class='ocrx_word' id='word_1_854' title='bbox 3590 5121 3726 5213; x_wconf 56' lang='grc' dir='ltr'><strong>ἡμῘῇ</strong></span> 
     </span>
    </p>
   </div>
   <div class='ocr_carea' id='block_1_105' title="bbox 533 5210 2104 5302">
    <p class='ocr_par' dir='ltr' id='par_1_105' title="bbox 533 5210 2099 5302">
     <span class='ocr_line' id='line_1_105' title="bbox 533 5210 2099 5302; baseline 0.01 -31"><span class='ocrx_word' id='word_1_855' title='bbox 533 5219 661 5272; x_wconf 83' lang='lat' dir='ltr'><strong>dum</strong></span> <span class='ocrx_word' id='word_1_856' title='bbox 694 5234 749 5275; x_wconf 92' lang='lat' dir='ltr'><strong>et</strong></span> <span class='ocrx_word' id='word_1_857' title='bbox 781 5224 1011 5281; x_wconf 80' lang='lat' dir='ltr'><strong>dilectus</strong></span> <span class='ocrx_word' id='word_1_858' title='bbox 1048 5228 1348 5301; x_wconf 88' lang='lat' dir='ltr'><strong>discipulus</strong></span> <span class='ocrx_word' id='word_1_859' title='bbox 1394 5230 1565 5295; x_wconf 86' lang='lat' dir='ltr'><strong>dicit,</strong></span> <span class='ocrx_word' id='word_1_860' title='bbox 1601 5210 1770 5301; x_wconf 31' lang='lat' dir='ltr'><strong>quod‘</strong></span> <span class='ocrx_word' id='word_1_861' title='bbox 1801 5249 1864 5286; x_wconf 78' lang='lat' dir='ltr'><strong>ex</strong></span> <span class='ocrx_word' id='word_1_862' title='bbox 1896 5233 2099 5302; x_wconf 86' lang='lat' dir='ltr'><strong>Spirilu</strong></span> 
     </span>
    </p>
   </div>
   <div class='ocr_carea' id='block_1_106' title="bbox 2153 5210 3724 5302">
    <p class='ocr_par' dir='ltr' id='par_1_106' title="bbox 2206 5210 3724 5299">
     <span class='ocr_line' id='line_1_106' title="bbox 2206 5210 3724 5299; baseline -0.01 -17"><span class='ocrx_word' id='word_1_863' title='bbox 2206 5229 2394 5298; x_wconf 81' lang='grc' dir='ltr'>ὥσπερ</span> <span class='ocrx_word' id='word_1_864' title='bbox 2426 5230 2521 5283; x_wconf 74' lang='grc' dir='ltr'>καὶ</span> <span class='ocrx_word' id='word_1_865' title='bbox 2543 5232 2570 5282; x_wconf 92' lang='lat'><strong>0</strong></span> <span class='ocrx_word' id='word_1_866' title='bbox 2602 5228 2961 5299; x_wconf 76' lang='grc' dir='ltr'>ὴγαπημὲνος</span> <span class='ocrx_word' id='word_1_867' title='bbox 2994 5226 3247 5297; x_wconf 84' lang='grc' dir='ltr'>μαθητής</span> <span class='ocrx_word' id='word_1_868' title='bbox 3281 5241 3467 5298; x_wconf 84' lang='grc' dir='ltr'>φησιν,</span> <span class='ocrx_word' id='word_1_869' title='bbox 3497 5222 3569 5274; x_wconf 86' lang='grc' dir='ltr'><strong>ὅτι</strong></span> <span class='ocrx_word' id='word_1_870' title='bbox 3601 5234 3618 5267; x_wconf 86' lang='grc' dir='ltr'><strong>ι</strong></span> <span class='ocrx_word' id='word_1_871' title='bbox 3653 5210 3724 5263; x_wconf 72' lang='grc' dir='ltr'><strong>Ἐκ</strong></span> 
     </span>
    </p>
   </div>
   <div class='ocr_carea' id='block_1_107' title="bbox 528 5303 2099 5395">
    <p class='ocr_par' dir='ltr' id='par_1_107' title="bbox 528 5311 2099 5395">
     <span class='ocr_line' id='line_1_107' title="bbox 528 5311 2099 5395; baseline 0.009 -30"><span class='ocrx_word' id='word_1_872' title='bbox 528 5311 646 5379; x_wconf 82' lang='lat' dir='ltr'><strong>cjns</strong></span> <span class='ocrx_word' id='word_1_873' title='bbox 671 5313 825 5373; x_wconf 88' lang='lat' dir='ltr'><strong>dedit</strong></span> <span class='ocrx_word' id='word_1_874' title='bbox 869 5318 1047 5385; x_wconf 73' lang='lat' dir='ltr'><strong>nobis.</strong></span> <span class='ocrx_word' id='word_1_875' title='bbox 1079 5330 1135 5376; x_wconf 86' lang='lat' dir='ltr'><strong>et</strong></span> <span class='ocrx_word' id='word_1_876' title='bbox 1169 5340 1187 5373; x_wconf 82' lang='lat' dir='ltr'><strong>t</strong></span> <span class='ocrx_word' id='word_1_877' title='bbox 1224 5322 1292 5377; x_wconf 88' lang='lat' dir='ltr'><strong>de</strong></span> <span class='ocrx_word' id='word_1_878' title='bbox 1336 5322 1673 5393; x_wconf 86' lang='lat' dir='ltr'><strong>plenitudine</strong></span> <span class='ocrx_word' id='word_1_879' title='bbox 1700 5324 1818 5395; x_wconf 85' lang='lat' dir='ltr'><strong>ejus</strong></span> <span class='ocrx_word' id='word_1_880' title='bbox 1856 5340 1956 5380; x_wconf 90' lang='lat' dir='ltr'><strong>nos</strong></span> <span class='ocrx_word' id='word_1_881' title='bbox 1984 5341 2099 5380; x_wconf 92' lang='lat' dir='ltr'><strong>om-</strong></span> 
     </span>
    </p>
   </div>
   <div class='ocr_carea' id='block_1_108' title="bbox 2155 5303 3726 5395">
    <p class='ocr_par' dir='ltr' id='par_1_108' title="bbox 2206 5303 3726 5388">
     <span class='ocr_line' id='line_1_108' title="bbox 2206 5303 3726 5388; baseline -0.002 -15"><span class='ocrx_word' id='word_1_882' title='bbox 2206 5319 2302 5373; x_wconf 88' lang='grc' dir='ltr'><strong>τοῦ</strong></span> <span class='ocrx_word' id='word_1_883' title='bbox 2336 5319 2652 5388; x_wconf 77' lang='grc' dir='ltr'>Πνεῦματος</span> <span class='ocrx_word' id='word_1_884' title='bbox 2680 5318 2845 5372; x_wconf 83' lang='grc' dir='ltr'>αὐτοῦ</span> <span class='ocrx_word' id='word_1_885' title='bbox 2880 5317 3078 5372; x_wconf 69' lang='grc' dir='ltr'>ἔδωκεν</span> <span class='ocrx_word' id='word_1_886' title='bbox 3113 5319 3268 5388; x_wconf 77' lang='grc' dir='ltr'>ἡμῖν,</span> <span class='ocrx_word' id='word_1_887' title='bbox 3302 5316 3399 5371; x_wconf 80' lang='grc' dir='ltr'><strong>καὶ</strong></span> <span class='ocrx_word' id='word_1_888' title='bbox 3430 5317 3491 5368; x_wconf 81' lang='grc' dir='ltr'><strong>ὲκ</strong></span> <span class='ocrx_word' id='word_1_889' title='bbox 3520 5308 3601 5363; x_wconf 76' lang='grc' dir='ltr'><strong>τοῦ</strong></span> <span class='ocrx_word' id='word_1_890' title='bbox 3627 5303 3726 5370; x_wconf 75' lang='grc' dir='ltr'><strong>πλη·</strong></span> 
     </span>
    </p>
   </div>
   <div class='ocr_carea' id='block_1_109' title="bbox 527 5395 2098 5485">
    <p class='ocr_par' dir='ltr' id='par_1_109' title="bbox 527 5408 2098 5485">
     <span class='ocr_line' id='line_1_109' title="bbox 527 5408 2098 5485; baseline 0.009 -29"><span class='ocrx_word' id='word_1_891' title='bbox 527 5419 626 5459; x_wconf 87' lang='lat' dir='ltr'><strong>nes</strong></span> <span class='ocrx_word' id='word_1_892' title='bbox 656 5408 1019 5477; x_wconf 61' lang='lat' dir='ltr'><strong>accepimus.»</strong></span> <span class='ocrx_word' id='word_1_893' title='bbox 1052 5412 1286 5481; x_wconf 86' lang='lat' dir='ltr'><strong>Cyrillus</strong></span> <span class='ocrx_word' id='word_1_894' title='bbox 1308 5413 1534 5485; x_wconf 77' lang='lat' dir='ltr'><strong>Magnus</strong></span> <span class='ocrx_word' id='word_1_895' title='bbox 1565 5416 1617 5469; x_wconf 91' lang='lat' dir='ltr'><strong>in</strong></span> <span class='ocrx_word' id='word_1_896' title='bbox 1651 5415 2098 5485; x_wconf 86' lang='lat' dir='ltr'><strong>interpretatione</strong></span> 
     </span>
    </p>
   </div>
   <div class='ocr_carea' id='block_1_110' title="bbox 2154 5395 3725 5485">
    <p class='ocr_par' dir='ltr' id='par_1_110' title="bbox 2206 5395 3725 5484">
     <span class='ocr_line' id='line_1_110' title="bbox 2206 5395 3725 5484; baseline -0.003 -19"><span class='ocrx_word' id='word_1_897' title='bbox 2206 5412 2460 5484; x_wconf 80' lang='grc' dir='ltr'>ρώματος</span> <span class='ocrx_word' id='word_1_898' title='bbox 2488 5411 2653 5465; x_wconf 78' lang='grc' dir='ltr'>αὑτοῦ</span> <span class='ocrx_word' id='word_1_899' title='bbox 2682 5413 2846 5481; x_wconf 78' lang='grc' dir='ltr'>ἡμεῖς</span> <span class='ocrx_word' id='word_1_900' title='bbox 2880 5410 3081 5473; x_wconf 88' lang='grc' dir='ltr'>πάντες</span> <span class='ocrx_word' id='word_1_901' title='bbox 3126 5409 3416 5481; x_wconf 70' lang='grc' dir='ltr'>ἐλάϐομεν.</span> <span class='ocrx_word' id='word_1_902' title='bbox 3452 5426 3471 5459; x_wconf 77' lang='grc' dir='ltr'><strong>ι</strong></span> <span class='ocrx_word' id='word_1_903' title='bbox 3508 5395 3725 5471; x_wconf 76' lang='grc' dir='ltr'><strong>Κύριλλος</strong></span> 
     </span>
    </p>
   </div>
   <div class='ocr_carea' id='block_1_111' title="bbox 531 5492 2102 5576">
    <p class='ocr_par' dir='ltr' id='par_1_111' title="bbox 531 5492 2100 5576">
     <span class='ocr_line' id='line_1_111' title="bbox 531 5492 2100 5576; baseline 0.004 -21"><span class='ocrx_word' id='word_1_904' title='bbox 531 5492 803 5567; x_wconf 75' lang='lat' dir='ltr'><strong>Evangelii</strong></span> <span class='ocrx_word' id='word_1_905' title='bbox 830 5502 1129 5557; x_wconf 89' lang='lat' dir='ltr'><strong>secundum</strong></span> <span class='ocrx_word' id='word_1_906' title='bbox 1162 5503 1429 5562; x_wconf 81' lang='lat' dir='ltr'><strong>Joannem</strong></span> <span class='ocrx_word' id='word_1_907' title='bbox 1461 5521 1628 5576; x_wconf 89' lang='lat' dir='ltr'><strong>super</strong></span> <span class='ocrx_word' id='word_1_908' title='bbox 1659 5521 1723 5561; x_wconf 87' lang='lat' dir='ltr'><strong>ca</strong></span> <span class='ocrx_word' id='word_1_909' title='bbox 1756 5508 1919 5562; x_wconf 87' lang='lat' dir='ltr'><strong>verba</strong></span> <span class='ocrx_word' id='word_1_910' title='bbox 1953 5522 1968 5560; x_wconf 90' lang='lat'>:</span> <span class='ocrx_word' id='word_1_911' title='bbox 1999 5507 2100 5562; x_wconf 68' lang='lat' dir='ltr'><strong>«Et</strong></span> 
     </span>
    </p>
   </div>
   <div class='ocr_carea' id='block_1_112' title="bbox 2159 5492 3730 5576">
    <p class='ocr_par' dir='ltr' id='par_1_112' title="bbox 2202 5494 3730 5575">
     <span class='ocr_line' id='line_1_112' title="bbox 2202 5494 3730 5575; baseline 0.001 -20"><span class='ocrx_word' id='word_1_912' title='bbox 2202 5502 2260 5555; x_wconf 87' lang='grc' dir='ltr'><strong>δὲ</strong></span> <span class='ocrx_word' id='word_1_913' title='bbox 2277 5502 2307 5556; x_wconf 91' lang='lat'><strong>0</strong></span> <span class='ocrx_word' id='word_1_914' title='bbox 2332 5502 2503 5572; x_wconf 82' lang='grc' dir='ltr'>μέγας</span> <span class='ocrx_word' id='word_1_915' title='bbox 2529 5503 2585 5556; x_wconf 82' lang='grc' dir='ltr'>ὲν</span> <span class='ocrx_word' id='word_1_916' title='bbox 2605 5504 2672 5575; x_wconf 78' lang='grc' dir='ltr'>τῇ</span> <span class='ocrx_word' id='word_1_917' title='bbox 2696 5502 2964 5573; x_wconf 74' lang='grc' dir='ltr'>ἑρμηνείᾳ</span> <span class='ocrx_word' id='word_1_918' title='bbox 2978 5502 3074 5558; x_wconf 85' lang='grc' dir='ltr'><strong>τοῦ</strong></span> <span class='ocrx_word' id='word_1_919' title='bbox 3091 5502 3234 5557; x_wconf 76' lang='grc' dir='ltr'>κατὰ</span> <span class='ocrx_word' id='word_1_920' title='bbox 3260 5500 3511 5571; x_wconf 84' lang='grc' dir='ltr'>Ἰωάννην</span> <span class='ocrx_word' id='word_1_921' title='bbox 3528 5494 3730 5557; x_wconf 69' lang='grc' dir='ltr'><strong>Εὗαττί⁶</strong></span> 
     </span>
    </p>
   </div>
   <div class='ocr_carea' id='block_1_113' title="bbox 606 5669 1164 5746">
    <p class='ocr_par' dir='ltr' id='par_1_113' title="bbox 606 5669 1164 5746">
     <span class='ocr_line' id='line_1_113' title="bbox 606 5669 1164 5746; baseline 0.011 -19"><span class='ocrx_word' id='word_1_922' title='bbox 606 5669 646 5701; x_wconf 77' lang='grc'><strong>⁸³</strong></span> <span class='ocrx_word' id='word_1_923' title='bbox 689 5672 880 5731; x_wconf 84' lang='lat' dir='ltr'><strong>Matth.</strong></span> <span class='ocrx_word' id='word_1_924' title='bbox 940 5695 1020 5746; x_wconf 84' lang='lat' dir='ltr'><strong>tu,</strong></span> <span class='ocrx_word' id='word_1_925' title='bbox 1083 5678 1164 5733; x_wconf 84' lang='lat' dir='ltr'><strong>l7.</strong></span> 
     </span>
    </p>
   </div>
   <div class='ocr_carea' id='block_1_114' title="bbox 942 5770 965 5813">
    <p class='ocr_par' dir='ltr' id='par_1_114' title="bbox 942 5770 965 5813">
     <span class='ocr_line' id='line_1_114' title="bbox 942 5770 965 5813; baseline 0 0"><span class='ocrx_word' id='word_1_926' title='bbox 942 5770 965 5813; x_wconf 81' lang='grc' dir='ltr'><strong>ὶ</strong></span> 
     </span>
    </p>
   </div>
  </div>
