3978 6204
228 270 361 336 ll-il

906 290 1052 351 rno
1085 290 1293 355 coxa.
1334 289 1703 356 FLORENT.
1732 294 1907 354 cur.
1949 266 1994 358 ι’.
2034 297 2128 355 DE
2174 298 2481 360 srrmru
2522 300 2832 363 SANCTO.

3359 292 3378 354 l
3396 294 3411 355 l
3426 294 3505 355 i2?

228 390 345 443 λξου
385 393 465 453 είς
495 391 553 443 τὸ
581 392 764 463 ῥητὸν,
795 396 874 460 τὸ,
916 416 933 449 ι
966 399 1416 471 Κάγὼέρωτήσω
1448 403 1537 455 τὸν
1572 404 1808 473 Πατέρα,

1925 420 2015 473 ego
2052 407 2253 476 rogabo
2295 405 2510 462 Patrem
2539 394 2593 461 οἱ
2636 409 2799 462 alium
2834 407 3165 464 Paracletum
3210 410 3358 464 dabit
3398 429 3490 478 vo;

223 483 315 534 καὶ
346 484 503 535 ἄλλον
540 485 893 557 Παράκλητον
920 489 1084 543 δώσει
1116 492 1266 561 ὑμῖν,
1311 512 1327 545 ι
1370 494 1512 549 οὕτω
1559 497 1759 565 φάσκει
1790 515 1802 526 ·

230 595 247 625 t
284 574 405 647 Τῶν
435 576 541 644 γὰρ
590 577 681 631 τοῦ
715 578 850 632 Θεοῦ
898 583 991 634 καὶ
1031 583 1242 654 Πατρός
1294 589 1539 653 φυσικῶν
1586 588 1805 654 ἀγαθῶν

221 668 496 737 οὖσιωδῶς
545 669 807 739 ὑπάρχων
849 674 877 725 6
931 673 1057 736 Υἱὸς
1137 676 1414 741 κοινωνὸς,
1455 678 1565 748 ἔχει
1620 680 1715 731 καὶ
1748 678 1808 731 τδ

224 758 451 823 Πνεῦμα
510 760 651 813 κατά
699 761 889 816 τοῦτον
920 765 1013 817 τὸν
1075 767 1299 833 τρόπον,
1354 768 1481 822 καθ’
1522 771 1688 838 όνπερ
1743 770 1808 822 ἂν

225 853 398 901 νοοῖτο
453 854 544 903 καὶ
600 854 626 904 6
676 854 889 923 Πατὴρ,
951 857 1052 909 οὐκ
1102 859 1340 912 ἐπακτὸν
1404 861 1527 913 οὐδὲ
1588 860 1806 926 ἔξωθεν.

229 942 438 1011 Εὖηθες
481 946 591 1016 γὰρ
646 947 851 1016 μᾶλλον
895 950 950 1002 δέ
984 951 1213 1020 μανικὸν
1248 954 1307 1005 τὸ
1362 953 1504 1006 οὕτω
1552 956 1807 1023 φρονεῖν’

226 1034 344 1088 ἀλλ’
381 1035 567 1106 ῶσπερ
613 1040 709 1093 καὶ
757 1040 914 1110 ἡμῶν
963 1042 1194 1106 ἕκαστος
1245 1043 1306 1097 τὸ
1356 1044 1486 1098 ἴδιον
1520 1047 1578 1098 ἐν
1627 1045 1811 1115 ἐαυτῷ

227 1129 456 1195 Πνεῦμα
493 1129 727 1200 συνέχει,
774 1134 864 1184 καὶ
899 1135 959 1186 ὲκ
993 1134 1103 1186 τῶν
1138 1135 1438 1189 ὲνδοτάτων
1484 1136 1812 1205 σπλάγχνων

223 1220 309 1283 εἰς
340 1221 397 1271 τὸ
446 1221 552 1287 ἔξω
581 1224 801 1293 προχέει
824 1242 838 1256 ’
869 1224 959 1287 διὰ
994 1227 1104 1296 γὰρ
1153 1228 1312 1281 τοῦτο
1346 1230 1439 1282 καὶ
1481 1228 1813 1299 σωματικῶς

230 1312 365 1363 αὑτὸ
394 1313 728 1384 ἐνεφύσησεν
757 1318 786 1371 6
812 1318 1073 1387 Χριστὸς,
1113 1319 1327 1383 δεικνὺς
1358 1321 1721 1391 ὃτικαθάπερ
1751 1323 1815 1375 ἐκ

225 1407 496 1474 στόματος
527 1408 621 1460 τοῦ
644 1408 932 1478 ἀνθρώπου
968 1411 1185 1479 πρόεισι
1213 1412 1273 1465 τὸ
1308 1412 1536 1482 Πνεῦμα
1571 1431 1817 1483 σωματιο

225 1499 361 1562 κῶς,
391 1498 533 1554 οῦτω
554 1501 649 1555 καὶ
667 1503 731 1557 ἐκ
753 1504 851 1574 τῆς
876 1504 1024 1565 θείας
1043 1505 1231 1569 οὐσίας
1252 1506 1572 1577 θεοπρεπῶς
1598 1507 1816 1575 προχεῖ-

223 1608 319 1645 ται
350 1592 409 1645 τὸ
442 1592 501 1657 ἐξ
531 1594 756 1664 αὐτῆς.»
788 1597 1052 1653 Ἐνταῦθα
1076 1600 1167 1652 τδν
1191 1599 1513 1671 βουλόμενον
1546 1602 1684 1670 μετά
1704 1602 1816 1655 δια-

227 1685 468 1753 κρίσεως
504 1687 632 1740 ἰδεῖν
654 1690 748 1742 καὶ
774 1691 1032 1758 συνιέναι,
1057 1692 1206 1745 ἐστιν
1230 1692 1503 1761 ἐννοῆσαι,
1532 1694 1626 1746 καὶ
1651 1694 1813 1757 εὐθὺς

227 1778 339 1830 ἀπὸ
370 1778 465 1831 τοῦ
500 1780 673 1835 κακοῦ
722 1781 826 1851 τῆς
867 1782 1192 1853 διαιρέσεως
1225 1784 1556 1853 ἀποδρᾶσαι,
1609 1784 1705 1837 καὶ
1739 1788 1805 1856 τῇ

230 1869 439 1938 συνόδῳ
478 1870 842 1944 ὑποταγῆναι.
878 1873 998 1927 Τῶν
1029 1873 1139 1945 γὰρ
1166 1873 1257 1928 τοῦ
1298 1875 1432 1929 Θεοῦ
1465 1876 1559 1930 καὶ
1594 1876 1808 1947 Πατρός

230 1961 485 2028 φυσικῶν
515 1963 736 2031 ἀγαθῶν
776 1966 1035 2031 κοινωνὸς
1066 1966 1352 2037 ὑπάρχων,
1383 1969 1567 2037 φησὶν,
1598 1969 1626 2022 6
1659 1969 1806 2034 Υἱὸς,

231 2055 336 2105 οὐκ
379 2054 657 2120 ἐπακτῶς,
693 2057 816 2112 οὐδὲ
872 2058 1096 2123 ἔξωθεν,
1155 2060 1278 2114 οὐδὲ
1335 2060 1807 2131 καταχρηστικῶς,

227 2143 348 2195 ἀλλ’
401 2144 675 2209 οὑσιωδῶς
713 2147 824 2218 ἔχει
851 2149 943 2202 κα)⁵
980 2149 1040 2202 τὸ
1067 2149 1311 2220 Πνεῦμα,
1336 2150 1480 2205 κατά
1497 2152 1589 2204 τὸν
1609 2151 1811 2222 τρόπον

224 2235 579 2302 τοῦτον,καθ’
601 2239 767 2310 ὅνπερ
792 2239 859 2294 ἂν
876 2224 1047 2295 νοοῖτο
1066 2242 1159 2294 καὶ
1183 2242 1212 2295 6
1235 2243 1445 2313 Πατήρ.
1462 2244 1523 2296 El
1544 2238 1637 2298 οῦν
1655 2259 1812 2310 φυσιο

234 2330 333 2381 κδν
365 2331 569 2397 ἀγαθόν
594 2334 710 2387 ἐστι
739 2334 831 2387 τοῦ
859 2336 1093 2405 Πατρός,
1115 2336 1177 2388 τὸ
1212 2339 1531 2408 ἐκπορεύειν
1550 2339 1610 2391 τὸ
1647 2337 1812 2391 Πνεῦ-

230 2438 311 2487 μα
335 2419 394 2473 τὸ
416 2422 594 2490 ἆγιον,
624 2426 872 2479 κοινωνεῖ
903 2425 957 2477 δὲ
987 2428 1014 2478 6
1037 2425 1163 2489 Υἱὸς
1190 2426 1297 2479 τῶν
1325 2426 1572 2493 φυσικῶν
1592 2426 1812 2493 ἀγαθῶν

232 2510 331 2563 τοῦ
370 2510 605 2580 Πατρὸς,
648 2511 710 2564 οὐ
744 2515 1229 2582 καταχρηστικῶς,
1257 2515 1392 2568 ἀλλά
1422 2515 1691 2583 φυσικῶς,
1718 2516 1812 2569 καὶ

228 2602 531 2670 οὖσιωδῶς,
568 2604 708 2657 κατὰ
752 2604 844 2657 τὸν
879 2605 1053 2675 μέγαν
1101 2606 1386 2677 Κύριλλον,
1435 2610 1528 2660 καὶ
1558 2609 1619 2660 οὐ
1648 2608 1811 2661 δύνα-

234 2692 332 2746 σθε
377 2694 739 2765 ἀρνήσασθαι,
771 2695 884 2766 ἔχει
910 2696 1019 2767 ἀρα
1053 2698 1211 2753 τοῦτο
1248 2701 1343 2752 καὶ
1368 2699 1396 2751 6
1427 2699 1554 2762 Υἱός
1574 2714 1588 2729 ·
1622 2698 1685 2751 τὸ
1726 2700 1815 2751 ἐκ·

237 2786 497 2854 πορεύειν
529 2787 728 2859 δηλαδὴ
758 2790 819 2843 τὸ
852 2789 1079 2859 Πνεῦμα
1118 2790 1179 2843 τὺ
1214 2790 1391 2860 ἅγιον,
1431 2797 1493 2845 ού
1529 2792 1814 2860 μεταδοτι-

233 2878 372 2942 κῶς,
409 2878 525 2931 ἀλλ’
562 2881 860 2947 οὐσιωδῶς,
908 2883 1030 2936 καθ’
1063 2882 1124 2935 ὃν
1150 2883 1374 2953 ·τρόπον
1422 2882 1517 2937 καὶ
1544 2885 1572 2936 6
1625 2883 1815 2954 Πατὴρ

235 2967 527 3035 ἐκπορεύει
554 2969 687 3022 αὐτὸ
721 2971 1019 3037 οὑσιωδῶς.
1053 2972 1248 3027 Σύνετε
1271 2974 1446 3043 τούτῳ
1472 2974 1556 3042 δὴ,
1599 2974 1813 3028 σύνετε.

1918 496 2000 552 bis
2039 497 2105 559 ’°,
2145 518 2162 550 ι
2198 497 2275 551 sic
2308 498 2437 552 dicit
2470 514 2482 549 :
2521 518 2538 549 ι
2579 498 2713 553 Cum
2751 498 2924 553 Filius
2966 500 3289 555 naturalium
3324 502 3494 556 bono-

1917 602 2034 641 rum
2074 588 2164 642 Dei
2196 598 2250 642 ct
2283 587 2461 642 Patris
2514 588 2883 643 essentialiter
2916 589 2988 642 sit
3016 604 3264 648 consors.
3295 592 3486 644 eodem

1913 680 2080 735 modo
2114 678 2280 733 habet
2331 687 2386 733 et
2426 678 2715 748 Spiritum,
2764 694 2873 746 quo
2924 678 3084 733 Pater
3143 681 3491 748 intelligitur,

1915 788 2020 826 non
2072 771 2460 833 adventitium,
2498 785 2676 840 neque
2708 780 2859 825 extra
2893 771 3161 839 (stultum
3182 772 3329 826 enim
3368 783 3449 826 est
3476 815 3490 833 ,

1914 863 2024 917 imo
2076 861 2367 917 dementia:
2405 862 2623 930 plenum
2675 861 2747 915 ita
2788 861 3040 930 sentire),
3091 861 3185 916 sed
3234 863 3515 933 quemad-A

1916 952 2134 1006 modum
2164 959 2417 1005 nostrum
2456 949 2832 1020 unusquisque
2869 951 3087 1020 proprie
3112 950 3165 1005 in
3194 940 3554 1021 semetipso“

1916 1045 2160 1100 continet
2201 1043 2475 1114 spiritum,
2524 1053 2577 1098 et
2629 1058 2694 1096 ex
2742 1043 3046 1098 visceribus
3090 1042 3297 1098 intimis
3339 1053 3495 1098 extra

1870 1144 1881 1152 ‘
1917 1134 2218 1204 profundit.
2258 1135 2469 1190 Idcirco
2496 1135 2641 1189 enim
2676 1135 2728 1188 in
2758 1151 2882 1189 eum
2913 1135 3272 1205 corporaliter
3320 1135 3495 1189 insuf-

1917 1229 2067 1283 ﬂuvit
2089 1227 2367 1294 Christus,
2396 1237 2717 1295 ostendens,
2750 1228 2895 1298 quod
2935 1228 3013 1282 uti
3040 1244 3106 1283 ex
3137 1228 3375 1283 hominis
3397 1244 3494 1283 ore

1920 1322 2146 1391 spiritus
2171 1322 2533 1391 corporaliter
2564 1321 2835 1391 procedit,
2862 1320 2934 1376 ita
2961 1335 3026 1376 ex
3048 1320 3229 1375 divina
3253 1321 3494 1375 essentia

1919 1414 2005 1481 (ut
2048 1413 2159 1469 Deo
2202 1414 2482 1483 convenit)
2521 1413 2745 1484 proﬂuit
2777 1413 2920 1483 quod
2960 1429 3025 1468 cx
3057 1416 3121 1467 ea
3166 1412 3434 1484 procedit.
3469 1434 3488 1465 ι

1921 1501 2032 1556 Hoc
2059 1503 2178 1558 loco
2196 1503 2239 1558 si
2264 1504 2388 1573 quis
2414 1504 2527 1558 vult
2553 1519 2675 1559 cum
2699 1504 2959 1574 :rquitate
2977 1504 3161 1559 videre
3182 1514 3237 1559 et
3259 1503 3493 1565 discere,

1924 1594 2229 1667 intelligere
2285 1596 2440 1660 licet,
2474 1597 2771 1666 statimque
2802 1612 2833 1651 a
2866 1596 3179 1652 schismatis
3225 1597 3496 1665 pravitate

1920 1687 2264 1758 defugereet
2286 1689 2496 1759 synodo
2537 1687 2755 1756 subjici.
2791 1688 2931 1744 Cum
2966 1689 3037 1745 sit
3089 1688 3263 1750 enim.
3296 1690 3493 1755 inquit,

1917 1780 2246 1834 naturalium
2296 1781 2560 1835 bonorum
2594 1779 2685 1835 Dei
2731 1790 2787 1836 et
2819 1779 2997 1835 Patris
3029 1794 3257 1835 consors
3301 1778 3494 1843 Filius,

1914 1884 2023 1925 non
2059 1871 2362 1926 adventitie
2394 1886 2569 1941 neque
2593 1881 2770 1937 extra,
2804 1886 2981 1940 neque
3007 1871 3299 1939 ituprOprie
3332 1871 3495 1924 habet
3607 1882 3612 1891 ·

1912 1961 2077 2017 etiam
2116 1962 2404 2031 Spiritum,
2442 1963 2536 2018 sed
2564 1962 2930 2017 essentialiter
2964 1963 3158 2018 eodem
3195 1963 3358 2018 modo
3382 1978 3495 2028 quo

1915 2055 2240 2127 intelligitur
2268 2066 2323 2111 et
2358 2056 2541 2113 Pater.
2576 2056 2631 2111 Si
2666 2057 2827 2127 igitur
2861 2058 3111 2111 naturale
3146 2058 3349 2111 bonum
3395 2056 3496 2109 Pa-

1917 2150 2017 2205 tris
2047 2160 2151 2217 est,
2192 2150 2456 2220 Spiritum
2504 2160 2753 2206 sanetum
2800 2150 3054 2205 emittere
3084 2166 3097 2204 :
3127 2148 3498 2205 communicat

1914 2260 2047 2300 vero
2076 2244 2245 2300 Filius
2273 2246 2618 2300 naturalibus
2640 2244 2818 2301 Patris
2841 2247 3001 2300 bonis
3031 2261 3140 2299 non
3173 2246 3495 2314 improprie,

1916 2338 2012 2391 sed
2043 2336 2360 2390 naturaliter
2389 2346 2444 2391 et
2473 2337 2842 2391 essentialiter
2862 2376 2875 2399 ,
2904 2337 3205 2391 secundum
3243 2350 3497 2404 magnum

1915 2426 2171 2498 Cyrillum
2201 2428 2326 2495 (nec
2356 2427 2584 2495 potestis
2612 2427 2856 2496 negare),
2883 2442 3012 2496 ergo
3043 2426 3095 2481 id
3139 2426 3301 2479 habet
3330 2426 3500 2479 etiam

1917 2518 2109 2581 Filius,
2181 2518 2433 2572 videlicet
2479 2516 2737 2586 Spiritum
2789 2527 3037 2572 sanctum
3089 2516 3358 2576 emittere,
3390 2530 3498 2568 nou

1920 2609 2360 2680 participatione,
2389 2611 2482 2663 scd
2517 2608 2899 2672 essentialiter,
2929 2623 2993 2662 eo
3017 2607 3173 2660 modo
3195 2622 3301 2675 quo
3337 2605 3496 2659 Pater

1921 2702 2095 2770 ipsum
2129 2700 2490 2756 essentialiter
2517 2700 2737 2754 emittit.
2762 2698 3042 2753 Attendite
3070 2698 3218 2761 huic,
3247 2698 3500 2765 inquam,

1920 2792 2205 2848 attendite.
2248 2791 2485 2863 Symeon
2524 2790 2923 2861 Metaphrastes
2965 2791 3018 2844 iu
3056 2789 3226 2843 sancti
3262 2786 3501 2857 Dionysii

1922 2884 2261 2956 Areopagitae
2311 2882 2448 2939 Vitm
2498 2897 2775 2948 sermone,
2838 2881 2995 2936 tertia
3058 2878 3332 2945 Octobris,
3390 2879 3505 2934 haec

1921 2977 2155 3032 scribit:
2196 2995 2214 3027 ι
2252 2976 2383 3042 Quae
2419 2974 2717 3044 corporalis
2744 2972 2963 3042 quidem
3000 2972 3299 3039 praesentiae
3338 2980 3500 3033 sunt,

242 3056 311 3113 Ὀ
355 3057 416 3111 δὲ
459 3060 683 3129 Συμεὼν
723 3062 750 3114 6
777 3063 1204 3134 Μεταφραστὴς,
1237 3067 1294 3118 ἐν
1338 3064 1415 3134 τῷ
1446 3065 1525 3127 εἰς
1581 3065 1671 3117 τὸν
1702 3064 1816 3134 βίον

1928 3070 2091 3124 [luem
2143 3067 2455 3136 accipiunt;
2490 3080 2611 3135 qua:
2647 3080 2775 3119 vero
2808 3063 3064 3132 spiritus,
3102 3062 3417 3129 incipiunt;
3450 3069 3505 3116 et

233 3152 333 3204 τοῦ
364 3152 518 3221 ἁγίου
542 3154 822 3207 Διονυσίου
846 3156 938 3207 τοῦ
969 3157 1359 3226 Ἀρεοπαγίτου
1383 3158 1546 3227 λόγῳ,
1573 3161 1639 3229 τῇ
1660 3158 1821 3228 τρίτῃ

1928 3163 1979 3215 in
2034 3161 2230 3216 coelum
2280 3160 2532 3215 Christus
2581 3172 2735 3212 meus
2776 3156 3019 3221 eﬂertur,
3054 3171 3117 3209 ac
3169 3157 3220 3208 iu
3270 3152 3499 3222 patriam

234 3245 337 3297 τοῦ
384 3245 718 3317 Ὀκτωσρίου
745 3252 1144 3319 γεγραμμένῳ,
1170 3249 1346 3303 τοιάδε
1377 3250 1576 3316 φάσκει
1605 3267 1619 3280 ·
1654 3268 1672 3301 ι
1713 3251 1786 3303 Πέ
1805 3281 1821 3294 ι

1930 3249 2223 3304 revertitur
2255 3247 2437 3303 sedem
2473 3290 2489 3312 ,
2520 3255 2573 3300 et
2604 3247 2989 3314 procedentem
3023 3244 3091 3296 ab
3131 3257 3198 3296 eo
3240 3241 3503 3310 Spiritutn

239 3354 345 3406 ρας
385 3338 454 3390 τά
482 3337 582 3405 τῆς
614 3340 936 3411 σωματικῆς
960 3341 1225 3411 ἐνδημίας
1251 3340 1469 3409 δέχεται
1493 3357 1508 3374 ·
1547 3340 1616 3393 τὰ
1643 3341 1701 3394 δὲ
1724 3339 1818 3392 τοῦ

1925 3340 2205 3409 discipulis
2235 3338 2351 3393 suis
2380 3336 2631 3392 mittitad
2658 3334 2956 3390 inﬁdelium
2988 3333 3233 3402 gentium
3265 3345 3497 3386 conver-

238 3427 564 3496 Πνεῦματος
595 3430 856 3501 ἄρχεται·
890 3433 988 3486 καὶ
1030 3434 1110 3495 είς
1144 3432 1407 3501 οὐρανοὺς
1445 3434 1474 3485 6
1518 3431 1652 3501 ἐμὸς
1683 3432 1819 3501 Χρι-
1923 3434 2159 3486 sionem.
2199 3447 2219 3481 ι

237 3523 368 3585 στὸς
405 3525 775 3594 ἀναφέρεταιο
806 3530 902 3583 καὶ
934 3527 1071 3596 πρὸς
1111 3528 1205 3580 τὸν
1256 3526 1527 3598 πατρικὸν
1569 3526 1819 3581 ἐπάνεισι
1860 3527 2049 3597 θρόνον
2076 3540 2089 3554 ·
2126 3526 2221 3578 καὶ
2265 3523 2326 3576 τὸ
2362 3522 2800 3592 ἐκπορευόμενον
2844 3519 3011 3575 αὐτοῦ
3087 3519 3327 3589 Πνεῦμα,
3413 3518 3509 3574 ἐπὶ

236 3622 344 3691 τὴν
376 3620 485 3674 τῶν
516 3622 760 3678 ἀπίστων
792 3623 966 3679 ἐθνῶν
996 3625 1354 3696 καταπέμπει
1402 3626 1516 3687 τοῖς
1553 3624 1823 3694 μαθηταῖς
1862 3622 2106 3695 ὁδηγίαν.
2142 3638 2165 3674 ι

1001 3720 1080 3775 Ε’.
2701 3713 2765 3768 ν.

318 3808 631 3873 ’Πκουσας,
678 3810 769 3863 καὶ
804 3809 865 3865 τό
914 3811 1354 3883 ἐκπορευόμενον
1398 3811 1563 3865 αὐτοῦ
1601 3811 1821 3881 Πνεῦμά

2000 3810 2189 3875 Audis,
2216 3818 2271 3864 et
2301 3807 2689 3878 procedentem
2718 3804 2839 3875 ejus
2864 3802 3128 3872 Spiritum
3161 3800 3315 3863 dicit,
3350 3799 3399 3851 id
3424 3808 3511 3853 est

236 3916 405 3970 φησι,
436 3899 596 3955 τοῦτο
640 3900 700 3956 δέ
757 3904 901 3970 ἐστι,
930 3903 993 3956 τὸ
1033 3903 1095 3967 ἐξ
1145 3904 1311 3956 αὐτοῦ
1362 3904 1821 3974 ἐκπορευόμενον.

1928 3903 2022 3973 qui
2059 3919 2122 3958 ex
2144 3918 2211 3958 eo
2240 3901 2507 3971 procedit.
2534 3901 2605 3954 At
2634 3914 2741 3953 non
2774 3899 2994 3967 ponitur
3024 3896 3269 3965 praecise,
3320 3892 3511 3947 dicunt

251 3991 405 4047 Ἀλλ’
437 3994 500 4046 οὒ
534 3999 735 4059 κεῖται,
766 3997 922 4063 φασὶ,
955 3996 1135 4066 ῥητῶς
1164 3996 1214 4049 οἱ
1246 3999 1347 4065 τῆς
1374 3996 1636 4068 ἀληθείας
1667 3998 1821 4051 πολέ-

1932 3996 2119 4051 hostes
2155 3994 2420 4058 veritatis,
2471 3992 2859 4061 procedentem
2903 4005 2967 4043 ex
3003 3987 3178 4053 Filio;
3213 3985 3307 4040 sed
3340 3986 3385 4039 si
3412 3982 3512 4037 ali-

239 4103 387 4154 μιοι,
422 4087 857 4157 ἐκπορευόμενον
888 4090 953 4142 ἐκ
980 4088 1074 4142 τοῦ
1106 4089 1240 4143 Υἱοῦ
1265 4107 1279 4120 ·
1306 4091 1355 4143 εἰ
1382 4090 1439 4143 δὲ
1479 4091 1572 4143 καὶ
1604 4088 1821 4161 εὓρηται

1937 4086 2060 4141 cubi
2094 4086 2387 4155 reperitur,
2418 4098 2484 4138 ex
2515 4082 2675 4136 Patre
2725 4079 3027 4149 procedere
3072 4075 3411 4144 intelligitur,
3443 4088 3511 4125 ex

236 4194 378 4241 που,
415 4182 614 4233 νοεῖται
651 4180 715 4233 ἐκ
756 4179 851 4234 τοῦ
885 4181 1100 4250 Πατρὸς
1142 4183 1598 4252 ἐκπορευόμενον,
1635 4184 1698 4236 ἐκ
1734 4180 1821 4236 τοῦ

1939 4178 2080 4234 Filio
2111 4191 2242 4232 vero
2279 4189 2623 4245 nequaquam
2658 4188 2673 4225 :
2707 4172 2895 4227 datum
2932 4179 3114 4223 autem
3176 4176 3231 4220 et
3272 4166 3511 4218 missum

236 4268 384 4324 Υῖοῦ
417 4269 473 4323 δὲ
530 4271 785 4340 οὐδαμῶς
817 4240 1295 4341 ἐκπορευόμενονί
1327 4240 1601 4344 διδόμενον
1623 4276 1680 4328 δὲ
1741 4274 1821 4327 κει.Ἰ

1943 4285 2040 4339 per
2069 4269 2291 4334 Filium,
2320 4240 2521 4337 quippe
2552 4280 2675 4319 cum
2735 4263 2873 4316 mitti
2920 4274 3042 4313 non
3070 4259 3291 4312 denotet
3325 4267 3515 4323 proce-

242 4362 616 4432 πεμπόμενον
638 4363 723 4416 διὰ
752 4362 846 4416 τοῦ
878 4364 1011 4417 Υίοῦ
1032 4380 1047 4395 ·
1082 4366 1167 4418 ὅτι
1195 4365 1259 4418 τὸ
1293 4365 1632 4434 πέμπεσθαι,
1666 4366 1727 4419 οὐ
1751 4366 1834 4420 δί-

242 4455 390 4507 δωσι
420 4455 563 4507 νοεῖν
601 4455 750 4524 ἡμᾶς
787 4454 848 4507 τὸ
889 4455 1309 4527 ἐκπορεύεσθαι.
1350 4457 1459 4510 Καὶ
1495 4456 1681 4511 λοιπὸν
1707 4458 1850 4512 ὅταν.

237 4542 546 4611 ἀκούωμεν
574 4544 633 4596 τὸ
684 4542 908 4612 Πνεῦμα
957 4545 1018 4598 τὸ
1065 4546 1221 4613 ἆγιον
1272 4545 1588 4614 πέμπεσθαι
1636 4546 1701 4599 ἐκ
1733 4545 1834 4599 τοῦ

241 4636 493 4703 Πατρός,
525 4635 586 4688 οὐ
617 4637 906 4708 νοήσωμεν
933 4636 1331 4707 ἐκπορεύεσθαι
1360 4639 1423 4690 ἐκ
1450 4635 1545 4690 τοῦ
1580 4637 1795 4707 Πατρός
1820 4650 1833 4666 ⁸

240 4730 271 4778 ὁ
306 4726 373 4778 δὲ
432 4726 811 4796 Παράκλητος,
868 4728 1035 4799 φησὶν
1073 4731 1102 4782 6
1156 4728 1412 4798 Χριστὸς,
1445 4728 1506 4781 ὃν
1548 4729 1755 4799 πέμψει
1811 4730 1840 4781 6

242 4817 453 4886 Πατὴρ
483 4818 543 4870 ἐν
571 4817 646 4888 τῷ
674 4820 899 4890 ὀνόματί
925 4838 1052 4891 μου,
1082 4822 1142 4874 οὐ
1170 4820 1415 4890 δώσομεν
1441 4820 1840 4890 ἐκπορεύεσθαι

240 4910 319 4960 ἐκ
354 4906 451 4986 ’ξοῦ
509 4907 765 4978 Πατρός;
816 4910 911 4962 καὶ
949 4910 1117 4977 μάλα.
1161 4907 1302 4964 Ἀλλ’
1355 4907 1543 4977 ἐπειδή
1592 4924 1728 4973 φατε
1758 4906 1840 4958 ὅτι

246 4999 362 5067 οὐχ
395 4997 710 5065 εὑρίσκεται
769 5000 1208 5070 ἐκπορευόμενον
1258 5000 1351 5054 καὶ
1382 5000 1446 5050 ἐκ
1494 4997 1589 5051 τοῦ
1627 4995 1751 5050 ficii
1783 4998 1843 5050 ἐν

245 5092 325 5160 τῇ
391 5088 514 5159 θείᾳ
573 5090 785 5160 Γραφῇ,
848 5090 1155 5161 βουλόμεθα
1210 5092 1308 5144 νῦν
1350 5088 1627 5155 ἀποδεῖξαι
1684 5088 1845 5141 τοῦτο

249 5184 471 5253 ῥητῶς.
523 5184 583 5234 '0
626 5185 804 5253 μέγας
841 5186 1194 5248 ’Δναστάσιος
1250 5185 1597 5254 πατριάρχης
1638 5178 1846 5237 Ἀντιο-

249 5276 444 5345 χείας,
473 5273 532 5338 ὃς
560 5276 874 5345 εὑρίσκεται
920 5278 1017 5331 καὶ
1046 5276 1204 5343 ἀγίου
1237 5275 1397 5345 ὄρους
1428 5274 1561 5327 Σινᾶ
1607 5273 1844 5341 λεγόμε-

253 5380 380 5425 νος.
414 5358 567 5427 οὗτός
594 5367 710 5419 ἐστι
741 5366 873 5438 περὶ
909 5361 972 5421 οὗ
1002 5369 1034 5437 ἡ
1068 5366 1197 5434 ἁγία
1245 5366 1378 5436 ἕκτη
1410 5364 1627 5425 σύνοδος
1670 5363 1842 5431 λέγει·

268 5457 688 5527 Ἀποδεχόμεθα
720 5459 811 5511 τὸν
840 5450 993 5527 ἅγιον
1027 5457 1383 5514 Ἀναστάσιον
1405 5472 1421 5490 ο
1451 5457 1546 5509 καὶ
1572 5454 1847 5524 Θεόδωρος

255 5546 567 5617 Μελιτινῆς
602 5549 876 5621 ἀπεκρίθη
897 5566 912 5580 ·
938 5550 1129 5619 Ἀγιον
1157 5548 1424 5604 ἀποκαλεῖ
1451 5547 1602 5603 πᾶσα
1625 5547 1658 5616 ἡ
1688 5546 1846 5602 Ἀνα-

358 5728 403 5756 ”
436 5727 589 5783 .loan.
623 5744 733 5798 xlv,
770 5728 854 5785 l6.

1938 4363 2102 4426 dere;
2144 4376 2208 4416 ac
2236 4360 2304 4414 de
2331 4368 2530 4413 caetero
2593 4355 2812 4424 quando
2865 4349 3200 4405 audierimus
3245 4346 3511 4415 Spiritum

1938 4463 2181 4509 sanctum
2216 4466 2289 4506 ex
2315 4448 2473 4503 Patre
2509 4446 2672 4510 mitti,
2705 4458 2813 4499 non
2861 4441 3229 4506 intelligamus
3254 4452 3318 4491 ex
3353 4434 3513 4501 Patre

1940 4545 2259 4616 procedere.
2311 4560 2330 4592 ι
2387 4538 2718 4601 Paraeletus,
2780 4534 2962 4603 inquit
2999 4530 3289 4599 ,Christus,
3353 4540 3511 4593 quem

1941 4636 2119 4691 mittet
2149 4634 2312 4688 Pater
2344 4633 2401 4686 in
2430 4629 2656 4684 nomine
2694 4640 2839 4693 meo,
2882 4643 2899 4675 ι
2942 4636 3123 4677 nonne
3153 4617 3514 4674 concedemus

1943 4740 2067 4780 eum
2108 4740 2175 4779 cx
2198 4721 2362 4778 Patre
2386 4718 2721 4790 procedere?
2750 4715 3004 4770 Maxime.
3040 4711 3146 4767 Sed
3174 4709 3303 4779 quia
3332 4705 3515 4761 dicitis

1942 4818 1998 4871 in
2047 4814 2229 4870 divina
2277 4812 2555 4880 Scriptura
2590 4825 2701 4864 non
2735 4806 2989 4877 reperiri,
3021 4814 3076 4859 et
3124 4818 3191 4857 ex
3225 4799 3359 4854 Filio
3390 4813 3515 4853 eum

1943 4904 2261 4976 procedere,
2310 4901 2566 4956 volumus
2615 4898 2670 4953 id
2714 4911 2859 4952 nunc
2888 4908 3147 4963 expresse
3201 4890 3513 4946 estendcre.

1942 4994 2170 5067 Magnus
2193 4991 2533 5053 Anastasius,
2565 4988 2866 5044 Antiochiae
2895 4984 3209 5057 patriarcha
3229 5025 3242 5047 ,
3279 4980 3368 5049 qui
3408 4987 3461 5032 et
3487 4992 3518 5029 a

1945 5096 2137 5144 sancto
2165 5094 2348 5141 monte
2381 5082 2532 5138 Sinai
2562 5081 2863 5152 appellatur
2896 5078 2965 5148 (is
2991 5086 3074 5132 est
3098 5076 3168 5127 de
3195 5086 3304 5139 quo
3326 5075 3518 5124 sancta

1950 5186 2105 5232 sexta
2137 5175 2379 5247 synodus
2404 5173 2596 5228 scribit
2628 5185 2644 5225 :
2706 5169 3023 5238 Recipimus
3092 5175 3340 5219 sanetum
3374 5164 3519 5214 Aua-

1950 5266 2177 5335 stasiugn
2212 5285 2227 5322 :
2256 5277 2312 5322 et
2357 5264 2677 5323 Theodorus
2712 5261 2987 5317 Melitines
3021 5256 3345 5327 respondit:
3376 5255 3516 5310 Sau-

1948 5367 2094 5414 ctum
2141 5368 2299 5413 vocat
2346 5365 2494 5411 totus
2536 5355 2733 5410 Oriens
2784 5353 2933 5407 hunc
2986 5359 3187 5406 sancta:
3241 5347 3521 5401 memoria!

1950 5448 2315 5511 Anastasium,
2345 5446 2439 5516 qui
2479 5445 2583 5499 fuit
2606 5446 2897 5514 episeOpus
2934 5440 3239 5495 Antiochiae
3282 5460 3295 5493 :
3341 5446 3396 5491 ct
3423 5435 3519 5506 qui

1951 5555 2075 5598 cum
2115 5555 2222 5594 non
2254 5537 2469 5607 recipit,
2501 5536 2641 5592 Deus
2676 5531 3161 5589 anathematizabit
3196 5548 3210 5585 :
3246 5538 3301 5584 et
3328 5542 3520 5585 omnes
