3978 6204
291 258 434 328 1145

284 379 423 433 ἀλλὰ
454 379 554 450 τὴν
578 381 760 452 κρίσιν
789 389 970 441 πᾶσαν
1004 392 1202 448 δέδωκε
1233 397 1311 466 τῷ
1339 397 1472 468 Υῐῷ.
1523 403 1632 456 Καὶ

287 471 400 540 γὰρ
428 473 456 524 6
485 473 676 545 Πατὴρ
710 476 822 547 ἔχει
860 479 1006 550 ζωὴν
1040 485 1095 537 ἐν
1128 487 1328 559 ἐαυτῷ,
1360 490 1533 557 οὕτως
1574 494 1741 549 ἔδωκε
1773 471 1866 550 καλ

290 565 380 660 τῷ,
413 566 526 638 Υίῷ
570 569 715 639 ζωὴν
761 571 908 642 ἔχειν
950 577 1006 629 ἐν
1042 578 1241 650 ἐαυτῷ.
1280 601 1299 634 ι
1336 585 1409 636 Οῦ
1459 587 1566 658 γὰρ
1601 592 1867 660 πρᾶτερον

290 655 571 728 ἐγέννησε,
619 663 713 714 καὶ
759 663 986 735 ὕστερον
1017 669 1215 724 ἔδωκεν
1266 674 1419 744 αὐτῷ
1440 655 1732 747 τὴν-ζωὴν,
1776 655 1868 734 καὶ

288 749 387 818 τὴν
421 752 621 821 κρίσιν,
655 755 791 810 ἀλλὰ
821 757 966 827 ζωὴν
999 763 1290 832 ἐγέννησεν
1322 767 1508 830 αὑτὸν,
1536 771 1867 847 καὶ-κριτὴν

288 843 580 914 ἐγέννησεν
625 847 806 903 αὐτόν.
847 850 1002 903 Οὕτω
1043 855 1138 906 καὶ
1167 855 1260 913 ἐπὶ
1293 856 1386 908 τοῦ
1422 843 1739 929 Πνεύματος
1768 862 1864 915 τοῦ

285 932 468 1000 ἁγίου,
505 955 525 988 ε
575 937 743 992 Ὅταν
779 941 1068 1011 ἀκούωμεν
1114 945 1339 1014 Πνεῦμα
1371 949 1606 1018 Πατρδς,
1640 949 1864 1019 Πνεῦμα

287 1027 351 1077 ἐκ
403 1029 616 1097 Πατρδς
666 1030 896 1100 νοοῦμεν
922 1049 935 1063 ·
964 1037 1059 1086 καὶ
1094 1037 1316 1106 Πνεῦμα
1350 1038 1502 1103 Υίοῦ,
1550 1040 1773 1108 Πνεῦμα
1807 1043 1865 1106 ἐξ

287 1118 420 1172 Υἱοῦ
453 1122 781 1192 φρονοῦμεν.
812 1125 919 1179 Καὶ
963 1129 1091 1180 ὅταν
1137 1128 1481 1200 ἀκούσωμεν,
1514 1136 1614 1184 ιτδ
1640 1134 1862 1203 Πνεῦμα

288 1216 593 1282 προχεῖται,
653 1217 966 1282 ἀναϐλύζει,
1025 1221 1287 1290 πηγάζει,
1352 1224 1564 1284 ὲνίεισι,
1621 1226 1861 1295 πρόεισι,

285 1306 584 1374 διδόμενον,
641 1310 1017 1380 πεμπόμενον,
1069 1314 1548 1384 ἀποστελλόμενοι),
1598 1316 1864 1386 χορηγού-

291 1413 473 1465 μενον,
515 1400 863 1470 ἐκχεόμενον,
899 1405 1106 1473 προϊὸν,
1142 1407 1524 1474 προχεόμενοι,
1564 1425 1583 1460 ι
1614 1408 1700 1461 διὰ
1730 1411 1865 1463 πάν-

285 1503 396 1540 των
424 1488 630 1543 τούτων
691 1490 995 1559 ὀνομάτων,
1047 1495 1142 1547 καὶ
1179 1497 1279 1548 ὅσα
1335 1496 1468 1549 ἄλλα
1520 1498 1618 1566 τῆς
1671 1499 1864 1566 ὁμοίας

284 1580 587 1650 διαγωγῆς,
651 1583 749 1652 τὴν
804 1585 899 1637 τοῦ
954 1587 1270 1656 Πνεύματος
1324 1590 1552 1660 νοοῦμεν
1612 1592 1858 1661 πρόοδον.

287 1674 524 1739 Ταύτην,
547 1673 689 1727 οὕτω
721 1677 809 1728 καὶ
832 1679 856 1729 6
878 1677 1196 1741 δδεὶσκαλος
1221 1680 1375 1744 οὗτος
1403 1682 1682 1753 ἐννοήσας,
1710 1684 1860 1736 ἀδιαο

935 272 1084 339 PRO
1111 278 1312 344 CONC.
1359 283 1740 348 FLORENI‘.
1773 288 1928 352 CAP.
1970 289 2016 348 l.
2061 290 2158 350 DE
2191 292 2505 355 SPIliiTU
2539 294 2849 357 SANCTO.

3403 313 3538 379 1146

1680 405 1868 478 ὥσπερ
1896 412 1942 469 Α
1973 411 2380 477 procedentem,
2431 414 2715 483 profusum
2742 435 2755 470 :
2785 433 2880 486 per
2909 417 3026 471 ha'c
3072 420 3253 473 omnia
3302 427 3541 490 nomina,

1971 509 2026 554 et
2066 517 2406 579 qumcnuque
2424 505 2528 560 alia
2551 506 2744 561 similis
2770 519 2899 575 sunt
2919 510 3294 575 derivationis,
3315 511 3555 581 Spiritus

1970 591 2374 658 processionem
2428 595 2784 664 intelligimus
2830 616 2844 652 :
2900 599 2974 652 ita
3024 599 3168 653 banc
3222 602 3312 656 hic
3359 603 3552 657 doctor

1970 680 2300 752 intelligens,
2337 685 2712 742 indifferenter
2740 692 2793 742 in
2827 688 2987 744 Patre
3021 701 3252 761 usurpat
3300 705 3345 746 ct
3386 695 3546 759 Filia,

1970 782 2024 825 ct
2055 771 2319 842 Spiritum
2363 775 2494 828 dicit
2523 779 2906 845 procedentem
2932 791 2982 834 et
3018 784 3284 847 missum,
3321 801 3430 837 non
3459 801 3548 839 so-

1971 866 2081 919 lum
2109 881 2137 918 a
2168 865 2354 930 Patre,
2385 869 2481 923 sed
2501 869 2661 924 etiam
2686 887 2713 923 a
2748 872 2905 926 Filio.
2937 874 3390 938 Animadvertite,
3418 893 3561 946 rogo-

1970 969 2066 1020 pcr
2096 955 2406 1018 Dominum,
2447 957 2884 1014 animadvertite.
2920 961 3160 1016 Accedat
3209 964 3376 1033 igitur
3403 967 3545 1019 veri-

1969 1047 2094 1099 tatis
2123 1061 2306 1115 pra’co
2332 1057 2385 1100 ct
2417 1048 2698 1104 confessor
2722 1067 2948 1122 magnus
2972 1062 3026 1108 et
3048 1055 3278 1110 celebris
3304 1056 3546 1111 Athana-

1968 1137 2104 1201 sius,
2157 1145 2216 1190 ut
2255 1154 2466 1193 mecum
2513 1141 2702 1195 eadem
2774 1128 3112 1200 testificetur.
3167 1146 3263 1200 llic
3307 1149 3450 1200 enim
3489 1152 3543 1203 in

1967 1229 2318 1284 confessione
2351 1245 2463 1285 sua!
2489 1230 2635 1298 ﬁdei,
2668 1233 2826 1299 cujus
2849 1237 3180 1306 principium
3207 1255 3221 1291 :
3254 1257 3272 1288 ι
3304 1239 3545 1304 Quicun-

1965 1335 2072 1388 que
2101 1320 2215 1375 vult
2251 1322 2432 1376 salvus
2455 1337 2599 1389 esse,
2631 1333 2768 1380 ante
2789 1326 2969 1380 omnia
3003 1342 3138 1396 opus
3168 1337 3250 1382 est
3277 1338 3335 1383 ut
3362 1338 3544 1385 teneat

1967 1411 2291 1464 catholicam
2325 1411 2506 1480 ﬁdem,
2549 1432 2570 1464 ι
2599 1414 2676 1468 sic
2706 1414 2882 1482 inquit
2910 1435 2923 1470 :
2957 1436 2975 1469 ι
3003 1416 3485 1492 Spiritus‘sanctus
3507 1438 3537 1475 a

1969 1501 2130 1555 l‘atre
2151 1513 2204 1556 et
2232 1502 2386 1566 Filio,
2413 1519 2520 1558 non
2552 1504 2753 1568 factus,
2780 1522 2881 1562 nec
2907 1516 3146 1572 creatus,
3171 1524 3275 1564 nec
3300 1511 3538 1580 genitus,

1965 1595 2058 1648 sed
2095 1595 2414 1662 procedens.
2453 1595 2651 1650 Doctor
2681 1597 2770 1652 hic
2801 1598 2962 1652 etiam
3011 1599 3144 1654 dicit
3187 1615 3214 1652 a
3264 1600 3426 1655 Patre
3485 1612 3542 1656 ct

1965 1686 2104 1740 Filio
2137 1685 2400 1755 Spiritum
2430 1699 2676 1743 sanctum
2725 1703 2848 1744 esse
2872 1732 2886 1755 ,
2924 1705 3039 1743 non
3081 1701 3325 1745 creatum
3358 1733 3369 1751 .
3433 1709 3544 1746 non

285 1766 471 1835 φόρως
530 1767 710 1835 τίθησι
764 1771 856 1822 καὶ
902 1770 994 1821 ἐπὶ
1027 1771 1119 1823 τοῦ
1161 1772 1373 1842 Πατρὶς
1412 1773 1509 1826 κιι1⁸
1556 1773 1652 1827 τοῦ
1684 1774 1816 1828 Υίοῦ
1842 1790 1857 1807 ·

1968 1779 2210 1848 genitum
2238 1820 2252 1840 ,
2304 1779 2396 1834 sed
2445 1780 2856 1848 procedentem.
2901 1781 3035 1836 Cum
3088 1783 3139 1836 in
3177 1785 3323 1837 hunc
3358 1785 3541 1838 locum

285 1859 384 1911 καὶ
415 1859 641 1927 Πνεῦμα
692 1879 856 1928 φησιν
901 1864 1336 1934 ἐκπορευόμενον
1397 1868 1490 1920 καὶ
1527 1867 1858 1921 ἁποστελλόο

290 1969 474 2022 μενον,
523 1954 584 2005 ού
617 1953 776 2022 μόνον
814 1957 963 2027 παρὰ
998 1958 1090 2010 τοῦ
1145 1959 1378 2029 Πατρὸς,
1418 1959 1555 2013 ἀλλὰ
1586 1961 1680 2013 καὶ
1707 1961 1862 2030 παρᾶ

283 2047 378 2100 τοῦ
430 2044 579 2101 Υίοῦ.
643 2047 964 2116 Ἐννοήσοιτε
1013 2050 1318 2118 παρακαλῶ
1353 2051 1440 2105 διὰ
1484 2053 1576 2106 τὸν
1630 2051 1856 2120 Κύριον,

285 2139 596 2206 ἐννοήσατε.
641 2138 870 2192 Ἒλθέτω
914 2141 1090 2195 τοίνυν
1152 2143 1245 2194 καὶ
1275 2141 1303 2192 ὁ
1329 2142 1428 2209 τῆς
1473 2141 1730 2210 ἀληθείας
1765 2143 1862 2211 κή-

287 2229 409 2301 ρλξ,
439 2232 529 2283 καὶ
553 2231 912 2302 ὀμολογητὴς,
940 2235 967 2286 6
994 2234 1168 2302 μέγας
1199 2235 1294 2288 καὶ
1318 2235 1484 2296 πολὺς
1517 2235 1858 2300 ’Δθανάσιος,

285 2329 357 2377 τὰ
408 2325 547 2378 αὐτὰ
596 2330 1082 2397 συμμαρτυρήσων
1131 2328 1300 2398 ἡμῖν·
1331 2321 1486 2390 οῦτος
1533 2329 1640 2397 γὰρ
1695 2330 1754 2380 ἐν
1793 2332 1857 2398 τῇ

282 2419 544 2489 ὁμολογίᾳ
571 2418 672 2484 τῆς
717 2419 908 2471 ἑαυτοῦ
963 2421 1219 2485 πίστεως,
1257 2416 1325 2495 ἦς
1365 2423 1397 2491 ἡ
1430 2422 1598 2490 ἁρχὴ,
1635 2421 1859 2483 ι”Οστις

282 2513 350 2565 ἂν
382 2512 636 2580 βούληται
672 2513 930 2579 σωθῆναι,
969 2513 1072 2582 χρὴ
1109 2515 1213 2581 πρὸ
1258 2513 1477 2566 πάντων
1505 2517 1726 2582 κρατεῖν
1758 2514 1860 2583 τὴν

287 2603 586 2670 καθολικὴν
651 2606 886 2662 πίστιν.»
923 2604 1065 2656 οῦτω
1109 2603 1284 2672 φησι·
1325 2621 1343 2652 α
1393 2605 1464 2656 Τὸ
1515 2604 1738 2672 Πνεῦμα
1799 2609 1860 2658 τὸ

285 2695 464 2762 ἅγιον,
501 2696 608 2748 ἀπὸ
655 2695 749 2748 τοῦ
784 2695 995 2764 Πατρὸς
1043 2697 1137 2748 καὶ
1167 2694 1261 2749 τοῦ
1316 2695 1471 2760 Υίοῦ,
1513 2696 1574 2748 ού
1611 2697 1856 2765 ποιητὸν,

285 2787 349 2839 ού
407 2785 626 2839 κτιστδν
659 2827 671 2847 ,
707 2787 767 2837 οὐ
826 2786 1099 2855 γεννητὸν.
1142 2785 1257 2838 ἀλλ’
1303 2787 1649 2854 ἑκπορευτόν.
1690 2805 1709 2838 ι
1749 2787 1860 2840 Καὶ

284 2875 441 2938 οὗτος
470 2879 497 2929 6
526 2876 866 2939 διδάσκαλος,
904 2877 1010 2930 ἀπὸ
1044 2875 1140 2928 τοῦ
1171 2876 1408 2944 Πατρδς,
1455 2877 1610 2946 φησὶ,
1636 2876 1730 2928 καὶ
1763 2876 1857 2928 τοῦ

282 2968 506 3022 Tia-31:6
549 2967 772 3038 Πνεῦμά
803 2971 973 3033 ἐστιν,
1022 2967 1084 3020 ού
1128 2965 1374 3038 ποιητὸν,
1416 2967 1476 3020 οὐ
1508 2966 1748 3032 κτιστὺν,
1795 2969 1856 3022 οὐ

282 3060 563 3128 γεννητδν,
599 3059 714 3112 ἀλλ’
755 3062 1107 3126 ὲκπορευτόν.
1138 3060 1228 3114 Ἐν
1256 3057 1433 3129 τούτῳ
1457 3061 1514 3114 δὲ
1552 3061 1855 3130 γενόμενος,

249 3216 261 3228 I
287 3156 465 3207 ἔπεισί
493 3171 580 3222 μοι
610 3157 704 3206 καὶ
737 3154 942 3222 σφόδρα
971 3154 1264 3223 θρηνῆσαι,
1295 3156 1389 3207 καὶ
1418 3154 1602 3224 φωνὴν
1626 3154 1859 3224 ἐκρῆξαι

290 3250 428 3316 μετὰ
457 3247 710 3317 δακρύων
737 3263 796 3298 τε
833 3247 927 3299 καὶ
967 3245 1292 3314 ὀλολυγμοῦ,
1328 3246 1422 3298 καὶ
1473 3243 1704 3298 κλαῦσαι
1733 3247 1860 3308 τοὺς

287 3343 469 3394 ἑκοντὶ
519 3341 662 3392 οὕτω
697 3337 1055 3407 καμμύοντας
1097 3339 1224 3398 τοῦς
1271 3335 1586 3405 ὀφθαλμοῦς
1629 3336 1764 3403 πρὸς
1801 3337 1862 3387 τὸ

289 3435 427 3502 φῶς,
457 3434 551 3485 καὶ
583 3431 722 3502 πρὸς
751 3430 848 3498 τὴν
889 3429 1148 3498 ἀλήθειαν
1183 3426 1604 3497 ἀντικρούοντας
1625 3441 1640 3456 ο
1675 3426 1770 3479 καὶ
1798 3426 1857 3477 ού

288 3529 455 3594 μόνον
476 3525 856 3590 ἀντιλέγοντας
884 3524 951 3592 τῇ
973 3521 1222 3591 ἀληθείᾳ,
1244 3519 1380 3572 ἀλλὰ
1404 3519 1496 3572 καὶ
1521 3519 1647 3580 τοὺς
1673 3517 1861 3584 ἁγίους

284 3621 385 3686 τῆς
431 3617 756 3685 Ἐκκλησίας
799 3614 1154 3675 διδασκάλους
1193 3612 1560 3674 ἀθετοῦντας·
1613 3611 1707 3663 καὶ
1755 3611 1858 3662 οὐκ

285 3708 615 3772 ἁθετοῦντας
665 3707 863 3778 μόνον,
914 3707 1052 3760 ἀλλὰ
1093 3706 1188 3758 καὶ
1223 3703 1561 3772 ὑϐρίζοντας.
1618 3706 1750 3756 Τίνα
1797 3703 1864 3758 ἂν

288 3803 505 3872 εὕροιεν
537 3799 834 3868 ἀπολογίαν
865 3815 923 3853 τε
959 3799 1055 3851 καὶ
1086 3797 1431 3865 συμπάθειαν
1463 3798 1512 3850 οἱ
1539 3796 1711 3850 ταῦτα
1746 3814 1864 3849 ποι-

287 3895 516 3958 οῦντεςς
559 3892 624 3944 Ὢ
666 3893 765 3960 τῆς
797 3890 1000 3959 ἀνοχῆς
1038 3905 1159 3949 σου,
1192 3887 1398 3959 Χριστὲ
1446 3885 1668 3954 βασιλεῦ
1698 3902 1713 3918 ο
1747 3889 1864 3950 πῶς

287 3987 349 4039 ού
379 3982 814 4052 καταφλέγονται
839 3978 947 4033 τῶν
980 3979 1318 4049 βλασφήμων
1347 3977 1409 4030 τὸ
1451 3980 1696 4044 στόματα
1713 3994 1729 4044 ;
1764 3977 1865 4031 οὐκ

288 4077 566 4130 αῖδοῦνται
599 4073 778 4138 λέγειν
799 4071 874 4133 ὡς
915 4072 943 4122 6
972 4069 1114 4139 ἱερὸς
1159 4068 1474 4129 Ἀθανάσιος
1508 4067 1740 4136 μέθυσος
1769 4063 1863 4137 ἦν,

261 4173 385 4228 ,καὶ
435 4169 525 4220 ὅτε
572 4164 724 4218 ταῦτ’
758 4164 965 4232 ἔγραφε
1014 4161 1227 4230 πλήρης
1279 4155 1348 4230 ἦν
1414 4160 1578 4212 οἴνου.
1623 4155 1865 4226 ’Λληθῶς

291 4259 508 4328 πλήρης
544 4253 613 4327 ἦν
659 4255 932 4325 κρατῆρος
963 4250 1358 4321 πνευματικοῦ,
1389 4251 1727 4318 depingunt
1763 4249 1866 4318 χά-

291 4367 464 4419 ριτος,
506 4351 570 4402 ὲκ
609 4347 711 4416 τῆς
759 4344 855 4398 τοῦ
905 4345 1063 4413 ἁγίου
1114 4343 1436 4411 Πνεύματος
1483 4341 1668 4411 πηγῆς
1695 4357 1709 4372 ·
1750 4339 1867 4393 ἀλλ’

1965 1870 2333 1939 pervenerim,
2383 1871 2550 1925 subiit
2604 1872 2736 1926 mihi
2794 1873 3151 1929 vehementer
3198 1874 3346 1940 ﬂere,
3389 1886 3446 1930 et
3483 1877 3542 1928 in

1965 1973 2155 2013 vocem
2191 1973 2546 2027 prorumpere
2576 1973 2702 2014 cum
2734 1961 2997 2031 lacrymis
3019 1972 3073 2016 et
3107 1963 3335 2032 eiulatu,
3366 1975 3416 2018 et
3447 1979 3540 2017 cos

1965 2049 2253 2119 deplorare
2287 2054 2379 2120 qui
2431 2061 2634 2120 sponte
2670 2067 2767 2108 sua
2819 2054 3081 2108 adversus
3129 2055 3304 2110 lucem
3349 2057 3541 2109 oculos

1962 2142 2257 2196 occludunt
2285 2151 2340 2197 et
2363 2143 2583 2198 veritati
2617 2154 2944 2215 repugnant,
2981 2161 3083 2200 nec
3116 2147 3292 2200 solum
3324 2147 3537 2200 veritati

1963 2235 2355 2289 contralicunt
2379 2277 2394 2300 ,
2432 2249 2626 2288 verum
2675 2235 2836 2289 etiam
2891 2246 3112 2291 sanctos
3152 2236 3406 2291 Ecclesiae
3438 2239 3536 2288 do~

1961 2335 2142 2379 ctores
2173 2335 2567 2392 aspernantur;
2600 2341 2779 2396 neque
2810 2337 3176 2396 aspernantur
3204 2328 3403 2387 solum.
3441 2327 3543 2379 sed

1962 2419 2126 2470 etiam
2157 2416 2354 2487 injuria
2389 2415 2651 2472 alliciunt.
2687 2419 2994 2484 Quamnam
3027 2419 3400 2472 defensionem
3449 2419 3541 2470 rei

1967 2508 2507 2563 commiseratioan
2565 2509 2847 2564 invenient
2893 2508 2987 2578 qui
3035 2511 3148 2562 haec
3185 2509 3433 2562 iaciunt?
3489 2509 3542 2561 0

1967 2612 2113 2656 tuam
2159 2601 2472 2670 patientiam
2495 2639 2511 2664 ,
2557 2599 2774 2655 Christe
2805 2615 2896 2654 rex
2927 2601 2940 2652 l
2974 2603 3249 2669 quomodo
3281 2599 3539 2668 blasphe-

1955 2691 2226 2745 mantium
2256 2707 2351 2745 ora
2383 2705 2490 2745 non
2520 2690 3334 2745 comburuntur?Athanasium
3356 2691 3542 2744 dicere

1962 2798 2070 2835 non
2132 2790 2410 2848 verentur,
2462 2781 2670 2836 ebrium
2727 2780 2899 2836 fuisse
2952 2791 3007 2836 et
3072 2782 3204 2836 vino
3255 2782 3544 2849 oppletum

1961 2869 2180 2938 quando
2212 2869 2328 2922 lucc.
2365 2869 2628 2938 scripsit!
2663 2869 2800 2923 Vere
2831 2869 3022 2937 plenus
3072 2877 3189 2923 erat
3230 2868 3535 2938 spiritualis

1962 2960 2168 3024 poculi,
2199 2959 2500 3028 sapientize,
2528 2969 2583 3014 ct
2616 2960 2803 3030 gratim
2824 2975 2888 3013 ex
2912 2959 3151 3028 Spiritus
3179 2960 3354 3014 sancti
3387 2957 3548 3014 fonte

1961 3051 2331 3114 scaturientis,
2363 3067 2495 3115 non,
2531 3059 2588 3104 ut
2618 3050 2672 3104 hi
2712 3050 3055 3106 miserabiles
3085 3051 3299 3106 dicunt.
3345 3051 3540 3120 Pr0pi-

1965 3142 2071 3196 tius
2100 3143 2172 3196 sit
2207 3141 2313 3196 illis
2333 3141 2599 3196 Dominus
2628 3157 2692 3196 ac
2724 3142 2883 3196 nobis
2909 3158 2922 3194 :
2951 3142 3171 3197 tollatur
3203 3142 3273 3196 ab
3304 3141 3384 3197 eis
3417 3143 3538 3197 haec

1965 3231 2326 3300 impudentia,
2365 3231 2631 3299 nobisque
2657 3233 2939 3300 contingat
2983 3232 3084 3284 sub
3111 3232 3406 3286 Athanasii
3443 3247 3543 3301 pe-

1965 3323 2125 3376 dihns
2147 3327 2469 3378 consistere.
2499 3321 2643 3375 Esto.
2673 3320 2911 3375 Accedat
2936 3337 3162 3390 magnus
3180 3321 3540 3391 Epiphanius,

1965 3414 2124 3483 Cypri
2156 3412 2622 3480 archiepisc0pus,
2659 3423 2716 3466 ut
2762 3427 2868 3467 una
2905 3428 3116 3468 mecum
3151 3413 3278 3467 huic
3305 3424 3529 3468 sentcn-

1979 3506 2067 3560 tite
2096 3505 2484 3575 patrocinctur.
2519 3503 2619 3558 Hic
2647 3504 2790 3558 enim
2824 3504 2876 3559 in
2905 3519 3154 3560 sermone
3183 3506 3276 3574 qui
3307 3515 3534 3560 vocatur

1967 3601 2286 3660 Ancoratus,
2356 3598 2435 3650 sic
2487 3598 2720 3664 explicat
2775 3611 2843 3648 ιι
2885 3595 3123 3666 Uterque
3183 3597 3236 3650 in
3302 3596 3526 3652 homine

1963 3688 2114 3758 justo
2147 3688 2353 3742 habitat
2376 3688 2653 3753 Christus,
2685 3695 2740 3742 et
2773 3685 3012 3757 Spiritus
3038 3687 3175 3756 ejus.
3202 3687 3256 3740 Si
3284 3686 3538 3741 Christus

1968 3796 2032 3834 ex
2070 3779 2230 3834 Patre
2254 3781 2500 3836 creditur
2523 3779 2665 3836 Deus
2695 3796 2761 3836 ex
2793 3780 2925 3844 Deo,
2949 3789 3003 3834 et
3030 3777 3268 3848 Spiritus
3290 3795 3354 3832 ex
3383 3778 3538 3832 Chri-

1969 3881 2078 3936 sto,
2101 3873 2187 3926 vel
2217 3872 2284 3927 ah
2319 3881 2569 3940 utroque,
2606 3871 2939 3927 utChristus
2968 3871 3121 3932 dicit,
3170 3869 3291 3938 «qui
3317 3885 3347 3923 a
3381 3867 3542 3922 Patre

1964 3961 2238 4028 procedit,
2270 3971 2326 4016 et
2365 3961 2454 4016 hic
2484 3963 2552 4016 de
2584 3977 2703 4016 meo
2733 3961 2990 4031 accipiet.
3031 3979 3050 4012 ι
3087 3963 3156 4016 At
3195 3960 3339 4014 dicet
3370 3960 3492 4028 quis
3521 3977 3537 4012 :

1963 4053 2107 4122 Ergo
2139 4051 2276 4107 duos
2303 4051 2538 4105 dicimus
2562 4066 2682 4105 esse
2714 4051 2880 4115 lilios,
2935 4059 2993 4104 ct
3037 4049 3308 4120 quomodo
3354 4051 3542 4119 unige-

1969 4142 2153 4196 nitus?
2186 4142 2328 4196 Sane
2355 4142 2598 4211 quidem,
2633 4153 2687 4195 tu
2720 4140 2848 4210 quis
2885 4155 2964 4203 es,
3007 4141 3100 4210 qui
3134 4141 3244 4196 Deo
3274 4139 3544 4196 contradi-

1968 4235 2089 4290 cis?
2115 4233 2248 4288 Nam
2286 4243 2536 4301 vocatex
2567 4247 2635 4287 eo
2665 4231 2860 4286 Filium
2889 4270 2904 4294 ,
2955 4231 3219 4300 Spiritum
3254 4248 3384 4286 vero
3420 4246 3544 4284 san-

1970 4338 2118 4379 ctum
2149 4340 2219 4379 ex
2259 4333 2493 4394 utroque
2524 4339 2538 4375 :
2569 4338 2689 4392 quae
2723 4322 2828 4376 title
2877 4330 3086 4375 tantum
3134 4336 3162 4374 a
3192 4320 3395 4374 sanctis
3427 4335 3544 4374 cre-

288 4411 390 4508 Asx
418 4411 496 4497 de;
523 4438 573 4490 oi
608 4411 839 4490 ἐλεεινοὶ
871 4411 1148 4501 λέγουσιν.
1191 4433 1376 4495 ’Ὶλεως
1404 4431 1614 4499 γένοιτο
1665 4431 1863 4501 Κύριος

1972 4423 2104 4486 dita,
2133 4420 2316 4476 lucida
2351 4431 2407 4474 et
2449 4435 2480 4473 a
2510 4418 2631 4474 luce
2662 4419 2814 4483 data,
2844 4417 3082 4471 lucidam
3116 4414 3222 4469 vim
3255 4411 3478 4469 habent.
3519 4433 3540 4466 ι

289 4532 475 4593 αὐτοῖς
504 4531 600 4584 καὶ
644 4530 777 4599 ήμῐν
802 4545 816 4560 ο
849 4526 944 4580 καὶ
983 4525 1253 4583 παυσάτω
1297 4525 1390 4578 ἀπ’
1423 4523 1604 4579 αὐτῶν
1632 4525 1670 4589 ἡ
1721 4522 1868 4575 rival—

289 4623 408 4676 δεια
463 4621 601 4689 αὕτη
631 4636 646 4652 ο
703 4621 836 4688 ἡμῖν
887 4619 944 4673 δὲ
990 4620 1202 4686 γένοιτο
1240 4620 1424 4688 τυχεῖν
1464 4617 1564 4686 τῆς
1625 4617 1870 4677 στάσεως

304 4713 643 4777 ’Δθανασίου,
681 4712 831 4766 κάτω
866 4713 932 4762 ὲν
964 4713 1078 4771 τοῖς
1111 4708 1291 4762 ποσίν.
1329 4704 1473 4762 Εἶεν.
1516 4709 1739 4778 Παρίτω
1777 4707 1870 4760 καὶ

291 4805 322 4856 6
356 4805 524 4874 μέγας
568 4802 886 4870 Ἐπιφάνιος
923 4801 1356 4869 ἀρχιεπίσκοπος
1398 4797 1648 4866 Κύπρου,
1709 4814 1870 4862 συνη-

293 4897 548 4965 γορήσων
609 4896 744 4966 ἡμῖν
799 4896 972 4964 ταύτῃ
1007 4896 1072 4962 τῇ
1122 4891 1247 4962 δόξῃ
1278 4907 1294 4923 ο
1328 4886 1500 4950 ὀὗτος
1533 4892 1642 4958 γὰρ
1701 4889 1759 4940 ὲν
1791 4888 1869 4957 τῷ

296 4988 461 5055 λόγῳ,
497 4986 577 5054 τῷ
626 4987 944 5056 καλουμένῳ
997 4982 1365 5052 Ἀγκυρωτῷ,
1396 4983 1539 5035 οὕτω
1573 4981 1826 5048 διασαφεῖ
1849 4996 1867 5012 ο

302 5097 320 5130 ι
371 5064 684 5149 ’Λμφότερα
741 5078 986 5130 κατοικεῖ
1022 5077 1078 5128 ὲν
1108 5077 1184 5144 τῷ
1225 5073 1496 5144 ἀνθρώ-’.τῳ
1537 5074 1614 5142 τῷ
1651 5074 1867 5138 δικαίῳ,

295 5170 324 5219 ὁ
353 5169 605 5237 Χριστὸς,
640 5168 825 5222 καὶτὸ
859 5167 1085 5235 Πνεῦμα
1123 5164 1309 5217 αὐτοῦ.
1342 5164 1406 5218 Εί
1435 5163 1491 5216 δὲ
1538 5163 1772 5231 Χριστὸς
1807 5162 1870 5213 ὲκ

296 5259 394 5312 τοῦ
423 5261 632 5329 ῐιατρὺς
655 5259 993 5318 πιστεύεται,
1017 5257 1149 5316 θεὸς
1177 5256 1241 5307 ἐκ
1263 5254 1422 5318 Θεοῦ,
1449 5254 1542 5305 καὶ
1565 5251 1625 5304 τὸ
1648 5243 1871 5318 Πνεῦμα

298 5356 365 5404 ἐκ
422 5351 515 5403 τοῦ
554 5350 814 5419 Χριστοῦ,
859 5349 894 5419 ἤ
931 5347 1059 5417 παρ’
1119 5345 1464 5417 ἀμφοτέρων,
1517 5343 1593 5407 ὥς
1641 5361 1805 5413 φησιν
1841 5344 1870 5394 6

300 5443 559 5514 Χριστὺς,
579 5442 608 5495 ὃ
630 5441 775 5510 παρά
799 5442 893 5494 τοῦ
925 5440 1140 5507 Πατρδς
1169 5437 1526 5507 ἐκπορεύεται
1552 5451 1565 5466 ·
1591 5436 1686 5488 καὶ
1716 5427 1870 5497 οὗτος

299 5537 364 5586 ὲκ
402 5533 498 5586 τοῦ
532 5534 666 5601 ἐμοῦ
696 5532 946 5603 λήψεται.
998 5551 1016 5585 ι
1069 5530 1209 5586 Ἀλλ’
1249 5530 1366 5599 ipsi
1395 5545 1501 5592 τις,
1532 5527 1727 5580 οὐκοῦν
1767 5543 1872 5592 φα-

302 5640 406 5692 μεν
449 5619 727 5677 εἶναιιδύο
767 5625 950 5686 Υῑοὺς,
994 5623 1086 5675 καὶ
1122 5621 1241 5683 πῶς
1295 5615 1588 5690 μονογενήξ
1618 5635 1632 5683 ;
1672 5608 1870 5685 μενδῧν

1971 4515 2038 4568 Ει
2072 4526 2266 4567 rursus
2309 4512 2364 4566 in
2395 4510 2588 4565 eodem
2627 4527 2641 4561 :
2674 4528 2691 4559 ι
2738 4507 2979 4578 Spiritus
3028 4513 3256 4560 sanctus
3283 4503 3545 4572 [Spiritus

1971 4607 2213 4661 veritatis
2249 4615 2352 4664 est.
2385 4604 2568 4657 lumen
2615 4600 2835 4655 tertium
2897 4614 2927 4654 a
2983 4599 3145 4652 Patre
3175 4605 3230 4652 et
3264 4595 3402 4652 Filio
3437 4606 3542 4651 est.

1968 4698 2106 4754 Num
2131 4697 2446 4752 intellexiSti
2472 4693 2603 4750 illud
2625 4692 2694 4748 ab
2721 4691 3001 4760 utroque?
3031 4688 3274 4759 Spiritus
3296 4688 3544 4744 veritatis

1968 4800 2053 4846 est
2087 4807 2116 4844 a
2147 4775 2306 4844 Patre
2331 4798 2386 4842 et
2416 4787 2575 4851 Filio,
2601 4785 2729 4855 quid
2757 4782 3133 4839 demonstrat?
3160 4780 3546 4835 Animadverte

1971 4882 2283 4952 diligenter,
2314 4887 2370 4934 et
2395 4877 2636 4947 intellige
2668 4895 2679 4930 :
2714 4890 2839 4929 nam
2866 4875 3004 4928 nihil
3035 4873 3340 4935 fortuitum,
3374 4881 3426 4926 et
3454 4887 3546 4925 co-

1973 4988 2091 5026 rtnn
2119 4986 2240 5040 quas
2264 4979 2393 5026 sunt
2419 4971 2474 5022 in
2499 4968 2762 5024 continuo
2788 4967 2934 5021 [luxu
2972 4968 3115 5020 circa
3143 4966 3255 5019 lnrc
3277 4973 3544 5026 versatur,

1969 5063 2062 5118 sed
2096 5063 2298 5115 anima.
2327 5078 2344 5112 ι
2383 5059 2636 5129 Ejusdem
2669 5057 2956 5128 Epiphanii
2995 5057 3050 5110 in
3079 5056 3268 5109 eodem
3314 5062 3547 5107 tractatu

1969 5167 2025 5210 et
2057 5155 2192 5209 libro
2237 5172 2250 5208 :
2289 5171 2307 5203 ι
2349 5151 2633 5218 Quomodo
2662 5165 2822 5204 nemo
2857 5148 3011 5202 novit
3051 5147 3264 5200 Patrem
3299 5144 3406 5198 nisi
3441 5141 3543 5197 Fi-

1971 5247 2100 5310 lius,
2137 5260 2314 5314 neque
2349 5245 2546 5298 Filium
2580 5242 2688 5296 nisi
2738 5239 2928 5300 Pater,
2972 5237 3050 5291 sic
3103 5236 3280 5290 audeo
3320 5235 3543 5296 dicere,

1978 5339 2120 5407 quod
2167 5353 2345 5408 neque
2375 5337 2638 5406 Spiritum
2685 5332 2792 5387 nisi
2837 5329 2996 5383 Pater
3034 5337 3084 5382 et
3118 5325 3305 5389 Filius,
3339 5341 3407 5381 ex
3438 5341 3547 5394 quo

1977 5430 2248 5498 procedit,
2274 5439 2330 5483 et
2355 5443 2384 5482 a
2416 5442 2526 5496 quo
2551 5423 2770 5491 accipit,
2808 5435 2984 5487 neque
3009 5417 3205 5473 Filium
3236 5425 3291 5470 et
3325 5416 3546 5470 Patrem

1979 5521 2082 5574 nisi
2106 5519 2340 5590 Spiritus
2370 5527 2610 5579 sanctus,
2642 5513 2734 5583 qui
2771 5526 2899 5566 vere
2933 5509 3222 5581 glorificat,
3258 5507 3350 5577 qui
3384 5507 3549 5562 docet

1975 5612 2178 5673 omnia,
2213 5612 2301 5679 qui
2327 5625 2391 5664 ex
2420 5609 2582 5660 Patre
2611 5615 2666 5658 et
2685 5601 2822 5658 Filio
2851 5611 2952 5666 est,
2986 5609 3042 5655 ct
3073 5616 3104 5654 a
3134 5613 3240 5669 quo
3274 5597 3493 5667 accipit.
3520 5615 3541 5649 ι

300 5690 387 5780 γε,
426 5712 490 5764 σὺ
534 5713 617 5776 τίς
645 5710 719 5776 εἴ,
768 5715 796 5765 ὁ
841 5711 1309 5780 ἁντιλογιζόμενος
1346 5707 1422 5778 τῷ
1462 5707 1619 5776 Θεῷ;
1654 5706 1703 5758 εἶ
1759 5705 1863 5772 γὰρ

1974 5703 2109 5757 Cum
2141 5711 2320 5755 autem
2360 5699 2494 5753 dicit
2539 5697 2682 5766 quod
2717 5704 2797 5751 est
2828 5710 2857 5748 a
2887 5693 3046 5747 Patre
3075 5701 3132 5747 et
3159 5707 3186 5744 a
3219 5690 3377 5756 Filio,
3405 5705 3550 5778 npu-

297 5807 390 5863 τὺν
423 5804 547 5859 Υἱδν
583 5806 737 5861 καλεί
783 5805 874 5860 τὸν
920 5804 976 5869 ἐξ
1011 5801 1198 5870 αὑτοῦ,
1245 5800 1302 5854 τὸ
1333 5800 1388 5853 δὲ
1434 5801 1588 5864 ἄγων
1639 5794 1864 5864 Πνεῦμα

1972 5791 2100 5845 dum
2138 5788 2436 5860 intelligitis
2462 5787 2686 5842 verbum
2713 5795 2812 5851 est,
2833 5783 2975 5854 quod
3004 5793 3085 5839 cst
3117 5780 3544 5846 substantivum,
