3978 6204
516 274 647 337 rm
698 354 701 357 λ

1662 282 1981 342 ,ΤΟΞΕΡΗΙ
2028 282 2573 345 METHONENSIS

2292 148 2317 179 \

3594 291 3699 356 ills

510 393 567 436 et
595 397 717 438 esse
758 384 1029 454 signiticat
1061 384 1207 440 illius
1248 383 1314 440 de
1342 400 1455 455 quo
1483 385 1682 442 dicitur
1708 389 1851 457 quod
1888 391 2017 445 est?
2066 408 2084 443 ι

2197 399 2256 449 rb
2282 400 2415 468 παρ’
2442 399 2771 469 ἀμφοτέρων
2793 416 2806 431 ’
2842 396 2877 453 ἃ
2917 398 3081 469 μόνον
3112 362 3295 451 πίστει
3329 399 3567 469 νοούμενα
3591 408 3701 474 περὶ

516 475 660 527 Idem
713 474 1041 545 Epiphanius
1094 476 1145 529 in
1199 476 1389 531 eodem
1427 477 1546 532 loco
1584 480 1666 536 sic
1721 482 1795 534 ait
1827 500 1841 535 :
1878 499 1897 532 ι
1942 481 2084 554 Ergo

514 565 671 619 Pater
706 580 923 635 semper
955 567 1055 620 fuit
1086 578 1140 620 et
1166 566 1338 622 Filius
1372 584 1589 639 semper
1617 570 1738 635 fuit,
1771 581 1826 626 et
1854 573 2084 641 Spiritus

515 667 577 705 ex
615 652 771 707 Patre
819 662 873 707 et
921 653 1055 708 Filio
1095 657 1269 724 spirat
1305 657 1404 726 (Ι).
1437 657 1578 723 Quin
1633 661 1798 714 etiam
1848 661 2083 731 Spiritus

512 755 736 798 sanctus
768 760 874 798 non
902 745 1192 811 confrater,
1223 750 1316 803 sed
1338 764 1405 803 ex
1427 750 1617 805 eadem
1645 752 1951 807 substantia
1984 753 2083 807 Pa-

520 834 619 886 tris
653 843 707 886 et
739 833 899 901 Filii;
928 851 1052 889 nam
1084 836 1200 906 ipse
1240 836 1567 907 Unigenitns
1603 841 1757 904 dicit,
1799 841 2086 911 (Spiritus
2122 882 2125 885 ρ

513 923 687 980 Patris
709 943 756 994 ;›
780 937 853 996 et,
887 947 905 980 ι
934 930 1034 994 Qui
1060 945 1127 985 ex
1157 929 1314 987 Patre
1334 933 1601 1001 procedit,
1644 953 1662 986 ι
1691 944 1769 997 et,
1797 952 1817 988 ι
1861 936 1936 989 De
1966 950 2086 990 meo

516 1018 777 1085 accipiet,
811 1038 830 1071 ι
864 1020 1230 1077 ηθνὰὶνθτειιω
1258 1040 1288 1077 a
1322 1022 1482 1079 Patre
1509 1034 1816 1095 putaretur,
1850 1043 2031 1098 neque
2054 1044 2093 1082 a~

514 1103 672 1158 Filio.
721 1125 737 1157 ι
779 1107 969 1170 Audis,
1001 1125 1069 1163 ne
1095 1121 1382 1166 externum
1418 1123 1473 1168 et
1504 1115 1801 1182 diversum,
1832 1118 2024 1187 inquit.
2056 1134 2085 1171 a

512 1196 672 1248 Patre
704 1206 1008 1263 putaretur,
1040 1216 1217 1269 neque
1247 1218 1276 1255 a
1313 1202 1471 1267 Filio,
1499 1205 1704 1259 idcirco
1736 1222 1799 1259 ex
1840 1207 2001 1263 Patre
2032 1218 2086 1262 et

514 1286 653 1341 Filio
680 1290 975 1355 procedere
1020 1292 1243 1347 dicitur.
1281 1294 1347 1348 Et
1385 1297 1764 1351 sanctissimus
1821 1298 2085 1354 Maximus

516 1381 604 1432 tibi
653 1381 1049 1450 interpretatur
1095 1386 1225 1453 qttid
1274 1386 1521 1457 designat
1572 1389 1715 1458 apud
1764 1393 2083 1459 protihetam

516 1471 834 1525 Zachariam
860 1489 1083 1528 aureum
1114 1476 1524 1545 candelabrum,
1549 1491 1603 1533 et
1630 1483 1836 1550 lampas
1865 1483 2005 1553 eius,
2030 1495 2086 1539 et

518 1562 780 1627 lucorum,
804 1566 872 1618 ita
899 1566 1116 1620 scribit:
1156 1586 1174 1618 ι
1205 1567 1441 1638 Spiritus
1470 1580 1693 1628 sanctus
1724 1575 2089 1644 quemadmo-

515 1654 645 1706 dum
678 1664 870 1711 natura
914 1659 1213 1714 secundum
1260 1663 1552 1717 essentiam
1586 1672 1689 1730 est,
1716 1666 1793 1717 sic
1826 1681 1888 1718 ex
1929 1667 2088 1721 Patre

2192 489 2299 542 τῶν
2339 491 2531 557 ἁγίων,
2569 490 2807 557 φωτεινὰ
2844 489 3143 558 φωτοδότα,
3180 489 3439 559 φωτεινὴν
3468 492 3555 557 τὴν
3590 495 3702 563 ἐνέρ-

2191 596 2347 646 γειαν
2372 580 2504 650 ἔχει.
2529 580 2639 634 Καὶ
2662 575 2816 643 αὖθις
2850 581 2907 633 ἐν
2932 578 3008 650 τῷ
3034 579 3187 647 αὐτῷ
3215 593 3230 608 ο
3262 597 3281 630 t
3326 578 3532 648 Πνεῦμα
3563 581 3698 648 ἅγιον,

2194 671 2418 740 Πνεῦμα
2451 671 2706 742 ἀληθείας
2752 670 2870 739 ἐστί
2896 687 2914 705 ι
2944 671 3061 740 φῶς
3110 670 3310 739 τρίτον,
3354 672 3493 739 παρὰ
3536 674 3703 740 Πατρδς

2194 764 2289 816 καὶ
2324 763 2455 816 Υίοῦ
2480 765 2651 817 ἐστιν.
2695 758 2794 816 t'A
2809 762 2859 831 ρ’
2884 763 3113 831 ἐνόησας
3154 762 3214 814 rb
3252 763 3378 830 παρ’
3399 763 3700 831 άμφοτέρωνς

2191 851 2272 914 rb,
2323 853 2546 921 Πνεῦμα
2586 852 2845 922 ἀληθείας
2891 851 3006 905 ἐστὶ
3042 852 3197 920 παρὰ
3232 852 3435 921 Πατρδς
3479 857 3559 904 καὶ
3589 854 3701 919 Tini,

2192 942 2245 995 τί
2272 942 2458 1011 bulbi;
2495 943 2819 1013 Ἐπίστησον
2850 943 3097 1013 ἀκριϐῶς
3126 946 3222 996 καὶ
3253 943 3496 1010 ἐννόησον
3519 958 3531 973 ’
3551 944 3602 996 οῦ
3627 946 3705 1014 γάρ

2194 1049 2249 1084 τι
2278 1031 2387 1084 τῶν
2420 1033 2541 1100 είκῇ
2574 1032 2669 1084 καὶ
2703 1032 2934 1102 ῥεόντων
2964 1033 3022 1085 ἐν
3048 1031 3264 1095 τούτοις
3292 1048 3354 1099 γε
3386 1034 3706 1101 πραγματιὺεο

2194 1140 2308 1185 ται,
2332 1120 2447 1175 ἀλλ’
2474 1122 2507 1192 ἡ
2534 1122 2705 1191 ψυχή.
2736 1122 2844 1174 Τοῦ
2875 1122 3039 1175 αὑτοῦ
3089 1121 3408 1191 Ἑπιφανίου
3436 1124 3488 1173 ἐν
3508 1122 3574 1190 τῷ
3596 1123 3704 1190 αὐτῷ

2190 1209 2336 1280 λόγῳ
2368 1227 2427 1262 τε
2460 1211 2556 1265 καὶ
2590 1210 2780 1281 βιϐλίῳ
2805 1229 2819 1243 ο
2859 1230 2878 1263 ‹
2918 1212 3013 1265 ‘Ov
3048 1212 3159 1279 γὰρ
3189 1212 3388 1282 τρόπον
3422 1213 3576 1275 οὐδεὶς
3602 1213 3705 1278 ἔγνω

2192 1300 2283 1353 τὸν
2338 1302 2555 1370 Πατέρα
2598 1302 2645 1354 εί
2680 1302 2754 1370 μὴ
2790 1304 2818 1354 ό
2849 1302 2996 1365 Υίὺς,
3040 1302 3164 1356 ούδέ
3197 1303 3289 1354 τὸν
3343 1302 3484 1365 Υίὸν,
3527 1306 3567 1355 εί
3603 1303 3705 1372 μὴὸ

2194 1392 2405 1461 Πατὴρ.
2442 1390 2587 1445 οὕτω
2620 1391 2804 1462 τολμῶ
2855 1393 3058 1459 λέγειν,
3096 1394 3179 1446 ὅτι
3205 1393 3325 1446 οὐδὲ
3356 1395 3415 1446 rb
3449 1394 3651 1463 Πνεῦμα,
3672 1397 3703 1446 εἰ

2200 1484 2274 1553 μὴ
2304 1485 2331 1537 ὁ
2373 1482 2566 1553 Πατὴρ
2595 1484 2690 1536 καὶ
2721 1486 2749 1537 ό
2780 1484 2929 1547 Υἱὸς,
2968 1485 3102 1554 παρ’
3148 1479 3210 1536 οῦ
3261 1485 3608 1554 ἐκπορεύεται,
3638 1490 3705 1539 καὶ

2196 1569 2325 1641 παρ’
2356 1563 2417 1624 οὗ
2469 1571 2737 1641 λαμϐάνει
2767 1588 2780 1603 ·
2821 1574 2917 1626 καὶ
2956 1573 3077 1625 οὐδὲ
3106 1573 3200 1627 τὸν
3234 1573 3379 1638 Υίδν,
3421 1575 3603 1627 καὶτὸν
3625 1576 3704 1627 [Ια-

2196 1663 2349 1731 τέρα,
2378 1665 2427 1715 εί
2474 1661 2641 1735 μὴτὸ
2674 1663 2907 1735 Πνεῦμα
2944 1664 3006 1718 rb
3053 1667 3237 1734 ἆγιον,
3296 1666 3355 1718 rb
3396 1666 3589 1732 δοξάζον
3614 1667 3704 1733 ἁλη-

512 1762 610 1814 per
657 1748 855 1801 Filium
887 1751 1256 1831 essentialiter
1292 1754 1536 1823 genitum
1574 1756 1927 1812 ineﬂabiliter
1958 1774 2089 1827 pro-

2198 1753 2330 1817 θὼς,
2370 1753 2433 1806 rb
2482 1753 2733 1809 διδάσκον
2784 1756 2984 1822 πάντα,
3017 1757 3046 1810 ὃ
3088 1758 3241 1826 παρὰ
3292 1755 3383 1810 τοῦ
3418 1756 3600 1826 Πατρὸς
3637 1757 3702 1809 καὶ

514 1839 676 1892 cedit.
712 1859 729 1889 ι
771 1841 961 1905 Ᾱυόίς,
993 1852 1049 1897 et
1078 1844 1166 1900 hic
1194 1860 1257 1899 ex
1294 1845 1453 1903 Patre
1487 1864 1584 1916 per
1613 1850 1808 1903 Filium
1841 1850 1970 1903 dicit
2002 1865 2092 1906 es-

514 1932 815 1986 sentialiter
836 1942 889 1988 et
908 1934 1255 1991 ineﬂabiliter
1273 1938 1740 2007 procedere?an
1763 1940 1904 1995 idem
1927 1951 2007 1995 est
2028 1956 2092 1996 ac

443 2028 447 2039 '
514 2023 558 2075 si
592 2023 820 2088 diceret,
854 2026 1219 2081 essentialiter
1242 2043 1309 2083 ex
1344 2029 1504 2085 Patre
1532 2043 1587 2086 et
1611 2029 1745 2086 Filio
1772 2034 2089 2101 procedere,

513 2111 713 2181 quippe
751 2127 873 2167 cum
915 2113 1082 2169 dictio
1130 2132 1221 2184 per
1246 2117 1388 2173 idem
1421 2121 1692 2191 signiﬁcet
1722 2124 1867 2192 quod
1905 2139 1991 2183 ex,
2035 2132 2095 2179 ut

514 2204 878 2260 ostendimus.
921 2206 1064 2262 ldem
1118 2209 1171 2262 in
1219 2210 1451 2279 epistola
1498 2212 1567 2266 ad
1612 2213 1877 2268 Marinum
1926 2215 2090 2286 Cypri

514 2299 913 2368 presbyterum,
947 2302 1104 2369 cuius
1139 2303 1474 2373 principium
1507 2320 1520 2358 :
1554 2323 1571 2356 ι
1614 2306 1804 2361 Divina
1833 2308 1950 2378 lege
1990 2323 2079 2362 se-

515 2389 754 2444 cundum
789 2391 958 2445 Deum
1007 2393 1396 2462 locupletatus,
1428 2407 1583 2466 pater
1615 2401 1945 2463 venerande,
1994 2402 2093 2455 hu-

515 2497 728 2535 manam
774 2483 945 2554 legem
981 2486 1268 2556 neglexisti
1299 2530 1313 2554 ,
1351 2506 1369 2540 ι
1411 2489 1525 2544 haec
1570 2491 1790 2561 inquit:
1833 2510 1851 2543 ι
1890 2491 1964 2547 Ex
2006 2509 2093 2564 sy-

517 2575 810 2631 nodalibus
845 2578 981 2633 actis
1011 2580 1342 2635 sanctissimi
1375 2596 1527 2652 papae
1557 2584 1748 2650 nostri,
1793 2600 1898 2640 non
1931 2586 1983 2638 in
2017 2596 2094 2641 tot

514 2681 643 2737 quot
678 2670 978 2737 scripsistis
1002 2670 1273 2740 capitibus
1307 2673 1466 2743 regite
1490 2674 1644 2729 urbis
1670 2676 1921 2731 homines
1949 2692 2097 2732 com-

518 2763 976 2831 prehenderunt,
1008 2765 1101 2819 sed
1138 2764 1355 2821 duobus
1388 2775 1597 2821 tantum
1627 2808 1640 2831 ,
1677 2784 1913 2837 quorum
1957 2770 2095 2825 alte-

517 2871 633 2906 rum
664 2864 741 2907 est
776 2856 841 2909 de
868 2856 1158 2928 theologia,
1194 2859 1320 2928 quia
1360 2857 1498 2913 dicit
1529 2861 1692 2929 etiam
1721 2875 1786 2915 ex
1814 2861 1951 2918 Filio
1976 2861 2095 2933 Spio

514 2950 679 3000 ritum
715 2957 963 3001 sanctum
989 2948 1310 3018 procedere;
1345 2951 1575 3006 alterum
1608 2954 1674 3008 de
1701 2953 1884 3007 divina
1914 2954 2093 3008 incar-

515 3039 760 3103 natione,
800 3040 892 3093 nhi
931 3040 1170 3109 scripsit,
1207 3040 1496 3097 Dominum
1524 3044 1645 3097 sine
1675 3044 1929 3113 originali
1962 3060 2091 3114 pec-
2121 3064 2165 3123 ο

516 3140 641 3186 cato
666 3147 806 3195 esse,
840 3140 899 3186 ut
927 3132 1227 3186 hominem.
1275 3132 1341 3186 Et
1370 3133 1425 3187 in
1455 3133 1559 3190 hoc
1590 3133 1962 3190 Romanorum
1994 3134 2094 3189 Pa-

514 3233 660 3278 trum
679 3223 1053 3292 expositiones
1076 3224 1388 3280 consentire
1415 3223 1863 3287 demonstrarunt
1892 3241 1907 3279 :
1965 3227 2095 3294 quin

515 3316 678 3371 etiam
709 3325 762 3371 et
788 3314 1043 3387 Cyrillum
1090 3315 1426 3371 Alexandria:
1471 3316 1790 3387 episcopum
1816 3360 1829 3379 ,
1867 3332 1930 3371 ex
1970 3316 2094 3387 ejus

517 3424 674 3465 sacro
709 3417 941 3463 tractatu
961 3408 1264 3479 composito
1289 3409 1343 3461 in
1371 3416 1619 3463 sanctum
1642 3407 1906 3463 Joannem
1934 3424 2101 3464 evan-

518 3499 790 3570 gelistam,
825 3512 887 3552 ex
914 3498 1118 3568 quibus
1162 3512 1221 3553 se
1260 3513 1371 3554 non
1414 3498 1746 3568 principium
1786 3496 1979 3552 Filium
2016 3497 2096 3551 fa-

516 3607 647 3646 cere
679 3588 919 3658 Spiritus
955 3588 1354 3644 ostenderunt:
1387 3602 1515 3641 nam
1541 3603 1713 3641 unum
1740 3593 1945 3640 tantum
1981 3586 2099 3640 Filii

518 3688 577 3733 et
599 3679 840 3748 Spiritus
878 3678 1202 3748 principium
1249 3685 1520 3732 noverunt
1548 3693 1565 3744 ;
1599 3675 1764 3745 hujus
1795 3676 2099 3731 secundum

520 3769 925 3840 generationem
945 3811 959 3835 ,
998 3768 1145 3822 illius
1170 3768 1465 3822 secundum
1496 3781 1626 3835 proc
1645 3767 1918 3823 essionem
1959 3783 1973 3821 :
2006 3768 2102 3823 sed

522 3874 580 3916 ιιι
619 3862 1026 3932 processionem
1062 3875 1154 3929 per
1185 3874 1310 3914 eum
1356 3859 1702 3916 declararent
1734 3877 1747 3915 :
1783 3868 1840 3915 et
1868 3858 1971 3914 hac
2004 3874 2100 3914 ra-

525 3956 672 4010 tione
702 3953 1145 4023 conjunetionem
1179 3960 1233 4007 et
1266 3951 1609 4008 identitatem
1657 3952 1914 4008 essentia:
1948 3965 2103 4008 com-

525 4045 846 4114 probarent.
882 4059 902 4094 ›
934 4041 1126 4104 Audis,
1171 4056 1238 4096 ex
1276 4040 1412 4096 Filio
1440 4042 1605 4097 etiam
1646 4042 1944 4111 procedere
1976 4040 2103 4110 Spi-

521 4121 695 4190 ritum
756 4142 1030 4201 sanctum,
1085 4142 1140 4188 et
1202 4132 1346 4188 inter
1403 4148 1463 4187 se
1505 4132 1814 4188 consentire
1883 4132 2101 4186 Patrum

529 4224 908 4286 auctoritates,
959 4233 1012 4277 et
1070 4231 1127 4275 ut
1180 4222 1375 4276 beatus
1418 4222 1650 4293 Cyrillns
1684 4221 1828 4277 idem
1873 4222 2007 4277 dicit
2050 4231 2105 4277 et

521 4319 662 4372 conti
674 4317 877 4371 rmatin
897 4331 1055 4370 sacro
1080 4316 1131 4369 in
1147 4314 1533 4386 evangelistam
1554 4313 1818 4370 Joannem
1847 4323 2104 4370 tractatu.

2193 1843 2289 1899 τοῦ
2324 1844 2458 1900 Υίοῦ
2510 1848 2650 1911 ἐστι,
2681 1848 2775 1901 καὶ
2814 1848 2943 1919 παρ’
2968 1841 3030 1902 οὗ
3074 1850 3447 1917 ἐκπορεύεται,
3486 1849 3568 1900 καὶ
3610 1848 3703 1914 παρ’
3792 1920 3797 1925 ⁵

2193 1934 2254 1990 οὗ
2278 1937 2549 2008 λαμϐάνει
2584 1958 2605 1993 ι
2640 1940 2785 1994 Τὸδέ
2806 1942 2981 1994 εἰπεῖν
3008 1941 3093 1995 ὅτι
3124 1942 3245 1994 ἐστὶ
3270 1940 3413 2009 παρὰ
3434 1939 3516 1993 τοῦ
3544 1938 3703 2006 "arpi;

2195 2033 2286 2084 ml
2315 2029 2410 2084 τοῦ
2438 2032 2588 2099 Υίοῦ,
2621 2034 2773 2088 ούπω
2795 2033 2996 2103 ἔγνωτε
3036 2034 3099 2088 τὸ
3126 2034 3255 2089 ἐστὶ
3286 2034 3449 2105 ῥῆμα.
3480 2036 3548 2086 ὅτι
3574 2034 3703 2101 ῦπαρ·

2197 2125 2386 2177 κτικόν
2442 2125 2581 2191 ἐστι,
2634 2127 2730 2179 καὶ
2780 2125 2842 2179 τὸ
2893 2120 3035 2179 εἶναι
3092 2127 3265 2196 δηλοῖ,
3310 2126 3367 2179 οῦ
3422 2126 3608 2193 λέγεται
3647 2125 3703 2175 ὅτι

2196 2218 2364 2274 ἐστίν.
2406 2234 2426 2269 ι
2476 2217 2536 2271 Ὀ
2568 2217 2730 2279 αὐτὸς
2771 2218 3091 2287 Ἐπιφάνιος
3123 2220 3183 2271 ἐν
3215 2218 3292 2287 τῷ
3323 2218 3482 2287 αὐτῷ,
3511 2216 3627 2269 obrui
3645 2216 3704 2267 λέ-

2196 2325 2282 2375 γει
2308 2324 2324 2340 θ
2360 2325 2380 2359 t
2426 2308 2619 2361 Τοίνυν
2657 2308 2844 2378 Πατὴρ
2870 2303 2938 2380 ἦν
2970 2309 3079 2369 ἀεὶ.
3135 2309 3228 2362 καὶ
3265 2308 3386 2371 Υἱὸς
3409 2303 3471 2378 ἦν
3511 2305 3613 2359 ἀεί’
3638 2302 3703 2356 καὶ

2193 2400 2255 2450 rb
2285 2398 2529 2469 Πνεῦμα,
2562 2399 2625 2454 ἐκ
2653 2397 2745 2451 τοῦ
2782 2400 2998 2468 Πατρὺς
3037 2398 3136 2450 καὶ
3168 2396 3263 2449 τοῦ
3298 2395 3423 2449 Υἱοῦ
3457 2395 3602 2447 πνέει.
3627 2389 3704 2443 Καὶ

2197 2491 2299 2554 ἔτι,
2342 2489 2566 2560 Πνεῦμα
2600 2489 2776 2558 ἅγιον,
2805 2489 2866 2542 οὐ
2900 2489 3254 2557 συνδιδελφον,
3298 2488 3407 2540 ἀλλ’
3450 2488 3505 2539 ἐκ
3536 2480 3702 2561 τῆςηαῦ·

2194 2581 2293 2645 τῆς
2322 2581 2512 2645 οὐσίας
2559 2582 2770 2649 Πατρδς
2804 2581 2896 2635 καὶ
2934 2580 3093 2634 Υίοῦ.
3131 2580 3300 2643 Αὐτὸς
3331 2579 3431 2649 γὰρ
3461 2580 3485 2631 ὁ
3520 2577 3702 2641 Μονογε-

2195 2672 2290 2739 Vh;
2329 2672 2477 2739 λέγει
2506 2687 2522 2704 ’
2575 2672 2636 2725 rb
2666 2672 2891 2742 Πνεῦμα
2938 2671 3032 2723 τοῦ
3074 2672 3311 2741 Πατρδς,
3342 2668 3509 2723 καὶτὸ
3550 2668 3600 2719 ἐκ
3633 2661 3700 2716 τοῦ

2197 2762 2411 2832 Har-pb;
2451 2764 2887 2833 ἐκπερευόμενον
2913 2778 2928 2792 ο
2959 2762 3053 2815 καὶ
3101 2765 3166 2817 ὲκ
3214 2763 3306 2816 τοῦ
3355 2760 3479 2830 ἐμοῦ
3505 2758 3698 2825 λήψεται,

2199 2852 2288 2907 ἵνα
2340 2852 2416 2923 μὴ
2447 2853 2727 2924 ἀλλότριον
2775 2854 3056 2923 νομισθείη
3109 2856 3339 2925 Πατρὶς,
3373 2852 3498 2921 μηδὲ
3536 2847 3696 2902 ficii

2211 2946 2481 3009 Ἀκούεις,
2514 2946 2599 2998 ῐνα
2630 2946 2704 3014 μὴ
2731 2946 2880 3012 ξένον
2905 2948 2999 3001 καὶ
3022 2946 3311 3017 ἀλλότριον
3335 2942 3585 3012 νομισθείη
3608 2936 3699 3007 φησὶ

2197 3037 2436 3107 Πατρδς,
2470 3036 2605 3107 μηδέ
2631 3037 2785 3101 Υἰοῦ,
2821 3038 2910 3092 διὰ
2932 3037 3089 3092 τοῦτο
3118 3041 3186 3092 ἐκ
3210 3039 3300 3092 τοῦ
3328 3036 3523 3107 Πατρδς
3545 3026 3699 3087 καὶτοῦ

2200 3130 2335 3185 Υίοῦ
2383 3130 2602 3199 λέγεται
2658 3130 3076 3200 ἐκπορεύεσθαι.
3114 3132 3227 3186 Καὶ
3253 3132 3282 3184 ό
3324 3130 3593 3195 άγιώτατος
3618 3122 3701 3178 Μὰ·

2202 3223 2382 3292 ξιμος,
2429 3223 2488 3274 ἐν
2516 3215 2596 3285 οἷς
2628 3221 2942 3292 ἐρμηνεύει,
2979 3223 3033 3275 τί
3070 3222 3211 3293 δῆτα
3241 3221 3475 3291 βούλεται
3512 3218 3577 3287 τῷ
3602 3229 3699 3282 προσ

2200 3315 2347 3387 φήτῖι
2418 3312 2666 3382 laxaequ
2713 3313 2747 3378 ἡ
2792 3311 2966 3383 χρυσῆ
3012 3312 3231 3383 λυχνία,
3279 3313 3369 3366 και
3417 3309 3471 3364 rb
3503 3303 3698 3368 ἐπάὑτῇ

2200 3404 2528 3476 λαμπάδιον,
2581 3404 2677 3458 καὶ
2731 3406 2779 3457 ot
2830 3404 3037 3474 λύχνοι,
3090 3404 3240 3459 οὕτω
3274 3406 3433 3475 φησί’
3466 3419 3484 3453 ι
3528 3398 3589 3453 Τὸ
3624 3393 3698 3462 γὰρ

2201 3495 2428 3563 Πνεῦμα
2466 3494 2526 3549 rb
2570 3496 2745 3565 ἅγιον,
2793 3495 2985 3564 ὥσπερ
3013 3513 3180 3563 φύσει
3212 3496 3333 3551 κατ’
3377 3494 3548 3549 οὐσίαν
3574 3487 3697 3547 ἐστὶν.

2200 3587 2278 3650 ὡς
2316 3587 2381 3639 ἐκ
2413 3585 2509 3638 τοῦ
2555 3584 2769 3654 Πατρδς
2797 3583 2866 3638 δι’
2910 3583 3046 3639 Υίοῦ
3084 3584 3361 3648 ούσιωδῶς
3397 3577 3696 3650 γεννηθέντος.

2201 3679 2497 3749 ἀφράστως
2530 3678 2990 3748 ἐκπορευόμενον.
3027 3695 3047 3729 ι
3084 3677 3337 3739 ’Δκούεις
3377 3669 3632 3728 κάνταῦθα.
3657 3666 3698 3716 ὶι

2201 3770 2297 3826 τοῦ
2331 3771 2541 3841 Πατρὸς
2570 3771 2638 3824 δι’
2679 3769 2809 3824 Υίοῦ
2838 3786 3006 3838 φησιν
3048 3770 3328 3831 οὑσιωδῶς
3362 3768 3445 3820 καὶ
3473 3760 3701 3833 ἀφράστως

2206 3862 2667 3933 ἐκπορευόμενον,
2693 3859 2853 3916 τοῦτο
2881 3861 2937 3915 δέ
2967 3861 3168 3916 ταυτόν
3193 3863 3339 3914 ἐστιν
3366 3859 3542 3919 εἰπεῖν,
3568 3856 3618 3905 ἐκ
3636 3845 3699 3900 τοῦ

2205 3955 2418 4025 Πατρδς
2452 3955 2548 4009 καὶ
2578 3955 2641 4007 ἐκ
2674 3953 2769 4007 τοῦ
2804 3952 2957 4016 Υἱοῦ,
2985 3952 3263 4015 οὐσιωδῶς
3306 3946 3699 4019 ἐκπορευόμενον

2204 4046 2393 4117 ἐπειδὴ
2426 4047 2460 4116 ἡ
2493 4044 2591 4100 διὰ
2646 4044 2840 4099 ταυτὸν
2869 4046 2933 4116 τῇ
2966 4044 3033 4097 ἐκ
3067 4042 3340 4113 βούλεται,
3373 4042 3443 4102 ὡς
3470 4034 3700 4097 ἐδείξαμεν·

2217 4137 2278 4190 ’0
2306 4136 2466 4199 αὐτὸς
2506 4138 2566 4189 ἐν
2597 4139 2663 4207 τῇ
2711 4135 2967 4204 ἐπιστολῇ
3004 4137 3071 4204 τῇ
3103 4134 3243 4205 πρὸς
3276 4134 3503 4199 Μαρῖνον
3529 4123 3699 4187 Κύπρου

2206 4228 2600 4299 πρεσϐύτερον,
2651 4220 2720 4298 ἦς
2756 4228 2790 4296 ἡ
2821 4226 3003 4296 ἀρχή·
3043 4242 3062 4276 ι
3097 4224 3271 4295 Νόμῳ
3302 4222 3425 4293 θείῳ
3466 4216 3585 4272 κατὰ
3608 4208 3702 4263 Θεὸν

2166 4318 2623 4389 ·εύθυνούμενος,
2652 4318 2947 4389 θεοτίμητε
3008 4318 3213 4388 Πάτερ,
3271 4314 3435 4385 νόμον
3484 4300 3702 4375 ὑπερεῖδες

520 4413 676 4477 Quoi
701 4427 831 4464 vero
859 4410 1007 4475 dicit,
1046 4424 1141 4463 eos
1169 4424 1275 4463 non
1310 4408 1490 4463 facere
1528 4407 1720 4462 Filium
1752 4406 2096 4477 principium,

2207 4410 2573 4481 ἀνθρώπινον,
2615 4427 2637 4462 ι
2670 4409 2851 4463 τοιάδε
2880 4410 3108 4478 φάσκεν
3146 4428 3165 4461 t
3209 4406 3327 4461 Τῶν
3366 4404 3453 4459 τοῦ
3479 4400 3561 4455 νῦν
3584 4397 3702 4461 byw-

522 4503 748 4557 minime
771 4502 914 4571 quod
950 4516 1060 4555 non
1091 4501 1165 4555 sit
1196 4515 1260 4554 ex
1289 4514 1373 4563 eo,
1410 4499 1504 4554 sed
1542 4514 1664 4554 esse
1707 4514 1879 4569 magis
1911 4507 2099 4552 osten-

522 4594 623 4649 dit.
656 4592 771 4647 Nun
807 4593 986 4647 facere
1016 4591 1338 4662 principium
1372 4590 1628 4645 videlicet
1671 4588 1973 4659 principale
2010 4589 2095 4642 di-

525 4683 621 4744 cit,
653 4686 953 4737 secundum
989 4683 1132 4736 illam
1164 4683 1385 4751 impiam
1429 4681 1677 4734 hazresim
1707 4718 1723 4744 ,
1754 4695 1875 4749 qua:
1904 4680 2100 4735 asserit

527 4768 821 4845 Filittm’ex
860 4771 975 4823 solo
1001 4770 1159 4823 Patre
1182 4813 1196 4835 ,
1231 4769 1496 4840 Spiritum
1526 4786 1592 4825 ex
1628 4770 1743 4823 solo
1778 4770 1914 4825 Filio
1944 4787 1958 4823 :
1996 4771 2100 4825 ita-

525 4877 632 4930 que
670 4858 839 4913 Filius
874 4857 1191 4927 principalis
1219 4875 1378 4913 causa
1410 4862 1646 4932 Spiritus
1683 4862 2100 4931 intelligeretur,

527 4953 730 5007 idcirco
758 4951 794 5005 ii
831 4949 999 5003 divini
1064 4950 1248 5005 Patres
1282 4967 1345 5006 ex
1394 4952 1554 5009 Patre
1596 4955 1679 5008 vel
1732 4954 1872 5009 Filio
1916 4955 2102 5010 dicere

527 5046 855 5107 vitaverunt,
888 5042 936 5096 id
968 5052 1073 5106 est,
1123 5058 1300 5111 neque
1339 5059 1403 5097 ex
1453 5045 1610 5098 Patre
1653 5046 1791 5111 solo,
1822 5060 2001 5114 neque
2030 5060 2097 5099 est

528 5138 667 5192 Filio
701 5138 836 5201 solo,
868 5137 963 5191 sed
988 5152 1055 5191 ex
1086 5136 1245 5191 Patre
1285 5150 1383 5205 per
1424 5133 1641 5192 Filium.
1690 5136 1815 5191 Ideo
1844 5152 1941 5205 per
1974 5153 2100 5191 eum

527 5238 583 5282 ct
611 5245 675 5282 ex
700 5244 767 5283 eo
792 5237 1066 5298 repertum
1105 5235 1189 5281 est
1217 5234 1273 5281 et
1312 5224 1565 5296 prodire,
1610 5237 1661 5280 et
1714 5226 1999 5295 perﬂuere,
2047 5236 2105 5281 et

531 5321 863 5389 procedere;
894 5330 948 5374 et
982 5320 1035 5373 in
1073 5320 1176 5375 hoc
1209 5322 1507 5390 praecipue,
1547 5327 1606 5373 ut
1647 5318 1778 5372 alibi
1823 5328 2104 5373 ostensum

530 5421 637 5466 est.
670 5411 895 5465 Divinus
917 5409 1201 5474 Tarasius,
1234 5410 1744 5481 ConstantinOpolis
1773 5409 2106 5481 patriarcha,

535 5504 588 5557 in
623 5504 851 5575 epistola
891 5505 957 5557 ad
1001 5501 1241 5557 Orientis
1317 5501 1622 5574 pont'ilces,
1688 5518 1808 5574 qua:
1876 5502 2105 5573 incipit,

2206 4504 2371 4557 τάτου
2400 4502 2556 4557 πάπα
2605 4502 2923 4568 συνοδικῶν,
2950 4501 3051 4555 οὐκ
3096 4502 3155 4553 ἐν
3189 4497 3454 4558 τοσούτοις
3490 4493 3609 4549 ὅσοις
3640 4495 3703 4547 γε·

2206 4593 2462 4664 γράφατε
2520 4593 2863 4662 κεφαλαίοις,
2895 4595 2944 4645 οἱ
2990 4594 3088 4658 τῆς
3123 4590 3391 4661 βασιλίδος
3420 4585 3518 4636 τῶν
3551 4576 3702 4664 Mm?

2204 4658 2570 4739 ἐπελάϐοντο’
2600 4658 2726 4737 buol
2751 4684 2805 4736 δὲ
2836 4684 3043 4750 μόνοις,
3070 4658 3145 4736 ὧν
3180 4682 3240 4734 rb
3266 4680 3363 4748 μὲν
3391 4658 3702 4759 exsangui}

2207 4775 2485 4844 θεολογίας
2507 4789 2524 4805 ⁸
2557 4776 2639 4829 ὅτι
2682 4792 2741 4827 τε
2777 4774 2963 4844 φησὶν,
3016 4767 3185 4827 Εἶπεν
3234 4763 3595 4838 ἐκπορεύεσθαι
3629 4753 3702 4807 atii

2204 4867 2297 4921 τοῦ
2337 4865 2468 4920 Υἱοῦ
2503 4866 2563 4919 rb
2594 4865 2821 4935 Πνεῦμα
2849 4864 2910 4918 rb
2955 4864 3130 4932 ἅγιον,
3162 4862 3258 4915 καὶ
3288 4860 3378 4912 ἐπὶ
3411 4857 3565 4922 τούτῳ
3602 4858 3703 4935 συμ-

2205 4961 2415 5028 φώνους
2442 4933 2769 5029 παρήγαγον
2797 4957 3021 5026 χρήσεις
3058 4952 3345 5023 Ῥωμαίων
3372 4946 3597 5014 Πατέρων
3614 4953 3626 4965 ·
3647 4933 3704 4985 ἔτι

2206 5069 2271 5119 γε
2309 5050 2415 5119 μὴν
2452 5048 2547 5102 καὶ
2591 5047 2864 5116 Κυρίλλου
2893 5043 3319 5115 Ἀλεξανδρείας,
3353 5040 3414 5092 ἐκ
3456 5036 3542 5103 τῆς
3582 5038 3705 5119 τξονη·

2209 5115 2394 5209 tuan;
2457 5139 2607 5210 αύτῷ
2661 5115 2814 5209 ιὲρᾶς
2875 5134 3282 5208 πραγματείαςο
3337 5130 3414 5192 είς
3463 5115 3705 5210 Mt?”

2222 5198 2471 5301 Ἰωάννην
2505 5198 2595 5283 τὸν
2653 5198 3073 5298 εύαγλελιστήὶίο
3098 5224 3190 5291 Ἐξ
3220 5217 3315 5288 ὧνν
3351 5220 3445 5274 οὐκ
3472 5198 3705 5301 uictu)»

2214 5324 2341 5377 Υίὸν
2369 5293 2656 5385 ποιοῦντας
2679 5293 2778 5375 τοῦ
2802 5293 3141 5389 Πνεύματος,
3174 5319 3312 5385 σφᾶς
3338 5312 3521 5368 αὐτοὺς
3544 5293 3703 5356 ἀπέδί⁸’

2212 5414 2308 5477 ξαν
2338 5429 2351 5444 ⁸
2390 5414 2519 5483 μίαν
2548 5413 2658 5484 γάρ
2706 5411 2855 5466 ίσασι
2884 5410 2979 5465 τοῦ
3026 5409 3161 5465 Υίοῦ
3192 5408 3285 5463 καὶ
3310 5404 3401 5459 τοῦ

2215 5504 2308 5558 τὸν
2355 5505 2574 5575 Πατέρα
2615 5483 2826 5559 αἰτίανο
2856 5501 2952 5557 τοῦ
2996 5502 3117 5572 μιν,
3160 5497 3300 5555 κατά
3330 5494 3423 5566 τὴν
3474 5483 3677 5556 γέννησιν

604 5684 684 5759 β)
723 5687 777 5739 ld
811 5697 913 5751 Cs',
946 5688 1096 5758 jux'a
1150 5687 1369 5743 modum
1412 5686 1637 5758 Spiritui
1693 5684 2104 5740 convenientem
2144 5677 2404 5750 procedit.
