3978 6204
272 264 413 331 ίῙΞιΒ

929 300 1080 360 PRO
1109 300 1315 360 CONC.
1360 298 1732 361 FLORENT.
1770 302 1930 364 CAP.
1959 305 2009 366 l.
2041 304 2137 364 DE
2182 304 2492 368 SPlRlTU
2533 304 2843 368 SANCTO.

3390 308 3530 378 illi!

345 390 619 453 ’Ἤκουσας
654 394 744 445 καὶ
775 397 938 452 πάλιν
972 401 1065 454 τοῦ
1097 405 1335 471 μεγάλου
1370 405 1561 458 τούτου
1608 407 1828 476 [Ix-cpi);

2014 412 2224 466 Audisti
2253 426 2438 470 ruimus
2471 433 2726 485 magnum
2761 422 2974 476 Patrem
3003 424 3167 489 hunc,
3205 439 3312 477 non
3346 428 3526 484 mino-

266 481 366 531 οὐκ
394 480 475 533 ἔτι
519 484 775 539 ἐλάττονά
804 507 937 559 φησι
984 493 1076 545 τοῦ
1110 494 1425 565 Πνεῦματος
1458 499 1669 561 ἑαυτὸν,
1705 500 1840 552 ἀλλὰ

271 572 492 640 μείζονα
523 576 614 626 καὶ
642 578 758 629 ἴσον
781 595 795 608 ·
824 582 937 634 ἴσον
970 585 1067 652 μὲν
1099 589 1237 639 κατὰ
1273 590 1332 640 τὸ
1360 590 1645 659 όμοούσιον
1674 606 1685 618 ·
1722 591 1843 657 μεί-

268 665 398 726 ζονα
424 665 500 729 δὲ,
527 666 588 718 οὐ
630 669 853 737 μεγέθει
900 675 1028 737 τινὶ,
1057 677 1176 729 οὐδὲ
1221 681 1419 749 χρόνῳ,
1448 680 1631 750 ἄπαγε
1650 698 1662 711 ·
1692 684 1842 735 οὐδὲν

265 754 375 820 γὰρ
413 757 680 825 πρότερον
716 762 775 812 ἐν
808 764 873 831 τῇ
922 762 1041 835 Οεῑᾳ
1073 767 1285 837 Τριάδι,
1323 769 1354 839 ἢ
1410 770 1666 840 ὕστερονο
1709 773 1841 825 ἀλλὰ

258 845 351 897 διὰ
382 847 442 898 τὸ
472 848 530 911 ἐξ
560 849 724 903 αὑτοῦ
755 851 903 922 ἔχειν
931 856 1028 927 τὴν
1059 857 1294 928 ὓπαρξιν
1321 878 1334 892 ·
1366 860 1619 932 καθάπερ
1652 865 1841 933 ἀμέλει

262 938 359 988 καὶ
393 938 456 991 ἐκ
480 937 575 991 τοῦ
604 939 740 994 Θεοῦ
784 948 880 997 καὶ
924 947 1161 1018 Πατρός.
1203 950 1314 1003 Ποῦ
1349 953 1486 1005 εἰσιν
1511 954 1561 1007 οἱ
1592 956 1841 1023 λέγοντες

264 1027 346 1079 ὅτι
382 1031 445 1081 ἐκ
478 1031 643 1098 μόνου
679 1032 771 1086 τοῦ
794 1035 1006 1107 Πατρὸς
1025 1040 1085 1091 τὸ
1112 1041 1334 1111 Πνεῦμά
1349 1044 1597 1109 ἐστι,κα“ι
1621 1046 1720 1099 ούκ
1747 1048 1839 1098 ἐκ-

269 1119 558 1187 πορεύεται
579 1122 641 1174 ἐκ
662 1122 756 1177 τοῦ
780 1125 908 1178 Υἱοῦ
929 1142 947 1193 ς
966 1128 1080 1181 Ούκ
1098 1131 1439 1199 αἰσχύνονται
1460 1134 1839 1189 ἐναντιοῦσθαι

262 1212 376 1271 τοῖς
398 1210 673 1277 ἁγίοις,Ὣ
703 1215 803 1283 τῆς
828 1217 1029 1287 ἀνοχῆς
1053 1238 1170 1287 σου,
1201 1225 1401 1293 Χριστέ
1432 1226 1653 1295 βασιλεῦ
1684 1228 1840 1282 ι’Δπὸ

266 1300 472 1368 μέρους
508 1303 605 1371 μέν
638 1303 823 1374 ἔχουσι
852 1309 1073 1371 τούτους
1106 1310 1323 1378 ἁγίουςο
1355 1316 1449 1366 καὶ
1481 1316 1798 1386 ἑορτάζουσι
1823 1333 1839 1350 ⁸

263 1392 360 1443 καὶ
415 1395 823 1461 προσκυνοῦσιο
854 1400 951 1452 καὶ
993 1401 1209 1464 εἰκόνας
1254 1404 1431 1457 αὐτῶν
1482 1407 1693 1460 ποιοῦσι
1747 1410 1841 1462 καὶ

263 1486 564 1552 κοσμοῦσιν
594 1487 766 1550 αὑτὰς
799 1489 1008 1559 χρυσίῳ
1031 1504 1048 1521 ⁶
1082 1492 1190 1543 ἀπὸ
1215 1495 1411 1563 μέρους
1444 1497 1487 1547 δ’
1514 1497 1801 1566 ἀρνοῦνται
1823 1515 1837 1528 ·

260 1569 347 1623 διὰ
366 1571 426 1623 τὸ
447 1571 625 1641 λέγειν
656 1575 851 1640 αὐτοὺς
882 1580 976 1631 καὶ
998 1580 1060 1631 ἐκ
1090 1581 1183 1633 τοῦ
1202 1582 1332 1635 Υίοῦ
1361 1585 1420 1637 τδ
1457 1588 1703 1655 Πνεῦμα,
1744 1590 1839 1640 καὶ

260 1662 576 1734 ὑϐρίζουσιν
605 1666 869 1730 ἁνοιιδιῖις⁹
907 1669 999 1722 καὶ
1043 1673 1151 1724 τῶν
1192 1676 1293 1743 μὲν
1330 1677 1609 1746 φθείρουσι
1643 1680 1709 1733 τὰ
1750 1681 1835 1749 βι-

258 1755 406 1819 ϐλία,
438 1756 549 1808 τῶν
579 1758 655 1821 δὲ,
694 1760 975 1820 παντελῶς
1006 1766 1417 1832 κατακαίουσιν,
1454 1769 1538 1821 ἵνα
1587 1772 1661 1841 μὴ
1710 1774 1833 1841 φαί-

256 1865 475 1901 νωνται.
514 1850 623 1902 Καὶ
670 1852 795 1914 τοὺς
833 1853 957 1922 μὲν,
1000 1855 1267 1925 μεθύσους
1300 1859 1674 1915 ἀποκαλοῦσιν
1706 1866 1832 1929 τοὺς

255 1940 337 2002 δὲ,
377 1941 452 2011 μὴ
486 1942 753 2013 ὑπάρχειν
790 1947 999 2013 ἁγίους,
1037 1950 1223 2021 ἐπειδὴ
1255 1953 1351 2007 καὶ
1380 1954 1442 2007 ἐκ
1487 1954 1580 2009 τοῦ
1616 1956 1745 2011 Υίοῦ
1771 1958 1833 2010 τὸ

256 2032 483 2103 Πνεῦμα
540 2035 922 2104 ὁμολογοῦσιν.
958 2037 1075 2093 Εἶτ’
1114 2044 1212 2096 οὐκ
1264 2046 1611 2116 αἰσχύνονται
1661 2051 1710 2103 οἱ
1742 2052 1832 2106 άν-

255 2121 467 2191 θρωποι
500 2125 631 2192 ἡμῖν
674 2126 943 2193 ἐγκαλεῖν,
1000 2131 1461 2203 ύποτασσομένοις
1494 2142 1605 2199 τοῖς
1656 2141 1832 2207 ἁγίοις

259 2209 357 2259 καὶ
408 2209 747 2275 διδασκάλοις
799 2216 899 2284 τῆς
955 2217 1304 2289 Ἐκκλησίας,
1354 2226 1447 2277 καὶ
1504 2227 1829 2295 φυλάττουσι

252 2301 383 2391 τοὺς
414 2302 606 2372 λόγους
662 2306 864 2362 αὐτῶν.
898 2311 1017 2364 Ἔτι
1050 2330 1107 2366 τε
1156 2316 1418 2385 μάχονται
1454 2322 1609 2391 ἡμῖν,
1654 2326 1741 2377 διὰ
1772 2327 1832 2379 τὸ

256 2390 661 2487 ὑποτάσσεσθαι
688 2403 754 2471 τῇ
792 2402 922 2473 ἁγίᾳ
952 2405 1044 2456 καὶ
1078 2407 1430 2483 οἰκουμενικῇ
1464 2415 1700 2487 συνόδῳ,
1734 2420 1830 2472 καὶ

252 2484 350 2537 τὶν
383 2486 555 2556 αὐτῆς
586 2491 731 2559 ὅρον,
778 2493 967 2565 ῶσπερ
1000 2499 1288 2565 ἐγκόλπιον
1331 2506 1565 2573 χρυσοῦν
1608 2509 1826 2579 ὁλοσχε-

258 2576 369 2644 ρῶς
404 2581 748 2651 κατέχουσιν.
789 2585 1031 2656 Ἀληθῶς
1064 2592 1354 2660 παρόμοιοι
1388 2596 1494 2647 εισι
1525 2597 1629 2648 τῶν
1662 2576 1827 2667 Φαρι-

255 2668 446 2735 σαέων,
481 2669 574 2735 οὓς
598 2674 845 2739 ὀνειδίζει
878 2678 1112 2747 Χριστὸς
1155 2683 1181 2732 6
1221 2682 1351 2745 Θεὸς
1387 2684 1563 2753 ἡμῶν,
1612 2688 1783 2755 λέγων
1808 2706 1833 2752 ο,

256 2777 277 2817 ς
314 2760 452 2813 Οὐαὶ
480 2761 626 2830 ὑμῖν,
663 2766 1014 2837 Γραμματεῖς
1041 2772 1131 2825 καὶ
1160 2774 1441 2841 Φαρισαῖοι
1510 2776 1824 2849 ὑποκριταὶ,

250 2849 335 2901 ὅτι
384 2851 590 2904 κλείετε
624 2856 725 2925 τὴν
760 2857 1036 2925 βασιλείαν
1077 2862 1185 2915 τῶν
1234 2865 1481 2933 οὐρανῶν
1516 2867 1825 2937 ἔμπροσθεν

248 2940 361 2992 τῶν
406 2940 728 3011 ἀνθρώπων.
777 2946 966 3017 Ὑμεῖς
1013 2953 1110 3003 οὐκ
1157 2954 1492 3025 εἰσέρχεσθε,
1546 2958 1666 3011 οὐδὲ
1700 2964 1824 3023 τοὺς

251 3030 611 3102 βουλομένους
672 3039 932 3092 εἰσελθεῖν
982 3043 1191 3107 ἀφίετε.
1248 3047 1346 3099 Διὰ
1386 3049 1542 3102 τοῦτο
1586 3050 1821 3119 λήψεσθε

250 3126 641 3196 περισσότερον
691 3131 887 3198 κρῖμα.
925 3150 945 3185 ι
977 3132 1135 3187 ὒῦτω
1184 3138 1277 3189 καὶ
1328 3132 1475 3192 οῦτοι
1536 3130 1821 3195 ποιοῦσιν

250 3215 410 3269 αὐτοὶ
461 3216 567 3286 γὰρ
603 3220 952 3288 πηρωθέντες
982 3225 1080 3287 τὰς
1131 3226 1283 3295 ὄψεις
1329 3229 1436 3282 ὑπὸ
1476 3233 1822 3302 προλήψεως,

248 3307 349 3375 οὐχ
380 3307 777 3365 ύποτάσσονται
806 3316 873 3385 τῇ
915 3316 1230 3389 Ἐκκλησία,
1283 3321 1377 3372 καλ¹
1410 3322 1557 3389 ἡμᾶς
1588 3324 1822 3377 ὑποτασ-

248 3398 515 3465 σομένους
567 3399 907 3471 ὑδρίζουσιν.
942 3407 1067 3463 Ἔτι
1109 3424 1167 3460 τε
1211 3410 1444 3469 ἀναιδῶς
1493 3413 1823 3480 ἐπιπηδῶσι,

246 3487 504 3551 λέγοντες
538 3490 620 3543 ὃτι
646 3493 822 3555 οὐδεὶς
857 3494 966 3548 τῶν
1000 3498 1174 3565 ἁγίων
1206 3499 1355 3567 λέγει
1388 3502 1449 3553 τὸ
1493 3501 1719 3572 Πνεῦμα
1762 3505 1826 3555 ἐκ

245 3578 344 3632 τοῦ
377 3579 529 3634 Υίοῦ.
584 3583 887 3654 Ἐκνήψατε
917 3587 1004 3641 διὰ
1046 3589 1137 3641 τὸν
1182 3591 1405 3661 Κύριον,
1442 3592 1661 3662 ἀδελφοί
1683 3612 1695 3625 ·
1732 3596 1826 3649 καὶ

245 3675 391 3729 ἴδετε
427 3675 624 3739 πόσους
674 3679 863 3744 ἁγίους
910 3681 1325 3752 ἐπιδεικνύομεν
1357 3684 1486 3753 ὑμῖν
1535 3685 1689 3739 τοῦτο
1736 3687 1824 3739 λέ-

248 3784 467 3835 γοντας.
504 3769 625 3822 Ἒτι
657 3772 684 3822 ὁ
724 3771 885 3833 αὐτὸς
927 3770 1243 3837 Ἀθανᾶσιος
1277 3775 1335 3828 ἐν
1377 3778 1442 3846 τῇ
1485 3777 1622 3846 πρὸς
1652 3780 1826 3850 Σερι-

246 3866 430 3911 πξωνα
460 3860 741 3929 ἐπιστολῇ,
773 3860 913 3914 οῦτω
944 3864 1139 3931 φησιν·
1177 3882 1197 3916 ι
1236 3865 1451 3933 Ἀμέλει
1482 3868 1573 3921 τοῦ
1613 3870 1825 3939 Πατρὸς

250 3952 567 4019 πέμποντος
608 3953 671 4005 τὸ
707 3952 951 4022 Πνεῦμα,
1005 3955 1035 4007 6
1088 3955 1216 4019 Υἱὸς
1275 3959 1559 4026 ἐμφυσῶν,
1610 3960 1825 4014 δίδωσιν

247 4043 385 4095 αὐτὸ
414 4044 525 4106 τοῖς
582 4043 852 4113 μαθηταῖς
877 4060 891 4074 ·
928 4045 1117 4117 ἐπειδὴ
1152 4047 1331 4101 πάντα
1359 4050 1457 4101 ὅσα
1500 4052 1615 4120 ἔχει
1647 4052 1674 4103 6
1716 4053 1826 4105 Ih-

245 4133 379 4200 τὴρ,
412 4132 506 4184 τοῦ
545 4132 675 4185 Υιοῦ
709 4136 848 4189 ἐστι.
881 4151 900 4185 ι
936 4134 1156 4205 Συνᾲδει
1195 4136 1371 4206 τούτῳ
1409 4137 1501 4190 καὶ
1534 4141 1561 4191 6
1604 4139 1827 4208 πάμμε-

248 4240 354 4291 γας
392 4224 679 4294 Κύριλλος,
710 4226 769 4275 ἐν
802 4228 868 4295 τῇ
904 4224 1164 4295 ἐξηγήσει
1194 4228 1290 4279 τοῦ
1321 4228 1510 4282 ἐνάτου
1546 4230 1824 4300 ἀναθεμα-

247 4314 474 4382 τισμοῦ,
526 4315 655 4368 ἔνθα
704 4315 901 4384 φησιν’
938 4333 957 4366 ι
999 4316 1318 4385 Ἀνθρωπος
1367 4310 1607 4387 γεγονὼς
1652 4322 1679 4372 6
1731 4319 1822 4371 τοῦ

1946 519 2059 556 rem
2092 520 2149 558 se
2183 503 2445 575 Spiritum
2480 509 2632 573 dicit,
2667 512 2761 564 sed
2793 512 3052 580 majorem
3098 527 3149 568 et
3219 517 3521 584 aequalem:

1943 596 2202 664 :equalem
2228 599 2527 653 secundum
2554 604 3169 658 consubstantialitatem
3210 624 3224 659 :
3265 608 3518 673 majorem

1906 702 2051 765 .non
2109 689 2481 758 magnitudine
2539 692 2723 759 aliqua
2778 708 2956 763 neque
3013 705 3296 765 tempore;
3333 699 3517 752 absit:

1941 779 2078 832 nihil
2099 780 2244 833 enim
2275 782 2427 848 prius
2445 794 2498 835 et
2518 784 2788 851 posterius
2808 785 2860 838 in
2890 786 3071 840 divina
3098 798 3182 841 est
3214 788 3517 846 'l‘rinitatc:

1942 869 2034 923 sed
2065 869 2185 937 quia
2216 887 2279 922 ex
2312 887 2376 924 eo
2409 871 2569 926 habet
2613 888 2752 939 esse,
2798 876 3255 944 quemadmodum
3286 893 3418 933 sane
3448 894 3518 934 ex

1947 960 2054 1013 Deo
2101 970 2154 1013 ct
2206 960 2384 1017 Patre.
2424 961 2524 1015 Ubi
2573 973 2699 1018 sunt
2747 966 2840 1034 qui
2882 966 3071 1020 dicunt
3117 967 3261 1035 quod
3293 984 3357 1022 ex
3402 971 3519 1024 solo

1942 1048 2103 1127 Patre
2142 1052 2378 1121 Spiritus
2411 1066 2512 1117 cst,
2548 1070 2648 1109 ncc
2672 1057 2916 1124 procedit
2947 1075 3010 1111 ex
3043 1056 3211 1111 Βιίοῖ
3249 1058 3367 1113 Νοη
3394 1075 3521 1115 eru-

1942 1142 2170 1196 bescunt
2216 1145 2420 1197 sanctis
2451 1148 2849 1202 contradicere.
2901 1149 2946 1202 Ο
2973 1161 3114 1202 tuam
3178 1152 3517 1219 patientiam,

1944 1234 2165 1286 Christe
2194 1249 2286 1287 rex
2311 1235 2323 1287 ι
2359 1235 2561 1289 Partim
2590 1253 2688 1307 pro
2715 1239 2919 1294 sanctis
2942 1240 3147 1294 habent
3172 1242 3291 1307 hos,
3322 1242 3516 1296 festum

1937 1326 2240 1390 celebrant,
2294 1328 2548 1394 adorant,
2597 1342 2651 1382 et
2681 1328 2945 1398 imagines
2977 1346 3167 1385 eorum
3204 1332 3412 1400 tingunt
3461 1343 3518 1387 et

1938 1431 2207 1479 exornant
2245 1437 2336 1475 cas
2368 1437 2500 1474 auro
2535 1437 2552 1477 :
2604 1423 2799 1491 partim
2836 1425 3131 1494 ahnegant,
3169 1441 3234 1492 eo
3257 1427 3400 1495 quod
3427 1427 3518 1481 di-

1938 1524 2093 1577 cant,
2125 1528 2191 1567 ex
2226 1513 2365 1567 Filio
2401 1530 2524 1568 esse
2557 1515 2842 1583 Spiritum,
2871 1529 2923 1571 et
2950 1518 3293 1586 impudenter
3334 1521 3388 1572 in
3420 1534 3517 1574 eos

1936 1594 2317 1661 contumeliosi
2360 1617 2507 1671 sunt,
2539 1623 2682 1661 nunc
2707 1609 2899 1662 horum
2935 1608 3101 1662 libros
3137 1610 3512 1678 adulterando,

1943 1711 2089 1748 nunc
2120 1696 2337 1764 penitus
2373 1696 2771 1761 comburendo,
2808 1712 2876 1751 ne
2905 1708 3201 1766 appareant
3230 1716 3245 1753 :
3287 1699 3387 1752 bos
3415 1715 3516 1754 auc

1948 1794 2053 1837 tem
2084 1786 2408 1838 temulentos
2436 1785 2661 1851 dicunt;
2697 1787 2816 1840 illos
2844 1801 2972 1840 vero
2994 1802 3103 1851 non
3126 1803 3247 1842 esse
3277 1798 3513 1854 sanctos,

1944 1877 2067 1944 quia
2093 1892 2154 1930 ex
2188 1876 2323 1929 Filio
2354 1876 2618 1945 Spiritum
2650 1878 3005 1935 conﬁtentur.
3050 1880 3241 1932 Postea
3277 1894 3384 1933 non
3422 1893 3517 1934 ve-

1944 1978 2134 2021 rentur
2185 1968 2433 2021 homines
2484 1968 2537 2021 bi
2586 1982 2687 2021 nos
2725 1969 3025 2033 criminari,
3072 1970 3166 2039 qui
3214 1974 3418 2025 sanctis
3460 1982 3515 2027 et

1940 2060 2198 2114 Ecc'esiar
2233 2061 2550 2116 doctoribus
2600 2062 2945 2130 subjicimur,
2986 2070 3042 2116 et
3089 2063 3289 2132 scripta
3324 2080 3511 2117 crrmu
3580 2140 3585 2141 γ

1940 2168 2244 2208 servamus.
2299 2153 2439 2219 Quin
2490 2154 2656 2207 etiam
2715 2156 2877 2209 nobis
2943 2156 3323 2216 adversantur.
3383 2156 3511 2225 quia

1940 2255 2139 2299 sancte
2170 2255 2223 2299 et
2254 2247 2607 2300 recumenicat
2650 2246 2975 2315 subjicimur
3010 2248 3235 2317 synodo,
3283 2249 3511 2318 ejusque

1938 2337 2216 2390 decretum
2268 2338 2433 2391 veluti
2485 2354 2713 2391 aureum
2766 2338 2968 2393 monile
3029 2340 3247 2407 penitus
3306 2341 3509 2408 pectori

1937 2428 2225 2495 anigimus.
2252 2428 2500 2483 Proiecto
2528 2429 2925 2484 Pharisaaorum
2954 2429 3161 2483 similes
3184 2439 3332 2490 sunt,
3370 2444 3508 2499 quos

1937 2519 2185 2587 increpat
2233 2518 2487 2573 Christus
2538 2518 2823 2583 Dominus,
2859 2519 3085 2574 dicens:
3131 2537 3149 2569 ι
3187 2518 3277 2572 ναξ
3329 2519 3521 2580 vobis;

1938 2610 2139 2663 Scriba:
2167 2621 2217 2663 et
2242 2609 2497 2663 Pharisaei
2522 2611 2832 2680 hypocritze.
2858 2611 2981 2679 quia
3000 2610 3251 2665 clauditis
3276 2625 3501 2680 regnum

1934 2699 2193 2753 ctelorum
2226 2708 2352 2753 ante
2385 2699 2634 2754 homines
2662 2717 2675 2753 :
2702 2714 2796 2751 vos
2818 2701 2967 2753 enim
2994 2714 3104 2753 non
3139 2701 3371 2765 intratis,
3403 2716 3502 2754 nec

1935 2790 2179 2843 volentes
2212 2792 2415 2845 intrare
2444 2791 2655 2857 sinitis;
2705 2801 2927 2859 propter
2968 2792 3072 2846 hoc
3105 2792 3336 2860 amplius
3362 2792 3504 2845 acci-

1936 2880 2422 2949 pietisjudicium;
2460 2899 2478 2931 ι
2522 2884 2601 2934 sic
2631 2891 2685 2935 et
2720 2880 2774 2934 hi
2810 2880 3039 2947 faciunt,
3079 2882 3135 2934 bi
3168 2897 3404 2951 namque
3435 2883 3504 2936 ob

1936 2973 2410 3041 [It‘tttSlilllplionem
2445 2974 2634 3026 oculos
2667 2972 2929 3026 obversos
2975 2972 3284 3027 obtinentes
3315 2971 3501 3029 Eccle-

1934 3064 2026 3117 εἰςυ
2058 3079 2164 3115 non
2196 3063 2582 3131 subjiciuntur,
2633 3073 2687 3116 et
2735 3066 2787 3116 in
2834 3078 2954 3129 nos,
2987 3064 3127 3132 quod
3158 3065 3499 3135 subjicimur,

1930 3156 2291 3209 contumelias
2322 3154 2627 3211 effundunt.
2672 3152 2995 3221 Resipiscite
3030 3170 3128 3223 per
3166 3154 3356 3220 Deum,
3399 3158 3501 3209 fra-

1932 3255 2059 3309 tres,
2116 3255 2171 3298 et
2225 3245 2409 3298 videte
2458 3254 2589 3313 quot
2624 3254 2842 3297 sanctos
2876 3244 3029 3296 vobis
3075 3245 3414 3299 OSletldltIttls
3446 3247 3500 3299 id

1930 3334 2364 3387 conﬁrmantes.»
2408 3333 2541 3385 Item
2580 3334 2645 3386 id«
2667 3349 2718 3386 m
2742 3331 3071 3387 Athanasius
3106 3333 3157 3385 in
3175 3335 3400 3403 epistola
3433 3338 3500 3388 ad

1929 3413 2283 3490 Serapionem
2314 3425 2391 3477 sic
2419 3424 2607 3477 scribit
2632 3441 2644 3475 :
2684 3442 2700 3473 ι
2737 3421 2881 3477 Sane
2904 3438 3027 3475 cum
3050 3422 3208 3477 Pater
3229 3424 3496 3492 Spiritum

1933 3517 2127 3579 mittat,
2162 3514 2325 3568 Filius
2359 3515 2640 3569 insumaus
2674 3514 2835 3568 tradit
2867 3531 2991 3568 eum
3030 3516 3328 3583 discipulis,
3372 3533 3495 3570 nam

1930 3618 2125 3661 cuncta
2163 3622 2282 3676 qua:
2311 3609 2471 3659 Pater
2501 3606 2684 3665 habet.
2716 3605 2836 3658 Filii
2870 3616 3020 3660 sunt.
3065 3626 3082 3657 ι
3119 3606 3496 3662 Consentanea

1930 3701 2013 3754 his
2049 3700 2237 3754 scribit
2291 3700 2555 3753 maximus
2586 3698 2817 3770 Cyrillus
2863 3700 2917 3753 in
2966 3703 3315 3757 enarratione
3364 3703 3497 3758 noui

1929 3792 2388 3857 anathematismi,
2446 3793 2534 3845 ubi
2590 3794 2664 3844 ait
2703 3810 2715 3843 ε
2760 3811 2777 3843 ‹
2818 3791 2990 3847 llomo
3035 3792 3206 3847 factus
3241 3794 3333 3847 Dei
3372 3794 3500 3849 νοτε

1928 3882 2080 3945 bum,
2132 3881 2209 3935 sic
2245 3882 2406 3934 etiam
2448 3881 2646 3935 mansit
2690 3882 2853 3946 Deus,
2900 3881 3082 3935 omnia
3121 3881 3328 3936 habens
3374 3898 3495 3950 qua:

1928 3970 2109 4032 Pater,
2164 3980 2392 4040 excepto
2445 3980 2655 4027 tantum
2712 3985 2778 4025 eo
2831 3972 2975 4040 quod
3026 3990 3134 4027 non
3176 3983 3259 4027 est
3300 3975 3493 4040 Pater;

1927 4062 2320 4131 propriumque
2366 4058 2578 4114 habens
2608 4076 2673 4114 ex
2709 4062 2888 4131 scipso
2922 4062 3108 4126 Filius,
3146 4074 3199 4117 et
3231 4066 3498 4118 essentia-

1929 4148 2049 4202 liter
2080 4147 2301 4200 insitum
2348 4148 2401 4201 in
2447 4164 2505 4202 se
2553 4148 2819 4219 Spiritum
2861 4162 3109 4205 sanctum
3165 4156 3499 4209 vaticinaba-

1930 4247 2034 4294 tur.
2073 4259 2090 4291 ›
2125 4241 2294 4294 Audis
2329 4241 2457 4295 illud
2504 4257 2571 4297 ex
2616 4257 2701 4297 eo.
2754 4241 2988 4297 Aliudne
3038 4244 3201 4313 igitur
3250 4246 3494 4312 denotat,

1930 4328 2030 4384 nisi
2055 4345 2116 4383 ex
2150 4344 2215 4382 eo
2252 4332 2659 4399 procedentem,
2708 4342 2762 4385 et
2790 4341 2987 4390 cuncta
3022 4335 3309 4388 habentem
3344 4351 3495 4405 quae-

251 4404 392 4457 Θεοῦ
443 4406 638 4473 Λόγος,
692 4400 1085 4476 ἐτιιμεμένηκεΔ
1120 4407 1215 4459 καὶ
1250 4407 1404 4476 ,οὕτω
1454 4409 1606 4477 Θεὸς,
1646 4413 1823 4465 πάντα

1934 4434 2145 4489 cunque
2172 4418 2332 4473 Pater
2376 4420 2576 4473 habet?
2607 4420 2898 4491 Percipite,
2931 4424 3179 4478 homines
3219 4424 3333 4491 Dei,
3361 4400 3493 4495 per-

249 4499 393 4568 ἔχων
418 4500 516 4552 ὅσα
544 4500 641 4554 καὶΙ
664 4502 691 4552 ὁ
720 4499 928 4569 Πατὴρ,
961 4501 1083 4569 δίχα
1115 4500 1277 4568 μόνον
1307 4501 1402 4554 τοῦ
1432 4497 1571 4556 εἶναι
1596 4506 1787 4576 Πατήρ
1809 4523 1823 4537 ο

252 4592 351 4645 καὶ
384 4591 515 4643 ἴδιον
542 4591 679 4661 ἔχων
715 4592 776 4643 τὸ
805 4590 865 4655 ἐξ
894 4591 1057 4644 αὐτοῦ
1084 4594 1180 4647 καὶ
1207 4593 1478 4657 οὐσιωδῶς
1508 4596 1826 4665 ἐμπεφυκὲς

249 4683 405 4753 αύτῷ
439 4682 662 4753 Πνεῦμα
715 4681 892 4750 ἅγιον,
929 4685 1217 4752 εἰργάζετο
1265 4685 1363 4748 τὰς
1409 4686 1754 4756 θεοσημείας.
1800 4711 1816 4740 ι

251 4775 536 4837 Ἤκουσας
564 4775 626 4826 τὸ
656 4773 716 4838 ἐξ
744 4773 949 4839 αύτοῦ;
994 4774 1138 4842 Ἀρα
1173 4774 1225 4827 τί
1260 4774 1453 4843 δηλοῦν
1488 4775 1755 4845 βούλεται,
1789 4779 1821 4849 ἢ

249 4866 426 4919 ὅτιτὸ
466 4866 524 4930 ἐξ
574 4866 740 4919 αὐτοῦ
800 4865 1042 4935 δηλονότι
1096 4866 1529 4935 ἐκπορευόμενον
1557 4884 1571 4900 ·
1615 4870 1709 4921 καὶ
1766 4874 1826 4922 τὸ

247 4958 432 5010 πάντα
461 4956 602 5026 ἔχων
638 4958 740 5011 ὅσα
779 4958 873 5010 καὶ
908 4959 936 5010 ὁ
969 4957 1196 5027 Πατήρ;
1238 4958 1581 5028 Ἐννοήσατε,
1615 4960 1826 5031 ἄνθρω-

250 5066 347 5100 ποι
374 5034 466 5100 τοῦ
493 5047 653 5112 Θεοῦ,
681 5049 991 5118 ἐννοήσατε.
1033 5050 1089 5102 Ὀ
1118 5048 1173 5101 δὲ
1197 5048 1350 5115 ἅγιος
1386 5050 1632 5117 Ἰλάριος,
1670 5054 1725 5103 ἐν
1750 5053 1825 5122 τῷ

252 5141 394 5209 λόγῳ
427 5138 504 5209 τῷ
546 5139 687 5207 μετὰ
727 5138 825 5209 τὴν
876 5138 1256 5210 Πεντηκοστὴν
1304 5141 1822 5210 ἀναγινωσκομένῳ,

248 5235 311 5284 ἐν
336 5235 400 5301 τῇ
443 5233 604 5301 ἑορτῇ
636 5232 732 5299 τῆς
770 5229 933 5297 ἁγίας
984 5230 1232 5297 Τριάδος,
1264 5229 1406 5283 οὕτω
1454 5232 1628 5301 φησί·
1666 5252 1684 5283 ‹
1725 5237 1823 5287 Πι-

248 5324 513 5393 στεύομεν
543 5323 621 5385 εἰς
650 5322 748 5392 τὴν
774 5320 938 5389 ἁγίαν
973 5321 1178 5390 Τριάδα
1199 5337 1211 5350 ·
1246 5323 1491 5374 τουτέστι
1525 5325 1615 5374 τὸν
1647 5325 1817 5377 Πατέ-

252 5432 345 5485 ρα,
362 5416 456 5468 καὶ
476 5413 568 5466 τὸν
588 5412 740 5476 Υίον,
767 5412 941 5463 καὶτὸ
962 5414 1117 5480 ἆγιον
1145 5412 1386 5481 Πνεῦμα,
1412 5413 1508 5466 ἕνα
1526 5413 1658 5466 Θεὸν
1676 5432 1813 5468 παν·

245 5505 546 5572 τοὸύναμον
566 5518 579 5533 ’
610 5505 739 5572 μιᾶς
761 5503 971 5569 οὐσίας,
1005 5503 1135 5571 μιᾶς
1154 5502 1458 5572 ὑπάρξεως,
1493 5505 1622 5572 μιᾶς
1660 5504 1814 5570 ἐξου-

323 5683 399 5754 (ι)
426 5681 572 5740 lntcr
599 5683 895 5755 impressos
926 5698 1037 5740 non
1068 5682 1297 5740 habetur
1314 5683 1404 5741 hic
1429 5699 1632 5744 sermo.

1930 4511 2113 4580 cipite.
2145 4512 2377 4566 Sanctus
2409 4511 2645 4567 Hilarius
2692 4514 2746 4566 in
2783 4530 3034 4569 sermone
3079 4516 3169 4585 qui
3210 4526 3328 4585 post
3354 4515 3493 4572 Pen-

1933 4610 2173 4658 tecostcn
2210 4604 2430 4674 legitur,
2464 4605 2516 4657 in
2557 4606 2696 4659 lesto
2730 4618 2931 4659 sancta:
2966 4606 3249 4661 Trinitatis
3280 4608 3378 4677 (l),
3414 4608 3493 4663 sic

1931 4694 2051 4750 ait:
2107 4713 2125 4746 ‹
2171 4695 2454 4750 Credimus
2502 4696 2555 4749 in
2602 4707 2843 4752 sanctam
2888 4696 3233 4766 Trinitatem,
3276 4700 3326 4754 id
3373 4709 3491 4765 est,

1933 4783 2169 4848 Patrem,
2196 4782 2413 4850 Filium,
2441 4794 2495 4839 et
2520 4785 2782 4855 Spiritum
2809 4796 3079 4851 sanctum,
3114 4804 3282 4842 unum
3327 4788 3494 4843 Deum

1931 4860 2359 4943 omnipotentem
2385 4916 2399 4940 ,
2445 4878 2607 4931 unius
2656 4878 2925 4942 essentiae,
2964 4879 3122 4935 unius
3153 4881 3489 4945 substantim,

1934 4967 2094 5019 unius
2124 4970 2427 5034 potestatis,
2454 4968 2698 5022 omnium
2734 4980 3103 5024 creaturarum
3129 4972 3400 5040 opiﬁcem,
3424 4985 3492 5023 ex

1928 5070 2036 5125 quo
2056 5056 2260 5120 omnia,
2291 5072 2386 5126 per
2406 5073 2563 5127 quem
2595 5061 2798 5127 omnia,
2831 5061 2886 5115 in
2916 5077 3023 5130 quo
3045 5062 3245 5127 omnia,
3278 5059 3489 5113 Patrem

1929 5161 1956 5199 a
1996 5161 2072 5209 se,
2107 5161 2217 5199 non
2255 5148 2322 5202 ab
2354 5147 2477 5209 alio,
2518 5148 2712 5203 Fil.um
2742 5168 2806 5204 ex
2838 5150 2997 5204 Patre
3030 5151 3289 5221 genitum,
3321 5148 3488 5200 Deum

1930 5253 2116 5292 verum
2142 5238 2209 5291 de
2245 5239 2352 5294 Deo
2385 5256 2535 5304 vero,
2571 5242 2749 5295 lumen
2779 5258 2962 5294 verum
2996 5243 3061 5294 de
3096 5239 3297 5293 lumine
3325 5252 3486 5303 vero;

1925 5344 2032 5383 non
2072 5343 2251 5384 tamen
2290 5332 2397 5384 duo
2431 5331 2652 5396 lumina,
2685 5333 2776 5385 sed
2805 5348 2969 5385 unum
2997 5334 3199 5396 lumen,
3230 5329 3486 5399 Spiritum

1924 5426 2174 5473 sanctum
2206 5420 2489 5487 aequaliter
2519 5438 2547 5473 a
2577 5419 2733 5474 Patre
2765 5432 2819 5475 et
2852 5421 2987 5475 Filio
3016 5420 3419 5491 procedentem.
3458 5437 3477 5467 ι

1922 5511 2064 5579 Jam,
2093 5524 2151 5568 ut
2180 5528 2281 5583 ego
2315 5516 2566 5579 arbitror,
2594 5516 2709 5569 haec
2738 5516 3037 5571 auctoritas
3072 5516 3231 5571 solvit
3267 5525 3480 5565 onmem
