3978 6204
307 312 375 375 ’11
389 305 453 371 ῖἸ

926 307 1075 369 PRO
1116 315 1327 373 CONC.
1368 314 1745 384 FLORENT.
1784 322 1949 385 CAP.
1986 322 2036 387 Ῑ.
2080 323 2177 385 DE
2211 325 2535 388 SPJRITU
2579 326 2894 390 SANCTO.

3439 320 3573 387 1153

318 423 527 492 Πατὴρ,
561 424 618 476 ἐν
656 422 755 493 μὲν
784 424 860 493 τῷ
892 424 1056 493 ἕκτῳ,
1088 424 1146 477 τὸ
1173 427 1232 490 ἐξ
1260 424 1422 478 αὐτοῦ
1454 443 1513 479 τε
1538 428 1633 479 καὶ
1660 428 1717 481 ἐν
1748 429 1874 499 αὑτᾷ

1996 444 2159 496 quam
2194 430 2339 496 quod
2388 430 2553 485 Pater
2607 446 2733 485 eum
2784 432 3056 499 producit,
3100 433 3338 489 in'l‘undit
3390 445 3573 491 autem

315 518 408 570 καὶ
432 515 563 569 ίδιον
620 517 782 569 αὐτοῦ
807 533 822 549 ο
863 520 920 570 ἐν
962 517 1018 569 δέ
1046 516 1130 588 ’τῷ
1164 516 1379 586 ἑϐδόμῳ
1432 519 1531 571 οὐκ
1585 519 1647 571 ἐκ
1682 519 1885 589 μέτρου

313 606 495 659 δίδωσι
548 606 608 658 τὸ
655 591 887 677 Πνεῦμα
930 606 1071 660 κατὰ
1116 607 1212 676 τὴν
1254 608 1503 661 Ἰωάννου
1535 610 1741 680 φωνὴν,
1770 610 1888 663 ἀλλ’

314 697 476 760 αὐτὸς
510 696 719 767 ἐνίησιν
750 700 881 751 αὐτὸ
923 698 984 762 ἐξ
1016 698 1234 763 ἑαυτοῦ,
1278 699 1527 769 καθάπερ
1570 701 1761 771 ἀμέλει
1794 702 1888 753 καὶ

312 790 340 839 6
376 789 586 859 Πατήρ.
632 790 693 842 Ei
731 784 824 842 οῦν
878 788 1128 861 καθάπερ
1175 793 1202 843 6
1256 791 1445 861 Πατὴρ
1495 791 1789 860 προϐάλλει
1824 793 1885 845 τὸ

312 880 540 949 Πνεῦμα
583 881 680 933 καὶ
706 882 734 935 ὁ
772 880 920 944 Υἱὸς,
947 881 999 934 τί
1044 883 1123 935 ἔτι
1182 882 1339 951 ὑμεῖς
1374 883 1785 953 άμφιϐάλλετε;
1836 884 1883 936 εί

302 975 416 1043 μὲν
442 975 547 1046 γάρ
580 977 716 1030 διότι
751 979 938 1046 φησὶν,
981 977 1039 1031 'O
1076 979 1229 1045 ἆγιος
1263 978 1459 1048 ἐνίησι,
1495 981 1587 1033 καὶ
1623 980 1685 1031 ού
1714 980 1886 1046 λέγει,

311 1067 629 1137 προϐάλλει,
653 1068 685 1136 ἢ
708 1068 977 1138 πρόεισιν,
1010 1069 1045 1135 ἦ
1076 1062 1384 1139 ἐκπορεύει,
1411 1070 1547 1123 ἀλλὰ
1571 1070 1630 1124 τὸ
1657 1072 1884 1141 ἐνίησιν·

309 1156 531 1225 ἀδελφοὶ
587 1158 787 1212 ταυτὸν
837 1158 1086 1228 βούλεται
1135 1160 1214 1231 τῷ
1275 1161 1654 1232 ἐκπορεύεται,
1693 1164 1885 1233 ἐπειδὴ

306 1251 410 1320 τὴν
440 1249 607 1321 αὐτὴν
636 1251 797 1320 ῥῆσιν
828 1254 921 1306 καί⁵
970 1254 1062 1306 ἐπὶ
1093 1240 1184 1307 τοῦ
1224 1254 1432 1324 Πατρὸς
1477 1254 1696 1325 τίθησι⁹
1733 1254 1884 1323 λέγει

306 1342 438 1411 γὰρ,
480 1340 718 1411 Ἐνίησιν
746 1343 876 1396 αὐτὸ
898 1343 1145 1415 καθάπερ
1170 1345 1262 1396 καὶ
1294 1344 1561 1415 όΠατήρ.
1592 1346 1755 1397 Ὥστε
1786 1347 1883 1399 καὶ

1990 535 2114 573 cum
2148 528 2201 573 et
2250 518 2424 574 Filius
2456 521 2919 590 quemadmodum
2972 521 3179 580 Pater:
3215 528 3417 580 emittit
3445 543 3575 595 ergo

1989 611 2160 666 Filius
2190 598 2666 681 fquémadmodum
2706 613 2893 681 utique
2945 622 2999 667 et
3037 613 3228 680 Pater,
3271 632 3393 670 nam
3443 632 3572 671 cum

1989 701 2309 769 simpliciter
2334 701 2589 756 audimus
2623 720 2643 751 ι
2680 700 2917 772 Spiritus
2953 703 3151 768 Patris,
3200 723 3217 753 ι
3258 705 3393 758 nihil
3425 706 3572 760 aliud

1989 793 2343 863 intelligimus
2376 794 2479 847 nisi
2514 809 2578 847 ex
2609 795 2767 850 Patre
2799 810 2922 850 eum
2954 798 3272 865 procedere.
3306 796 3570 864 Sequitur

1978 898 2119 955 ergo
2157 885 2321 940 etiam
2354 902 2476 939 cum
2510 886 2577 940 de
2603 884 2741 941 Filio
2778 888 2878 942 hoc
2917 888 3274 961 audierimus,
3326 908 3340 939 ι
3385 886 3561 957 Spiri-

1994 987 2104 1051 tum
2130 976 2273 1042 Filii,
2311 993 2331 1029 ι
2371 986 2421 1031 et
2452 992 2515 1032 ex
2546 977 2684 1031 Filio
2712 978 3096 1046 procedentem
3136 979 3443 1049 necessario
3463 993 3568 1033 nos

1993 1066 2319 1135 intelligere,
2373 1082 2548 1136 eoque
2591 1067 2752 1121 modo
2789 1083 2914 1122 vera
2966 1070 3219 1135 dicimus,
3266 1077 3322 1123 et
3361 1068 3571 1122 sanctis

1995 1159 2395 1223 consentimus,
2453 1158 2685 1213 dicendo
2715 1174 2779 1214 ex
2842 1159 2999 1215 Patre
3052 1172 3105 1215 et
3137 1160 3274 1215 Filio
3319 1169 3568 1215 sanctum

1994 1255 2289 1320 procedere
2321 1249 2608 1320 Spiritum.
2647 1251 2715 1304 At
2764 1252 2815 1305 id
2852 1252 3068 1320 quidem
3119 1252 3355 1307 dilucide
3380 1260 3569 1305 osten-

1987 1358 2107 1397 sum
2148 1349 2255 1408 est,
2287 1343 2579 1412 radiosque
2615 1343 2681 1397 ad
2717 1343 2888 1397 instar
2918 1344 3052 1399 solis
3082 1344 3283 1399 emittit
3313 1344 3429 1398 haec
3468 1358 3567 1397 ex-

305 1432 334 1484 6
367 1433 553 1502 Πατὴρ
585 1433 761 1502 ἐνίησι
790 1434 851 1486 τὸ
898 1432 1143 1502 Πνεῦμα.
1190 1433 1256 1487 El
1302 1427 1396 1485 οὖν
1430 1435 1643 1502 ἐνίησιν
1690 1434 1820 1486 αὐτὸ
1853 1434 1874 1485 t‘.

1981 1435 2208 1505 positio,
2240 1435 2500 1490 adversus
2537 1450 2699 1504 quam
2742 1452 2865 1490 cum
2900 1438 3172 1506 respicere
3199 1451 3306 1489 non
3335 1434 3566 1505 possint,

310 1523 519 1594 Πατὴρ,
548 1524 705 1578 τοῦτο
738 1524 795 1578 δὲ
826 1525 925 1578 οῦκ
955 1525 1082 1578 ἄλλο
1109 1542 1161 1583 τι
1192 1525 1273 1578 δεῖ
1302 1518 1501 1578 ἐννοεῖν
1531 1525 1700 1595 ἡμᾶς,
1728 1525 1761 1596 ἢ
1797 1526 1874 1578 ὅτι

1986 1528 2078 1596 qui
2114 1536 2327 1583 noctua:
2353 1526 2540 1583 oculos
2577 1528 2803 1594 habent,
2840 1542 3055 1583 sursum
3092 1528 3351 1583 deorsum
3396 1527 3569 1582 allen.

305 1616 594 1686 ἐκπορεύει
626 1616 757 1672 αὐτὸ
785 1620 812 1671 6
842 1617 1049 1688 Πατὴρ,
1085 1619 1261 1689 ἐνίησι
1294 1617 1350 1671 δὲ
1379 1618 1538 1672 τοῦτο
1568 1620 1662 1672 καὶ
1691 1620 1719 1671 6
1748 1617 1879 1682 Υίδς
1986 1621 2146 1675 dunt.

306 1709 559 1780 καθάπερ
605 1713 752 1765 καὶό
784 1712 999 1781 Πατὴρ,
1041 1711 1332 1782 ἐκπορεύει
1368 1712 1476 1782 ἄρα
1525 1711 1687 1765 τοῦτο
1731 1713 1826 1766 καὶ
1859 1714 1887 1765 6
1920 1711 2073 1778 Υἱὸς,
2129 1713 2383 1785 καθάπερ
2433 1713 2728 1784 τοιγαροῦν
2781 1713 2878 1768 καὶ
2936 1717 2964 1767 6
3015 1716 3228 1786 Πατήρ.
3283 1717 3391 1768 Καὶ
3454 1713 3563 1784 γάδ

306 1807 435 1858 ὅταν
464 1809 784 1877 ἀκούσωμεν
810 1808 997 1871 ἀπλῶς
1025 1808 1085 1862 τὸ
1129 1808 1351 1880 Πνεῦμα
1378 1808 1476 1863 τοῦ
1507 1810 1739 1881 Πατρδς,
1773 1812 1873 1865 οὒκ
1915 1812 2044 1866 ἀλλο
2070 1830 2125 1865 τι
2159 1814 2474 1884 ἐννοουμεν,
2505 1814 2539 1881 ἢ
2571 1815 2630 1865 τὸ
2660 1813 2739 1865 ἐκ’
2756 1812 2849 1867 τοῦ
2908 1815 3128 1887 ,Πατρὸς
3198 1816 3568 1885 ἐκπορευόμε-

305 1915 412 1952 νον.
450 1897 684 1952 Ἔπεται
708 1900 821 1964 οὖν,
855 1903 948 1955 καὶ
974 1903 1101 1955 ὅταν
1135 1904 1227 1956 ἐπὶ
1252 1906 1342 1957 τοῦ
1379 1901 1508 1957 Υἱοῦ
1536 1906 1681 1958 τοῦτ’
1712 1906 2061 1975 ἀκούσωμε),
2089 1906 2151 1959 τὸ
2181 1906 2406 1977 Πνεῦμα
2431 1905 2525 1959 τοῦ
2568 1905 2719 1969 Υἱοῦ,
2751 1908 2847 1960 καὶ
2921 1908 2984 1959 ἐκ
3044 1906 3139 1960 τοῦ
3208 1906 3337 1959 Υἱοῦ
3400 1908 3566 1959 ἐκπο-

308 1996 602 2065 ρευόμενον
646 1999 960 2067 ἀναγκαίως
1011 2003 1151 2053 νοεῖν
1199 2002 1371 2072 ἡμᾶς.
1426 2003 1538 2057 Καὶ
1587 2003 1761 2073 τούτῳ
1793 2003 1870 2072 τῷ
1909 2004 2096 2074 τρόπῳ
2176 2002 2539 2072 ἀληθεύομεν,
2610 2002 2703 2056 καὶ
2748 2004 2860 2066 τοῖς
2911 2003 3091 2070 ἁγίοις
3136 1998 3561 2070 συμφωνοῦμεν,

304 2088 554 2156 λέγοντες
600 2089 682 2142 ὅτι
714 2092 777 2143 ἐκ
829 2092 922 2144 τοῦ
964 2092 1173 2161 Πατρδς
1205 2094 1297 2145 καὶ
1343 2091 1437 2146 τοῦ
1467 2092 1597 2146 Υἱοῦ
1629 2094 1688 2146 τὸ
1717 2095 1875 2161 ἅγιον
1914 2093 2273 2165 ἐκπορεύεται
2307 2094 2528 2163 Πνεῦμα
2554 2107 2572 2126 ⁸
2607 2092 2743 2147 ἀλλά
2788 2092 2943 2146 τοῦτο
2976 2094 3075 2163 μὲν
3142 2092 3413 2163 λαμπρῶς
3474 2090 3561 2145 δέ-

304 2186 547 2237 δεικται’
595 2186 695 2237 καὶ
723 2183 820 2247 τὰς
872 2186 1092 2250 ἀκτῖνας
1125 2188 1282 2260 δίκην
1328 2189 1482 2259 ἡλίου
1516 2191 1794 2259 ἐκπέμπει
1838 2192 1872 2261 ἡ
1911 2191 2178 2263 ἐξήγησις
2231 2190 2392 2259 αῦτη.
2429 2191 2521 2253 Εἰς
2555 2189 2734 2261 ἥνπερ
2810 2189 2861 2243 οἱ
2915 2188 3405 2258 νυκτερόιρθαλμοι,
3483 2192 3560 2261 μὴ

302 2277 596 2348 δυνάμενοι
649 2278 1006 2348 ἀντιϐλέψαι,
1054 2281 1167 2335 ἀνω
1226 2282 1322 2334 καὶ
1383 2281 1533 2335 κάτω
1586 2283 2048 2353 προσκόπτουσιν.

1060 2373 1137 2427 ι’.

386 2464 547 2531 Ἐμοὶ
591 2461 649 2514 δὲ
678 2463 825 2516 δοκεῖ
868 2463 1073 2516 δίκαιον
1117 2462 1243 2515 ἐπεὶ
1282 2462 1726 2531 συνεπεράναμεν
1777 2463 1878 2532 τὴν

306 2554 587 2623 ἡμετέραν
621 2553 934 2621 ὑπόσχεσιν,
969 2552 1057 2606 διά
1092 2552 1388 2622 τριάκοντα
1419 2553 1514 2606 καὶ
1546 2555 1712 2623 τριῶν
1741 2570 1878 2621 μαρ-

304 2645 508 2714 τυριῶν
542 2643 877 2697 ἀνατολικῶν
914 2645 1086 2711 ἁγίων
1116 2645 1531 2707 ἀποδεικνύντες
1560 2647 1619 2697 τὸ
1655 2646 1878 2714 Πνεῦμα

305 2736 368 2788 τὸ
402 2736 557 2803 ἅγιον
589 2736 682 2821 καὶ
718 2738 780 2788 ἐκ
811 2737 904 2789 τοῦ
944 2738 1090 2800 Υἱοῦ,
1129 2738 1275 2801 ὅπως
1314 2738 1407 2791 καὶ
1442 2739 1671 2791 δυτικῶν
1703 2738 1876 2805 ἁγίων

308 2825 657 2896 μνησθῶμεν,
696 2826 790 2879 καὶ
826 2830 1133 2896 μαρτυρίας
1164 2830 1227 2880 ἐκ
1260 2829 1463 2880 τούτων
1495 2828 1748 2892 ἑκάστου,
1784 2828 1877 2881 δύο

303 2917 338 2987 ἢ
367 2920 516 2987 τρεῖς
575 2920 1021 2987 προκομίσωμεν,
1070 2920 1148 2981 είς
1185 2918 1412 2986 ἔνδειξιν
1462 2919 1546 2973 ὅτι
1589 2920 1637 2972 οί
1670 2920 1875 2973 δυτικοὶ

304 3009 404 3062 καὶ
426 3009 731 3062 ἀνατολικοὶ
764 3009 1076 3063 διδάσκαλοι
1112 3010 1485 3080 συμφωνοῦσι,
1513 3012 1604 3064 καὶ
1639 3012 1874 3079 ἀμφιϐο-

303 3103 394 3154 λία
424 3103 649 3172 οὐδεμία
673 3106 819 3157 ἐστὶν
849 3106 905 3157 ἐν
940 3105 1142 3166 αὐτοῖς.
1176 3102 1283 3157 Καὶ
1306 3103 1523 3172 πρῶτος
1553 3104 1581 3156 6
1611 3104 1666 3156 ἐν
1698 3104 1874 3172 ἁγίοις

308 3195 617 3265 περίφημος
652 3196 871 3264 καὶτῆς
917 3196 1244 3263 Ἐκκλησίας
1281 3194 1469 3264 Πατὴρ
1502 3195 1594 3248 καὶ
1623 3194 1877 3248 διδάσκα-

304 3285 416 3350 λος,
449 3286 750 3355 Γρηγόριός
779 3303 921 3355 φημι
953 3288 978 3337 6
1007 3284 1280 3352 Διάλογος,
1313 3285 1528 3355 παρίτω
1556 3301 1878 3354 συμμαρτυ-

307 3378 491 3448 ρήσων
554 3380 665 3441 τοῖς
717 3379 1053 3440 ἀνατολικοίς
1102 3377 1463 3440 διδασκάλοις.
1523 3376 1723 3430 Τοῦτον
1766 3378 1874 3444 γάρ

303 3470 402 3521 καὶ
448 3470 482 3538 ἡ
538 3467 835 3539 ἀνατολικὴ
879 3468 1177 3536 Ἐκκλησία
1224 3466 1543 3520 διδάσκαλον
1590 3468 1681 3519 καὶ
1720 3466 1874 3535 ἀγιον

244 3548 249 3551 ’
301 3560 451 3628 ἔχει·
489 3558 581 3611 καὶ
631 3558 732 3628 τὴν
776 3560 997 3627 μνήμην
1038 3557 1225 3623 αὐτοῦ,
1267 3557 1499 3610 ἑκάστου
1550 3556 1703 3619 ἔτους
1756 3554 1874 3625 μετ’

301 3650 580 3721 εὐφημίας
598 3651 719 3717 ἄγει
747 3667 762 3681 °
791 3651 887 3703 καὶ
912 3651 973 3702 οὐ
1003 3649 1278 3718 δυνάμεθα
1303 3649 1671 3720 ἀρνήσασθαι.
1704 3649 1872 3711 Οὗτος

302 3834 437 3889 ἀλλα
482 3832 680 3902 φησιν’
719 3850 737 3885 ι
775 3831 942 3887 Ὅθεν
988 3832 1085 3887 καὶ
1134 3832 1271 3902 αὐτὴ
1305 3833 1338 3902 ἡ
1382 3832 1611 3902 ἀλήθεια
1641 3832 1729 3886 ῑνα
1760 3833 1874 3896 τοῖς

304 3927 577 3996 μαθηταῖς
622 3925 805 3978 πίστιν
834 3924 1066 3994 προσθῇ,
1099 3921 1251 3979 εἷπεν
1280 3940 1294 3954 °
1339 3924 1465 3978 Ἐάν
1504 3924 1611 3994 γάρ
1645 3922 1755 3992 ἐγὼ
1797 3926 1872 3995 μὴ

302 4020 546 4082 ἀπέλθω,
586 4020 613 4071 6
670 4018 1025 4091 Παράκλητος
1071 4018 1167 4071 οὐκ
1221 4017 1501 4071 ἐλεύσεται
1539 4019 1671 4087 πρὸς
1706 4018 1869 4087 ὑμᾶς.

315 4112 471 4165 Ἐπεὶ
498 4110 602 4179 γὰρ
627 4111 840 4179 ἀνάγκη
875 4110 990 4162 ἐστὶ
1012 4110 1103 4163 τὸν
1135 4110 1512 4179 Παράκλητον,
1536 4110 1598 4162 τὸ
1628 4108 1872 4177 Πνεῦμα,

305 4204 371 4253 ἐκ
396 4200 490 4253 τοῦ
523 4199 737 4269 Πατρδς
762 4198 850 4253 ἀεὶ
881 4200 976 4252 καὶ
1003 4198 1096 4251 τοῦ
1127 4199 1258 4251 Υἱοῦ
1288 4198 1704 4270 ἐκπορεύεσθαι,
1733 4198 1875 4259 τίνος

303 4292 467 4362 χάριν
519 4290 712 4343 ἐαυτὸν
749 4292 777 4344 6
833 4290 961 4353 Υίδς
1018 4290 1443 4360 ἀποδημήσοντα
1504 4290 1749 4359 εἴρηκεν,
1807 4286 1876 4341 ἶν’

300 4388 508 4446 ἐκεῖνος
539 4383 689 4453 ἔλθῃ,
720 4384 749 4436 6
783 4383 877 4436 τοῦ
921 4382 1052 4435 Υἱοῦ
1087 4382 1354 4453 μηδέποτε
1404 4381 1772 4451 ἀφιστάμενος
1796 4394 1813 4448 ;
1839 4379 1873 4450 ἢ

301 4480 387 4531 ὅτι
443 4477 491 4527 οἱ
551 4474 838 4529 ἀπόστολοι
882 4477 939 4527 ἐν
988 4475 1151 4544 σαρκὶ
1188 4476 1521 4542 σωματικοῖς
1578 4472 1876 4539 ὀφθαλμοῖς

298 4569 541 4640 ὁρῶντες
566 4568 657 4621 τὸν
696 4568 900 4631 Κύριον
932 4566 1028 4619 καὶ⁵
1076 4565 1464 4633 πνευματικῶς
1495 4564 1689 4632 ἐδίψων
1718 4564 1871 4634 δρᾷν,

301 4661 483 4731 ὀρθῶς
513 4660 697 4720 αὐτοῖς
725 4658 1029 4725 διαλέγεται
1052 4672 1096 4707 σε
1120 4656 1245 4710 Ἐὰν
1261 4656 1371 4725 γὰρ
1392 4656 1502 4723 ἐγὼ
1534 4658 1607 4725 μὴ
1635 4655 1872 4722 ἀπέλθω,

299 4755 328 4805 ό
363 4750 717 4819 Παράκλητος
749 4749 850 4802 οῦκ
869 4748 1163 4800 ἐλεύσεται·
1198 4765 1217 4795 ι
1253 4746 1447 4817 ὥσπερ
1479 4746 1543 4799 ἂν
1569 4749 1617 4799 εί
1650 4747 1877 4817 διαρρή-

298 4848 397 4913 δην
432 4843 613 4904 αὑτοῖς
652 4841 856 4908 ἐλεγεν,
900 4840 1025 4892 Ἐάν
1053 4840 1130 4908 μὴ
1162 4838 1221 4889 τὸ
1262 4837 1420 4906 σῶμα
1451 4837 1759 4907 ἀφέλωμαι,
1787 4836 1870 4901 τίς

303 4938 371 4989 ἂν
404 4935 489 5003 εἴη
530 4935 559 4986 6
595 4931 965 4999 πνευματικὸς
1005 4930 1143 4999 ἔρως
1190 4930 1249 4980 οὐ
1280 4928 1561 4996 δείκνυμι·
1593 4929 1683 4979 καὶ
1715 4927 1763 4980 εί
1800 4927 1876 4997 μὴ

2722 2367 2832 2421 VII.

2053 2460 2160 2516 Sed
2188 2460 2323 2515 mihi
2347 2475 2561 2531 mquum
2585 2475 2707 2514 esse
2730 2458 2967 2519 videtur.
2998 2474 3121 2512 eum
3149 2462 3559 2528 prtestitciimus

1978 2552 2124 2619 quod
2158 2550 2385 2620 polliciti
2420 2566 2631 2614 sumus,
2665 2550 2840 2602 tribus
2874 2557 2928 2602 et
2973 2550 3187 2617 triginta
3232 2551 3558 2608 testimoniis

1978 2642 2339 2697 Orientalium
2359 2653 2670 2696 sanctorum
2708 2640 2956 2711 prolatis,
2994 2641 3059 2695 ad
3091 2646 3553 2712 comprobandum

1979 2749 2044 2787 ex
2073 2732 2212 2787 Filio
2242 2735 2405 2788 etiam
2439 2748 2562 2788 esse
2593 2743 2847 2787 sanctum
2890 2730 3174 2800 Spiritum,
3232 2744 3288 2786 ut
3336 2744 3557 2790 sancto-

1980 2837 2098 2876 rum
2130 2822 2565 2878 Occidentalium
2617 2824 2954 2877 mentionem
2991 2822 3279 2886 faciamus,
3328 2834 3381 2878 et
3432 2827 3558 2879 bina

1980 2915 2063 2969 vel
2095 2924 2246 2968 terna
2289 2915 2599 2969 testimonia
2632 2929 2697 2967 ex
2724 2912 2950 2981 singulis
2976 2914 3293 2977 aderamus,
3318 2917 3382 2969 ad
3412 2934 3559 2971 com-

1978 3006 2321 3075 probandum
2375 3006 2760 3060 Occidentales
2816 3014 2869 3059 et
2932 3005 3238 3061 Orientales
3308 3010 3559 3063 doctores

1976 3099 2331 3165 concordare,
2368 3114 2467 3154 nec
2503 3114 2624 3154 esse
2668 3100 2724 3154 in
2777 3100 2843 3156 iis
2888 3102 3051 3156 ullam
3101 3101 3555 3171 ambiguitatem:

1976 3195 2294 3266 primusque
2370 3195 2514 3249 inter
2568 3205 2788 3250 sanctos
2844 3196 3237 3251 celeberrimus
3298 3194 3557 3250 Ecclesia:

1977 3284 2137 3339 Pater
2181 3293 2236 3338 et
2279 3284 2488 3347 doctor,
2531 3283 2845 3352 Gregorius,
2904 3285 3148 3352 inquam,
3178 3284 3454 3352 Dialogus,
3489 3284 3558 3337 ad

1978 3374 2383 3428 testificandum
2411 3389 2514 3427 una
2541 3390 2665 3429 cum
2710 3374 3027 3429 doctoribus
3051 3373 3425 3428 Orientalibus
3462 3389 3558 3429 ac-

1975 3466 2172 3521 cedat:
2201 3481 2322 3519 nam
2359 3480 2486 3521 eum
2520 3467 2683 3521 etiam
2714 3464 3005 3522 Orientalis
3032 3465 3271 3519 Ecclesia
3303 3479 3400 3533 pro
3432 3479 3559 3519 san-

1975 3566 2064 3612 eto
2109 3556 2292 3622 habet,
2320 3557 2550 3628 ejusque
2576 3555 3154 3612 commemorationem
3191 3554 3417 3625 singulis
3450 3569 3553 3608 an~

346 3650 580 3721 ΰφημίας
598 3651 719 3717 ἄγει
747 3667 762 3681 °
791 3651 887 3703 καὶ
912 3651 973 3702 οὐ
1003 3649 1278 3718 δυνάμεθα
1303 3649 1671 3720 ἀρνήσασθαι.
1704 3649 1872 3711 Οὗτος
1916 3706 1943 3728 ν
1975 3648 2062 3704 nis
2091 3664 2213 3703 cum
2264 3650 2457 3720 plausu
2512 3649 2747 3720 peragit,
2800 3664 2901 3704 nec
2939 3647 3171 3719 potestis
3222 3646 3460 3702 dimteri.
3504 3647 3558 3703 Is

346 3741 416 3795 ἀρ
442 3743 500 3793 ἐν
533 3741 613 3794 ἐνὶ
652 3740 762 3793 τῶν
793 3738 958 3795 αὑτοῦ
1014 3741 1486 3795 συγγραμμάτων.
1532 3740 1669 3795 μετὰ
1703 3741 1873 3794 πολλὰ
1897 3713 1945 3771 (λ
1976 3755 2211 3795 namque
2240 3741 2290 3795 in
2320 3742 2555 3795 quodam
2588 3757 2687 3795 suo
2715 3749 2952 3795 tractatu
2987 3741 3062 3795 (ll
3092 3750 3217 3795 post
3250 3740 3352 3794 alia
3385 3741 3557 3795 multa

303 3757 416 3812 γαρ
442 3757 500 3793 εν
533 3757 613 3794 ενι
652 3757 762 3793 των
793 3757 958 3795 αυτοῦ
1014 3757 1486 3811 συγγραμμάτων,
1532 3757 1669 3809 μετα
1703 3757 1802 3794 πο).

1976 3755 2211 3809 namque
2240 3741 2290 3795 in
2320 3742 2555 3811 quodam
2588 3757 2687 3799 suo
2715 3749 2952 3798 tractatu
2987 3741 3062 3810 (l)
3091 3750 3217 3811 post
3250 3740 3352 3794 alia
3385 3741 3557 3795 multa

1976 3832 2217 3887 scribit:
2258 3851 2278 3884 ι
2321 3832 2479 3889 Unde
2534 3834 2650 3903 ipsa
2704 3849 2924 3903 quoque
2972 3831 3227 3896 Veritas,
3280 3841 3339 3884 ut
3390 3830 3556 3885 ﬁdem

1975 3920 2254 3991 discipulis
2300 3933 2522 3994 augeret
2555 3963 2569 3987 ,
2618 3926 2790 3980 dixit:
2862 3943 2880 3976 ι
2916 3923 2970 3979 Si
3023 3939 3123 3995 ego
3175 3938 3283 3976 non
3342 3920 3552 3986 abiero,

1975 4011 2290 4068 Paracletus
2342 4031 2451 4069 non
2484 4017 2667 4071 veniet
2699 4017 2766 4070 ad
2798 4032 2947 4071 vos.»
2982 4016 3115 4071 Cum
3151 4015 3293 4069 enim
3320 4023 3551 4079 constet,

1976 4105 2104 4175 quia
2141 4105 2456 4163 Paracletus
2489 4109 2725 4176 Spiritus
2765 4124 2794 4163 a
2845 4107 3005 4163 Patre
3042 4124 3261 4179 semper
3294 4106 3555 4177 procedat

1976 4210 2031 4255 et
2052 4198 2212 4267 Filio,
2246 4215 2344 4255 cur
2366 4216 2425 4255 se
2460 4200 2641 4255 Filius
2667 4216 3009 4257 recessurum
3038 4200 3188 4263 dicit,
3240 4210 3296 4253 ut
3328 4200 3417 4253 ille
3459 4213 3553 4253 ve-

1977 4292 2113 4355 niat,
2167 4291 2260 4359 qui
2297 4305 2327 4345 a
2364 4289 2505 4346 Filio
2538 4307 2816 4362 nunquam
2870 4291 3116 4347 recedit?
3153 4290 3256 4344 Sed
3292 4291 3419 4359 quia
3468 4289 3554 4344 di-

1977 4382 2168 4453 scipuli
2201 4383 2494 4439 Dominum
2546 4384 2600 4438 in
2657 4399 2820 4439 carne
2850 4392 3157 4439 cernentes.
3194 4379 3553 4449 spiritualiter

1977 4489 2192 4545 quoque
2228 4474 2418 4530 videre
2451 4474 2733 4539 sitiebant,
2760 4484 2909 4530 recte
2939 4474 3017 4528 eis
3052 4473 3268 4538 dicitur,
3308 4491 3328 4523 ι
3365 4472 3419 4525 Si
3450 4485 3553 4542 ego

1979 4580 2087 4620 non
2125 4565 2328 4629 abiero,
2362 4565 2680 4621 Paracletus
2720 4579 2825 4620 non
2872 4565 3072 4629 veniet,
3108 4581 3128 4616 ι
3181 4576 3245 4617 ac
3280 4563 3325 4616 si
3360 4572 3551 4631 aperte

1976 4654 2258 4709 diceretur
2289 4672 2303 4707 :
2346 4653 2402 4709 Si
2431 4669 2630 4725 corpus
2663 4671 2771 4709 non
2815 4653 3099 4719 subtraho,
3134 4654 3256 4721 quis
3298 4653 3370 4707 sit
3398 4666 3551 4706 amor

1979 4740 2215 4810 Spiritus
2246 4758 2358 4796 non
2394 4745 2623 4799 ostendo
2658 4761 2672 4798 :
2703 4753 2757 4798 et
2791 4741 2896 4797 nisi
2937 4757 3020 4797 me
3046 4743 3323 4797 desieritis
3357 4757 3550 4798 carna-

1977 4833 2101 4886 liter
2153 4848 2415 4897 cernere,
2472 4850 2746 4903 nunquam
2801 4848 2886 4887 me
2941 4833 3127 4889 scietis
3190 4814 3549 4904 spiritdaliter

1979 4936 2185 4979 amare.
2223 4944 2243 4976 ι
2287 4925 2430 4979 Idem
2487 4926 2742 4996 magister
2794 4925 2886 4981 lib.
2923 4942 2939 4981 ι
2978 4926 3281 4992 Moralium,
3324 4943 3445 4997 cap.
3492 4927 3548 4988 8,

304 5024 635 5094 σωματικῶς
667 5039 733 5092 με
762 5021 1033 5074 παύσεσθε
1064 5021 1371 5090 βλέποντες.
1419 5020 1673 5072 οὐδέποτε
1713 5036 1874 5072 πνευ-

1982 5018 2059 5071 sic
2084 5016 2319 5087 explicat
2353 5034 2365 5070 :
2393 5036 2411 5066 ι
2439 5017 2497 5070 In
2524 5018 2710 5087 orbem
2736 5019 2849 5073 dies
2871 5019 3102 5073 convivii
3127 5027 3548 5072 transeunteum

306 5114 553 5183 ματικὼς
592 5113 812 5182 ἀγαπᾷν
842 5110 1075 5164 εἴσεσθε.
1119 5129 1136 5161 ι
1184 5110 1244 5163 Ὀ
1275 5109 1437 5173 αὐτὸς
1464 5109 1786 5172 διδάσκαλος
1815 5111 1874 5163 ἐν

298 5207 377 5274 τῷ
406 5201 607 5273 πρώτῳ
640 5202 827 5273 βιϐλίῳ
855 5202 965 5255 τῶν
1008 5198 1250 5257 Ἠθικῶν
1288 5200 1476 5265 αὐτοῦ,
1501 5202 1559 5253 ἐν
1591 5199 1872 5268 κεφαλαίῳ

298 5297 528 5363 δεκάτῳ,
559 5293 701 5346 οὕτω
734 5293 987 5358 διέξεισιν
1008 5308 1021 5322 ο
1054 5310 1073 5343 ‹
1129 5292 1216 5345 Ἐν
1244 5293 1311 5361 τῇ
1334 5292 1625 5362 οίκουμένῃ
1652 5291 1709 5343 αί
1735 5292 1872 5361 ἡμέ-

304 5407 395 5459 ραι
428 5387 537 5441 τῶν
569 5385 887 5457 συμποσίων
934 5383 1323 5455 παρέρχονται,
1362 5384 1580 5437 ἐπειδὰν
1626 5382 1735 5436 τῶν
1770 5400 1870 5453 κη-

304 5480 598 5550 ρυγμάτων
650 5477 1003 5532 διατελῶνται
1049 5480 1117 5529 τά
1157 5475 1456 5545 μυστήρια.
1503 5474 1871 5529 Τελεσθέντων

297 5573 355 5626 δὲ
387 5571 494 5625 τῶν
555 5570 893 5641 συμποσίων,
941 5564 1367 5637 ὁλοκαυτώματα
1408 5568 1435 5621 6
1482 5567 1601 5621 Ἰὼϐ
1636 5568 1870 5637 ἀνήνεγ.

372 5746 449 5818 (l)
480 5745 685 5818 DiaIOg.
707 5745 764 5815 2,
805 5746 865 5821 in
884 5744 990 5802 line
1010 5788 1014 5793 .

1985 5109 2394 5179 praedicationis
2456 5111 2711 5181 mysteria
2776 5119 3128 5180 peraguntur.
3203 5108 3551 5176 Peractisque

1976 5200 2237 5255 conviviis
2268 5200 2640 5257 holocaustum
2683 5202 2784 5257 Job
2819 5216 2916 5270 pro
2963 5200 3089 5254 ﬁliis
3138 5199 3380 5253 obtulit:
3418 5197 3547 5267 quia

1975 5306 2075 5361 pro
2094 5292 2353 5361 apostolis
2395 5293 2464 5348 de
2501 5292 2890 5362 praedicatione
2921 5291 3298 5354 redeuntibus,
3330 5289 3546 5345 Patrem

1975 5382 2226 5437 Christus
2254 5384 2564 5454 redemptor
2590 5384 2856 5439 exoravit.
2888 5381 3031 5437 Bene
3060 5392 3242 5436 autem
3277 5379 3548 5435 mittendo

1976 5479 2318 5535 sanctiﬁcare
2362 5480 2582 5546 dicitur,
2636 5480 2760 5548 quia
2801 5478 2928 5533 dum
2960 5477 3220 5546 Spiritum
3270 5482 3545 5541 sanctum,

1974 5573 2067 5641 qui
2114 5588 2140 5626 a
2181 5588 2239 5628 se
2294 5572 2558 5642 procedit,
2616 5571 3001 5642 discipulorum
3047 5568 3300 5626 cordibus
3332 5567 3546 5635 tribuit,
