3978 6204
230 255 358 322 1161

867 264 1020 327 PRO
1048 264 1265 328 CONC.
1299 267 1681 330 FLORENT.
1720 268 1882 331 CAP.
1927 271 1975 331 Ι.
2023 268 2125 330 DE
2158 268 2475 331 SPIRITU
2508 268 2823 333 SANCTO.

3346 270 3484 343 1in

237 367 533 442 Ὀρμίσδας
557 369 586 424 6
618 368 919 439 ἁγιώτατος
952 374 1162 439 πάπας,
1201 377 1260 428 ὲν
1292 379 1358 447 τῇ
1394 377 1531 447 πρὸς
1576 377 1832 437 ἰουστί-⁴

1936 381 2188 449 ιτορτίυιη
2220 379 2638 436 transferamus.
2671 381 2947 452 Magnum,
2988 388 3238 439 sanctum
3264 393 3350 439 -ει
3398 386 3487 440 in-

225 480 318 517 νον
354 462 445 515 τὸν
493 461 719 533 βασιλέα
763 464 1024 537 ἐπιστολῇ
1053 466 1198 520 κατὰ
1238 467 1351 521 τῶν
1384 467 1681 537 Νεστορίου
1713 468 1810 521 καὶ

228 555 501 627 Εὑτυχοῦς
530 555 918 626 βλασφημιῶν,
948 559 1092 614 οὕτω
1119 562 1293 631 φησί·
1324 579 1345 613 t
1379 561 1808 632 Προσκυνοῦμεν

226 648 472 720 Πατέρα,
510 649 606 701 καὶ
634 649 785 714 Υἰὸν,
810 652 907 704 καὶ
934 652 1091 720 ἅγιον
1123 653 1350 723 Πνεῦμα
1368 669 1383 685 ⁸
1411 655 1512 724 τὴν
1533 656 1811 727 διακεκρι-

230 740 409 808 μένως
439 738 787 805 ἀδιάστατον,
831 741 1238 813 ἀκατάληπτον,
1272 745 1367 797 καί⁵
1416 745 1809 816 όινεκδιὴγητον

224 834 325 901 τῆς
372 832 601 900 Τριάδος
663 832 871 888 οὐσίαν.
908 835 1076 888 Ἔνθα
1126 835 1231 889 κᾶν
1282 836 1518 907 ἀριθμὸν
1564 839 1593 890 6
1653 838 1811 906 λόγος

224 922 341 975 τῶν
381 923 694 992 προσώπων
729 924 1040 990 προσίεται,
1073 927 1107 994 ἡ
1134 926 1322 997 ἑνότης
1358 928 1506 998 ὅμως
1537 929 1639 982 οὐκ
1677 930 1812 983 ἀπο·

229 1015 422 1068 ϐάλλει
446 1016 547 1084 τὴν
576 1015 788 1070 οὐσίαν.
816 1015 973 1071 Οῦτω
1004 1017 1215 1086 μέντοι,
1244 1018 1385 1072 ὥστε
1417 1021 1566 1091 ἡμᾶς
1610 1038 1811 1090 συντη-

233 1108 348 1177 ρεῖν
381 1107 600 1177 ἑκάστῳ
634 1108 765 1175 θείῳ
796 1107 1078 1180 προσώπῳ
1107 1110 1176 1163 τὰ
1226 1109 1333 1163 ἴδια
1358 1124 1372 1139 ⁸
1405 1113 1500 1165 καὶ
1531 1112 1671 1183 μήτε
1725 1113 1815 1167 διὰ

228 1198 341 1251 τῶν
375 1201 687 1269 προσώπων
716 1199 816 1269 τὴν
847 1200 1077 1270 ἑνότητα
1123 1202 1226 1270 τῆς
1262 1201 1514 1273 θεότητος
1551 1205 1817 1275 ἀπαρνεῖ-

231 1290 385 1356 σθαι,
419 1294 560 1363 μήτε
598 1292 733 1363 πρὸς
762 1294 862 1364 τὴν
913 1294 1101 1347 οὐσίαν
1134 1294 1285 1349 τοῦθ’
1312 1298 1450 1364 ὅπερ
1497 1297 1647 1350 ἐστὶν
1678 1299 1813 1352 ῐδιον

228 1381 339 1435 τῶν
366 1381 679 1453 προσώπων
728 1383 1219 1453 μετακομίζεσθαι.
1284 1387 1465 1454 Μέγα.
1510 1387 1687 1455 ἅγιον,
1721 1391 1814 1441 καὶ

230 1474 639 1543 ἀκατάληπτον,
665 1475 726 1527 τὸ
750 1472 1101 1546 τῆςὛριὰδος
1133 1480 1455 1549 μυστήριον.
1492 1480 1623 1543 Θεὸς
1644 1482 1672 1533 6
1702 1482 1813 1533 Πα-

228 1567 336 1637 τήρ
356 1583 372 1599 ο
414 1566 547 1630 Θεὸς
576 1567 605 1619 6
630 1566 758 1631 Υἱός
782 1584 798 1598 ³
838 1568 973 1632 Θεὸς
997 1570 1059 1622 τὸ
1092 1571 1317 1641 Πνεῦμα
1340 1572 1403 1624 τὸ
1429 1571 1586 1639 ἅγιον
1605 1590 1618 1603 ·
1646 1574 1817 1642 Τριάς

231 1658 561 1727 ἀδιαίρετος.
615 1657 727 1710 Καὶ
776 1658 884 1728 μὴν
933 1659 1226 1728 ἔγνωσται,
1273 1662 1357 1716 ὅτι
1392 1663 1523 1716 ῐδιόν
1571 1665 1686 1717 ἐστι
1720 1663 1814 1718 τοῦ

233 1725 467 1821 Πατρδς,
499 1751 697 1821 γεννᾷν
735 1725 984 1804 τδνήΥίόν
1006 1768 1020 1783 ·
1055 1752 1185 1807 ῑδιον
1211 1725 1316 1808 τοῦ
1349 1754 1481 1808 Υίοῦ
1521 1756 1619 1809 τοῦ
1655 1757 1814 1822 Θεοῦ,
1851 1725 1893 1783 Β

230 1844 295 1897 ὲκ
322 1843 415 1897 τοῦ
447 1844 661 1914 Πατρός
698 1844 813 1906 ἶσος
840 1845 1131 1913 γεννᾶσθαι
1174 1846 1254 1915 τῷ
1300 1847 1472 1918 Πατρί
1500 1865 1514 1880 ο
1552 1849 1685 1903 ἴδιον
1726 1850 1817 1903 τοῦ

231 1935 390 2001 ἁγίου
422 1936 765 2006 Πνεῦματος.
794 1935 875 2001 τδ,
923 1938 988 1990 ἐκ
1040 1936 1136 1991 τοῦ
1173 1939 1386 2010 Πατρός
1436 1941 1531 1994 καὶ
1563 1940 1694 1994 Υίοῦ
1728 1944 1819 1995 ἐκ·

234 2026 590 2097 πορεύεσθαι,
646 2027 754 2081 ὑπὸ
817 2028 919 2098 μιᾷ
970 2028 1131 2100 οὐσία
1186 2028 1465 2100 θεότητος.
1521 2049 1539 2082 ι
1578 2031 1732 2085 Λέων
1792 2034 1820 2086 6

239 2118 565 2188 ἁγιώτατοῖ,
635 2120 729 2173 καὶ
789 2119 951 2183 αὐτὸς
998 2121 1098 2188 τῆς
1150 2122 1532 2192 πρεσϐυτέρας
1598 2124 1821 2193 Ῥώμης

233 2214 526 2284 ἀρχιερεὺς
575 2211 854 2282 μέγιστος,
906 2213 964 2265 ὲν
1012 2212 1091 2282 τῷ
1153 2215 1234 2277 είς
1278 2214 1379 2285 τὴν
1435 2216 1821 2287 Πεντηκοστὴν

238 2304 442 2373 πρώτῳ
475 2303 643 2372 λόγῳ,
665 2302 725 2356 οῦ
753 2304 787 2371 ἠ
818 2303 984 2375 ἀρχίγ
1022 2322 1040 2355 t
1068 2305 1180 2375 Τὴν
1218 2307 1456 2377 σήμερον
1485 2307 1819 2378 πανήγυριν,

1910 470 2409 541 compreliensibile
2440 471 2728 527 Trinitatis
2762 473 3105 543 mysterium,
3136 474 3283 530 Deus
3307 475 3489 543 Pater,

1912 563 2056 619 Deus
2085 559 2279 627 Filius,
2323 562 2469 619 Deus
2506 560 2742 633 Spiritus
2782 574 3027 628 sanctus.
3059 564 3303 621 Trinitas
3351 566 3495 622 indi-

1911 654 2191 709 visibilis:
2223 662 2407 709 tamen
2457 665 2669 709 certum
2702 664 2785 710 est
2832 654 3114 725 proprium
3164 656 3342 711 Patris
3370 671 3494 712 esse

1912 747 2111 803 Filium
2145 760 2430 816 generare,
2466 746 2745 815 proprium
2800 746 2925 803 Filii
2972 747 3062 803 Dei
3092 748 3353 817 aqualem
3390 748 3496 803 Pa-

1914 837 1985 892 tri
2044 836 2319 907 generari,
2372 835 2657 905 proprium
2710 835 2948 907 Spiritus
2997 839 3172 893 sancti
3212 853 3280 893 ex
3334 836 3497 895 Patre

1914 927 2217 996 procedere
2246 935 2303 981 et
2327 925 2488 991 Filio,
2517 925 2618 980 sub
2648 941 2755 979 una
2781 928 3019 981 essentia
3060 927 3294 983 deitatis.
3331 948 3349 980 ι
3386 928 3498 984 Leo

1913 1018 2301 1074 sanctissimus
2341 1026 2396 1072 et
2434 1018 2551 1088 ipse
2584 1018 2821 1089 antiqua:
2849 1016 3037 1074 Romae
3075 1020 3318 1090 pontifex
3347 1036 3498 1076 sum-

1914 1126 2056 1178 mus,
2090 1110 2145 1165 in
2170 1111 2349 1179 primo
2376 1125 2632 1165 sermone
2662 1119 2785 1180 post
2833 1109 3191 1166 Pentecosten
3219 1113 3314 1182 qui
3364 1112 3501 1167 inci-

1914 1206 2043 1276 pit:
2099 1223 2118 1257 ι
2178 1190 2506 1258 liodiernam
2561 1204 3005 1267 solemnitatem,
3065 1205 3430 1269 dilectissimi,
3472 1227 3493 1260 ι

1915 1297 1996 1352 sic
2020 1295 2199 1364 inquit
2231 1312 2246 1350 ι
2280 1313 2300 1346 ι
2337 1295 2397 1350 1η
2426 1295 2697 1350 Trinitate
2744 1297 2890 1350 enim
2925 1296 3108 1350 divina
3154 1297 3291 1351 nihil
3338 1299 3500 1353 dissi-

1916 1386 2068 1451 mile,
2106 1386 2242 1440 nihil
2282 1385 2458 1453 impar
2506 1393 2612 1449 est,
2664 1393 2720 1440 et
2769 1385 2951 1439 omnia
2983 1403 3104 1456 qua:
3143 1388 3210 1442 de
3240 1389 3331 1442 illa
3366 1390 3500 1443 sub-

1917 1461 2120 1528 stantia
2155 1475 2385 1545 cogitari
2414 1474 2617 1537 valent,
2651 1489 2754 1531 nec
2787 1475 3012 1543 virtute,
3051 1492 3151 1531 nec
3184 1477 3374 1548 gloria,
3401 1495 3503 1533 nec

1917 1565 2221 1621 ateruitate
2270 1565 2503 1621 discreta
2548 1573 2698 1620 sunt.
2749 1566 2999 1638 Cumque
3045 1570 3098 1622 in
3144 1586 3499 1639 personarum

1919 1655 2348 1727 proprietatibus
2379 1657 2521 1713 alius
2550 1656 2623 1711 sit
2651 1656 2835 1721 Pater,
2867 1660 3006 1714 alius
3036 1660 3106 1715 sit
3139 1661 3329 1727 Flius,
3360 1663 3501 1716 alius

1921 1747 1996 1803 sit
2025 1746 2263 1816 Spiritus
2307 1757 2554 1808 sanctus,
2583 1761 2694 1801 nou
2735 1755 2917 1802 tamen
2958 1748 3060 1801 alia
3107 1748 3281 1803 deitas
3328 1766 3504 1821 neque

1923 1840 2138 1893 diversa
2179 1848 2371 1892 natura
2403 1846 2534 1894 est:
2570 1839 2840 1908 siquidem
2883 1856 3005 1894 cum
3047 1849 3103 1894 et
3142 1841 3209 1895 de
3248 1840 3409 1896 Patre
3434 1843 3507 1899 sit

1924 1933 2091 1990 Filius
2120 1936 2455 2005 unigenitus,
2502 1946 2560 1991 ct
2595 1935 2834 2005 Spiritus
2866 1947 3110 2000 sanctus,
3145 1938 3318 1993 Patris
3357 1938 3508 1994 Filii-

1923 2041 2032 2097 que
2066 2026 2140 2081 sit
2174 2026 2432 2097 Spiritus,
2466 2010 2590 2082 ‘non
2643 2029 2791 2083 sicut
2839 2043 3181 2098 quascunque
3231 2040 3507 2092 creatura,

1926 2137 2047 2191 quae
2074 2131 2130 2177 et
2168 2121 2347 2176 Patris
2376 2130 2431 2177 et
2462 2121 2583 2176 Filii
2616 2130 2722 2186 est,
2760 2122 2857 2177 sed
2917 2122 3061 2177 sicut
3110 2137 3236 2178 cum
3274 2132 3511 2192 utroque

1926 2215 2136 2276 virens.
2186 2222 2241 2268 et
2294 2221 2508 2283 potens,
2542 2222 2598 2269 et
2627 2214 3015 2284 sempiternus,
3054 2222 3109 2269 et
3153 2229 3220 2270 ex
3266 2229 3332 2270 eo
3365 2216 3511 2285 quod

1930 2314 2014 2360 est
2035 2304 2196 2359 Pater
2227 2305 2506 2376 Filiusque
2529 2306 2804 2361 subsistit.
2833 2325 2853 2357 ι

234 2398 455 2467 ἀδελφοὶ
487 2398 880 2464 ποθεινότατοι,
911 2418 929 2452 ι
965 2398 1109 2453 οὕτω
1139 2402 1341 2470 φησὶνο
1398 2421 1417 2454 ι
1464 2403 1555 2458 Ἐν
1598 2402 1708 2473 γὰρ
1755 2405 1823 2473 τῇ
1861 2401 1981 2473 θείᾳ
2011 2402 2203 2473 Τριάδι
2234 2401 2387 2455 οὐδὲν
2415 2402 2692 2478 ἀνόμοιον,
2750 2402 2904 2457 οὐδὲν
2940 2406 3127 2460 ἄνισόν
3192 2411 3312 2463 ἔστι
3340 2427 3353 2441 ·
3418 2410 3515 2464 καὶ

234 2496 413 2550 πάντα
441 2494 508 2548 τὰ
561 2493 689 2563 περὶ
726 2496 827 2564 τῆς
871 2493 1060 2557 οὐσίας
1099 2494 1317 2565 ἐκείνης
1365 2496 1608 2550 νοεῖσθαι
1659 2496 1959 2566 δυνάμενα,
1991 2496 2118 2549 οῦτε
2147 2496 2399 2564 δυνάμει,
2469 2493 2594 2548 οὔτε
2640 2495 2789 2567 δόξῃ,
2866 2494 2997 2550 οὔτε
3067 2501 3333 2572 ἀῖδιότητι
3392 2503 3509 2555 διαο

235 2590 542 2660 κέκρινται.
573 2588 764 2649 Ὀντος
798 2586 853 2640 δὲ
894 2587 953 2640 ἐν
981 2588 1100 2649 ταῖς
1132 2588 1243 2641 τῶν
1296 2589 1654 2644 ὑποστάσεων
1691 2589 1973 2657 ίδιότησιν,
2005 2589 2168 2643 ἄλλου
2220 2589 2320 2658 μὲν
2360 2588 2457 2643 τοῦ
2536 2588 2778 2659 Πατρός,
2853 2590 3013 2645 ἄλλον
3069 2594 3125 2645 δὲ
3192 2594 3285 2649 τοῦ
3354 2595 3512 2660 Υίοῦ,

236 2683 401 2741 ἄλλου
431 2680 525 2735 τοῦ
562 2682 719 2749 ἁγίου
758 2680 1101 2750 Πνεῦματος,
1129 2681 1190 2734 οὐ
1225 2685 1409 2750 μέντοι
1438 2682 1572 2751 ἄλλη
1601 2682 1817 2749 θεότης,
1852 2683 1977 2736 οὐδὲ
2014 2682 2273 2753 διάφορος
2317 2685 2350 2754 ἡ
2402 2682 2567 2751 φύσις
2642 2682 2791 2736 εστίν
2816 2697 2833 2713 ⁸
2901 2684 3061 2755 είπερ
3112 2687 3223 2740 ἀπὸ
3276 2690 3375 2757 μὲν
3420 2675 3514 2743 ἑοῦ

240 2776 452 2847 Πατρδς
486 2777 515 2828 6
549 2774 680 2837 Υἱός
709 2775 857 2826 ἐστιν
895 2775 923 2825 6
954 2775 1273 2844 μονογενὴς,
1307 2775 1370 2828 τὸ
1397 2776 1455 2828 δὲ
1496 2775 1721 2844 Πνεῦμα
1758 2777 1819 2829 τὸ
1857 2774 2034 2844 ἅγιον,
2078 2778 2293 2848 Πατρδς
2316 2778 2413 2833 καὶ
2447 2774 2579 2831 Υίοῦ
2627 2773 2853 2846 Πνεῦμα
2878 2774 2959 2842 δν,
3007 2780 3105 2849 οὐχ
3174 2780 3248 2843 ὦς
3317 2799 3369 2834 τι
3405 2785 3514 2835 τῶν

239 2876 557 2941 κτισμάτων
586 2870 734 2937 ἆπερ
767 2867 978 2939 Πατρός
1008 2871 1116 2922 εἰσι
1151 2871 1248 2923 καὶ
1275 2868 1428 2934 Υἱοῦ,
1461 2868 1576 2921 ἀλλ’
1603 2869 1678 2932 ὡς
1709 2870 1826 2938 μετ’
1867 2872 2195 2943 ἀμφοτέρων
2250 2870 2379 2939 ζῶν,
2431 2872 2526 2925 καὶ
2556 2870 2745 2933 ἁῖδίως
2816 2869 2881 2921 ἐκ
2918 2869 3144 2936 τούτων,
3198 2875 3334 2947 ὅπερ
3399 2880 3521 2935 ἐστὶ

241 2970 267 3023 6
299 2971 490 3039 Πατὴρ
516 2968 611 3021 καὶ
654 2966 783 3029 Υἱὸς
842 2963 1231 3034 ὑφιστάμενον.
1268 2980 1288 3015 ι

323 3063 387 3115 '0
410 3060 467 3114 δὲ
498 3060 642 3117 θεῖος
681 3056 1032 3129 Ἀμδρόσιος,
1074 3050 1117 3124 ᾧ
1144 3060 1171 3109 ὁ
1209 3058 1351 3126 ἱερὸς
1381 3056 1668 3118 Βασίλειος
1700 3058 1819 3110 ἔπι-

2007 3053 2174 3109 Divus
2205 3055 2549 3127 Ambrosius,
2604 3060 2670 3116 ad
2717 3053 2878 3132 quem
2914 3076 3069 3117 sacer
3118 3061 3516 3120 Basiliusscri-

245 3152 479 3207 στέλλων
513 3149 720 3218 ἔλεγεν,
757 3165 776 3199 σ
812 3148 948 3214 Ἀγε
982 3148 1071 3214 δὴ,
1127 3141 1172 3199 ὦ
1224 3146 1480 3217 ἄνθρωπε
1532 3148 1627 3200 τοῦ
1667 3147 1827 3211 Θεοῦ,

244 3244 438 3314 ἐπειδὴ
486 3241 548 3295 οὐ
585 3240 743 3309 παρὰ
774 3238 1080 3310 ἀνθρώπων
1116 3240 1422 3308 παρέλαδες
1464 3239 1497 3309 ἢ
1546 3239 1830 3309 ἐδιδάχθης

244 3338 307 3392 τὸ
362 3333 698 3403 Εὑαγγέλιον
749 3331 846 3385 τοῦ
884 3330 1145 3401 Χριστοῦ,
1202 3331 1318 3383 ἀλλ’
1347 3330 1512 3392 αὐτὸς
1550 3332 1578 3384 6
1628 3331 1832 3400 Κύριος

245 3430 356 3485 ἀπὸ
404 3428 512 3481 τῶν
539 3425 746 3498 κριτῶν
779 3426 873 3478 ἐπὶ
910 3424 1008 3495 τὴν
1044 3424 1338 3495 προεδρίαν
1372 3424 1481 3477 τῶν
1514 3424 1834 3477 ἀποστόλων

248 3520 591 3591 μετέθηκεν·
630 3536 650 3570 ι
682 3510 839 3579 οὗτος
866 3516 930 3587 δὴ
967 3516 1099 3585 πρὸς
1142 3502 1441 3586 Γρατιανῖν
1478 3515 1572 3568 τδν
1613 3516 1835 3587 βασιλέα

247 3615 305 3665 ὲν
336 3610 410 3679 τῷ
446 3609 648 3681 πρώτῳ
683 3609 876 3678 βιὸλίῳ
907 3611 965 3661 ἐν
995 3608 1075 3677 τῷ
1103 3608 1234 3677 περὶ
1256 3607 1349 3661 τοῦ
1385 3608 1544 3676 ἁγίου
1581 3609 1831 3677 Πνεῦμα-

249 3721 343 3767 τος
369 3703 652 3773 κεφαλαίῳ
688 3701 922 3770 δεκάτῳ,
955 3701 1122 3771 φησίν
1151 3716 1165 3731 ·
1201 3718 1220 3752 ι
1268 3700 1417 3757 Ἀλλ’
1452 3698 1577 3754 οὔτε
1611 3701 1835 3755 ἐπειδὰν

252 3800 318 3852 ἐκ
348 3796 441 3850 τοῦ
475 3795 690 3865 Πατρός
728 3793 1013 3864 ιξέρχεται
1042 3793 1071 3844 6
1109 3793 1260 3856 Υίὸς,
1292 3793 1399 3846 ἀπὸ
1428 3793 1595 3847 τόπου
1627 3795 1839 3863 ἀναχω-

175 3886 183 3892 ’
254 3894 363 3963 psi,
414 3893 509 3944 καὶ
550 3890 684 3944 ὡσεὶ
714 3888 873 3958 σῶμα
905 3889 1197 3959 χωρίζεται
1233 3888 1341 3941 ἀπὸ
1391 3885 1665 3957 σώματος.
1697 3886 1837 3943 Οὐδὲ

251 3983 363 4051 γὰρ
393 3982 451 4034 ἐν
481 3980 559 4050 τῷ
592 3980 762 4049 "arpi
793 3979 868 4041 ὡς
896 3979 1056 4042 δῆθεν
1082 3980 1138 4029 ὲν
1172 3976 1407 4046 σώματι,
1437 3977 1531 4031 ἆτε
1558 3976 1622 4048 δὴ
1656 3978 1835 4046 σῶμα.

256 4071 732 4142 ἐμπερικλεῖετσι.
776 4070 888 4123 Καὶ
922 4069 982 4121 τὸ
1013 4067 1240 4136 Πνεῦμα
1273 4068 1329 4121 δὲ
1373 4068 1435 4120 τδ
1469 4067 1647 4135 ἅγιον,
1679 4068 1840 4139 ἡνίκα

255 4167 323 4217 ἐκ
363 4162 460 4216 τοῦ
497 4163 710 4233 Πατρδς
765 4162 863 4213 καὶ
914 4161 980 4214 ἐκ
1020 4160 1115 4212 τοῦ
1164 4148 1300 4213 Υίοῦ
1337 4161 1723 4228 ἐκπορεύεται,
1776 4159 1839 4212 οὐ

256 4257 554 4328 χωρίζεται
587 4254 679 4308 τοῦ
711 4253 925 4323 Πατρός
950 4269 965 4283 ·
986 4253 1046 4306 οῦ
1080 4252 1376 4322 χωρίζεται
1401 4251 1495 4305 τοῦ
1525 4250 1683 4306 Υίοῦ.
1708 4251 1842 4304 Τίνα

256 4351 367 4419 γὰρ
399 4348 601 4417 τρόπον
625 4344 848 4399 δύναται
871 4344 1210 4415 χωρίζεσθαι
1234 4343 1328 4398 τοῦ
1351 4343 1589 4416 Πιτρδς,
1615 4344 1840 4414 Πνεῦμα

1934 3149 2072 3204 beas
2098 3148 2350 3205 dicebat:
2382 3168 2401 3200 ι
2427 3151 2545 3216 Eia,
2567 3166 2600 3206 ο
2633 3152 2793 3207 homo
2816 3153 2929 3217 Dei,
2955 3155 3081 3223 quia
3107 3156 3173 3209 ab
3206 3156 3520 3213 hominibus

1935 3257 2043 3294 non
2068 3241 2354 3310 accepiSti.
2386 3256 2489 3296 nec
2518 3242 2759 3297 didicisti
2787 3242 3135 3315 Evangelium
3169 3247 3393 3312 Christi,
3421 3252 3518 3304 sed

1934 3333 2052 3401 ipse
2111 3333 2379 3386 Dominus
2433 3347 2462 3387 a
2490 3334 2771 3401 judicibus
2807 3334 2875 3388 ad
2917 3336 3288 3397 apostolorum
3322 3341 3518 3395 solium

1936 3423 2242 3486 transtulit,
2296 3441 2314 3475 ι
2359 3423 2473 3489 hic,
2514 3413 2759 3494 inquam,
2819 3426 2883 3479 ad
2924 3424 3243 3481 Gratianum
3288 3430 3522 3501 impera-

1939 3525 2109 3571 torem
2146 3517 2324 3587 primo
2360 3516 2526 3582 libro,
2581 3518 2760 3585 capite
2805 3518 3017 3575 decimo
3048 3519 3115 3574 de
3150 3519 3353 3589 Spiritu
3396 3540 3525 3578 san-

1937 3617 2047 3672 cto,
2073 3608 2264 3663 scribit
2296 3626 2311 3663 :
2354 3626 2373 3661 ι
2422 3608 2528 3663 Sed
2563 3624 2740 3675 neque
2773 3625 2895 3663 cum
2938 3626 2963 3662 a
2998 3610 3155 3666 Patre
3186 3613 3300 3667 exit
3329 3613 3519 3679 Filius,

1937 3700 2005 3755 de
2035 3700 2154 3755 loco
2190 3700 2418 3765 recedit,
2473 3708 2567 3755 aut
2596 3701 2749 3769 quasi
2797 3716 2996 3770 corpus
3027 3715 3309 3772 separatur
3335 3721 3365 3760 a
3398 3722 3525 3762 cor-

1938 3805 2113 3863 pore:
2142 3806 2322 3862 neque
2367 3791 2513 3847 enim
2550 3792 2603 3846 in
2646 3791 2803 3847 Patre
2846 3794 3001 3859 quasi
3034 3795 3087 3847 in
3139 3810 3364 3862 corpore
3409 3805 3529 3850 tan—

1939 3901 2102 3955 quam
2152 3900 2351 3955 corpus
2396 3884 2714 3939 includitur.
2765 3882 3005 3955 Spiritus
3052 3902 3267 3957 quoque
3302 3898 3526 3943 sanctus

1941 3994 2062 4032 cum
2102 3992 2168 4032 ex
2220 3976 2384 4032 Patre
2426 3978 2678 4047 procedit
2708 3986 2764 4031 et
2798 3976 2961 4041 Filio,
3020 3994 3129 4033 non
3185 3990 3470 4048 separatur
3497 3999 3525 4031 ει

1942 4071 2124 4135 Patre,
2159 4084 2271 4123 non
2297 4079 2589 4138 separatur
2614 4070 2648 4122 'a
2672 4068 2810 4123 Filio
2846 4088 2860 4124 :
2896 4073 3168 4139 quomodo
3195 4074 3341 4127 enim
3373 4088 3532 4143 sepa-

1945 4160 2051 4214 rari
2088 4169 2273 4231 potest
2298 4175 2326 4214 a
2359 4160 2519 4215 Patre
2549 4161 2640 4229 qui
2668 4159 2906 4229 Spiritus
2935 4162 3053 4229 ejus
3087 4163 3199 4216 oris
3246 4173 3329 4217 est
3371 4164 3394 4217 i
3430 4165 3534 4217 uti-

1945 4268 2052 4323 que
2108 4262 2164 4308 et
2227 4251 2551 4307 aeternitatis
2619 4250 2883 4306 indicium
2941 4262 3044 4320 est,
3115 4263 3171 4306 et
3230 4253 3536 4308 divinitatis

1952 4343 2209 4413 exprimit
2262 4343 2549 4396 unitatem.
2584 4360 2602 4393 ι
2650 4342 2816 4417 Divus
2860 4343 3220 4411 Augustinus,
3254 4358 3410 4397 mens
3445 4343 3534 4397 illa

260 4440 533 4509 στόματος
590 4436 758 4491 αὐτοῦ
790 4437 888 4504 6v;
919 4436 949 4489 δ
985 4437 1201 4499 παντως
1245 4438 1339 4489 καὶ
1388 4437 1486 4506 τῆς
1537 4435 1832 4504 ἁῖδιότητος

1952 4434 2241 4497 altissima,
2291 4433 2346 4486 in
2390 4432 2575 4487 multis
2608 4432 2931 4486 tractatibus
2967 4432 3017 4487 id
3059 4432 3272 4503 egregie
3313 4435 3531 4486 deumn-

258 4530 467 4601 δεῖγμά
498 4530 636 4595 ἐστι,
688 4528 784 4582 καὶ
832 4527 931 4595 τῆς
986 4527 1240 4598 θεότητος
1291 4528 1547 4597 ἐμφαίνει
1598 4526 1698 4597 τὴν
1730 4526 1847 4579 ἑνό-

258 4642 423 4698 τητα.
465 4641 486 4676 ι
516 4622 886 4692 Δῦγουστίνος
915 4619 974 4672 6‘s
1016 4620 1045 4672 6
1077 4619 1376 4682 θειότατος,
1405 4620 1434 4671 ό
1470 4617 1595 4682 νοῦς
1624 4620 1849 4681 Ἐκεῖνος

260 4721 291 4773 6
325 4717 692 4787 ὑψηλότατος,
736 4714 794 4767 ιν
823 4712 1039 4775 πολλοῖς
1088 4711 1254 4765 αὑτοῦ
1285 4710 1470 4779 λόγοις
1510 4711 1670 4765 τοῦτο
1704 4710 1851 4781 μάλα

260 4808 528 4879 γενναίως
556 4806 853 4860 δείκνυσιν.
892 4803 1013 4857 Ἔτι
1040 4801 1099 4855 δὲ
1136 4805 1232 4856 καὶ
1266 4803 1406 4873 πρὸς
1435 4801 1701 4873 Ὀρώσιον
1731 4807 1853 4857 ἐπι..

265 4900 529 4964 στέλλων,
564 4898 693 4968 περὶ
720 4896 818 4951 τοῦ
858 4896 1019 4963 ἁγίου
1052 4895 1372 4961 Πνεῦματος
1406 4894 1499 4948 τὸν
1545 4895 1704 4962 λόγον
1732 4913 1853 4950 ποι-

263 4995 521 5061 ούμενος,
543 4988 605 5043 οῦ
632 4993 665 5059 ἡ
704 4988 850 5059 ἀρχή
875 5004 890 5020 ο
914 5005 933 5038 ι
968 4988 1028 5041 Ὀ
1062 4988 1262 5057 Κύριος
1292 4986 1449 5056 ἡμῶν
1476 4984 1685 5055 Ἰησοῦς
1716 4987 1855 5057 Χριο

268 5081 395 5145 στδς
466 5080 737 5147 ἐδήλωσεν
774 5078 968 5133 ἑαυτὸν
1012 5076 1184 5139 οὕτως
1230 5076 1663 5147 ἀπελευσόμενον
1688 5094 1703 5108 ·
1736 5095 1755 5129 ι
1797 5078 1855 5130 ὲν

269 5174 450 5243 τούτῳ
480 5172 654 5226 πολλὰ
684 5177 781 5226 καὶ
812 5169 957 5225 καλά
1002 5187 1136 5240 φησι
1160 5184 1175 5199 ⁸
1213 5170 1353 5239 μετὰ
1396 5171 1567 5224 πολλά
1594 5170 1732 5225 ἄλλα
1762 5171 1858 5224 καὶ

272 5268 406 5337 περὶ
445 5265 639 5319 τούτου
693 5263 1092 5333 διαλαμϐάνει·
1132 5279 1151 5313 t
1199 5261 1471 5315 Ἐνταῦθα
1513 5262 1694 5314 τοίνυν
1727 5262 1859 5324 ἴσως

270 5360 429 5433 ζητεῖ
456 5364 561 5425 τις,
591 5358 825 5428 πότερον
860 5358 955 5411 καὶ
991 5357 1143 5427 παρὰ
1190 5354 1285 5409 τοῦ
1332 5354 1461 5407 Υίοῦ
1495 5354 1858 5423 εκπορεύεται

272 5456 334 5507 τὸ
359 5453 586 5519 Πνεῦμα
618 5452 678 5505 τὸ
702 5453 883 5518 ᾶγιον.
921 5448 982 5505 ’0
1007 5452 1115 5519 γὰρ
1144 5450 1297 5515 Υίὸς,
1329 5448 1490 5515 μόνευ
1517 5446 1613 5499 τοῦ
1649 5448 1860 5516 Πατρός

275 5548 430 5599 ἔστιν
460 5545 587 5607 Υἱός
610 5561 624 5574 ·
652 5544 747 5595 καὶ
780 5544 810 5595 6
847 5542 1055 5610 Πατὴρ,
1105 5540 1267 5610 μόνου
1296 5540 1395 5593 τοῦ
1445 5537 1574 5591 Υίοῦ
1604 5540 1721 5591 ἐστι
1751 5542 1863 5593 Πα-

276 5640 416 5708 τήρο
450 5636 513 5691 τί,
563 5637 619 5689 δὲ
673 5634 897 5705 Πνεῦμα
930 5634 990 5687 τὸ
1044 5635 1202 5703 ἆγιον
1252 5635 1314 5685 οὐ
1373 5633 1604 5702 θατέρου
1656 5633 1864 5685 τούτων

288 5732 454 5801 μόνον
485 5730 604 5782 ἐστὶ
638 5726 885 5797 Πνεῦμα,
924 5727 1041 5781 ἀλλ’
1075 5728 1422 5797 ἀμφοτέρων.
1469 5727 1652 5797 Ἔχεις
1702 5726 1865 5781 αὐτόν

526 5824 796 5883 ΡΑτιιοι.
831 5826 947 5886 Gn.
1005 5823 1214 5883 CLIX.

1951 4537 2111 4589 strat,
2146 4527 2307 4581 etiam
2333 4525 2398 4579 ad
2430 4523 2682 4579 Orosium
2712 4524 2987 4589 scribens,
3023 4525 3090 4578 de
3116 4523 3319 4593 Spiritu
3346 4536 3537 4581 sancto

1959 4634 2271 4674 sermonem
2304 4617 2536 4682 habens,
2570 4616 2662 4685 qui
2713 4616 2926 4685 incipit,
2969 4633 2987 4667 ι
3038 4616 3301 4672 Dominus
3351 4628 3541 4672 noster

1954 4710 2119 4766 Jesus
2148 4710 2424 4776 Christus,
2464 4710 2543 4764 sic
2588 4725 2646 4764 se
2687 4709 2960 4762 abiturum
3017 4709 3277 4773 ostendit,
3321 4728 3339 4762 ι
3382 4709 3434 4763 in
3475 4727 3541 4764 co

1959 4806 2124 4858 multa
2154 4814 2209 4860 et
2243 4805 2498 4874 prazclara
2535 4802 2749 4869 scribit,
2798 4811 2923 4872 post
2972 4802 3078 4855 alia
3113 4802 3284 4856 multa
3331 4802 3398 4857 de
3437 4801 3543 4856 ltoc

1958 4906 2156 4952 tractat
2198 4914 2212 4951 :
2263 4915 2280 4948 ι
2324 4895 2421 4949 llic
2468 4895 2633 4964 igitur
2677 4894 2813 4949 forte
2861 4903 3069 4965 qmurct
3103 4894 3320 4964 aliquis,
3358 4904 3539 4947 utrum

1958 5001 1988 5039 a
2025 4984 2162 5039 Filio
2193 4986 2453 5051 procedat
2487 4982 2725 5052 Spiritus
2774 4993 3031 5048 sanctus;
3066 4981 3235 5036 Filius
3269 4984 3414 5037 enim
3453 4998 3542 5035 so-

1962 5076 2067 5129 lius
2094 5074 2266 5129 Patris
2289 5083 2376 5128 est
2397 5072 2585 5137 Filius,
2616 5084 2672 5129 et
2702 5073 2861 5129 Pater
2886 5075 3057 5128 solius
3083 5073 3206 5126 Filii
3236 5081 3321 5127 est
3346 5072 3541 5136 Pater;

1961 5168 2197 5239 Spiritus
2254 5177 2479 5221 sanctus
2528 5181 2637 5220 non
2684 5166 2912 5220 alterius
2962 5164 3157 5218 borum
3208 5172 3419 5217 tantum
3458 5173 3545 5216 cst

1963 5261 2219 5331 Spiritus,
2249 5260 2344 5314 sed
2372 5259 2678 5329 utriusque.
2713 5256 2892 5311 Habes
2927 5253 3215 5308 Dominum
3246 5254 3422 5324 ipsqu
3450 5253 3543 5322 qui

1965 5353 2144 5408 dicit:
2187 5371 2205 5403 ι
2249 5351 2365 5407 Non
2416 5348 2560 5405 cnim
2616 5364 2711 5403 vos
2746 5348 2879 5401 estis
2938 5346 3030 5417 qui
3088 5344 3399 5416 loquimini,
3448 5344 3545 5400 sed

1967 5448 2209 5517 Spititus
2232 5447 2407 5501 Patris
2438 5442 2606 5500 vestri
2639 5442 2727 5511 qui
2752 5440 2994 5509 loquitur
3025 5440 3077 5494 in
3111 5440 3302 5502 vobis;
3331 5456 3349 5489 ›
3380 5437 3549 5491 habes

1966 5543 2132 5596 etiam
2167 5538 2487 5608 Apostolum
2522 5554 2537 5589 :
2590 5554 2608 5586 ι
2646 5533 2790 5587 Misit
2826 5532 2969 5586 Deus
3008 5531 3269 5602 Spiritum
3304 5529 3424 5584 Filii
3462 5530 3551 5583 sui

1968 5634 2022 5687 in
2052 5631 2216 5687 corda
2245 5640 2449 5695 vestra,
2478 5628 2826 5692 clamantem,
2867 5626 3018 5679 Abba
3060 5624 3239 5680 Pater.
3275 5642 3293 5675 ι
3336 5621 3551 5694 Et’post

1970 5738 2143 5798 pauca
2191 5723 2318 5779 dicit
2349 5740 2360 5775 :
2397 5739 2415 5773 ι
2453 5720 2587 5789 Quia
2636 5719 2800 5791 igitur
2830 5729 2887 5774 ut
2917 5734 3058 5774 unus
3093 5718 3273 5780 Pater,
3321 5726 3374 5771 et
3406 5730 3552 5771 unus

3156 5810 3233 5870 37
