3978 6204
546 236 688 302 1163

1708 227 2023 293 JOSEPIII
2071 228 2125 288 Μ
2136 228 2337 289 ΕΤΠΟ
2350 222 2625 287 ῗῖΕΝΞΙΒ

3602 220 3703 285 ῙΗ

542 352 829 414 Dominus,
862 348 913 402 id
941 358 1022 404 est
1054 346 1239 411 Filius,
1290 356 1343 402 et
1392 361 1528 401 unus
1558 345 1795 416 Spiritus
1846 353 2094 408 sanctus,

2221 339 2428 410 (ύριον,
2462 340 2693 405 λέγοντα
2725 349 2736 361 ·
2772 335 2847 387 Οὐ
2892 330 3002 401 γὰρ
3030 332 3186 400 ἡμεῖς
3216 331 3335 382 ἐστε
3367 330 3413 380 οι
3453 328 3704 395 λαλοῦντεν,

539 444 633 511 ψιὶ
676 441 792 496 siue
822 439 985 495 dubio
1016 440 1295 506 utriusque
1328 446 1431 491 est.
1468 455 1486 489 ι
1524 434 1588 490 Ει
1617 438 1797 491 statim
1830 452 1845 490 ι
1887 456 1904 488 ι
1946 437 2109 492 Multa

543 534 708 587 etiam
743 529 1055 585 testimonia
1088 536 1235 590 sunt,
1271 543 1366 597 per
1391 542 1511 595 qtue
1540 526 1717 581 Patris
1748 538 1801 579 et
1822 525 1941 580 Filii
1979 527 2111 595 Spi-

538 626 682 679 ritus
730 636 855 677 esse
910 620 1234 681 ostenditur,
1297 620 1390 687 qui
1444 621 1497 672 in
1560 618 1826 672 Trinitate
1880 619 2115 687 Spiritus

546 725 766 770 sanctus
791 713 1011 769 dicitur.
1051 732 1070 765 ι
1107 713 1173 766 Ει
1204 712 1342 767 infra
1371 712 1501 767 dicit
1530 729 1546 767 :
1595 732 1613 763 ι
1652 712 1763 765 Cur
1796 712 1958 782 igitur
2008 728 2111 764 non

488 818 493 819 '
543 805 820 861 credimus
867 818 933 857 ex
985 802 1123 857 Filio
1175 804 1469 871 procedere
1518 803 1778 871 Spiritum
1825 804 2117 858 sanctum?

542 898 798 965 quoniam
841 905 895 950 et
932 895 1053 950 Filii
1089 908 1171 950 εει
1212 898 1325 966 ipse
1375 896 1611 966 Spiritus
1645 915 1659 952 :
1696 912 1816 950 nam
1862 897 1904 951 si
1942 911 2006 951 ex
2050 911 2117 951 eo

546 1004 651 1041 non
683 986 1020 1055 procederet,
1057 987 1283 1041 minime
1304 998 1423 1054 post
1455 988 1919 1042 resurrectionem
1951 1004 2117 1055 appa-

545 1092 672 1129 rens
700 1076 980 1146 discipulis
1016 1076 1151 1140 suis,
1184 1077 1503 1139 insumaret,
1546 1077 1773 1131 dicens:
1813 1095 1832 1128 ¢
1873 1078 2116 1147 Accipite

551 1166 814 1234 Spiritum
891 1176 1159 1221 sanctum.
1214 1166 1351 1231 Quid
1397 1166 1542 1219 enim
1585 1166 1728 1221 aliud
1761 1183 1855 1235 per
1880 1184 1999 1222 eam
2034 1169 2119 1221 in-

549 1258 909 1312 sulilationem
943 1257 1341 1317 deelarabatur,
1375 1257 1479 1310 nisi
1508 1257 1651 1341 quod
1677 1274 1737 1311 ex
1771 1273 1836 1312 eo
1886 1257 2121 1327 Spiritus

548 1362 769 1405 sanctus
805 1350 1181 1419 procedebat?
1227 1367 1244 1400 ι
1304 1350 1369 1402 Ει
1411 1349 1549 1401 infra
1596 1351 1777 1404 statim
1814 1370 1828 1405 :
1872 1371 1893 1401 ι
1931 1350 1985 1404 Si
2015 1351 2121 1420 igi-

553 1456 639 1496 tur
662 1453 716 1497 et
746 1460 812 1498 ex
854 1445 1011 1497 Patre
1056 1454 1111 1497 et
1138 1458 1201 1495 ex
1238 1443 1371 1496 Filio
1419 1454 1641 1498 sanctus
1672 1446 1919 1513 procedit
1944 1446 2120 1515 Spiri-

550 1542 655 1599 tus,
684 1550 788 1603 qua
840 1534 907 1589 de
944 1548 1105 1587 eausa
1160 1530 1327 1587 Filius
1379 1534 1535 1598 dixit,
1567 1549 1596 1588 a
1647 1534 1804 1589 Patre
1840 1537 2124 1605 procedit?

548 1629 788 1683 Omnino
837 1625 1110 1695 quomodo
1160 1624 1366 1679 referre
1416 1626 1553 1679 solet
1601 1626 1666 1680 ad
1700 1626 1912 1680 Patrem
1943 1643 2059 1690 sua,
2091 1642 2120 1681 a

550 1736 661 1788 quo
688 1721 803 1789 ipse
832 1728 932 1774 est.
963 1718 1118 1774 Unde
1139 1727 1192 1772 et
1218 1718 1346 1772 illud
1370 1718 1611 1786 estquod
1637 1719 1789 1785 dicit,
1813 1737 1832 1770 ι
1866 1718 2116 1773 Doctrina

551 1829 668 1866 mea
705 1827 812 1866 non
857 1820 942 1866 est
980 1826 1124 1873 mea,
1161 1811 1253 1865 sed
1285 1810 1405 1879 eius
1432 1811 1523 1878 qui
1557 1811 1705 1865 misit
1736 1825 1821 1864 me
1849 1809 2047 1863 Patris.
2093 1827 2113 1861 ι

550 1903 607 1958 Si
635 1903 798 1973 igitur
824 1903 910 1957 hic
939 1901 1060 1971 ejus
1089 1902 1332 1957 doctrina
1360 1900 1697 1970 intelligitur,
1727 1904 1977 1969 quamvis
1997 1916 2117 1955 eam

546 2008 657 2047 non
689 2008 863 2059 suam,
900 1993 997 2048 sed
1054 1992 1230 2048 Patris
1279 2006 1400 2047 esse
1430 1992 1657 2057 diceret,
1699 1994 1974 2061 quomodo
2008 2008 2116 2046 non

551 2087 719 2155 magis
748 2092 962 2155 oportet
998 2085 1050 2139 id
1078 2084 1404 2154 intelligere,
1433 2092 1487 2137 et
1512 2099 1579 2137 ex
1609 2099 1675 2137 eo
1704 2082 1963 2151 Spiritum
1988 2099 2120 2139 san-

546 2189 700 2231 etum
730 2175 1059 2247 procedere?
1088 2174 1192 2231 Ubi
1226 2175 1305 2229 sic
1330 2174 1465 2228 dixit
1490 2188 1555 2249 ex
1579 2170 1739 2227 Patre
1770 2189 1890 2228 eum
1923 2190 2119 2243 proce-

552 2270 703 2334 dere,
737 2277 797 2322 ut
834 2283 941 2321 non
978 2266 1205 2329 diceret,
1247 2274 1305 2320 et
1338 2280 1405 2320 ex
1443 2279 1530 2319 me
1564 2279 1670 2318 non
1705 2265 1997 2332 procedere
2034 2283 2049 2331 ;
2088 2279 2118 2319 a

550 2374 662 2427 quo
694 2358 837 2415 enim
889 2356 1055 2412 habet
1106 2355 1272 2411 Filius
1314 2365 1372 2410 ut
1419 2354 1561 2410 Deus
1600 2355 1673 2410 sit
1704 2358 1849 2424 (nam
1882 2357 2025 2410 Deus
2049 2372 2115 2411 ex

553 2450 706 2511 Deo),
746 2450 814 2505 ab
847 2462 913 2505 eo
957 2449 1179 2503 omnino
1216 2449 1396 2513 habet,
1434 2462 1493 2502 ut
1539 2458 1595 2503 et
1626 2450 1695 2503 ab
1743 2463 1809 2503 eo
1862 2448 2121 2517 procedat

551 2538 786 2608 Spiritus
814 2549 1054 2594 sanctus.
1102 2555 1120 2589 ι
1152 2538 1215 2593 Et
1270 2549 1390 2607 post
1433 2554 1646 2607 pauca:
1685 2558 1703 2590 ι
1741 2538 1976 2606 Spiritus
2010 2555 2117 2594 non

552 2647 615 2685 es
641 2631 799 2685 Patre
823 2630 1069 2700 procedit
1104 2632 1158 2684 in
1187 2629 1405 2695 Filium,
1437 2641 1489 2685 et
1516 2645 1581 2685 ex
1620 2630 1757 2685 Filio
1785 2632 2029 2701 procedit
2051 2632 2119 2685 ad

545 2721 999 2775 sanctilicandam
1046 2730 1379 2787 creaturam,
1428 2722 1523 2775 sed
1573 2722 1737 2776 simul
1779 2738 1844 2776 ex
1892 2731 2121 2791 utroque

555 2813 833 2879 procedit;
863 2811 963 2866 etsi
997 2810 1160 2866 Pater
1184 2812 1287 2867 hoc
1318 2810 1454 2866 Filio
1483 2812 1649 2875 dedit,
1682 2822 1736 2866 ut
1767 2814 2121 2882 quemadmo-

552 2900 678 2954 dum
710 2915 774 2953 ex
813 2915 892 2963 se,
922 2900 999 2955 sic
1038 2910 1089 2954 et
1118 2917 1183 2955 ex
1214 2916 1280 2955 eo
1321 2903 1633 2971 procederet
1670 2922 1684 2967 ;
1721 2919 1824 2957 non
1856 2905 1999 2958 enim
2031 2906 2119 2960 di-

2215 431 2351 483 ἀλλὰ
2401 430 2462 481 τὸ
2523 426 2745 496 Πνεῦμα
2800 424 2892 477 τοῦ
2942 422 3150 490 Πατρδς
3200 422 3348 487 ὑμῶν
3385 420 3439 471 τὸ
3480 421 3703 476 λαλυῦνέν

2217 524 2363 590 ὑμῖν.
2423 519 2610 589 Ἔχεις
2670 518 2764 571 καὶ
2820 517 2913 570 τὸν
2964 513 3304 576 Ἀπόστολον,
3364 512 3707 566 Ἀπέττειλενὸ

2216 614 2349 675 θεὸς
2380 612 2441 667 τὸ
2496 609 2717 678 Πνεῦμα
2768 608 2861 660 τοῦ
2907 608 3032 660 Υίοῦ
3086 604 3253 660 αὒτοῦ
3298 605 3497 664 εἰςτὰς
3536 606 3709 673 καρδίας

2220 706 2396 774 ὑμῶν,
2444 702 2667 773 κρᾶζον,
2712 701 2882 754 Ἀϐὗᾶ
2926 700 2955 752 6
3011 699 3219 766 Πατήρ.
3260 716 3279 748 ι
3319 694 3580 762 Καιμετὰ
3607 698 3710 748 πάνυ

2220 797 2429 867 βραχέα
2503 794 2668 863 φησίν
2694 811 2707 824 ⁸
2747 811 2765 844 ι
2826 791 2978 846 Ἐπεὶ
3012 790 3188 842 τοίων
3220 788 3402 854 ὥσπερ
3448 783 3519 848 εἷς
3551 788 3709 857 Πατὴρ,

2218 889 2312 942 καὶ
2362 884 2438 948 εἷς
2475 886 2703 952 Κύριος,
2734 884 3020 936 τουτέστιν
3058 882 3085 932 ὀ
3134 878 3277 942 Υἱὸς,
3335 876 3494 938 οὕτως
3529 877 3625 927 ἐστὶ
3648 876 3711 928 καὶ

2220 977 2278 1031 ἓν
2329 975 2554 1043 Πνεῦμα
2600 976 2782 1040 ὄγιον·
2815 973 2844 1026 ὂ
2882 974 2975 1025 καὶ
3029 968 3411 1037 ἁναμεριϐὀὶως
3452 969 3710 1036 ἀμφοτέρων

2220 1069 2370 1122 ἐστί·
2408 1086 2429 1120 ι
2466 1068 2559 1120 καὶ
2594 1067 2887 1135 μετ’ὀλίγα
2907 1080 2922 1095 ⁸
2965 1083 2984 1115 ι
3029 1063 3229 1116 Ιιολλαι
3257 1061 3313 1113 δὲ
3340 1061 3429 1111 καὶ
3450 1060 3611 1128 ἕτεραέ
3634 1060 3709 1110 εἱσι

2225 1159 2524 1231 μαρτυρίαι
2580 1158 2648 1213 δι’
2681 1154 2756 1213 ὧν
2809 1157 3075 1226 ἀριδηλως
3132 1155 3403 1207 δείκνυται
3434 1150 3517 1203 τοῦ
3556 1152 3709 1219 [ἰατρὸς

2221 1250 2437 1304 καὶτοῦ
2484 1249 2612 1303 Υίοῦ
2646 1248 2784 1301 εἶναι
2833 1249 2894 1301 τὸ
2929 1246 3151 1314 Πνεῦμα
3176 1261 3191 1276 ο
3223 1245 3356 1311 ὅπερ
3404 1245 3457 1294 ἐν
3492 1245 3549 1308 τῇ
3576 1242 3711 1310 Τριᾶδι

2221 1341 2441 1410 λέγεται
2484 1341 2706 1409 Πνεῦμα
2750 1339 2928 1407 ἅγιον.
2968 1356 2988 1390 ι
3031 1336 3143 1391 Καὶ
3180 1331 3542 1405 παρακατιὼν,
3584 1334 3709 1400 φησί’

2230 1453 2250 1486 ι
2287 1434 2440 1488 Διατί
2477 1433 2657 1486 τοίνυν
2684 1430 2758 1502 μὴ
2792 1433 3177 1497 πιστεύσωμεν
3208 1428 3302 1480 καὶ
3329 1429 3390 1478 ἐκ
3419 1424 3505 1477 τοῦ
3534 1425 3711 1475 Υίπῦέκο

2224 1524 2554 1594 πορεύεσθαι
2582 1524 2641 1577 τὸ
2679 1521 2906 1591 Πνεῦμα
2941 1522 3003 1575 τὸ
3034 1521 3191 1588 ἅγιον
3219 1535 3235 1585 ;
3267 1518 3384 1570 ἐπεὶ
3410 1517 3495 1568 καὶ
3514 1513 3592 1566 τοῦ
3617 1513 3709 1564 Titi

2226 1617 2374 1668 ἐστιν
2422 1616 2554 1670 αὐτὸ
2586 1617 2646 1667 τὸ
2673 1614 2915 1682 Πνεῦμα.
2951 1613 3011 1665 ΕΙ
3038 1610 3149 1681 γάρ
3189 1609 3264 1680 μὴ
3316 1608 3441 1678 παρ’
3470 1605 3609 1660 αὐτοῦ
3632 1606 3709 1667 £5:-

2224 1708 2509 1778 πορεύετο,
2537 1706 2635 1760 οὐκ
2666 1705 2733 1761 ἂν
2761 1705 2900 1774 μετὰ
2920 1706 3017 1774 τὴν
3045 1704 3358 1765 ἀνάστασιν,
3391 1698 3560 1752 ἑαυτὸν
3583 1702 3707 1766 ipsa

2224 1801 2385 1866 νίζων
2427 1803 2539 1859 τοῖς
2575 1799 2849 1869 μαθηταῖς
2894 1797 3079 1859 αὐτοῦ,
3116 1793 3442 1861 ἐνεφύσησεν
3476 1792 3625 1849 αὐτοῖς

2224 1908 2368 1960 των*
2404 1892 2613 1947 Λάϐετε
2641 1891 2865 1959 Πνεῦμα
2891 1888 3066 1955 ἅγιον.
3110 1884 3179 1939 Τί
3206 1887 3311 1954 γάρ
3337 1885 3507 1953 ἕτερον
3527 1879 3713 1948 ἐδηλοῦτο

2224 1982 2290 2035 δι’
2321 1983 2528 2035 ἐκείνου
2573 1980 2670 2034 τοῦ
2719 1980 3139 2049 ἐμφυσήματος,
3178 1978 3229 2029 εί
3270 1977 3343 2045 μὴ
3384 1976 3461 2027 ὅτι
3504 1974 3582 2026 καὶ
3622 1969 3709 2035 πτέρ’

2226 2075 2437 2127 ἐκείνου
2487 2075 2548 2127 τὸ
2599 2072 2825 2139 Πνεῦμα
2876 2070 2937 2123 τὸ
2966 2070 3126 2137 άγιον
3182 2064 3517 2136 ἐκπορεύεται
3534 2079 3549 2131 ;
3591 2080 3607 2113 ι
3637 2059 3711 2114 Καὶ

2228 2164 2348 2235 μετ’
2379 2164 2535 2231 ὀλίγα
2567 2166 2709 2217 πάνυ
2770 2163 2970 2232 φησιν’
3011 2180 3029 2212 t
3075 2162 3144 2216 Ei
3188 2162 3361 2215 τοίνυν
3391 2161 3475 2213 καὶ
3501 2156 3624 2225 παρὰ
3647 2156 3711 2207 τοῦ

2228 2257 2444 2327 Πατρδς
2488 2258 2581 2310 καὶ
2630 2256 2781 2326 παρὰ
2825 2259 2918 2307 τοῦ
2953 2252 3083 2307 Υἱοῦ
3132 2254 3197 2306 τὸ
3246 2252 3397 2320 ἅγιον
3434 2246 3710 2317 ἐκπορεύεται

2227 2351 2479 2419 Πνεῦμα,
2514 2350 2661 2413 τινος
2707 2351 2867 2420 χάριν
2896 2350 2923 2401 6
2959 2348 3087 2410 Υἱὸς
3137 2348 3333 2417 εἴρηκε
3363 2344 3499 2412 παρὰ
3524 2341 3601 2394 τοῦ
3634 2338 3712 2390 Πα-

2226 2445 2351 2512 τρζς
2382 2444 2741 2513 ἐκπορεύεται
2765 2458 2780 2507 ;
2805 2440 3026 2503 Πάντως
3068 2441 3129 2493 ὃν
3179 2439 3373 2507 τρόπον
3418 2434 3581 2489 εῖωθεν
3621 2433 3711 2483 ἀνει-

2227 2537 2414 2604 φέρειν
2440 2534 2576 2603 πρὸς
2616 2535 2708 2587 τὸν
2745 2535 2966 2602 Πατέρα
2995 2534 3089 2586 καὶ
3120 2532 3194 2584 τά
3219 2528 3429 2593 ἑαυτοῦ,
3456 2530 3569 2594 παρ’
3587 2524 3711 2576 eiul

2227 2626 2386 2689 αὐτός
2413 2625 2752 2679 ἐστιν.“Οθεν
2769 2625 2986 2677 κάκεῖνό
3013 2627 3165 2676 ἐστιν
3190 2626 3217 2676 ὃ
3236 2638 3421 2692 φησιν’
3462 2638 3479 2671 ι
3496 2620 3551 2672 ’Π
3569 2617 3711 2687 timu-

2225 2719 2360 2789 δαχὴ
2384 2719 2484 2772 οὐκ
2506 2718 2652 2771 ἐστιν
2675 2716 2802 2787 ἐμὴ,
2824 2715 2957 2770 ἀλλὰ
2986 2714 3080 2766 τοῦ
3100 2713 3415 2783 πέμψαντός
3432 2729 3490 2779 με
3504 2707 3702 2776 Πατρός.»

2228 2812 2289 2864 Ei
2314 2812 2493 2863 τοίνυν
2514 2808 2792 2862 κάνταῦθα
2821 2810 3024 2860 νοεῖται
3049 2807 3145 2859 καὶ
3175 2805 3364 2858 ἑαυτοῦ
3390 2805 3418 2870 ὴ
3443 2798 3703 2857 διδασκαλία,

2228 2904 2405 2955 καίτοι
2438 2901 2645 2969 ταύτην
2696 2900 2793 2970 οὐχ
2839 2898 3060 2963 ἑαυτοῦ,
3103 2896 3245 2950 ἀλλὰ
3281 2895 3370 2948 τοῦ
3401 2891 3580 2960 Πατρὸς
3609 2882 3706 2939 εἶναι

552 3005 679 3043 cere
711 3005 1016 3058 possumus,
1053 3006 1158 3044 non
1190 3006 1310 3047 esse
1350 2991 1515 3045 vitam
1550 2990 1808 3060 Spiritum
1843 3007 2117 3055 sanetum,

2228 2997 2514 3063 φήσαντος,
2536 2991 2655 3053 πῶς
2680 2992 2742 3042 ού
2771 2990 2973 3060 μᾶλλον
3002 2990 3230 3043 κάκεῖνο
3258 2988 3337 3042 δεῖ
3360 2987 3505 3047 νοεῖν,
3523 2984 3595 3034 καὶ
3614 2976 3702 3044 παρ’

554 3081 715 3135 Pater
761 3082 906 3135 enim
959 3083 1065 3137 vita
1113 3094 1228 3148 est,
1289 3092 1341 3139 et
1385 3083 1585 3139 Filius:
1632 3094 1915 3153 propterea
1958 3087 2119 3140 sicuti

553 3169 711 3224 Pater
744 3171 904 3226 vitam
930 3173 1085 3228 habet
1125 3174 1177 3227 iu
1211 3189 1289 3233 se.
1327 3176 1404 3228 sic
1438 3175 1585 3237 dedit
1621 3176 1782 3231 vitam
1826 3178 2123 3245 procedere

548 3278 618 3317 ex
654 3278 742 3327 co,
792 3266 1244 3334 quemadmodum
1301 3269 1542 3336 procedit
1572 3283 1637 3321 ex
1683 3284 1762 3323 se.
1814 3287 1834 3321 ι
1892 3268 1955 3320 ι).
1994 3284 2122 3322 vero

550 3353 916 3425 Hieronymus
979 3355 1032 3409 in
1088 3372 1341 3412 sermone
1400 3358 1473 3412 De
1526 3356 1825 3426 Trinitate,
1880 3360 1959 3414 sic
2002 3360 2119 3415 ait:

560 3467 577 3498 ι
625 3447 862 3516 Spiritus
902 3459 1124 3503 sanctus
1158 3465 1185 3502 a
1221 3449 1379 3503 Patre
1412 3462 1466 3504 et
1498 3450 1634 3503 Filio
1671 3453 1991 3520 procedens,
2025 3469 2121 3522 per

553 3546 734 3592 omna
784 3540 925 3593 l’atri
981 3552 1034 3593 et
1087 3542 1219 3595 Filio
1264 3544 1486 3611 aequalis
1519 3544 1735 3609 colitur,
1786 3558 1840 3599 et
1884 3557 2122 3601 aeternus

551 3639 656 3683 est.
693 3646 711 3680 ι
767 3629 1019 3699 Ejusletn
1068 3632 1132 3683 ad
1189 3632 1249 3685 S.
1298 3632 1582 3685 Damasum
1630 3635 1813 3689 Romae
1853 3637 2020 3704 episc.
2054 3638 2120 3691 de

550 3721 820 3775 catholica
853 3722 954 3775 iide
986 3741 997 3773 :
1044 3746 1062 3773 ο
1100 3722 1385 3777 Credimus
1420 3724 1472 3775 in
1504 3739 1669 3777 unum
1710 3725 1875 3780 Deum
1909 3725 2119 3782 Patrem

550 3812 1000 3879 Oninipotentcm,
1046 3821 1100 3865 et
1136 3812 1186 3864 in
1229 3827 1393 3865 unum
1429 3811 1709 3867 Dominum
1754 3816 1937 3873 Jesntnt
1965 3818 2123 3873 Chri-

551 3915 695 3957 stum
727 3905 921 3958 Filium
956 3903 1070 3967 Dei,
1128 3913 1182 3958 et
1226 3903 1278 3958 in
1312 3903 1571 3974 Spiritum
1627 3916 1874 3962 Sanctum
1926 3908 2118 3974 Deum,

553 4012 659 4049 nun
691 4009 799 4049 tres
829 3994 985 4058 Deos,
1012 3995 1108 4048 sed
1132 3994 1368 4058 Patrem,
1397 3995 1589 4050 Filium
1620 4007 1675 4050 ct
1700 3996 1963 4067 Spiritum
1993 4016 2122 4053 san-

552 4103 699 4141 ctum
733 4103 896 4140 unum
936 4086 1100 4140 Deum
1126 4087 1356 4141 colimus
1394 4095 1450 4142 et
1482 4087 1804 4143 conﬁtemur
1843 4106 1857 4142 :
1889 4108 1993 4145 nun
2041 4094 2120 4145 sic

554 4194 721 4231 unum
761 4177 929 4231 Deum
978 4178 1131 4247 quasi
1179 4180 1517 4243 solitarium,
1577 4195 1679 4235 nec
1725 4182 1975 4235 eumdem
2028 4185 2119 4252 qui

554 4274 668 4340 ipse
703 4273 805 4326 sibi
834 4270 995 4326 Pater
1029 4272 1121 4336 sit,
1155 4273 1269 4341 ipse
1297 4283 1351 4327 et
1380 4272 1570 4338 Filius,
1601 4275 1693 4329 sed
1738 4273 1953 4331 Patrem
1997 4295 2119 4333 esse
2157 4314 2199 4372 ο

552 4364 644 4431 qui
683 4363 892 4433 genuit,
924 4360 1121 4416 Filium
1170 4376 1297 4416 vero
1329 4363 1417 4432 qui
1467 4364 1684 4433 genitus
1723 4376 1824 4427 est,
1859 4365 2120 4435 Spiritum

552 4467 799 4508 salictum
818 4469 996 4523 neque
1014 4453 1281 4523 genitum,
1297 4468 1474 4523 neque
1493 4453 1819 4525 ingenitum,
1844 4471 1950 4509 non
1971 4471 2124 4511 crea-

553 4553 689 4607 tum,
712 4561 818 4599 non
848 4544 1068 4610 factum,
1095 4547 1186 4600 sed
1208 4560 1237 4599 a
1261 4545 1416 4600 Patre
1444 4545 1686 4615 Filioque
1714 4547 2120 4615 procedentem,

554 4634 696 4687 Patri
718 4643 772 4688 et
792 4632 926 4688 Filio
944 4646 1274 4689 coaeternum
1318 4644 1375 4690 et
1399 4645 1822 4701 cooperatorem.
1846 4636 2121 4707 Scriptum

551 4733 636 4775 est
663 4724 805 4776 enim
826 4739 842 4779 :
863 4743 880 4775 ‹
908 4724 1085 4780 Verbo
1106 4725 1320 4778 Domini
1356 4725 1477 4782 caeli
1504 4726 1697 4782 ﬁrmati
1717 4737 1899 4793 sunt,»
1931 4730 1981 4784 id
2013 4740 2117 4794 est,

550 4832 580 4867 ε
600 4814 732 4867 Filio
776 4816 867 4869 Dei
898 4827 950 4871 et
971 4818 1165 4886 spiritu
1196 4819 1307 4872 oris
1335 4817 1450 4887 ejus
1468 4834 1646 4888 omnis
1672 4819 1841 4874 virtus
1869 4836 2111 4876 eorum.»

2229 3085 2393 3138 αὐτοῦ
2413 3083 2801 3153 ἐκπορεύεσθαι
2826 3083 2885 3136 τὸ
2910 3084 3133 3152 Πνεῦμα
3172 3087 3231 3134 τὸ
3254 3082 3431 3149 ἆγιον;
3459 3076 3565 3129 ἔνθα
3586 3073 3706 3131 οὕτως

2228 3177 2430 3246 ἔφησεν
2477 3180 2539 3229 ἐκ
2566 3176 2661 3228 τοῦ
2712 3175 2923 3243 Πατρὸς
2960 3175 3092 3227 αὐτὸ
3138 3170 3535 3239 ἐκπορεύεσθαι,
3577 3159 3706 3228 ὠςμὴ

2227 3269 2406 3336 λέγειν
2434 3268 2529 3320 καὶ
2559 3267 2688 3336 παρ’
2714 3265 2848 3335 ἐμοῦ
2897 3266 2971 3334 μὴ
3003 3264 3396 3334 ἐκπορεύεσθαι
3414 3278 3427 3294 ο
3469 3255 3576 3326 παρ’
3597 3249 3642 3304 οὒ
3668 3251 3705 3302 δὲ

2228 3361 2338 3428 ἔχει
2381 3361 2409 3411 6
2440 3359 2563 3422 Υἱὸς
2595 3359 2656 3411 τὸ
2699 3354 2841 3410 εἶναι
2870 3357 3022 3421 Θεὸς,
3068 3356 3190 3408 ἔστι
3222 3356 3327 3423 γὰρ
3355 3351 3474 3411 Θεὸς
3516 3351 3568 3399 ἐκ
3594 3339 3707 3397 Θεοῦ.

2228 3451 2357 3521 παρ’
2388 3451 2551 3504 αὑτοῦ
2591 3451 2805 3513 πάντως
2835 3450 2947 3519 ἔχει
2994 3449 3075 3512 τὸ,
3112 3450 3212 3501 καὶ
3248 3444 3377 3514 παρ’
3421 3439 3564 3497 αὑτοῦ
3592 3438 3706 3486 ἐκπι-

2230 3544 2485 3615 ρεύεσθαι
2520 3545 2580 3596 τὸ
2611 3541 2835 3611 Πνεῦμα
2877 3542 2938 3594 τὸ
2988 3540 3166 3607 ἅγιον.
3216 3558 3234 3591 ι
3279 3538 3384 3592 Καὶ
3422 3530 3526 3604 μετ’
3565 3522 3704 3592 amr

2233 3655 2251 3688 ι
2288 3639 2358 3689 Τὸ
2384 3638 2439 3689 δὲ
2473 3635 2696 3703 Πνεῦμα
2726 3635 2786 3699 τὸ
2855 3634 3009 3699 ἅγιον
3039 3633 3139 3687 οῦκ
3184 3634 3247 3685 ἐκ
3268 3631 3358 3684 τοῦ
3389 3625 3570 3694 “arpi;
3592 3624 3703 3672 ἔκη’

2233 3729 2445 3798 ρεύεται
2467 3730 2542 3789 είς
2564 3727 2654 3777 τὸν
2680 3726 2825 3790 Υἱὸν,
2856 3727 2965 3778 κάκ
2993 3724 3085 3777 τοῦ
3115 3724 3247 3778 Υἰοῦ
3271 3720 3589 3790 ἐκπορεύεται
3609 3710 3704 3776 πρὸξ

2228 3820 2289 3871 τὸ
2313 3818 2567 3885 ἁγιάζειν
2600 3817 2698 3886 τὴν
2731 3816 2930 3879 κτίσιν,
2962 3814 3078 3868 ἀλλ’
3108 3816 3247 3883 ὁμοῦ
3274 3816 3330 3879 ἐξ
3354 3805 3705 3879 agamemn-

2230 3910 2543 3978 πορεύεται,
2579 3911 2628 3961 εἰ
2676 3908 2770 3959 καὶ
2813 3910 2840 3960 6
2882 3907 3069 3976 Πατὴρ
3112 3908 3275 3959 τοῦτο
3309 3904 3491 3957 δέδωκε
3516 3898 3577 3963 τῷ
3613 3888 3706 3949 litin

2228 4003 2295 4054 ἵν’
2322 4002 2509 4069 ὥσπερ
2544 4000 2599 4065 ἐξ
2628 3998 2844 4064 ἑαυτοῦ,
2874 3998 3016 4052 οὕτω
3042 3999 3136 4052 καὶ
3165 3999 3227 4063 ἐξ
3255 3996 3449 4051 ἐκείνου
3478 3984 3707 4052 ὲκττορεύη·

2226 4112 2352 4146 ται·
2386 4094 2505 4145 οὐδὲ
2543 4092 2652 4161 γάρ
2680 4090 2958 4161 δυνᾶμεθα
2998 4090 3181 4155 λέγειν
3224 4092 3297 4159 μὴ
3342 4082 3469 4141 εἶναι
3517 4079 3630 4149 ζωὴν
3666 4073 3707 4122 τδ

2229 4184 2451 4251 Πνεῦμα
2476 4183 2534 4235 τὸ
2570 4183 2724 4251 ἅγιον
2747 4196 2764 4212 ⁸
2794 4182 2917 4235 ἐπεὶ
2949 4184 3041 4235 καὶ
3071 4185 3097 4235 6
3130 4183 3315 4251 Πατὴρ
3358 4179 3463 4245 ζωή
3505 4164 3599 4229 ἐστὶ
3642 4166 3706 4219 καὶ
3758 4234 3763 4243 ,

2226 4277 2254 4328 ὁ
2281 4275 2457 4333 ’Υιάςι
2498 4275 2589 4326 καὶ
2638 4274 2727 4326 διά
2754 4275 2914 4327 τοῦτο
2942 4273 3130 4341 ὥσπερ
3160 4276 3189 4326 6
3240 4272 3422 4339 Πατήρ
3447 4266 3570 4334 ζωὴν
3608 4261 3707 4326 ἔχων

2225 4370 2284 4420 ἐν
2320 4364 2521 4435 ἑαυτῷ,
2566 4364 2739 4427 οὕτως
2769 4365 2936 4417 ἔδωκε
2981 4364 3129 4431 ζωὴν
3173 4358 3545 4432 ἐκπορεύεσθαι
3570 4353 3641 4405 καὶ
3666 4345 3704 4409 ἐξ

2225 4460 2458 4522 ἐκείνου,
2497 4460 2685 4529 ὥσπερ
2716 4458 3077 4528 ἐκπορεύεται
3115 4459 3209 4511 καὶ
3236 4458 3293 4522 ἐξ
3335 4440 3707 4511 62616641394!-

2224 4568 2392 4619 νυμος
2429 4551 2486 4604 δὲ
2527 4552 2555 4603 6
2590 4550 2867 4611 θειότατος
2898 4550 2955 4599 ἐν
2985 4549 3064 4618 τῷ
3093 4550 3219 4617 περὶ
3251 4544 3468 4614 Τριάδος
3501 4540 3617 4605 λόγῳ
3642 4530 3708 4584 αὖ·

2225 4640 2341 4707 τοῦ,
2373 4640 2516 4694 οῦτω
2542 4641 2705 4711 φησί·
2737 4658 2757 4691 ι
2792 4641 2865 4692 Τὸ
2893 4638 3116 4705 Πνεῦμα
3144 4639 3203 4693 τὸ
3228 4642 3375 4707 ἆγιον
3398 4634 3531 4704 παρὰ
3553 4623 3705 4692 ιιατρ⁵ς

2226 4736 2320 4787 καὶ
2352 4731 2480 4787 Υίοῦ
2514 4732 2966 4801 ἐκπορευόμενον,
2996 4732 3135 4785 κατὰ
3162 4734 3334 4785 πάντα
3359 4721 3608 4796 Πατρὶκαὶ
3630 4712 3706 4779 Pii

2225 4827 2488 4894 ὁμότιμον
2525 4824 2622 4878 καὶ
2654 4824 2923 4877 συναῖδιον
2972 4823 3231 4893 ὑπάρχει.
3269 4841 3285 4875 ι
3320 4818 3420 4873 Τοῦ
3447 4812 3589 4873 αὐτοῦ
3610 4806 3707 4874 πριί

549 4910 641 4961 τὸν
695 4910 853 4979 ἅγιον
909 4910 1166 4979 Δάμασον
1211 4911 1453 4980 Ῥώμης,
1510 4913 1639 4981 περὶ
1685 4913 1784 4980 τῆς
1832 4912 2129 4978 καθολικῆς
2160 4915 2427 4979 πίστεως·
2470 4935 2489 4970 ι
2529 4916 2865 4987 Πιστεύομεν
2914 4916 2994 4979 εἰς
3038 4916 3132 4969 ἕνα
3164 4915 3295 4969 Θεὸν
3343 4911 3540 4979 Πατέρα
3563 4913 3706 4957 παντο·

549 5002 816 5073 κράτορα,
854 5004 951 5057 καὶ
980 5002 1059 5066 εἰς
1090 5003 1185 5056 ἕνα
1222 5004 1455 5073 ’Κύριον
1526 5005 1736 5075 Ἰησοῦν
1778 5005 2012 5075 Χριστὸν
2076 5013 2163 5060 τὸν
2207 5010 2335 5060 Υἱὸν
2375 5008 2467 5061 τοῦ
2502 5009 2658 5074 Θεοῦ,
2686 5014 2779 5062 καὶ
2812 5011 2889 5072 εἰς
2916 5009 2978 5061 τὸ
3012 5008 3237 5078 Πνεῦμα
3269 5006 3326 5060 τὸ
3351 5008 3497 5072 ἅγιον
3526 4987 3705 5054 Θεὸν,οὐ

450 5118 455 5149 ε
549 5098 696 5163 τρεῖς
722 5097 897 5160 θεοὺς,
929 5094 1062 5149 ἀλλὰ
1112 5097 1198 5149 τὸν
1246 5095 1485 5167 Πατέρα,
1538 5099 1633 5151 καὶ
1671 5099 1762 5151 τὸν
1792 5100 1944 5165 Υἰὸν,
1988 5102 2083 5154 καὶ
2121 5101 2183 5152 τὸ
2227 5101 2449 5170 Πνεῦμα
2493 5102 2554 5154 τὸ
2584 5103 2758 5169 διγιον,
2804 5102 2900 5155 ἕνα
2932 5102 3065 5154 Θεὸν
3094 5101 3423 5168 λατρεύωμεν
3463 5095 3542 5148 καὶ
3566 5082 3705 5154 ὀξιθλδν

547 5190 777 5258 705.35"-
811 5192 920 5260 Οὐχ
962 5188 1133 5253 οὕτως
1172 5192 1268 5245 ἕνα
1305 5191 1436 5244 θεὸν
1491 5194 1690 5247 ὡσανεὶ
1726 5195 2111 5263 μεμονωμένον
2134 5208 2150 5224 '
2184 5193 2305 5247 οὗτε
2341 5198 2433 5248 τὸν
2500 5195 2627 5248 ὄντα
2698 5196 2934 5263 Πατέρα,
2966 5194 3055 5247 τὸν
3090 5194 3251 5247 αὐτὸν
3303 5190 3433 5243 εἶναι
3480 5184 3559 5238 καὶ
3599 5174 3702 5263 Υὶζνο

546 5282 684 5335 ὁ).λὰ
720 5282 937 5352 Πατέρα
972 5284 1071 5352 μὲν
1109 5284 1197 5337 τὸν
1228 5287 1564 5353 γεννήσαντα
1587 5300 1600 5313 ·
1649 5260 1776 5338 Υίὸν
1803 5260 1877 5337 *δὲ
1934 5260 2025 5337 τὸν
2059 5286 2385 5355 γεννηθέντα
2412 5299 2424 5313 '
2486 5286 2547 5338 τὸ
2606 5260 2857 5354 Πνεῦμαή
2882 5284 2942 5338 τὸ
2987 5286 3164 5353 ἅγιον,
3206 5283 3328 5337 οὔτε
3358 5275 3583 5349 γεννητὸν
3614 5260 3705 5316 οὔτε

546 5374 863 5441 ἀγέννητον,
895 5376 954 5425 οὺ
985 5376 1222 5441 κτιστὸν,
1261 5377 1321 5430 οὐ
1355 5375 1596 5446 ποιητὸν,
1632 5377 1747 5429 ἀλλ’
1785 5380 1847 5430 ἐκ
1878 5377 2090 5444 Πατρὸς
2142 5376 2271 5429 Υἱοῦ
2324 5394 2381 5428 τε
2421 5377 2854 5447 ἐκπορευόμενον
2879 5395 2893 5408 ·
2926 5378 3005 5446 τῷ
3037 5379 3211 5447 Πατρὶ
3258 5377 3347 5428 καὶ
3381 5370 3454 5439 τῷ
3492 5360 3586 5429 Υίῷ
3613 5370 3704 5409 5W

545 5466 739 5529 αῖδιον,
779 5466 870 5518 καὶ
901 5466 1033 5531 ἴσον,
1066 5468 1155 5518 καὶ
1189 5470 1470 5538 συνεργόν.
1496 5468 1806 5536 Γέγραπται
1837 5468 1965 5536 γάρ·
2014 5487 2030 5518 ι
2075 5467 2163 5536 Τῷ
2194 5467 2339 5539 λόγῳ
2398 5467 2603 5536 Κυρίου
2635 5470 2685 5521 oi
2730 5468 2949 5537 ούρανοὶ
2994 5466 3446 5537 ἐστερεώθησαν,ι
3470 5450 3701 5508 τουτέστιν.

548 5557 650 5606 ὑπὸ
682 5558 773 5609 τοῦ
794 5556 924 5609 Υἰοῦ
952 5559 1045 5610 τοῦ
1074 5557 1234 5622 Θεοῦ,
1282 5561 1373 5613 καὶ
1406 5558 1481 5628 τῷ
1516 5561 1795 5629 Πνεύματι
1828 5560 1918 5613 τοῦ
1955 5561 2222 5629 στόματος
2253 5560 2415 5613 αὑτοῦ
2457 5562 2608 5613 πᾶσα
2677 5560 2708 5627 ἡ
2742 5559 2969 5628 δύναμις
3003 5558 3191 5612 αὐτοῦ.
3227 5575 3247 5610 ο
3662 5623 3671 5635 ⁸

619 5649 748 5702 item
784 5649 842 5703 υ.
881 5650 1213 5722 Augustinus
1264 5654 1315 5708 in
1349 5655 1484 5709 libro
1510 5657 1577 5710 ad
1642 5654 1858 5709 Petrum
1908 5653 1968 5709 de
1997 5653 2101 5708 ﬁde

2287 5653 2404 5706 Ἔτι
2428 5654 2789 5720 [libyco-Itiro;
2815 5655 2840 5704 6
2868 5656 3139 5716 Οειτῦτατος
3162 5659 3215 5707 ἐν
3232 5650 3302 5717 τῷ
3328 5644 3501 5715 βιϐλέῳ
3524 5653 3585 5701 τῳ
3604 5636 3699 5697 πίθί
