  <div class='ocr_page' id='page_1' title='image "/cluster/home/n/w/nwhite01/storage/ocr_20150623/159/hvd.32044073502684/632.png"; bbox 0 0 3978 6204; ppageno 0'>
   <div class='ocr_carea' id='block_1_1' title="bbox 268 201 407 272">
    <p class='ocr_par' dir='ltr' id='par_1_1' title="bbox 268 201 407 272">
     <span class='ocr_line' id='line_1_1' title="bbox 268 201 407 272; baseline -0.036 0"><span class='ocrx_word' id='word_1_1' title='bbox 268 201 407 272; x_wconf 77' lang='grc'><strong>1165</strong></span> 
     </span>
    </p>
   </div>
   <div class='ocr_carea' id='block_1_2' title="bbox 904 198 2872 266">
    <p class='ocr_par' dir='ltr' id='par_1_2' title="bbox 904 198 2872 266">
     <span class='ocr_line' id='line_1_2' title="bbox 904 198 2872 266; baseline -0.003 0"><span class='ocrx_word' id='word_1_2' title='bbox 904 203 1056 266; x_wconf 81' lang='lat' dir='ltr'><strong>PRO</strong></span> <span class='ocrx_word' id='word_1_3' title='bbox 1090 202 1304 266; x_wconf 90' lang='lat' dir='ltr'><strong>CONC.</strong></span> <span class='ocrx_word' id='word_1_4' title='bbox 1348 198 1728 264; x_wconf 78' lang='lat' dir='ltr'><strong>FLORENT.</strong></span> <span class='ocrx_word' id='word_1_5' title='bbox 1772 201 1929 265; x_wconf 76' lang='lat' dir='ltr'><strong>CAP.</strong></span> <span class='ocrx_word' id='word_1_6' title='bbox 1971 201 2020 264; x_wconf 85' lang='grc' dir='ltr'><strong>Ι.</strong></span> <span class='ocrx_word' id='word_1_7' title='bbox 2065 201 2161 261; x_wconf 83' lang='lat' dir='ltr'><strong>DE</strong></span> <span class='ocrx_word' id='word_1_8' title='bbox 2201 198 2518 262; x_wconf 76' lang='lat' dir='ltr'><strong>SPIR‘ITU</strong></span> <span class='ocrx_word' id='word_1_9' title='bbox 2559 198 2872 261; x_wconf 64' lang='lat' dir='ltr'><strong>SANCTO.</strong></span> 
     </span>
    </p>
   </div>
   <div class='ocr_carea' id='block_1_3' title="bbox 3379 198 3514 264">
    <p class='ocr_par' dir='ltr' id='par_1_3' title="bbox 3379 198 3514 264">
     <span class='ocr_line' id='line_1_3' title="bbox 3379 198 3514 264; baseline -0.022 0"><span class='ocrx_word' id='word_1_10' title='bbox 3379 198 3514 264; x_wconf 79' lang='lat'><em>1166</em></span> 
     </span>
    </p>
   </div>
   <div class='ocr_carea' id='block_1_4' title="bbox 266 315 1821 389">
    <p class='ocr_par' dir='ltr' id='par_1_4' title="bbox 266 316 1821 389">
     <span class='ocr_line' id='line_1_4' title="bbox 266 316 1821 389; baseline -0.005 -12"><span class='ocrx_word' id='word_1_11' title='bbox 266 321 475 388; x_wconf 75' lang='grc' dir='ltr'>Πέτρον</span> <span class='ocrx_word' id='word_1_12' title='bbox 531 316 669 384; x_wconf 64' lang='grc' dir='ltr'>Περὶ</span> <span class='ocrx_word' id='word_1_13' title='bbox 719 316 1007 384; x_wconf 78' lang='grc' dir='ltr'>πίστεως,</span> <span class='ocrx_word' id='word_1_14' title='bbox 1041 319 1100 371; x_wconf 88' lang='grc' dir='ltr'><strong>ἐν</strong></span> <span class='ocrx_word' id='word_1_15' title='bbox 1147 319 1430 389; x_wconf 68' lang='grc' dir='ltr'>κεφαλαίῳ</span> <span class='ocrx_word' id='word_1_16' title='bbox 1473 317 1664 388; x_wconf 72' lang='grc' dir='ltr'><strong>ὀγδόῳ,</strong></span> <span class='ocrx_word' id='word_1_17' title='bbox 1696 318 1821 371; x_wconf 78' lang='grc' dir='ltr'>οὖτο</span> 
     </span>
    </p>
   </div>
   <div class='ocr_carea' id='block_1_5' title="bbox 1926 315 3526 389">
    <p class='ocr_par' dir='ltr' id='par_1_5' title="bbox 1949 315 3526 387">
     <span class='ocr_line' id='line_1_5' title="bbox 1949 315 3526 387; baseline -0.001 -15"><span class='ocrx_word' id='word_1_18' title='bbox 1949 333 2068 387; x_wconf 98' lang='lat' dir='ltr'><strong>cap.</strong></span> <span class='ocrx_word' id='word_1_19' title='bbox 2110 317 2199 379; x_wconf 82' lang='grc' dir='ltr'>Η,</span> <span class='ocrx_word' id='word_1_20' title='bbox 2227 315 2337 372; x_wconf 88' lang='lat' dir='ltr'><strong>ait:</strong></span> <span class='ocrx_word' id='word_1_21' title='bbox 2377 316 2911 381; x_wconf 70' lang='lat' dir='ltr'><strong>«Firmissimctenc,</strong></span> <span class='ocrx_word' id='word_1_22' title='bbox 2949 325 3004 370; x_wconf 92' lang='lat' dir='ltr'><strong>ct</strong></span> <span class='ocrx_word' id='word_1_23' title='bbox 3036 316 3347 377; x_wconf 81' lang='lat' dir='ltr'><strong>nullatenus</strong></span> <span class='ocrx_word' id='word_1_24' title='bbox 3365 318 3526 376; x_wconf 74' lang='lat' dir='ltr'><strong>dulii-</strong></span> 
     </span>
    </p>
   </div>
   <div class='ocr_carea' id='block_1_6' title="bbox 261 409 1842 482">
    <p class='ocr_par' dir='ltr' id='par_1_6' title="bbox 261 409 1842 482">
     <span class='ocr_line' id='line_1_6' title="bbox 261 409 1842 482; baseline 0 -19"><span class='ocrx_word' id='word_1_25' title='bbox 261 413 439 482; x_wconf 80' lang='grc' dir='ltr'><strong>φησί·</strong></span> <span class='ocrx_word' id='word_1_26' title='bbox 489 427 510 461; x_wconf 78' lang='grc' dir='ltr'><strong>ι</strong></span> <span class='ocrx_word' id='word_1_27' title='bbox 570 409 904 463; x_wconf 73' lang='grc' dir='ltr'>Βεσαιότατα</span> <span class='ocrx_word' id='word_1_28' title='bbox 958 409 1204 471; x_wconf 73' lang='grc' dir='ltr'>πίστευε,</span> <span class='ocrx_word' id='word_1_29' title='bbox 1253 411 1348 462; x_wconf 74' lang='grc' dir='ltr'><strong>καὶ</strong></span> <span class='ocrx_word' id='word_1_30' title='bbox 1414 411 1556 461; x_wconf 66' lang='grc' dir='ltr'>κατὰ</span> <span class='ocrx_word' id='word_1_31' title='bbox 1632 409 1842 478; x_wconf 77' lang='grc' dir='ltr'>μηδένα</span> 
     </span>
    </p>
   </div>
   <div class='ocr_carea' id='block_1_7' title="bbox 258 502 1843 576">
    <p class='ocr_par' dir='ltr' id='par_1_7' title="bbox 258 502 1843 576">
     <span class='ocr_line' id='line_1_7' title="bbox 258 502 1843 576; baseline -0.002 -17"><span class='ocrx_word' id='word_1_32' title='bbox 258 512 465 576; x_wconf 78' lang='grc' dir='ltr'>τρόπον</span> <span class='ocrx_word' id='word_1_33' title='bbox 493 503 828 574; x_wconf 75' lang='grc' dir='ltr'>ἀμφίϐαλλε,</span> <span class='ocrx_word' id='word_1_34' title='bbox 865 503 998 555; x_wconf 79' lang='grc' dir='ltr'>αὐτὸ</span> <span class='ocrx_word' id='word_1_35' title='bbox 1026 503 1088 556; x_wconf 83' lang='grc' dir='ltr'>τὺ</span> <span class='ocrx_word' id='word_1_36' title='bbox 1132 503 1356 572; x_wconf 81' lang='grc' dir='ltr'><strong>Πνεῦμα</strong></span> <span class='ocrx_word' id='word_1_37' title='bbox 1390 502 1450 555; x_wconf 84' lang='grc' dir='ltr'>τὸ</span> <span class='ocrx_word' id='word_1_38' title='bbox 1493 502 1650 569; x_wconf 74' lang='grc' dir='ltr'>ἅγιον</span> <span class='ocrx_word' id='word_1_39' title='bbox 1671 503 1700 555; x_wconf 88' lang='grc' dir='ltr'><strong>ὃ</strong></span> <span class='ocrx_word' id='word_1_40' title='bbox 1731 505 1843 556; x_wconf 80' lang='grc' dir='ltr'>Πα-</span> 
     </span>
    </p>
   </div>
   <div class='ocr_carea' id='block_1_8' title="bbox 255 594 1840 665">
    <p class='ocr_par' dir='ltr' id='par_1_8' title="bbox 255 594 1840 665">
     <span class='ocr_line' id='line_1_8' title="bbox 255 594 1840 665; baseline -0.002 -15"><span class='ocrx_word' id='word_1_41' title='bbox 255 598 392 665; x_wconf 76' lang='grc' dir='ltr'>τρός</span> <span class='ocrx_word' id='word_1_42' title='bbox 421 599 538 649; x_wconf 86' lang='grc' dir='ltr'>ἐστι</span> <span class='ocrx_word' id='word_1_43' title='bbox 572 595 800 663; x_wconf 77' lang='grc' dir='ltr'>Πνεῦμα</span> <span class='ocrx_word' id='word_1_44' title='bbox 830 595 926 650; x_wconf 80' lang='grc' dir='ltr'><strong>καὶ</strong></span> <span class='ocrx_word' id='word_1_45' title='bbox 961 596 1115 662; x_wconf 60' lang='lat' dir='ltr'><strong>rio-3,</strong></span> <span class='ocrx_word' id='word_1_46' title='bbox 1150 596 1214 647; x_wconf 85' lang='grc' dir='ltr'><strong>ἐκ</strong></span> <span class='ocrx_word' id='word_1_47' title='bbox 1244 594 1336 649; x_wconf 86' lang='grc' dir='ltr'><strong>τοῦ</strong></span> <span class='ocrx_word' id='word_1_48' title='bbox 1371 595 1584 665; x_wconf 66' lang='grc' dir='ltr'>Πατρδς</span> <span class='ocrx_word' id='word_1_49' title='bbox 1617 597 1712 649; x_wconf 71' lang='grc' dir='ltr'><strong>καὶ</strong></span> <span class='ocrx_word' id='word_1_50' title='bbox 1746 595 1840 647; x_wconf 90' lang='grc' dir='ltr'><strong>τοῦ</strong></span> 
     </span>
    </p>
   </div>
   <div class='ocr_carea' id='block_1_9' title="bbox 256 686 1842 760">
    <p class='ocr_par' dir='ltr' id='par_1_9' title="bbox 256 686 1842 760">
     <span class='ocr_line' id='line_1_9' title="bbox 256 686 1842 760; baseline -0.002 -19"><span class='ocrx_word' id='word_1_51' title='bbox 256 687 392 742; x_wconf 78' lang='grc' dir='ltr'>Υἱοῦ</span> <span class='ocrx_word' id='word_1_52' title='bbox 421 686 842 760; x_wconf 43' lang='grc' dir='ltr'>ἐμπορεύεσθαι.</span> <span class='ocrx_word' id='word_1_53' title='bbox 873 686 1036 755; x_wconf 84' lang='grc' dir='ltr'><strong>Λέγει</strong></span> <span class='ocrx_word' id='word_1_54' title='bbox 1065 688 1175 758; x_wconf 80' lang='grc' dir='ltr'><strong>γὰρ</strong></span> <span class='ocrx_word' id='word_1_55' title='bbox 1202 690 1229 741; x_wconf 86' lang='lat'><strong>6</strong></span> <span class='ocrx_word' id='word_1_56' title='bbox 1263 687 1390 750; x_wconf 67' lang='grc' dir='ltr'>Υἱός</span> <span class='ocrx_word' id='word_1_57' title='bbox 1417 703 1428 716; x_wconf 73' lang='grc'><strong><em>⁸</em></strong></span> <span class='ocrx_word' id='word_1_58' title='bbox 1476 705 1495 739; x_wconf 77' lang='grc' dir='ltr'><strong>ι</strong></span> <span class='ocrx_word' id='word_1_59' title='bbox 1520 687 1689 741; x_wconf 86' lang='grc' dir='ltr'>Ὅταν</span> <span class='ocrx_word' id='word_1_60' title='bbox 1711 687 1842 759; x_wconf 79' lang='grc' dir='ltr'><strong>ἑλοῃ</strong></span> 
     </span>
    </p>
   </div>
   <div class='ocr_carea' id='block_1_10' title="bbox 257 778 1836 856">
    <p class='ocr_par' dir='ltr' id='par_1_10' title="bbox 257 778 1836 856">
     <span class='ocr_line' id='line_1_10' title="bbox 257 778 1836 856; baseline 0.001 -23"><span class='ocrx_word' id='word_1_61' title='bbox 257 782 288 833; x_wconf 88' lang='lat'><strong>6</strong></span> <span class='ocrx_word' id='word_1_62' title='bbox 318 779 684 849; x_wconf 80' lang='grc' dir='ltr'>Παράκλητος</span> <span class='ocrx_word' id='word_1_63' title='bbox 707 778 768 831; x_wconf 80' lang='grc' dir='ltr'>τὸ</span> <span class='ocrx_word' id='word_1_64' title='bbox 798 779 1022 850; x_wconf 79' lang='grc' dir='ltr'><strong>Πνεῦμα</strong></span> <span class='ocrx_word' id='word_1_65' title='bbox 1050 780 1148 849; x_wconf 80' lang='grc' dir='ltr'><strong>τῆς</strong></span> <span class='ocrx_word' id='word_1_66' title='bbox 1177 780 1456 849; x_wconf 83' lang='grc' dir='ltr'>ἀληθείας,</span> <span class='ocrx_word' id='word_1_67' title='bbox 1503 781 1533 834; x_wconf 84' lang='lat'><strong>6</strong></span> <span class='ocrx_word' id='word_1_68' title='bbox 1562 781 1713 852; x_wconf 84' lang='grc' dir='ltr'>παρὰ</span> <span class='ocrx_word' id='word_1_69' title='bbox 1747 782 1836 856; x_wconf 71' lang='grc' dir='ltr'><strong>τοῦ</strong></span> 
     </span>
    </p>
   </div>
   <div class='ocr_carea' id='block_1_11' title="bbox 253 870 1837 943">
    <p class='ocr_par' dir='ltr' id='par_1_11' title="bbox 253 870 1837 943">
     <span class='ocr_line' id='line_1_11' title="bbox 253 870 1837 943; baseline 0 -18"><span class='ocrx_word' id='word_1_70' title='bbox 253 871 475 942; x_wconf 71' lang='grc' dir='ltr'>Πατρὸς</span> <span class='ocrx_word' id='word_1_71' title='bbox 537 871 982 943; x_wconf 63' lang='grc' dir='ltr'>ἐκπορεύεταιη</span> <span class='ocrx_word' id='word_1_72' title='bbox 1029 872 1163 926; x_wconf 84' lang='grc' dir='ltr'>ὅπου</span> <span class='ocrx_word' id='word_1_73' title='bbox 1201 873 1424 943; x_wconf 83' lang='grc' dir='ltr'>Πνεῦμα</span> <span class='ocrx_word' id='word_1_74' title='bbox 1455 875 1650 926; x_wconf 85' lang='grc' dir='ltr'>ἐαυτοῦ</span> <span class='ocrx_word' id='word_1_75' title='bbox 1702 870 1837 926; x_wconf 69' lang='grc' dir='ltr'>εἶναι</span> 
     </span>
    </p>
   </div>
   <div class='ocr_carea' id='block_1_12' title="bbox 252 963 1840 1035">
    <p class='ocr_par' dir='ltr' id='par_1_12' title="bbox 252 963 1840 1035">
     <span class='ocr_line' id='line_1_12' title="bbox 252 963 1840 1035; baseline 0.001 -19"><span class='ocrx_word' id='word_1_76' title='bbox 252 963 497 1029; x_wconf 72' lang='grc' dir='ltr'>ἐδίδαξεν</span> <span class='ocrx_word' id='word_1_77' title='bbox 520 981 537 997; x_wconf 78' lang='grc' dir='ltr'><strong><em>ο</em></strong></span> <span class='ocrx_word' id='word_1_78' title='bbox 569 965 690 1016; x_wconf 80' lang='grc' dir='ltr'>ἐπεὶ</span> <span class='ocrx_word' id='word_1_79' title='bbox 721 965 880 1027; x_wconf 82' lang='grc' dir='ltr'>αὐτός</span> <span class='ocrx_word' id='word_1_80' title='bbox 906 964 1056 1017; x_wconf 79' lang='grc' dir='ltr'>ἐστιν</span> <span class='ocrx_word' id='word_1_81' title='bbox 1090 965 1122 1035; x_wconf 81' lang='grc' dir='ltr'><strong>ἡ</strong></span> <span class='ocrx_word' id='word_1_82' title='bbox 1165 965 1414 1035; x_wconf 83' lang='grc' dir='ltr'>ἀλήθεια.</span> <span class='ocrx_word' id='word_1_83' title='bbox 1458 966 1553 1019; x_wconf 87' lang='grc' dir='ltr'><strong>Ἐκ</strong></span> <span class='ocrx_word' id='word_1_84' title='bbox 1578 966 1671 1019; x_wconf 88' lang='grc' dir='ltr'><strong>τοῦ</strong></span> <span class='ocrx_word' id='word_1_85' title='bbox 1705 966 1840 1019; x_wconf 79' lang='grc' dir='ltr'><strong>Υέοῦ</strong></span> 
     </span>
    </p>
   </div>
   <div class='ocr_carea' id='block_1_13' title="bbox 249 1056 1837 1130">
    <p class='ocr_par' dir='ltr' id='par_1_13' title="bbox 249 1056 1837 1130">
     <span class='ocr_line' id='line_1_13' title="bbox 249 1056 1837 1130; baseline 0.001 -19"><span class='ocrx_word' id='word_1_86' title='bbox 249 1074 314 1111; x_wconf 88' lang='grc' dir='ltr'><strong>τε</strong></span> <span class='ocrx_word' id='word_1_87' title='bbox 349 1056 752 1129; x_wconf 74' lang='grc' dir='ltr'><strong>ἐκπορεύεσθαι</strong></span> <span class='ocrx_word' id='word_1_88' title='bbox 781 1058 846 1110; x_wconf 73' lang='grc' dir='ltr'>τὸ</span> <span class='ocrx_word' id='word_1_89' title='bbox 879 1057 1109 1127; x_wconf 86' lang='grc' dir='ltr'>Πνεῦμα</span> <span class='ocrx_word' id='word_1_90' title='bbox 1138 1059 1200 1110; x_wconf 80' lang='grc' dir='ltr'><strong>τὸ</strong></span> <span class='ocrx_word' id='word_1_91' title='bbox 1225 1058 1402 1126; x_wconf 80' lang='grc' dir='ltr'>ἅγιον,</span> <span class='ocrx_word' id='word_1_92' title='bbox 1429 1059 1524 1111; x_wconf 57' lang='grc' dir='ltr'><strong>καὶ⁵</strong></span> <span class='ocrx_word' id='word_1_93' title='bbox 1556 1061 1590 1129; x_wconf 84' lang='grc' dir='ltr'>ή</span> <span class='ocrx_word' id='word_1_94' title='bbox 1620 1076 1837 1130; x_wconf 80' lang='grc' dir='ltr'>προφη-</span> 
     </span>
    </p>
   </div>
   <div class='ocr_carea' id='block_1_14' title="bbox 251 1149 1832 1222">
    <p class='ocr_par' dir='ltr' id='par_1_14' title="bbox 251 1149 1832 1222">
     <span class='ocr_line' id='line_1_14' title="bbox 251 1149 1832 1222; baseline 0.003 -21"><span class='ocrx_word' id='word_1_95' title='bbox 251 1150 384 1218; x_wconf 81' lang='grc' dir='ltr'>τικὴ</span> <span class='ocrx_word' id='word_1_96' title='bbox 412 1150 507 1204; x_wconf 70' lang='grc' dir='ltr'>καὶ</span> <span class='ocrx_word' id='word_1_97' title='bbox 537 1149 876 1220; x_wconf 79' lang='grc' dir='ltr'>ἀποστολικὴ</span> <span class='ocrx_word' id='word_1_98' title='bbox 904 1150 1228 1205; x_wconf 84' lang='grc' dir='ltr'>διδασκαλία</span> <span class='ocrx_word' id='word_1_99' title='bbox 1259 1152 1392 1220; x_wconf 76' lang='grc' dir='ltr'>ἡμῖν</span> <span class='ocrx_word' id='word_1_100' title='bbox 1421 1152 1793 1222; x_wconf 82' lang='grc' dir='ltr'>παραδίδωσιν</span> <span class='ocrx_word' id='word_1_101' title='bbox 1818 1167 1832 1184; x_wconf 87' lang='grc'><strong>·</strong></span> 
     </span>
    </p>
   </div>
   <div class='ocr_carea' id='block_1_15' title="bbox 269 1240 1836 1317">
    <p class='ocr_par' dir='ltr' id='par_1_15' title="bbox 269 1240 1836 1317">
     <span class='ocr_line' id='line_1_15' title="bbox 269 1240 1836 1317; baseline 0.004 -24"><span class='ocrx_word' id='word_1_102' title='bbox 269 1240 500 1302; x_wconf 73' lang='grc' dir='ltr'>Ἡσαΐας</span> <span class='ocrx_word' id='word_1_103' title='bbox 527 1241 628 1310; x_wconf 82' lang='grc' dir='ltr'>μὲν</span> <span class='ocrx_word' id='word_1_104' title='bbox 659 1241 765 1311; x_wconf 81' lang='grc' dir='ltr'><strong>γάρ</strong></span> <span class='ocrx_word' id='word_1_105' title='bbox 797 1259 931 1311; x_wconf 83' lang='grc' dir='ltr'>φησι</span> <span class='ocrx_word' id='word_1_106' title='bbox 951 1244 1081 1311; x_wconf 75' lang='grc' dir='ltr'>περὶ</span> <span class='ocrx_word' id='word_1_107' title='bbox 1112 1241 1204 1296; x_wconf 87' lang='grc' dir='ltr'><strong>τοῦ</strong></span> <span class='ocrx_word' id='word_1_108' title='bbox 1236 1242 1368 1296; x_wconf 83' lang='grc' dir='ltr'>Υίοῦ</span> <span class='ocrx_word' id='word_1_109' title='bbox 1393 1258 1440 1296; x_wconf 73' lang='grc' dir='ltr'><strong>ἰ</strong></span> <span class='ocrx_word' id='word_1_110' title='bbox 1480 1243 1836 1317; x_wconf 78' lang='grc' dir='ltr'>Πατάξειτὴν</span> 
     </span>
    </p>
   </div>
   <div class='ocr_carea' id='block_1_16' title="bbox 253 1332 1835 1407">
    <p class='ocr_par' dir='ltr' id='par_1_16' title="bbox 253 1332 1835 1407">
     <span class='ocr_line' id='line_1_16' title="bbox 253 1332 1835 1407; baseline 0.004 -22"><span class='ocrx_word' id='word_1_111' title='bbox 253 1333 365 1403; x_wconf 78' lang='grc' dir='ltr'>γῆν</span> <span class='ocrx_word' id='word_1_112' title='bbox 398 1335 468 1404; x_wconf 77' lang='grc' dir='ltr'>τῇ</span> <span class='ocrx_word' id='word_1_113' title='bbox 519 1333 703 1404; x_wconf 74' lang='grc' dir='ltr'><strong>ῥάϐδῳ</strong></span> <span class='ocrx_word' id='word_1_114' title='bbox 735 1332 830 1387; x_wconf 89' lang='grc' dir='ltr'><strong>τοῦ</strong></span> <span class='ocrx_word' id='word_1_115' title='bbox 888 1335 1156 1402; x_wconf 79' lang='grc' dir='ltr'>στόματος</span> <span class='ocrx_word' id='word_1_116' title='bbox 1188 1335 1376 1400; x_wconf 76' lang='grc' dir='ltr'>αὑτοῦ,</span> <span class='ocrx_word' id='word_1_117' title='bbox 1415 1337 1506 1390; x_wconf 76' lang='grc' dir='ltr'><strong>καὶ</strong></span> <span class='ocrx_word' id='word_1_118' title='bbox 1538 1338 1636 1407; x_wconf 70' lang='grc' dir='ltr'><strong>ζτῷ</strong></span> <span class='ocrx_word' id='word_1_119' title='bbox 1670 1339 1835 1392; x_wconf 80' lang='grc' dir='ltr'>πνεύ-</span> 
     </span>
    </p>
   </div>
   <div class='ocr_carea' id='block_1_17' title="bbox 255 1423 1834 1498">
    <p class='ocr_par' dir='ltr' id='par_1_17' title="bbox 255 1423 1834 1498">
     <span class='ocr_line' id='line_1_17' title="bbox 255 1423 1834 1498; baseline 0.005 -23"><span class='ocrx_word' id='word_1_120' title='bbox 255 1440 391 1498; x_wconf 77' lang='grc' dir='ltr'>ματι</span> <span class='ocrx_word' id='word_1_121' title='bbox 424 1423 535 1476; x_wconf 83' lang='grc' dir='ltr'>τῶν</span> <span class='ocrx_word' id='word_1_122' title='bbox 546 1423 788 1492; x_wconf 81' lang='grc' dir='ltr'>’χειλέων</span> <span class='ocrx_word' id='word_1_123' title='bbox 815 1425 982 1478; x_wconf 82' lang='grc' dir='ltr'>αὑτοῦ</span> <span class='ocrx_word' id='word_1_124' title='bbox 1006 1425 1189 1479; x_wconf 80' lang='grc' dir='ltr'>ἀνελεῖ</span> <span class='ocrx_word' id='word_1_125' title='bbox 1211 1426 1303 1479; x_wconf 82' lang='grc' dir='ltr'><strong>τὸν</strong></span> <span class='ocrx_word' id='word_1_126' title='bbox 1334 1426 1504 1498; x_wconf 76' lang='grc' dir='ltr'>ἀσεϐῆ</span> <span class='ocrx_word' id='word_1_127' title='bbox 1524 1468 1538 1480; x_wconf 92' lang='grc'>.</span> <span class='ocrx_word' id='word_1_128' title='bbox 1561 1445 1580 1479; x_wconf 75' lang='grc' dir='ltr'><strong>ι</strong></span> <span class='ocrx_word' id='word_1_129' title='bbox 1618 1430 1752 1497; x_wconf 62' lang='grc' dir='ltr'><strong>Περὶ⁸</strong></span> <span class='ocrx_word' id='word_1_130' title='bbox 1774 1423 1834 1484; x_wconf 81' lang='grc' dir='ltr'>οὗ</span> 
     </span>
    </p>
   </div>
   <div class='ocr_carea' id='block_1_18' title="bbox 252 1496 1835 1588">
    <p class='ocr_par' dir='ltr' id='par_1_18' title="bbox 252 1496 1835 1588">
     <span class='ocr_line' id='line_1_18' title="bbox 252 1496 1835 1588; baseline 0.004 -21"><span class='ocrx_word' id='word_1_131' title='bbox 252 1496 391 1585; x_wconf 41' lang='lat' dir='ltr'><strong>(post</strong></span> <span class='ocrx_word' id='word_1_132' title='bbox 429 1515 524 1568; x_wconf 75' lang='grc' dir='ltr'><strong>καὶ</strong></span> <span class='ocrx_word' id='word_1_133' title='bbox 550 1517 578 1568; x_wconf 96' lang='lat'><strong>6</strong></span> <span class='ocrx_word' id='word_1_134' title='bbox 619 1515 962 1582; x_wconf 81' lang='grc' dir='ltr'>Ἀπόστολος,</span> <span class='ocrx_word' id='word_1_135' title='bbox 1014 1517 1149 1570; x_wconf 72' lang='grc' dir='ltr'><strong>«Ὃν</strong></span> <span class='ocrx_word' id='word_1_136' title='bbox 1173 1517 1201 1569; x_wconf 89' lang='lat'><strong>6</strong></span> <span class='ocrx_word' id='word_1_137' title='bbox 1235 1516 1437 1588; x_wconf 77' lang='grc' dir='ltr'>Κύριος</span> <span class='ocrx_word' id='word_1_138' title='bbox 1475 1496 1835 1588; x_wconf 14' lang='grc' dir='ltr'>’ίησοῦςνὰνε-</span> 
     </span>
    </p>
   </div>
   <div class='ocr_carea' id='block_1_19' title="bbox 250 1604 1834 1676">
    <p class='ocr_par' dir='ltr' id='par_1_19' title="bbox 250 1604 1834 1676">
     <span class='ocr_line' id='line_1_19' title="bbox 250 1604 1834 1676; baseline 0.004 -19"><span class='ocrx_word' id='word_1_139' title='bbox 250 1607 340 1658; x_wconf 85' lang='grc' dir='ltr'>λεῖ</span> <span class='ocrx_word' id='word_1_140' title='bbox 369 1606 446 1676; x_wconf 80' lang='grc' dir='ltr'>τῷ</span> <span class='ocrx_word' id='word_1_141' title='bbox 473 1604 742 1674; x_wconf 82' lang='grc' dir='ltr'>πνεύματι</span> <span class='ocrx_word' id='word_1_142' title='bbox 783 1606 878 1659; x_wconf 86' lang='grc' dir='ltr'><strong>τοῦ</strong></span> <span class='ocrx_word' id='word_1_143' title='bbox 907 1606 1175 1675; x_wconf 86' lang='grc' dir='ltr'>στόματος</span> <span class='ocrx_word' id='word_1_144' title='bbox 1203 1606 1432 1661; x_wconf 77' lang='grc' dir='ltr'>αὑτοῦ.»</span> <span class='ocrx_word' id='word_1_145' title='bbox 1497 1609 1557 1664; x_wconf 84' lang='lat'><strong>&#39;0</strong></span> <span class='ocrx_word' id='word_1_146' title='bbox 1586 1610 1746 1672; x_wconf 76' lang='grc' dir='ltr'>αὐτὸς</span> <span class='ocrx_word' id='word_1_147' title='bbox 1776 1613 1834 1664; x_wconf 85' lang='grc' dir='ltr'><strong>ἐν</strong></span> 
     </span>
    </p>
   </div>
   <div class='ocr_carea' id='block_1_20' title="bbox 1951 410 3517 481">
    <p class='ocr_par' dir='ltr' id='par_1_20' title="bbox 1951 410 3517 481">
     <span class='ocr_line' id='line_1_20' title="bbox 1951 410 3517 481; baseline -0.002 -14"><span class='ocrx_word' id='word_1_148' title='bbox 1951 423 2054 478; x_wconf 88' lang='lat' dir='ltr'><strong>tes,</strong></span> <span class='ocrx_word' id='word_1_149' title='bbox 2089 412 2342 467; x_wconf 86' lang='lat' dir='ltr'><strong>eumdem</strong></span> <span class='ocrx_word' id='word_1_150' title='bbox 2372 411 2632 481; x_wconf 75' lang='lat' dir='ltr'><strong>Spiritum</strong></span> <span class='ocrx_word' id='word_1_151' title='bbox 2663 418 2934 470; x_wconf 82' lang='lat' dir='ltr'><strong>sanctum.</strong></span> <span class='ocrx_word' id='word_1_152' title='bbox 2965 411 3057 479; x_wconf 89' lang='lat' dir='ltr'><strong>qui</strong></span> <span class='ocrx_word' id='word_1_153' title='bbox 3102 410 3284 465; x_wconf 84' lang='lat' dir='ltr'><strong>Patris</strong></span> <span class='ocrx_word' id='word_1_154' title='bbox 3312 423 3366 466; x_wconf 84' lang='lat' dir='ltr'><strong>et</strong></span> <span class='ocrx_word' id='word_1_155' title='bbox 3396 411 3517 465; x_wconf 81' lang='lat' dir='ltr'><strong>Filii</strong></span> 
     </span>
    </p>
   </div>
   <div class='ocr_carea' id='block_1_21' title="bbox 1947 501 3521 573">
    <p class='ocr_par' dir='ltr' id='par_1_21' title="bbox 1947 501 3521 573">
     <span class='ocr_line' id='line_1_21' title="bbox 1947 501 3521 573; baseline -0.002 -14"><span class='ocrx_word' id='word_1_156' title='bbox 1947 519 2091 560; x_wconf 89' lang='lat' dir='ltr'><strong>unus</strong></span> <span class='ocrx_word' id='word_1_157' title='bbox 2122 515 2206 560; x_wconf 84' lang='lat' dir='ltr'><strong>est</strong></span> <span class='ocrx_word' id='word_1_158' title='bbox 2253 504 2509 573; x_wconf 87' lang='lat' dir='ltr'><strong>Spiritus,</strong></span> <span class='ocrx_word' id='word_1_159' title='bbox 2563 504 2630 558; x_wconf 92' lang='lat' dir='ltr'><strong>de</strong></span> <span class='ocrx_word' id='word_1_160' title='bbox 2675 501 2836 558; x_wconf 81' lang='lat' dir='ltr'><strong>Patre</strong></span> <span class='ocrx_word' id='word_1_161' title='bbox 2881 511 2939 558; x_wconf 91' lang='lat' dir='ltr'><strong>ct</strong></span> <span class='ocrx_word' id='word_1_162' title='bbox 2986 501 3124 558; x_wconf 86' lang='lat' dir='ltr'><strong>Filio</strong></span> <span class='ocrx_word' id='word_1_163' title='bbox 3170 503 3467 570; x_wconf 83' lang='lat' dir='ltr'><strong>procedere</strong></span> <span class='ocrx_word' id='word_1_164' title='bbox 3506 520 3521 556; x_wconf 89' lang='lat'><strong>:</strong></span> 
     </span>
    </p>
   </div>
   <div class='ocr_carea' id='block_1_22' title="bbox 1947 591 3520 662">
    <p class='ocr_par' dir='ltr' id='par_1_22' title="bbox 1947 591 3520 662">
     <span class='ocr_line' id='line_1_22' title="bbox 1947 591 3520 662; baseline -0.003 -11"><span class='ocrx_word' id='word_1_165' title='bbox 1947 597 2077 651; x_wconf 82' lang='lat' dir='ltr'><strong>dicit</strong></span> <span class='ocrx_word' id='word_1_166' title='bbox 2108 596 2252 650; x_wconf 85' lang='lat' dir='ltr'><strong>enim</strong></span> <span class='ocrx_word' id='word_1_167' title='bbox 2280 594 2470 659; x_wconf 87' lang='lat' dir='ltr'><strong>Filius,</strong></span> <span class='ocrx_word' id='word_1_168' title='bbox 2517 612 2538 646; x_wconf 78' lang='grc' dir='ltr'><strong>ι</strong></span> <span class='ocrx_word' id='word_1_169' title='bbox 2567 594 2700 648; x_wconf 89' lang='lat' dir='ltr'><strong>Cum</strong></span> <span class='ocrx_word' id='word_1_170' title='bbox 2733 593 2945 649; x_wconf 74' lang='lat' dir='ltr'><strong>venerit</strong></span> <span class='ocrx_word' id='word_1_171' title='bbox 2983 591 3220 662; x_wconf 79' lang='lat' dir='ltr'><strong>Spiritus</strong></span> <span class='ocrx_word' id='word_1_172' title='bbox 3245 595 3520 654; x_wconf 63' lang='lat' dir='ltr'><strong>veritatis.</strong></span> 
     </span>
    </p>
   </div>
   <div class='ocr_carea' id='block_1_23' title="bbox 1945 684 3522 756">
    <p class='ocr_par' dir='ltr' id='par_1_23' title="bbox 1945 684 3522 756">
     <span class='ocr_line' id='line_1_23' title="bbox 1945 684 3522 756; baseline 0 -16"><span class='ocrx_word' id='word_1_173' title='bbox 1945 690 2036 756; x_wconf 88' lang='lat' dir='ltr'><strong>qui</strong></span> <span class='ocrx_word' id='word_1_174' title='bbox 2090 703 2119 741; x_wconf 88' lang='lat' dir='ltr'><strong>a</strong></span> <span class='ocrx_word' id='word_1_175' title='bbox 2155 689 2324 741; x_wconf 79' lang='lat' dir='ltr'><strong>Patre</strong></span> <span class='ocrx_word' id='word_1_176' title='bbox 2379 687 2640 756; x_wconf 84' lang='lat' dir='ltr'><strong>procedit,</strong></span> <span class='ocrx_word' id='word_1_177' title='bbox 2674 704 2694 739; x_wconf 72' lang='grc' dir='ltr'><strong>ι</strong></span> <span class='ocrx_word' id='word_1_178' title='bbox 2740 686 2830 740; x_wconf 88' lang='lat' dir='ltr'><strong>ubi</strong></span> <span class='ocrx_word' id='word_1_179' title='bbox 2888 684 3153 755; x_wconf 86' lang='lat' dir='ltr'><strong>Spiritum</strong></span> <span class='ocrx_word' id='word_1_180' title='bbox 3189 699 3349 738; x_wconf 89' lang='lat' dir='ltr'><strong>suum</strong></span> <span class='ocrx_word' id='word_1_181' title='bbox 3395 699 3522 740; x_wconf 84' lang='lat' dir='ltr'><strong>esse</strong></span> 
     </span>
    </p>
   </div>
   <div class='ocr_carea' id='block_1_24' title="bbox 1945 774 3519 848">
    <p class='ocr_par' dir='ltr' id='par_1_24' title="bbox 1945 774 3519 848">
     <span class='ocr_line' id='line_1_24' title="bbox 1945 774 3519 848; baseline -0.003 -15"><span class='ocrx_word' id='word_1_182' title='bbox 1945 779 2152 841; x_wconf 86' lang='lat' dir='ltr'><strong>docuit,</strong></span> <span class='ocrx_word' id='word_1_183' title='bbox 2179 779 2307 848; x_wconf 88' lang='lat' dir='ltr'><strong>quia</strong></span> <span class='ocrx_word' id='word_1_184' title='bbox 2341 779 2454 846; x_wconf 87' lang='lat' dir='ltr'><strong>ipse</strong></span> <span class='ocrx_word' id='word_1_185' title='bbox 2481 787 2566 834; x_wconf 88' lang='lat' dir='ltr'><strong>est</strong></span> <span class='ocrx_word' id='word_1_186' title='bbox 2597 780 2822 832; x_wconf 79' lang='lat' dir='ltr'><strong>veritas.</strong></span> <span class='ocrx_word' id='word_1_187' title='bbox 2861 777 2937 830; x_wconf 89' lang='lat' dir='ltr'><strong>De</strong></span> <span class='ocrx_word' id='word_1_188' title='bbox 2970 774 3107 830; x_wconf 84' lang='lat' dir='ltr'><strong>Filio</strong></span> <span class='ocrx_word' id='word_1_189' title='bbox 3137 790 3357 846; x_wconf 87' lang='lat' dir='ltr'><strong>quoque</strong></span> <span class='ocrx_word' id='word_1_190' title='bbox 3392 791 3519 845; x_wconf 87' lang='lat' dir='ltr'><strong>pro-</strong></span> 
     </span>
    </p>
   </div>
   <div class='ocr_carea' id='block_1_25' title="bbox 1946 867 3520 938">
    <p class='ocr_par' dir='ltr' id='par_1_25' title="bbox 1946 867 3520 938">
     <span class='ocr_line' id='line_1_25' title="bbox 1946 867 3520 938; baseline -0.001 -14"><span class='ocrx_word' id='word_1_191' title='bbox 1946 870 2140 924; x_wconf 79' lang='lat' dir='ltr'><strong>cedere</strong></span> <span class='ocrx_word' id='word_1_192' title='bbox 2177 869 2438 937; x_wconf 81' lang='lat' dir='ltr'><strong>Spiritum</strong></span> <span class='ocrx_word' id='word_1_193' title='bbox 2471 879 2720 924; x_wconf 88' lang='lat' dir='ltr'><strong>sanctum</strong></span> <span class='ocrx_word' id='word_1_194' title='bbox 2758 867 3076 936; x_wconf 81' lang='lat' dir='ltr'><strong>prophetica</strong></span> <span class='ocrx_word' id='word_1_195' title='bbox 3114 878 3274 936; x_wconf 84' lang='lat' dir='ltr'><strong>atque</strong></span> <span class='ocrx_word' id='word_1_196' title='bbox 3300 879 3520 938; x_wconf 83' lang='lat' dir='ltr'><strong>aposto-</strong></span> 
     </span>
    </p>
   </div>
   <div class='ocr_carea' id='block_1_26' title="bbox 1941 956 3524 1014">
    <p class='ocr_par' dir='ltr' id='par_1_26' title="bbox 1941 956 3524 1014">
     <span class='ocr_line' id='line_1_26' title="bbox 1941 956 3524 1014; baseline 0.001 -3"><span class='ocrx_word' id='word_1_197' title='bbox 1941 958 2042 1012; x_wconf 84' lang='lat' dir='ltr'><strong>lica</strong></span> <span class='ocrx_word' id='word_1_198' title='bbox 2071 959 2314 1012; x_wconf 84' lang='lat' dir='ltr'><strong>doctrina</strong></span> <span class='ocrx_word' id='word_1_199' title='bbox 2363 959 2523 1014; x_wconf 90' lang='lat' dir='ltr'><strong>nobis</strong></span> <span class='ocrx_word' id='word_1_200' title='bbox 2575 959 2946 1012; x_wconf 86' lang='lat' dir='ltr'><strong>commendat.</strong></span> <span class='ocrx_word' id='word_1_201' title='bbox 2997 956 3164 1012; x_wconf 81' lang='lat' dir='ltr'><strong>Isaias</strong></span> <span class='ocrx_word' id='word_1_202' title='bbox 3207 959 3354 1012; x_wconf 85' lang='lat' dir='ltr'><strong>enim</strong></span> <span class='ocrx_word' id='word_1_203' title='bbox 3388 957 3524 1012; x_wconf 84' lang='lat' dir='ltr'><strong>dicit</strong></span> 
     </span>
    </p>
   </div>
   <div class='ocr_carea' id='block_1_27' title="bbox 1942 1048 3524 1118">
    <p class='ocr_par' dir='ltr' id='par_1_27' title="bbox 1942 1048 3524 1118">
     <span class='ocr_line' id='line_1_27' title="bbox 1942 1048 3524 1118; baseline -0.001 -14"><span class='ocrx_word' id='word_1_204' title='bbox 1942 1049 2009 1104; x_wconf 77' lang='lat' dir='ltr'><strong>de</strong></span> <span class='ocrx_word' id='word_1_205' title='bbox 2041 1049 2177 1104; x_wconf 87' lang='lat' dir='ltr'><strong>Filio</strong></span> <span class='ocrx_word' id='word_1_206' title='bbox 2201 1068 2217 1106; x_wconf 91' lang='lat'><strong>:</strong></span> <span class='ocrx_word' id='word_1_207' title='bbox 2249 1049 2556 1106; x_wconf 75' lang='lat' dir='ltr'><strong>tPet‘cutiet</strong></span> <span class='ocrx_word' id='word_1_208' title='bbox 2573 1060 2774 1105; x_wconf 87' lang='lat' dir='ltr'><strong>terram</strong></span> <span class='ocrx_word' id='word_1_209' title='bbox 2800 1050 2947 1118; x_wconf 75' lang='lat' dir='ltr'><strong>virga</strong></span> <span class='ocrx_word' id='word_1_210' title='bbox 2974 1065 3020 1103; x_wconf 64' lang='grc' dir='ltr'><strong>θ’</strong></span> <span class='ocrx_word' id='word_1_211' title='bbox 3040 1050 3090 1104; x_wconf 85' lang='lat' dir='ltr'><strong>is</strong></span> <span class='ocrx_word' id='word_1_212' title='bbox 3111 1050 3220 1113; x_wconf 86' lang='lat' dir='ltr'><strong>sui,</strong></span> <span class='ocrx_word' id='word_1_213' title='bbox 3241 1057 3297 1102; x_wconf 90' lang='lat' dir='ltr'><strong>ct</strong></span> <span class='ocrx_word' id='word_1_214' title='bbox 3325 1048 3524 1118; x_wconf 86' lang='lat' dir='ltr'><strong>spiritu</strong></span> 
     </span>
    </p>
   </div>
   <div class='ocr_carea' id='block_1_28' title="bbox 1941 1141 3518 1218">
    <p class='ocr_par' dir='ltr' id='par_1_28' title="bbox 1941 1141 3518 1218">
     <span class='ocr_line' id='line_1_28' title="bbox 1941 1141 3518 1218; baseline 0 -23"><span class='ocrx_word' id='word_1_215' title='bbox 1941 1141 2208 1199; x_wconf 76' lang='lat' dir='ltr'><strong>labiorum</strong></span> <span class='ocrx_word' id='word_1_216' title='bbox 2244 1157 2468 1198; x_wconf 87' lang='lat' dir='ltr'><strong>suorum</strong></span> <span class='ocrx_word' id='word_1_217' title='bbox 2522 1143 2812 1199; x_wconf 83' lang='lat' dir='ltr'><strong>interliciet</strong></span> <span class='ocrx_word' id='word_1_218' title='bbox 2857 1143 3087 1218; x_wconf 78' lang='lat' dir='ltr'><strong>impium</strong></span> <span class='ocrx_word' id='word_1_219' title='bbox 3115 1143 3238 1207; x_wconf 82' lang='grc'><strong>³⁰;»</strong></span> <span class='ocrx_word' id='word_1_220' title='bbox 3283 1143 3353 1196; x_wconf 87' lang='lat' dir='ltr'><strong>de</strong></span> <span class='ocrx_word' id='word_1_221' title='bbox 3407 1157 3518 1210; x_wconf 81' lang='lat' dir='ltr'><strong>quo</strong></span> 
     </span>
    </p>
   </div>
   <div class='ocr_carea' id='block_1_29' title="bbox 1939 1235 3514 1304">
    <p class='ocr_par' dir='ltr' id='par_1_29' title="bbox 1939 1235 3514 1304">
     <span class='ocr_line' id='line_1_29' title="bbox 1939 1235 3514 1304; baseline -0.001 -13"><span class='ocrx_word' id='word_1_222' title='bbox 1939 1246 1995 1291; x_wconf 81' lang='lat' dir='ltr'><strong>et</strong></span> <span class='ocrx_word' id='word_1_223' title='bbox 2053 1236 2394 1304; x_wconf 85' lang='lat' dir='ltr'><strong>Apostolus:</strong></span> <span class='ocrx_word' id='word_1_224' title='bbox 2433 1235 2645 1301; x_wconf 68' lang='lat' dir='ltr'><strong>«Quem</strong></span> <span class='ocrx_word' id='word_1_225' title='bbox 2711 1236 2971 1291; x_wconf 79' lang='lat' dir='ltr'><strong>interﬁcit</strong></span> <span class='ocrx_word' id='word_1_226' title='bbox 3027 1237 3288 1290; x_wconf 86' lang='lat' dir='ltr'><strong>Dominus</strong></span> <span class='ocrx_word' id='word_1_227' title='bbox 3351 1235 3514 1290; x_wconf 82' lang='lat' dir='ltr'><strong>Jesus</strong></span> 
     </span>
    </p>
   </div>
   <div class='ocr_carea' id='block_1_30' title="bbox 1939 1328 3516 1399">
    <p class='ocr_par' dir='ltr' id='par_1_30' title="bbox 1939 1328 3516 1399">
     <span class='ocr_line' id='line_1_30' title="bbox 1939 1328 3516 1399; baseline 0.001 -16"><span class='ocrx_word' id='word_1_228' title='bbox 1939 1330 2134 1399; x_wconf 89' lang='lat' dir='ltr'><strong>spiritu</strong></span> <span class='ocrx_word' id='word_1_229' title='bbox 2167 1330 2278 1385; x_wconf 90' lang='lat' dir='ltr'><strong>oris</strong></span> <span class='ocrx_word' id='word_1_230' title='bbox 2310 1329 2353 1361; x_wconf 78' lang='grc'><strong>³⁸</strong></span> <span class='ocrx_word' id='word_1_231' title='bbox 2384 1328 2491 1383; x_wconf 88' lang='lat' dir='ltr'><strong>sui.</strong></span> <span class='ocrx_word' id='word_1_232' title='bbox 2522 1347 2540 1380; x_wconf 80' lang='grc' dir='ltr'><strong>ι</strong></span> <span class='ocrx_word' id='word_1_233' title='bbox 2596 1329 2742 1384; x_wconf 86' lang='lat' dir='ltr'><strong>Idem</strong></span> <span class='ocrx_word' id='word_1_234' title='bbox 2773 1345 2896 1398; x_wconf 86' lang='lat' dir='ltr'><strong>cap.</strong></span> <span class='ocrx_word' id='word_1_235' title='bbox 2945 1328 3014 1383; x_wconf 78' lang='lat'><strong>20</strong></span> <span class='ocrx_word' id='word_1_236' title='bbox 3058 1329 3178 1382; x_wconf 84' lang='lat' dir='ltr'><strong>libri</strong></span> <span class='ocrx_word' id='word_1_237' title='bbox 3214 1329 3396 1398; x_wconf 84' lang='lat' dir='ltr'><strong>quarti</strong></span> <span class='ocrx_word' id='word_1_238' title='bbox 3439 1328 3516 1384; x_wconf 80' lang='lat' dir='ltr'><strong>De</strong></span> 
     </span>
    </p>
   </div>
   <div class='ocr_carea' id='block_1_31' title="bbox 1939 1419 3519 1490">
    <p class='ocr_par' dir='ltr' id='par_1_31' title="bbox 1939 1419 3519 1490">
     <span class='ocr_line' id='line_1_31' title="bbox 1939 1419 3519 1490; baseline 0 -16"><span class='ocrx_word' id='word_1_239' title='bbox 1939 1420 2228 1486; x_wconf 88' lang='lat' dir='ltr'><strong>Trinitate,</strong></span> <span class='ocrx_word' id='word_1_240' title='bbox 2275 1421 2366 1490; x_wconf 91' lang='lat' dir='ltr'><strong>qui</strong></span> <span class='ocrx_word' id='word_1_241' title='bbox 2405 1421 2597 1490; x_wconf 86' lang='lat' dir='ltr'><strong>incipit</strong></span> <span class='ocrx_word' id='word_1_242' title='bbox 2635 1437 2649 1474; x_wconf 93' lang='lat'><strong>:</strong></span> <span class='ocrx_word' id='word_1_243' title='bbox 2715 1441 2734 1472; x_wconf 75' lang='grc' dir='ltr'><strong>ε</strong></span> <span class='ocrx_word' id='word_1_244' title='bbox 2763 1419 2820 1475; x_wconf 90' lang='lat' dir='ltr'><strong>Si</strong></span> <span class='ocrx_word' id='word_1_245' title='bbox 2859 1434 3037 1474; x_wconf 89' lang='lat' dir='ltr'><strong>autem</strong></span> <span class='ocrx_word' id='word_1_246' title='bbox 3071 1421 3378 1474; x_wconf 86' lang='lat' dir='ltr'><strong>secundum</strong></span> <span class='ocrx_word' id='word_1_247' title='bbox 3414 1420 3519 1474; x_wconf 87' lang='lat' dir='ltr'><strong>hoc</strong></span> 
     </span>
    </p>
   </div>
   <div class='ocr_carea' id='block_1_32' title="bbox 1938 1515 3522 1584">
    <p class='ocr_par' dir='ltr' id='par_1_32' title="bbox 1938 1515 3522 1584">
     <span class='ocr_line' id='line_1_32' title="bbox 1938 1515 3522 1584; baseline -0.002 -15"><span class='ocrx_word' id='word_1_248' title='bbox 1938 1515 2136 1569; x_wconf 88' lang='lat' dir='ltr'><strong>missus</strong></span> <span class='ocrx_word' id='word_1_249' title='bbox 2159 1529 2190 1569; x_wconf 90' lang='lat' dir='ltr'><strong>a</strong></span> <span class='ocrx_word' id='word_1_250' title='bbox 2222 1515 2406 1581; x_wconf 85' lang='lat' dir='ltr'><strong>Patre,</strong></span> <span class='ocrx_word' id='word_1_251' title='bbox 2441 1534 2460 1566; x_wconf 73' lang='grc' dir='ltr'><strong>ι</strong></span> <span class='ocrx_word' id='word_1_252' title='bbox 2493 1525 2617 1584; x_wconf 91' lang='lat' dir='ltr'><strong>post</strong></span> <span class='ocrx_word' id='word_1_253' title='bbox 2643 1515 2810 1569; x_wconf 85' lang='lat' dir='ltr'><strong>multa</strong></span> <span class='ocrx_word' id='word_1_254' title='bbox 2855 1515 2958 1570; x_wconf 83' lang='lat' dir='ltr'><strong>alia</strong></span> <span class='ocrx_word' id='word_1_255' title='bbox 2991 1515 3124 1570; x_wconf 83' lang='lat' dir='ltr'><strong>dicit</strong></span> <span class='ocrx_word' id='word_1_256' title='bbox 3155 1533 3171 1568; x_wconf 90' lang='lat'><strong>:</strong></span> <span class='ocrx_word' id='word_1_257' title='bbox 3237 1533 3255 1565; x_wconf 78' lang='grc' dir='ltr'><strong>ι</strong></span> <span class='ocrx_word' id='word_1_258' title='bbox 3285 1515 3348 1568; x_wconf 81' lang='lat' dir='ltr'><strong>Et</strong></span> <span class='ocrx_word' id='word_1_259' title='bbox 3375 1516 3522 1569; x_wconf 85' lang='lat' dir='ltr'><strong>sicut</strong></span> 
     </span>
    </p>
   </div>
   <div class='ocr_carea' id='block_1_33' title="bbox 1939 1605 3518 1675">
    <p class='ocr_par' dir='ltr' id='par_1_33' title="bbox 1939 1605 3518 1675">
     <span class='ocr_line' id='line_1_33' title="bbox 1939 1605 3518 1675; baseline 0.002 -16"><span class='ocrx_word' id='word_1_260' title='bbox 1939 1605 2162 1669; x_wconf 86' lang='lat' dir='ltr'><strong>Spiritui</strong></span> <span class='ocrx_word' id='word_1_261' title='bbox 2195 1616 2386 1662; x_wconf 87' lang='lat' dir='ltr'><strong>sancto</strong></span> <span class='ocrx_word' id='word_1_262' title='bbox 2413 1607 2617 1662; x_wconf 88' lang='lat' dir='ltr'><strong>donum</strong></span> <span class='ocrx_word' id='word_1_263' title='bbox 2652 1606 2748 1662; x_wconf 92' lang='lat' dir='ltr'><strong>Dei</strong></span> <span class='ocrx_word' id='word_1_264' title='bbox 2779 1621 2928 1671; x_wconf 88' lang='lat' dir='ltr'><strong>esse,</strong></span> <span class='ocrx_word' id='word_1_265' title='bbox 2958 1617 3042 1662; x_wconf 89' lang='lat' dir='ltr'><strong>est</strong></span> <span class='ocrx_word' id='word_1_266' title='bbox 3074 1622 3105 1660; x_wconf 91' lang='lat' dir='ltr'><strong>a</strong></span> <span class='ocrx_word' id='word_1_267' title='bbox 3134 1606 3296 1660; x_wconf 83' lang='lat' dir='ltr'><strong>Patre</strong></span> <span class='ocrx_word' id='word_1_268' title='bbox 3328 1621 3518 1675; x_wconf 72' lang='lat' dir='ltr'><strong>procc-</strong></span> 
     </span>
    </p>
   </div>
   <div class='ocr_carea' id='block_1_34' title="bbox 252 1672 1821 1771">
    <p class='ocr_par' dir='ltr' id='par_1_34' title="bbox 252 1696 1821 1771">
     <span class='ocr_line' id='line_1_34' title="bbox 252 1696 1821 1771; baseline 0 -21"><span class='ocrx_word' id='word_1_269' title='bbox 252 1697 335 1764; x_wconf 76' lang='grc' dir='ltr'>τῷ</span> <span class='ocrx_word' id='word_1_270' title='bbox 364 1698 596 1766; x_wconf 81' lang='grc' dir='ltr'><strong>εἰκοστῷ</strong></span> <span class='ocrx_word' id='word_1_271' title='bbox 625 1696 907 1768; x_wconf 73' lang='grc' dir='ltr'><strong>κεφαλαίῳ</strong></span> <span class='ocrx_word' id='word_1_272' title='bbox 935 1697 1029 1751; x_wconf 89' lang='grc' dir='ltr'><strong>τοῦ</strong></span> <span class='ocrx_word' id='word_1_273' title='bbox 1057 1701 1320 1769; x_wconf 79' lang='grc' dir='ltr'><strong>τετάρτου</strong></span> <span class='ocrx_word' id='word_1_274' title='bbox 1352 1699 1559 1770; x_wconf 81' lang='grc' dir='ltr'>βιϐλίου</span> <span class='ocrx_word' id='word_1_275' title='bbox 1586 1701 1680 1753; x_wconf 89' lang='grc' dir='ltr'><strong>τοῦ</strong></span> <span class='ocrx_word' id='word_1_276' title='bbox 1705 1704 1821 1771; x_wconf 55' lang='grc' dir='ltr'>περί</span> 
     </span>
    </p>
   </div>
   <div class='ocr_carea' id='block_1_35' title="bbox 1926 1672 3533 1771">
    <p class='ocr_par' dir='ltr' id='par_1_35' title="bbox 1937 1672 3533 1766">
     <span class='ocr_line' id='line_1_35' title="bbox 1937 1672 3533 1766; baseline -0.002 -17"><span class='ocrx_word' id='word_1_277' title='bbox 1937 1695 2086 1762; x_wconf 86' lang='lat' dir='ltr'><strong>dere,</strong></span> <span class='ocrx_word' id='word_1_278' title='bbox 2135 1695 2210 1750; x_wconf 90' lang='lat' dir='ltr'><strong>ita</strong></span> <span class='ocrx_word' id='word_1_279' title='bbox 2234 1695 2377 1749; x_wconf 87' lang='lat' dir='ltr'><strong>mitti</strong></span> <span class='ocrx_word' id='word_1_280' title='bbox 2407 1704 2493 1749; x_wconf 89' lang='lat' dir='ltr'><strong>est</strong></span> <span class='ocrx_word' id='word_1_281' title='bbox 2520 1697 2793 1766; x_wconf 79' lang='lat' dir='ltr'><strong>cognosci,</strong></span> <span class='ocrx_word' id='word_1_282' title='bbox 2821 1697 2962 1764; x_wconf 89' lang='lat' dir='ltr'><strong>quod</strong></span> <span class='ocrx_word' id='word_1_283' title='bbox 2990 1695 3062 1750; x_wconf 85' lang='lat' dir='ltr'><strong>ab</strong></span> <span class='ocrx_word' id='word_1_284' title='bbox 3093 1695 3188 1750; x_wconf 86' lang='lat' dir='ltr'><strong>illo</strong></span> <span class='ocrx_word' id='word_1_285' title='bbox 3220 1672 3476 1764; x_wconf 75' lang='lat' dir='ltr'><strong>procedat</strong></span> <span class='ocrx_word' id='word_1_286' title='bbox 3499 1711 3533 1746; x_wconf 79' lang='lat'><strong>:—</strong></span> 
     </span>
    </p>
   </div>
   <div class='ocr_carea' id='block_1_36' title="bbox 251 1786 1834 1858">
    <p class='ocr_par' dir='ltr' id='par_1_36' title="bbox 251 1786 1834 1858">
     <span class='ocr_line' id='line_1_36' title="bbox 251 1786 1834 1858; baseline 0.004 -19"><span class='ocrx_word' id='word_1_287' title='bbox 251 1787 510 1857; x_wconf 72' lang='grc' dir='ltr'>Τριαδος,</span> <span class='ocrx_word' id='word_1_288' title='bbox 533 1786 594 1841; x_wconf 85' lang='grc' dir='ltr'><strong>οῦ</strong></span> <span class='ocrx_word' id='word_1_289' title='bbox 627 1788 659 1856; x_wconf 79' lang='grc' dir='ltr'>ἡ</span> <span class='ocrx_word' id='word_1_290' title='bbox 690 1788 831 1858; x_wconf 80' lang='grc' dir='ltr'><strong>ἀρχή</strong></span> <span class='ocrx_word' id='word_1_291' title='bbox 851 1801 866 1816; x_wconf 83' lang='grc'>⁶</span> <span class='ocrx_word' id='word_1_292' title='bbox 903 1805 924 1839; x_wconf 76' lang='grc' dir='ltr'><strong>ι</strong></span> <span class='ocrx_word' id='word_1_293' title='bbox 950 1788 1014 1840; x_wconf 77' lang='lat' dir='ltr'><strong>Et</strong></span> <span class='ocrx_word' id='word_1_294' title='bbox 1033 1789 1093 1842; x_wconf 75' lang='grc' dir='ltr'><strong>δὲ</strong></span> <span class='ocrx_word' id='word_1_295' title='bbox 1122 1789 1218 1841; x_wconf 70' lang='grc' dir='ltr'>καὶ</span> <span class='ocrx_word' id='word_1_296' title='bbox 1241 1790 1384 1842; x_wconf 81' lang='grc' dir='ltr'>κατὰ</span> <span class='ocrx_word' id='word_1_297' title='bbox 1409 1791 1471 1844; x_wconf 82' lang='grc' dir='ltr'>τὺ</span> <span class='ocrx_word' id='word_1_298' title='bbox 1501 1793 1834 1847; x_wconf 85' lang='grc' dir='ltr'>ἀποστέλλε-</span> 
     </span>
    </p>
   </div>
   <div class='ocr_carea' id='block_1_37' title="bbox 252 1877 1834 1953">
    <p class='ocr_par' dir='ltr' id='par_1_37' title="bbox 252 1877 1834 1953">
     <span class='ocr_line' id='line_1_37' title="bbox 252 1877 1834 1953; baseline 0.005 -23"><span class='ocrx_word' id='word_1_299' title='bbox 252 1877 382 1932; x_wconf 79' lang='grc' dir='ltr'>σθαι</span> <span class='ocrx_word' id='word_1_300' title='bbox 420 1879 575 1950; x_wconf 74' lang='grc' dir='ltr'>παρὰ</span> <span class='ocrx_word' id='word_1_301' title='bbox 599 1877 696 1932; x_wconf 86' lang='grc' dir='ltr'><strong>τοῦ</strong></span> <span class='ocrx_word' id='word_1_302' title='bbox 731 1879 948 1947; x_wconf 78' lang='grc' dir='ltr'>Πατρὺς</span> <span class='ocrx_word' id='word_1_303' title='bbox 979 1879 1008 1930; x_wconf 90' lang='lat'><strong>6</strong></span> <span class='ocrx_word' id='word_1_304' title='bbox 1039 1879 1166 1941; x_wconf 77' lang='grc' dir='ltr'>Υἱὸς</span> <span class='ocrx_word' id='word_1_305' title='bbox 1185 1879 1428 1947; x_wconf 85' lang='grc' dir='ltr'>λέγεται,</span> <span class='ocrx_word' id='word_1_306' title='bbox 1453 1899 1474 1934; x_wconf 71' lang='grc' dir='ltr'><strong>ι</strong></span> <span class='ocrx_word' id='word_1_307' title='bbox 1504 1884 1643 1953; x_wconf 80' lang='grc' dir='ltr'>μετὰ</span> <span class='ocrx_word' id='word_1_308' title='bbox 1664 1885 1834 1938; x_wconf 81' lang='grc' dir='ltr'>πολλὰ</span> 
     </span>
    </p>
   </div>
   <div class='ocr_carea' id='block_1_38' title="bbox 247 1968 1834 2045">
    <p class='ocr_par' dir='ltr' id='par_1_38' title="bbox 247 1968 1834 2045">
     <span class='ocr_line' id='line_1_38' title="bbox 247 1968 1834 2045; baseline 0.003 -21"><span class='ocrx_word' id='word_1_309' title='bbox 247 1970 390 2024; x_wconf 82' lang='grc' dir='ltr'>ἄλλα</span> <span class='ocrx_word' id='word_1_310' title='bbox 447 1969 620 2039; x_wconf 81' lang='grc' dir='ltr'>φησί·</span> <span class='ocrx_word' id='word_1_311' title='bbox 657 1988 676 2021; x_wconf 75' lang='grc' dir='ltr'><strong>ι</strong></span> <span class='ocrx_word' id='word_1_312' title='bbox 709 1970 820 2023; x_wconf 77' lang='grc' dir='ltr'><strong>Καὶ</strong></span> <span class='ocrx_word' id='word_1_313' title='bbox 849 1968 1041 2041; x_wconf 81' lang='grc' dir='ltr'>ὥσπερ</span> <span class='ocrx_word' id='word_1_314' title='bbox 1080 1970 1163 2041; x_wconf 85' lang='grc' dir='ltr'>τῷ</span> <span class='ocrx_word' id='word_1_315' title='bbox 1191 1971 1466 2043; x_wconf 86' lang='grc' dir='ltr'>Πνεύματι</span> <span class='ocrx_word' id='word_1_316' title='bbox 1497 1975 1575 2043; x_wconf 86' lang='grc' dir='ltr'>τῷ</span> <span class='ocrx_word' id='word_1_317' title='bbox 1594 1975 1749 2045; x_wconf 78' lang='grc' dir='ltr'>’ἁγίῳ</span> <span class='ocrx_word' id='word_1_318' title='bbox 1773 1976 1834 2029; x_wconf 78' lang='grc' dir='ltr'>τὸ</span> 
     </span>
    </p>
   </div>
   <div class='ocr_carea' id='block_1_39' title="bbox 221 2051 1833 2134">
    <p class='ocr_par' dir='ltr' id='par_1_39' title="bbox 221 2051 1833 2134">
     <span class='ocr_line' id='line_1_39' title="bbox 221 2051 1833 2134; baseline 0.002 -18"><span class='ocrx_word' id='word_1_319' title='bbox 221 2051 392 2116; x_wconf 80' lang='grc' dir='ltr'>Θεοῦ</span> <span class='ocrx_word' id='word_1_320' title='bbox 433 2055 606 2130; x_wconf 82' lang='grc' dir='ltr'>δῶρον</span> <span class='ocrx_word' id='word_1_321' title='bbox 657 2054 824 2123; x_wconf 73' lang='grc' dir='ltr'>εἶναι,</span> <span class='ocrx_word' id='word_1_322' title='bbox 857 2060 919 2114; x_wconf 81' lang='grc' dir='ltr'>τὸ</span> <span class='ocrx_word' id='word_1_323' title='bbox 950 2063 1014 2114; x_wconf 82' lang='grc' dir='ltr'><strong>ἐκ</strong></span> <span class='ocrx_word' id='word_1_324' title='bbox 1042 2061 1137 2114; x_wconf 88' lang='grc' dir='ltr'><strong>τοῦ</strong></span> <span class='ocrx_word' id='word_1_325' title='bbox 1181 2063 1396 2131; x_wconf 76' lang='grc' dir='ltr'>Πατρὸς</span> <span class='ocrx_word' id='word_1_326' title='bbox 1435 2064 1833 2134; x_wconf 78' lang='grc' dir='ltr'>ἐκπορεύεσθαι</span> 
     </span>
    </p>
   </div>
   <div class='ocr_carea' id='block_1_40' title="bbox 246 2153 1827 2227">
    <p class='ocr_par' dir='ltr' id='par_1_40' title="bbox 246 2153 1827 2227">
     <span class='ocr_line' id='line_1_40' title="bbox 246 2153 1827 2227; baseline 0.004 -19"><span class='ocrx_word' id='word_1_327' title='bbox 246 2158 423 2219; x_wconf 85' lang='grc' dir='ltr'>ἐστιν,</span> <span class='ocrx_word' id='word_1_328' title='bbox 453 2153 598 2208; x_wconf 76' lang='grc' dir='ltr'>οὓτω</span> <span class='ocrx_word' id='word_1_329' title='bbox 642 2154 824 2208; x_wconf 79' lang='grc' dir='ltr'>καὶτὸ</span> <span class='ocrx_word' id='word_1_330' title='bbox 853 2153 1194 2224; x_wconf 79' lang='grc' dir='ltr'>πέμπεσθαι,</span> <span class='ocrx_word' id='word_1_331' title='bbox 1225 2153 1286 2208; x_wconf 80' lang='grc' dir='ltr'><strong>τὸ</strong></span> <span class='ocrx_word' id='word_1_332' title='bbox 1323 2156 1710 2227; x_wconf 79' lang='grc' dir='ltr'><strong>γινώσκεσθαι,</strong></span> <span class='ocrx_word' id='word_1_333' title='bbox 1745 2161 1827 2214; x_wconf 78' lang='grc' dir='ltr'>ὅτι</span> 
     </span>
    </p>
   </div>
   <div class='ocr_carea' id='block_1_41' title="bbox 245 2247 1830 2319">
    <p class='ocr_par' dir='ltr' id='par_1_41' title="bbox 245 2247 1830 2319">
     <span class='ocr_line' id='line_1_41' title="bbox 245 2247 1830 2319; baseline 0.002 -16"><span class='ocrx_word' id='word_1_334' title='bbox 245 2249 308 2312; x_wconf 80' lang='grc' dir='ltr'>ἐξ</span> <span class='ocrx_word' id='word_1_335' title='bbox 337 2248 548 2302; x_wconf 85' lang='grc' dir='ltr'>ἐκείνου</span> <span class='ocrx_word' id='word_1_336' title='bbox 594 2247 960 2318; x_wconf 74' lang='grc' dir='ltr'>ἐκπορεύεται</span> <span class='ocrx_word' id='word_1_337' title='bbox 1002 2247 1172 2300; x_wconf 78' lang='grc' dir='ltr'>ἐστιν.</span> <span class='ocrx_word' id='word_1_338' title='bbox 1207 2250 1280 2303; x_wconf 88' lang='grc' dir='ltr'>Οὐ</span> <span class='ocrx_word' id='word_1_339' title='bbox 1318 2250 1505 2319; x_wconf 80' lang='grc' dir='ltr'>μέντοι</span> <span class='ocrx_word' id='word_1_340' title='bbox 1551 2251 1830 2318; x_wconf 82' lang='grc' dir='ltr'>δυνάμεθα</span> 
     </span>
    </p>
   </div>
   <div class='ocr_carea' id='block_1_42' title="bbox 244 2338 1829 2410">
    <p class='ocr_par' dir='ltr' id='par_1_42' title="bbox 244 2338 1829 2410">
     <span class='ocr_line' id='line_1_42' title="bbox 244 2338 1829 2410; baseline 0.004 -18"><span class='ocrx_word' id='word_1_341' title='bbox 244 2341 433 2407; x_wconf 75' lang='grc' dir='ltr'>λέγειν</span> <span class='ocrx_word' id='word_1_342' title='bbox 456 2342 538 2394; x_wconf 83' lang='grc' dir='ltr'>ὅτι</span> <span class='ocrx_word' id='word_1_343' title='bbox 561 2341 624 2392; x_wconf 82' lang='grc' dir='ltr'><strong>τὸ</strong></span> <span class='ocrx_word' id='word_1_344' title='bbox 655 2339 877 2409; x_wconf 79' lang='grc' dir='ltr'>Πνεῦμα</span> <span class='ocrx_word' id='word_1_345' title='bbox 909 2338 968 2392; x_wconf 77' lang='grc' dir='ltr'>τὸ</span> <span class='ocrx_word' id='word_1_346' title='bbox 995 2338 1152 2408; x_wconf 72' lang='grc' dir='ltr'>ἅγιον</span> <span class='ocrx_word' id='word_1_347' title='bbox 1207 2340 1328 2410; x_wconf 74' lang='grc' dir='ltr'>οὐχὶ</span> <span class='ocrx_word' id='word_1_348' title='bbox 1359 2343 1452 2394; x_wconf 74' lang='grc' dir='ltr'><strong>καὶ</strong></span> <span class='ocrx_word' id='word_1_349' title='bbox 1477 2342 1540 2394; x_wconf 87' lang='grc' dir='ltr'><strong>ἐκ</strong></span> <span class='ocrx_word' id='word_1_350' title='bbox 1567 2342 1662 2396; x_wconf 78' lang='grc' dir='ltr'><strong>τοῦ</strong></span> <span class='ocrx_word' id='word_1_351' title='bbox 1696 2343 1829 2398; x_wconf 81' lang='grc' dir='ltr'>Υίοῦ</span> 
     </span>
    </p>
   </div>
   <div class='ocr_carea' id='block_1_43' title="bbox 244 2431 1829 2506">
    <p class='ocr_par' dir='ltr' id='par_1_43' title="bbox 244 2431 1829 2506">
     <span class='ocr_line' id='line_1_43' title="bbox 244 2431 1829 2506; baseline 0.003 -20"><span class='ocrx_word' id='word_1_352' title='bbox 244 2431 633 2502; x_wconf 78' lang='grc' dir='ltr'>ἐκπορεύεται,</span> <span class='ocrx_word' id='word_1_353' title='bbox 660 2431 782 2484; x_wconf 77' lang='grc' dir='ltr'>οὐδὲ</span> <span class='ocrx_word' id='word_1_354' title='bbox 816 2432 926 2502; x_wconf 79' lang='grc' dir='ltr'><strong>γὰρ</strong></span> <span class='ocrx_word' id='word_1_355' title='bbox 973 2431 1151 2501; x_wconf 79' lang='grc' dir='ltr'>μάτην</span> <span class='ocrx_word' id='word_1_356' title='bbox 1188 2432 1249 2485; x_wconf 74' lang='grc' dir='ltr'>τὸ</span> <span class='ocrx_word' id='word_1_357' title='bbox 1276 2432 1409 2487; x_wconf 75' lang='grc' dir='ltr'>αὐτὸ</span> <span class='ocrx_word' id='word_1_358' title='bbox 1450 2435 1697 2506; x_wconf 80' lang='grc' dir='ltr'>Πνεῦμα,</span> <span class='ocrx_word' id='word_1_359' title='bbox 1734 2440 1829 2491; x_wconf 77' lang='grc' dir='ltr'>καὶ</span> 
     </span>
    </p>
   </div>
   <div class='ocr_carea' id='block_1_44' title="bbox 247 2523 1825 2598">
    <p class='ocr_par' dir='ltr' id='par_1_44' title="bbox 247 2523 1825 2598">
     <span class='ocr_line' id='line_1_44' title="bbox 247 2523 1825 2598; baseline 0.005 -23"><span class='ocrx_word' id='word_1_360' title='bbox 247 2526 464 2592; x_wconf 67' lang='lat' dir='ltr'><strong>[la-:96;</strong></span> <span class='ocrx_word' id='word_1_361' title='bbox 491 2523 586 2578; x_wconf 79' lang='grc' dir='ltr'><strong>καὶ</strong></span> <span class='ocrx_word' id='word_1_362' title='bbox 608 2523 740 2577; x_wconf 82' lang='grc' dir='ltr'>Υἱοῦ</span> <span class='ocrx_word' id='word_1_363' title='bbox 765 2523 988 2594; x_wconf 86' lang='grc' dir='ltr'>Πνεῦμα</span> <span class='ocrx_word' id='word_1_364' title='bbox 1017 2523 1235 2590; x_wconf 75' lang='grc' dir='ltr'>λέγεται</span> <span class='ocrx_word' id='word_1_365' title='bbox 1253 2539 1267 2555; x_wconf 74' lang='grc' dir='ltr'><strong>ο</strong></span> <span class='ocrx_word' id='word_1_366' title='bbox 1299 2524 1424 2578; x_wconf 73' lang='grc' dir='ltr'>οὔτε</span> <span class='ocrx_word' id='word_1_367' title='bbox 1461 2526 1568 2596; x_wconf 82' lang='grc' dir='ltr'><strong>μὴν</strong></span> <span class='ocrx_word' id='word_1_368' title='bbox 1596 2530 1825 2598; x_wconf 82' lang='grc' dir='ltr'>συνορῶ,</span> 
     </span>
    </p>
   </div>
   <div class='ocr_carea' id='block_1_45' title="bbox 243 2616 1826 2691">
    <p class='ocr_par' dir='ltr' id='par_1_45' title="bbox 243 2616 1826 2691">
     <span class='ocr_line' id='line_1_45' title="bbox 243 2616 1826 2691; baseline 0.004 -22"><span class='ocrx_word' id='word_1_369' title='bbox 243 2618 299 2669; x_wconf 85' lang='grc' dir='ltr'><strong>τί</strong></span> <span class='ocrx_word' id='word_1_370' title='bbox 334 2635 466 2669; x_wconf 84' lang='grc' dir='ltr'>ποτε</span> <span class='ocrx_word' id='word_1_371' title='bbox 499 2618 688 2685; x_wconf 75' lang='grc' dir='ltr'>ἕτερον</span> <span class='ocrx_word' id='word_1_372' title='bbox 725 2619 965 2686; x_wconf 80' lang='grc' dir='ltr'>σημᾶναι</span> <span class='ocrx_word' id='word_1_373' title='bbox 992 2616 1270 2686; x_wconf 76' lang='grc' dir='ltr'>ἠϐούλετο,</span> <span class='ocrx_word' id='word_1_374' title='bbox 1297 2619 1462 2688; x_wconf 75' lang='grc' dir='ltr'>ἡνίκα</span> <span class='ocrx_word' id='word_1_375' title='bbox 1501 2621 1826 2691; x_wconf 71' lang='grc' dir='ltr'>ἐμφυσήσας</span> 
     </span>
    </p>
   </div>
   <div class='ocr_carea' id='block_1_46' title="bbox 243 2691 1825 2782">
    <p class='ocr_par' dir='ltr' id='par_1_46' title="bbox 243 2691 1825 2782">
     <span class='ocr_line' id='line_1_46' title="bbox 243 2691 1825 2782; baseline 0.003 -20"><span class='ocrx_word' id='word_1_376' title='bbox 243 2711 329 2772; x_wconf 86' lang='grc' dir='ltr'><strong>είς</strong></span> <span class='ocrx_word' id='word_1_377' title='bbox 358 2710 417 2762; x_wconf 72' lang='grc' dir='ltr'>τὸ</span> <span class='ocrx_word' id='word_1_378' title='bbox 437 2691 728 2779; x_wconf 72' lang='grc' dir='ltr'>πρόσωπον</span> <span class='ocrx_word' id='word_1_379' title='bbox 753 2709 860 2762; x_wconf 86' lang='grc' dir='ltr'>τῶν</span> <span class='ocrx_word' id='word_1_380' title='bbox 885 2708 1162 2779; x_wconf 81' lang='grc' dir='ltr'>μαθητῶν,</span> <span class='ocrx_word' id='word_1_381' title='bbox 1194 2704 1338 2774; x_wconf 79' lang='grc' dir='ltr'>εἶπε,</span> <span class='ocrx_word' id='word_1_382' title='bbox 1361 2709 1569 2763; x_wconf 74' lang='grc' dir='ltr'>Λάϐετε</span> <span class='ocrx_word' id='word_1_383' title='bbox 1600 2711 1825 2782; x_wconf 87' lang='grc' dir='ltr'>Πνεῦμα</span> 
     </span>
    </p>
   </div>
   <div class='ocr_carea' id='block_1_47' title="bbox 243 2799 1820 2875">
    <p class='ocr_par' dir='ltr' id='par_1_47' title="bbox 243 2799 1820 2875">
     <span class='ocr_line' id='line_1_47' title="bbox 243 2799 1820 2875; baseline 0.003 -20"><span class='ocrx_word' id='word_1_384' title='bbox 243 2802 424 2868; x_wconf 67' lang='grc' dir='ltr'>ὄργιον.</span> <span class='ocrx_word' id='word_1_385' title='bbox 472 2799 611 2854; x_wconf 76' lang='grc' dir='ltr'><strong>Οὐδὲ</strong></span> <span class='ocrx_word' id='word_1_386' title='bbox 659 2799 767 2869; x_wconf 80' lang='grc' dir='ltr'>γὰρ</span> <span class='ocrx_word' id='word_1_387' title='bbox 808 2801 869 2852; x_wconf 79' lang='grc' dir='ltr'>τὸ</span> <span class='ocrx_word' id='word_1_388' title='bbox 919 2799 1229 2870; x_wconf 66' lang='grc' dir='ltr'>σωματικόν</span> <span class='ocrx_word' id='word_1_389' title='bbox 1271 2802 1448 2855; x_wconf 81' lang='grc' dir='ltr'>ἐκεῖνο</span> <span class='ocrx_word' id='word_1_390' title='bbox 1497 2804 1820 2875; x_wconf 84' lang='grc' dir='ltr'>ἐμφύσημα,</span> 
     </span>
    </p>
   </div>
   <div class='ocr_carea' id='block_1_48' title="bbox 245 2889 1824 2965">
    <p class='ocr_par' dir='ltr' id='par_1_48' title="bbox 245 2889 1824 2965">
     <span class='ocr_line' id='line_1_48' title="bbox 245 2889 1824 2965; baseline 0.003 -19"><span class='ocrx_word' id='word_1_391' title='bbox 245 2893 348 2946; x_wconf 75' lang='grc' dir='ltr'><strong>σὺν</strong></span> <span class='ocrx_word' id='word_1_392' title='bbox 378 2892 628 2962; x_wconf 73' lang='grc' dir='ltr'>αἰσθήσει</span> <span class='ocrx_word' id='word_1_393' title='bbox 678 2889 772 2945; x_wconf 84' lang='grc' dir='ltr'><strong>τοῦ</strong></span> <span class='ocrx_word' id='word_1_394' title='bbox 824 2892 1152 2958; x_wconf 78' lang='grc' dir='ltr'>σωματικῶς</span> <span class='ocrx_word' id='word_1_395' title='bbox 1201 2894 1483 2962; x_wconf 76' lang='grc' dir='ltr'>θιγγάνειν</span> <span class='ocrx_word' id='word_1_396' title='bbox 1531 2900 1723 2965; x_wconf 73' lang='grc' dir='ltr'>προϊὸν</span> <span class='ocrx_word' id='word_1_397' title='bbox 1760 2901 1824 2951; x_wconf 86' lang='grc' dir='ltr'><strong>ἐκ</strong></span> 
     </span>
    </p>
   </div>
   <div class='ocr_carea' id='block_1_49' title="bbox 1937 1784 3512 1856">
    <p class='ocr_par' dir='ltr' id='par_1_49' title="bbox 1937 1784 3512 1856">
     <span class='ocr_line' id='line_1_49' title="bbox 1937 1784 3512 1856; baseline 0.001 -18"><span class='ocrx_word' id='word_1_398' title='bbox 1937 1798 2043 1839; x_wconf 85' lang='lat' dir='ltr'><strong>nec</strong></span> <span class='ocrx_word' id='word_1_399' title='bbox 2074 1800 2364 1854; x_wconf 89' lang='lat' dir='ltr'><strong>possumus</strong></span> <span class='ocrx_word' id='word_1_400' title='bbox 2396 1784 2579 1841; x_wconf 86' lang='lat' dir='ltr'><strong>dicere</strong></span> <span class='ocrx_word' id='word_1_401' title='bbox 2608 1786 2751 1856; x_wconf 89' lang='lat' dir='ltr'><strong>quod</strong></span> <span class='ocrx_word' id='word_1_402' title='bbox 2785 1786 3024 1856; x_wconf 82' lang='lat' dir='ltr'><strong>Spiritus</strong></span> <span class='ocrx_word' id='word_1_403' title='bbox 3052 1794 3275 1840; x_wconf 83' lang='lat' dir='ltr'><strong>sanctus</strong></span> <span class='ocrx_word' id='word_1_404' title='bbox 3307 1799 3416 1839; x_wconf 91' lang='lat' dir='ltr'><strong>non</strong></span> <span class='ocrx_word' id='word_1_405' title='bbox 3455 1795 3512 1840; x_wconf 91' lang='lat' dir='ltr'><strong>ct</strong></span> 
     </span>
    </p>
   </div>
   <div class='ocr_carea' id='block_1_50' title="bbox 1936 1874 3516 1948">
    <p class='ocr_par' dir='ltr' id='par_1_50' title="bbox 1936 1874 3516 1948">
     <span class='ocr_line' id='line_1_50' title="bbox 1936 1874 3516 1948; baseline -0.001 -18"><span class='ocrx_word' id='word_1_406' title='bbox 1936 1892 1968 1930; x_wconf 88' lang='lat' dir='ltr'><strong>a</strong></span> <span class='ocrx_word' id='word_1_407' title='bbox 2007 1874 2146 1932; x_wconf 86' lang='lat' dir='ltr'><strong>Filio</strong></span> <span class='ocrx_word' id='word_1_408' title='bbox 2179 1878 2482 1947; x_wconf 83' lang='lat' dir='ltr'><strong>procedat:</strong></span> <span class='ocrx_word' id='word_1_409' title='bbox 2515 1893 2692 1948; x_wconf 87' lang='lat' dir='ltr'><strong>neque</strong></span> <span class='ocrx_word' id='word_1_410' title='bbox 2736 1878 2939 1934; x_wconf 76' lang='lat' dir='ltr'><strong>frustra</strong></span> <span class='ocrx_word' id='word_1_411' title='bbox 2974 1879 3120 1933; x_wconf 89' lang='lat' dir='ltr'><strong>idem</strong></span> <span class='ocrx_word' id='word_1_412' title='bbox 3171 1876 3408 1947; x_wconf 82' lang='lat' dir='ltr'><strong>Spiritus</strong></span> <span class='ocrx_word' id='word_1_413' title='bbox 3460 1887 3516 1930; x_wconf 85' lang='lat' dir='ltr'><strong>et</strong></span> 
     </span>
    </p>
   </div>
   <div class='ocr_carea' id='block_1_51' title="bbox 1936 1969 3512 2042">
    <p class='ocr_par' dir='ltr' id='par_1_51' title="bbox 1936 1969 3512 2042">
     <span class='ocr_line' id='line_1_51' title="bbox 1936 1969 3512 2042; baseline -0.001 -19"><span class='ocrx_word' id='word_1_414' title='bbox 1936 1969 2112 2025; x_wconf 85' lang='lat' dir='ltr'><strong>Patris</strong></span> <span class='ocrx_word' id='word_1_415' title='bbox 2138 1981 2194 2026; x_wconf 87' lang='lat' dir='ltr'><strong>et</strong></span> <span class='ocrx_word' id='word_1_416' title='bbox 2225 1969 2346 2026; x_wconf 87' lang='lat' dir='ltr'><strong>Filii</strong></span> <span class='ocrx_word' id='word_1_417' title='bbox 2373 1971 2843 2042; x_wconf 85' lang='lat' dir='ltr'><strong>Spiritusdicitur,</strong></span> <span class='ocrx_word' id='word_1_418' title='bbox 2886 1986 2988 2026; x_wconf 89' lang='lat' dir='ltr'><strong>nec</strong></span> <span class='ocrx_word' id='word_1_419' title='bbox 3013 1971 3174 2026; x_wconf 87' lang='lat' dir='ltr'><strong>video</strong></span> <span class='ocrx_word' id='word_1_420' title='bbox 3202 1970 3332 2040; x_wconf 89' lang='lat' dir='ltr'><strong>quid</strong></span> <span class='ocrx_word' id='word_1_421' title='bbox 3365 1970 3512 2023; x_wconf 82' lang='lat' dir='ltr'><strong>aliud</strong></span> 
     </span>
    </p>
   </div>
   <div class='ocr_carea' id='block_1_52' title="bbox 1935 2059 3514 2139">
    <p class='ocr_par' dir='ltr' id='par_1_52' title="bbox 1935 2059 3514 2139">
     <span class='ocr_line' id='line_1_52' title="bbox 1935 2059 3514 2139; baseline -0.002 -23"><span class='ocrx_word' id='word_1_422' title='bbox 1935 2061 2241 2131; x_wconf 75' lang='lat' dir='ltr'><strong>significare</strong></span> <span class='ocrx_word' id='word_1_423' title='bbox 2278 2062 2532 2139; x_wconf 74' lang='lat' dir='ltr'><strong>voluerit,</strong></span> <span class='ocrx_word' id='word_1_424' title='bbox 2560 2076 2684 2116; x_wconf 89' lang='lat' dir='ltr'><strong>cum</strong></span> <span class='ocrx_word' id='word_1_425' title='bbox 2741 2061 2970 2117; x_wconf 79' lang='lat' dir='ltr'><strong>suillam</strong></span> <span class='ocrx_word' id='word_1_426' title='bbox 3005 2060 3059 2116; x_wconf 89' lang='lat' dir='ltr'><strong>in</strong></span> <span class='ocrx_word' id='word_1_427' title='bbox 3091 2059 3288 2116; x_wconf 74' lang='lat' dir='ltr'><strong>[aciem</strong></span> <span class='ocrx_word' id='word_1_428' title='bbox 3347 2059 3514 2114; x_wconf 83' lang='lat' dir='ltr'><strong>disci-</strong></span> 
     </span>
    </p>
   </div>
   <div class='ocr_carea' id='block_1_53' title="bbox 1933 2152 3508 2224">
    <p class='ocr_par' dir='ltr' id='par_1_53' title="bbox 1933 2152 3508 2224">
     <span class='ocr_line' id='line_1_53' title="bbox 1933 2152 3508 2224; baseline 0.001 -20"><span class='ocrx_word' id='word_1_429' title='bbox 1933 2153 2211 2222; x_wconf 88' lang='lat' dir='ltr'><strong>pulorum,</strong></span> <span class='ocrx_word' id='word_1_430' title='bbox 2289 2154 2366 2208; x_wconf 86' lang='lat' dir='ltr'><strong>ait</strong></span> <span class='ocrx_word' id='word_1_431' title='bbox 2418 2168 2435 2207; x_wconf 90' lang='lat'><strong>:</strong></span> <span class='ocrx_word' id='word_1_432' title='bbox 2506 2152 2799 2224; x_wconf 72' lang='lat' dir='ltr'><strong>«Accipite</strong></span> <span class='ocrx_word' id='word_1_433' title='bbox 2859 2152 3125 2223; x_wconf 89' lang='lat' dir='ltr'><strong>Spiritum</strong></span> <span class='ocrx_word' id='word_1_434' title='bbox 3182 2161 3508 2213; x_wconf 67' lang='lat' dir='ltr'><strong>sanctum;-</strong></span> 
     </span>
    </p>
   </div>
   <div class='ocr_carea' id='block_1_54' title="bbox 1934 2245 3522 2315">
    <p class='ocr_par' dir='ltr' id='par_1_54' title="bbox 1934 2245 3522 2315">
     <span class='ocr_line' id='line_1_54' title="bbox 1934 2245 3522 2315; baseline -0.001 -16"><span class='ocrx_word' id='word_1_435' title='bbox 1934 2260 2116 2315; x_wconf 82' lang='lat' dir='ltr'><strong>neque</strong></span> <span class='ocrx_word' id='word_1_436' title='bbox 2144 2246 2294 2302; x_wconf 88' lang='lat' dir='ltr'><strong>enim</strong></span> <span class='ocrx_word' id='word_1_437' title='bbox 2326 2246 2485 2301; x_wconf 83' lang='lat' dir='ltr'><strong>ﬂatus</strong></span> <span class='ocrx_word' id='word_1_438' title='bbox 2525 2245 2613 2300; x_wconf 83' lang='lat' dir='ltr'><strong>ille</strong></span> <span class='ocrx_word' id='word_1_439' title='bbox 2638 2260 2934 2314; x_wconf 83' lang='lat' dir='ltr'><strong>corporeus</strong></span> <span class='ocrx_word' id='word_1_440' title='bbox 2958 2261 3082 2300; x_wconf 84' lang='lat' dir='ltr'><strong>cum</strong></span> <span class='ocrx_word' id='word_1_441' title='bbox 3114 2259 3281 2300; x_wconf 80' lang='lat' dir='ltr'><strong>sensu</strong></span> <span class='ocrx_word' id='word_1_442' title='bbox 3310 2258 3522 2314; x_wconf 81' lang='lat' dir='ltr'><strong>carpo--</strong></span> 
     </span>
    </p>
   </div>
   <div class='ocr_carea' id='block_1_55' title="bbox 1933 2338 3510 2410">
    <p class='ocr_par' dir='ltr' id='par_1_55' title="bbox 1933 2338 3510 2410">
     <span class='ocr_line' id='line_1_55' title="bbox 1933 2338 3510 2410; baseline -0.001 -19"><span class='ocrx_word' id='word_1_443' title='bbox 1933 2341 2118 2394; x_wconf 90' lang='lat' dir='ltr'><strong>raliter</strong></span> <span class='ocrx_word' id='word_1_444' title='bbox 2173 2339 2430 2410; x_wconf 77' lang='lat' dir='ltr'><strong>tangendi</strong></span> <span class='ocrx_word' id='word_1_445' title='bbox 2483 2338 2790 2408; x_wconf 87' lang='lat' dir='ltr'><strong>procedens</strong></span> <span class='ocrx_word' id='word_1_446' title='bbox 2842 2353 2908 2393; x_wconf 81' lang='lat' dir='ltr'><strong>ex</strong></span> <span class='ocrx_word' id='word_1_447' title='bbox 2971 2351 3221 2406; x_wconf 87' lang='lat' dir='ltr'><strong>corpore,</strong></span> <span class='ocrx_word' id='word_1_448' title='bbox 3255 2339 3510 2393; x_wconf 85' lang='lat' dir='ltr'><strong>substan—</strong></span> 
     </span>
    </p>
   </div>
   <div class='ocr_carea' id='block_1_56' title="bbox 1932 2430 3508 2503">
    <p class='ocr_par' dir='ltr' id='par_1_56' title="bbox 1932 2430 3508 2503">
     <span class='ocr_line' id='line_1_56' title="bbox 1932 2430 3508 2503; baseline -0.003 -17"><span class='ocrx_word' id='word_1_449' title='bbox 1932 2435 2004 2487; x_wconf 88' lang='lat' dir='ltr'><strong>tia</strong></span> <span class='ocrx_word' id='word_1_450' title='bbox 2061 2432 2300 2503; x_wconf 87' lang='lat' dir='ltr'><strong>Spiritus</strong></span> <span class='ocrx_word' id='word_1_451' title='bbox 2366 2433 2537 2488; x_wconf 89' lang='lat' dir='ltr'><strong>sancti</strong></span> <span class='ocrx_word' id='word_1_452' title='bbox 2597 2431 2722 2496; x_wconf 83' lang='lat' dir='ltr'><strong>fuit,</strong></span> <span class='ocrx_word' id='word_1_453' title='bbox 2788 2432 2882 2486; x_wconf 84' lang='lat' dir='ltr'><strong>sed</strong></span> <span class='ocrx_word' id='word_1_454' title='bbox 2957 2430 3356 2486; x_wconf 83' lang='lat' dir='ltr'><strong>demonstratio</strong></span> <span class='ocrx_word' id='word_1_455' title='bbox 3412 2445 3508 2499; x_wconf 87' lang='lat' dir='ltr'><strong>per</strong></span> 
     </span>
    </p>
   </div>
   <div class='ocr_carea' id='block_1_57' title="bbox 1931 2523 3505 2596">
    <p class='ocr_par' dir='ltr' id='par_1_57' title="bbox 1931 2523 3505 2596">
     <span class='ocr_line' id='line_1_57' title="bbox 1931 2523 3505 2596; baseline 0 -15"><span class='ocrx_word' id='word_1_456' title='bbox 1931 2541 2226 2596; x_wconf 77' lang='lat' dir='ltr'><strong>congruam</strong></span> <span class='ocrx_word' id='word_1_457' title='bbox 2287 2526 2765 2595; x_wconf 74' lang='lat' dir='ltr'><strong>signiﬁcationem,</strong></span> <span class='ocrx_word' id='word_1_458' title='bbox 2832 2538 2942 2579; x_wconf 91' lang='lat' dir='ltr'><strong>non</strong></span> <span class='ocrx_word' id='word_1_459' title='bbox 2996 2534 3264 2578; x_wconf 83' lang='lat' dir='ltr'><strong>tantttma</strong></span> <span class='ocrx_word' id='word_1_460' title='bbox 3321 2523 3505 2582; x_wconf 82' lang='lat' dir='ltr'><strong>Patre.</strong></span> 
     </span>
    </p>
   </div>
   <div class='ocr_carea' id='block_1_58' title="bbox 1927 2616 3506 2686">
    <p class='ocr_par' dir='ltr' id='par_1_58' title="bbox 1927 2616 3506 2686">
     <span class='ocr_line' id='line_1_58' title="bbox 1927 2616 3506 2686; baseline -0.002 -12"><span class='ocrx_word' id='word_1_461' title='bbox 1927 2619 2019 2674; x_wconf 88' lang='lat' dir='ltr'><strong>scd</strong></span> <span class='ocrx_word' id='word_1_462' title='bbox 2067 2627 2125 2671; x_wconf 90' lang='lat' dir='ltr'><strong>et</strong></span> <span class='ocrx_word' id='word_1_463' title='bbox 2156 2633 2186 2671; x_wconf 91' lang='lat' dir='ltr'><strong>a</strong></span> <span class='ocrx_word' id='word_1_464' title='bbox 2239 2617 2378 2671; x_wconf 82' lang='lat' dir='ltr'><strong>Filio</strong></span> <span class='ocrx_word' id='word_1_465' title='bbox 2403 2617 2702 2686; x_wconf 87' lang='lat' dir='ltr'><strong>procedere</strong></span> <span class='ocrx_word' id='word_1_466' title='bbox 2742 2616 3006 2684; x_wconf 87' lang='lat' dir='ltr'><strong>Spiritum</strong></span> <span class='ocrx_word' id='word_1_467' title='bbox 3041 2627 3314 2671; x_wconf 79' lang='lat' dir='ltr'><strong>sanctum.</strong></span> <span class='ocrx_word' id='word_1_468' title='bbox 3369 2616 3506 2679; x_wconf 73' lang='lat' dir='ltr'><strong>Quis</strong></span> 
     </span>
    </p>
   </div>
   <div class='ocr_carea' id='block_1_59' title="bbox 1926 2710 3502 2777">
    <p class='ocr_par' dir='ltr' id='par_1_59' title="bbox 1926 2710 3502 2777">
     <span class='ocr_line' id='line_1_59' title="bbox 1926 2710 3502 2777; baseline -0.003 -11"><span class='ocrx_word' id='word_1_469' title='bbox 1926 2711 2072 2766; x_wconf 89' lang='lat' dir='ltr'><strong>enim</strong></span> <span class='ocrx_word' id='word_1_470' title='bbox 2099 2711 2569 2776; x_wconf 84' lang='lat' dir='ltr'><strong>dementissimus,</strong></span> <span class='ocrx_word' id='word_1_471' title='bbox 2603 2711 2803 2765; x_wconf 80' lang='lat' dir='ltr'><strong>dixerit</strong></span> <span class='ocrx_word' id='word_1_472' title='bbox 2823 2711 2988 2765; x_wconf 87' lang='lat' dir='ltr'><strong>alium</strong></span> <span class='ocrx_word' id='word_1_473' title='bbox 3020 2712 3189 2765; x_wconf 83' lang='lat' dir='ltr'><strong>fuisse</strong></span> <span class='ocrx_word' id='word_1_474' title='bbox 3215 2710 3502 2777; x_wconf 93' lang='lat' dir='ltr'><strong>Spiritum,</strong></span> 
     </span>
    </p>
   </div>
   <div class='ocr_carea' id='block_1_60' title="bbox 1926 2803 3505 2874">
    <p class='ocr_par' dir='ltr' id='par_1_60' title="bbox 1926 2803 3505 2874">
     <span class='ocr_line' id='line_1_60' title="bbox 1926 2803 3505 2874; baseline -0.001 -18"><span class='ocrx_word' id='word_1_475' title='bbox 1926 2817 2087 2874; x_wconf 87' lang='lat' dir='ltr'><strong>quem</strong></span> <span class='ocrx_word' id='word_1_476' title='bbox 2115 2803 2336 2859; x_wconf 82' lang='lat' dir='ltr'><strong>suﬂlans</strong></span> <span class='ocrx_word' id='word_1_477' title='bbox 2366 2803 2534 2865; x_wconf 89' lang='lat' dir='ltr'><strong>dedit,</strong></span> <span class='ocrx_word' id='word_1_478' title='bbox 2588 2813 2643 2857; x_wconf 89' lang='lat' dir='ltr'><strong>ct</strong></span> <span class='ocrx_word' id='word_1_479' title='bbox 2669 2803 2839 2856; x_wconf 82' lang='lat' dir='ltr'><strong>alium</strong></span> <span class='ocrx_word' id='word_1_480' title='bbox 2871 2818 3035 2872; x_wconf 90' lang='lat' dir='ltr'><strong>quem</strong></span> <span class='ocrx_word' id='word_1_481' title='bbox 3073 2811 3194 2872; x_wconf 87' lang='lat' dir='ltr'><strong>post</strong></span> <span class='ocrx_word' id='word_1_482' title='bbox 3223 2803 3505 2857; x_wconf 84' lang='lat' dir='ltr'><strong>ascensio-</strong></span> 
     </span>
    </p>
   </div>
   <div class='ocr_carea' id='block_1_61' title="bbox 1925 2895 3499 2964">
    <p class='ocr_par' dir='ltr' id='par_1_61' title="bbox 1925 2895 3499 2964">
     <span class='ocr_line' id='line_1_61' title="bbox 1925 2895 3499 2964; baseline 0.002 -14"><span class='ocrx_word' id='word_1_483' title='bbox 1925 2911 2048 2950; x_wconf 88' lang='lat' dir='ltr'><strong>nem</strong></span> <span class='ocrx_word' id='word_1_484' title='bbox 2105 2895 2290 2950; x_wconf 84' lang='lat' dir='ltr'><strong>misit?</strong></span> <span class='ocrx_word' id='word_1_485' title='bbox 2330 2915 2348 2948; x_wconf 75' lang='grc' dir='ltr'><strong>ι</strong></span> <span class='ocrx_word' id='word_1_486' title='bbox 2411 2895 2556 2950; x_wconf 81' lang='lat' dir='ltr'><strong>idem</strong></span> <span class='ocrx_word' id='word_1_487' title='bbox 2592 2912 2642 2952; x_wconf 92' lang='lat' dir='ltr'><strong>c.</strong></span> <span class='ocrx_word' id='word_1_488' title='bbox 2709 2897 2775 2950; x_wconf 84' lang='grc'><strong>17</strong></span> <span class='ocrx_word' id='word_1_489' title='bbox 2824 2897 2919 2950; x_wconf 88' lang='lat' dir='ltr'><strong>lib.</strong></span> <span class='ocrx_word' id='word_1_490' title='bbox 2965 2911 3036 2951; x_wconf 76' lang='lat' dir='ltr'><strong>xv</strong></span> <span class='ocrx_word' id='word_1_491' title='bbox 3077 2897 3154 2951; x_wconf 89' lang='lat' dir='ltr'><strong>De</strong></span> <span class='ocrx_word' id='word_1_492' title='bbox 3206 2896 3499 2964; x_wconf 78' lang='lat' dir='ltr'><strong>&#39;l‘riuitate,</strong></span> 
     </span>
    </p>
   </div>
   <div class='ocr_carea' id='block_1_62' title="bbox 242 2984 1821 3069">
    <p class='ocr_par' dir='ltr' id='par_1_62' title="bbox 242 2984 1820 3060">
     <span class='ocr_line' id='line_1_62' title="bbox 242 2984 1820 3060; baseline 0.003 -22"><span class='ocrx_word' id='word_1_493' title='bbox 242 2985 343 3039; x_wconf 84' lang='grc' dir='ltr'><strong>τοῦ</strong></span> <span class='ocrx_word' id='word_1_494' title='bbox 384 2985 652 3054; x_wconf 81' lang='grc' dir='ltr'>στόματος</span> <span class='ocrx_word' id='word_1_495' title='bbox 693 2987 724 3054; x_wconf 78' lang='grc' dir='ltr'>ἡ</span> <span class='ocrx_word' id='word_1_496' title='bbox 749 2984 907 3038; x_wconf 75' lang='grc' dir='ltr'>οὐσία</span> <span class='ocrx_word' id='word_1_497' title='bbox 931 2986 1024 3037; x_wconf 82' lang='grc' dir='ltr'><strong>τοῦ</strong></span> <span class='ocrx_word' id='word_1_498' title='bbox 1057 2985 1214 3051; x_wconf 79' lang='grc' dir='ltr'>ἁγίου</span> <span class='ocrx_word' id='word_1_499' title='bbox 1239 2987 1558 3056; x_wconf 87' lang='grc' dir='ltr'>Πνεύματος</span> <span class='ocrx_word' id='word_1_500' title='bbox 1588 2985 1676 3060; x_wconf 81' lang='grc' dir='ltr'>ἦν,</span> <span class='ocrx_word' id='word_1_501' title='bbox 1704 2990 1820 3043; x_wconf 87' lang='grc' dir='ltr'>ἀλλ’</span> 
     </span>
    </p>
   </div>
   <div class='ocr_carea' id='block_1_63' title="bbox 1926 2984 3504 3069">
    <p class='ocr_par' dir='ltr' id='par_1_63' title="bbox 1926 2988 3504 3062">
     <span class='ocr_line' id='line_1_63' title="bbox 1926 2988 3504 3062; baseline 0.002 -20"><span class='ocrx_word' id='word_1_502' title='bbox 1926 2989 2014 3058; x_wconf 92' lang='lat' dir='ltr'><strong>qui</strong></span> <span class='ocrx_word' id='word_1_503' title='bbox 2047 2988 2235 3058; x_wconf 89' lang='lat' dir='ltr'><strong>incipit</strong></span> <span class='ocrx_word' id='word_1_504' title='bbox 2271 3006 2284 3042; x_wconf 88' lang='lat'><strong>:</strong></span> <span class='ocrx_word' id='word_1_505' title='bbox 2345 3007 2365 3039; x_wconf 78' lang='grc' dir='ltr'><strong>ι</strong></span> <span class='ocrx_word' id='word_1_506' title='bbox 2397 2989 2540 3044; x_wconf 86' lang='lat' dir='ltr'><strong>Satis</strong></span> <span class='ocrx_word' id='word_1_507' title='bbox 2561 2989 2629 3044; x_wconf 86' lang='lat' dir='ltr'><strong>de</strong></span> <span class='ocrx_word' id='word_1_508' title='bbox 2671 2989 2830 3046; x_wconf 86' lang='lat' dir='ltr'><strong>Patre</strong></span> <span class='ocrx_word' id='word_1_509' title='bbox 2861 3001 2918 3045; x_wconf 89' lang='lat' dir='ltr'><strong>et</strong></span> <span class='ocrx_word' id='word_1_510' title='bbox 2946 2989 3136 3056; x_wconf 44' lang='lat' dir='ltr'><strong>Filio”</strong></span> <span class='ocrx_word' id='word_1_511' title='bbox 3169 2991 3320 3060; x_wconf 77' lang='lat' dir='ltr'><strong>juxta</strong></span> <span class='ocrx_word' id='word_1_512' title='bbox 3355 2993 3504 3062; x_wconf 84' lang='lat' dir='ltr'><strong>prin-</strong></span> 
     </span>
    </p>
   </div>
   <div class='ocr_carea' id='block_1_64' title="bbox 243 3075 1816 3149">
    <p class='ocr_par' dir='ltr' id='par_1_64' title="bbox 243 3075 1816 3149">
     <span class='ocr_line' id='line_1_64' title="bbox 243 3075 1816 3149; baseline 0.004 -21"><span class='ocrx_word' id='word_1_513' title='bbox 243 3075 469 3143; x_wconf 68' lang='grc' dir='ltr'>ἔνδειξις</span> <span class='ocrx_word' id='word_1_514' title='bbox 494 3077 581 3131; x_wconf 77' lang='grc' dir='ltr'><strong>διὰ</strong></span> <span class='ocrx_word' id='word_1_515' title='bbox 613 3075 947 3147; x_wconf 80' lang='grc' dir='ltr'>καταλλήλου</span> <span class='ocrx_word' id='word_1_516' title='bbox 977 3076 1283 3144; x_wconf 77' lang='grc' dir='ltr'><strong>δηλώσεως,</strong></span> <span class='ocrx_word' id='word_1_517' title='bbox 1320 3078 1392 3149; x_wconf 84' lang='grc' dir='ltr'>μὴ</span> <span class='ocrx_word' id='word_1_518' title='bbox 1433 3081 1596 3149; x_wconf 87' lang='grc' dir='ltr'>μόνον</span> <span class='ocrx_word' id='word_1_519' title='bbox 1627 3082 1690 3132; x_wconf 85' lang='grc' dir='ltr'><strong>ἐκ</strong></span> <span class='ocrx_word' id='word_1_520' title='bbox 1721 3081 1816 3135; x_wconf 89' lang='grc' dir='ltr'><strong>τοῦ</strong></span> 
     </span>
    </p>
   </div>
   <div class='ocr_carea' id='block_1_65' title="bbox 243 3167 1818 3239">
    <p class='ocr_par' dir='ltr' id='par_1_65' title="bbox 243 3167 1818 3239">
     <span class='ocr_line' id='line_1_65' title="bbox 243 3167 1818 3239; baseline 0.004 -19"><span class='ocrx_word' id='word_1_521' title='bbox 243 3167 484 3235; x_wconf 74' lang='grc' dir='ltr'>Πατρδς,</span> <span class='ocrx_word' id='word_1_522' title='bbox 535 3169 671 3221; x_wconf 72' lang='grc' dir='ltr'>ἀλλὰ</span> <span class='ocrx_word' id='word_1_523' title='bbox 725 3172 818 3221; x_wconf 77' lang='grc' dir='ltr'>καὶ</span> <span class='ocrx_word' id='word_1_524' title='bbox 877 3169 942 3221; x_wconf 82' lang='grc' dir='ltr'><strong>ἐκ</strong></span> <span class='ocrx_word' id='word_1_525' title='bbox 985 3167 1080 3222; x_wconf 83' lang='grc' dir='ltr'><strong>τοῦ</strong></span> <span class='ocrx_word' id='word_1_526' title='bbox 1136 3169 1267 3221; x_wconf 81' lang='grc' dir='ltr'>Υίοῦ</span> <span class='ocrx_word' id='word_1_527' title='bbox 1325 3170 1727 3239; x_wconf 87' lang='grc' dir='ltr'>ἐκπορεύεσθαι</span> <span class='ocrx_word' id='word_1_528' title='bbox 1757 3175 1818 3226; x_wconf 81' lang='grc' dir='ltr'><strong>τὸ</strong></span> 
     </span>
    </p>
   </div>
   <div class='ocr_carea' id='block_1_66' title="bbox 242 3259 1814 3334">
    <p class='ocr_par' dir='ltr' id='par_1_66' title="bbox 242 3259 1814 3334">
     <span class='ocr_line' id='line_1_66' title="bbox 242 3259 1814 3334; baseline 0.001 -20"><span class='ocrx_word' id='word_1_529' title='bbox 242 3261 470 3329; x_wconf 63' lang='grc' dir='ltr'>Πνεῦμα</span> <span class='ocrx_word' id='word_1_530' title='bbox 499 3259 560 3313; x_wconf 74' lang='grc' dir='ltr'>τὸ</span> <span class='ocrx_word' id='word_1_531' title='bbox 598 3259 772 3326; x_wconf 67' lang='grc' dir='ltr'>ἅγιον.</span> <span class='ocrx_word' id='word_1_532' title='bbox 809 3261 905 3322; x_wconf 85' lang='grc' dir='ltr'>Τίς</span> <span class='ocrx_word' id='word_1_533' title='bbox 937 3261 1045 3330; x_wconf 72' lang='grc' dir='ltr'><strong>γὰρ</strong></span> <span class='ocrx_word' id='word_1_534' title='bbox 1073 3260 1138 3314; x_wconf 86' lang='grc' dir='ltr'><strong>ἂν</strong></span> <span class='ocrx_word' id='word_1_535' title='bbox 1187 3261 1534 3324; x_wconf 79' lang='grc' dir='ltr'>ἀτοπώτατος</span> <span class='ocrx_word' id='word_1_536' title='bbox 1570 3264 1814 3334; x_wconf 82' lang='grc' dir='ltr'>φήσειεν,</span> 
     </span>
    </p>
   </div>
   <div class='ocr_carea' id='block_1_67' title="bbox 240 3349 1817 3426">
    <p class='ocr_par' dir='ltr' id='par_1_67' title="bbox 240 3349 1817 3426">
     <span class='ocr_line' id='line_1_67' title="bbox 240 3349 1817 3426; baseline 0.002 -20"><span class='ocrx_word' id='word_1_537' title='bbox 240 3353 435 3422; x_wconf 76' lang='grc' dir='ltr'>Ιτερον</span> <span class='ocrx_word' id='word_1_538' title='bbox 465 3353 564 3421; x_wconf 73' lang='grc' dir='ltr'>μὲν</span> <span class='ocrx_word' id='word_1_539' title='bbox 602 3349 742 3405; x_wconf 76' lang='grc' dir='ltr'>εἶναι</span> <span class='ocrx_word' id='word_1_540' title='bbox 792 3352 929 3421; x_wconf 81' lang='grc' dir='ltr'>ὅπερ</span> <span class='ocrx_word' id='word_1_541' title='bbox 963 3354 1289 3422; x_wconf 82' lang='grc' dir='ltr'>ἐμφυσήσας</span> <span class='ocrx_word' id='word_1_542' title='bbox 1325 3353 1578 3419; x_wconf 80' lang='grc' dir='ltr'>δέδωκεν,</span> <span class='ocrx_word' id='word_1_543' title='bbox 1629 3355 1817 3426; x_wconf 76' lang='grc' dir='ltr'>ἓτερον</span> 
     </span>
    </p>
   </div>
   <div class='ocr_carea' id='block_1_68' title="bbox 237 3441 1816 3513">
    <p class='ocr_par' dir='ltr' id='par_1_68' title="bbox 237 3441 1816 3513">
     <span class='ocr_line' id='line_1_68' title="bbox 237 3441 1816 3513; baseline 0 -15"><span class='ocrx_word' id='word_1_544' title='bbox 237 3446 299 3498; x_wconf 74' lang='grc' dir='ltr'><strong>δὲ</strong></span> <span class='ocrx_word' id='word_1_545' title='bbox 333 3443 360 3496; x_wconf 81' lang='lat'><strong>6</strong></span> <span class='ocrx_word' id='word_1_546' title='bbox 394 3442 532 3513; x_wconf 71' lang='grc' dir='ltr'>μετὰ</span> <span class='ocrx_word' id='word_1_547' title='bbox 559 3442 660 3512; x_wconf 81' lang='grc' dir='ltr'><strong>τὴν</strong></span> <span class='ocrx_word' id='word_1_548' title='bbox 690 3443 959 3513; x_wconf 77' lang='grc' dir='ltr'>ἀνάληψιν</span> <span class='ocrx_word' id='word_1_549' title='bbox 988 3441 1152 3496; x_wconf 78' lang='grc' dir='ltr'>αὑτοῦ</span> <span class='ocrx_word' id='word_1_550' title='bbox 1196 3443 1516 3512; x_wconf 76' lang='grc' dir='ltr'>πέπομφενς</span> <span class='ocrx_word' id='word_1_551' title='bbox 1563 3463 1580 3496; x_wconf 76' lang='grc' dir='ltr'><strong>ι</strong></span> <span class='ocrx_word' id='word_1_552' title='bbox 1635 3444 1692 3498; x_wconf 83' lang='grc' dir='ltr'>Ὀ</span> <span class='ocrx_word' id='word_1_553' title='bbox 1721 3447 1816 3498; x_wconf 85' lang='grc' dir='ltr'><strong>αὐ-</strong></span> 
     </span>
    </p>
   </div>
   <div class='ocr_carea' id='block_1_69' title="bbox 238 3536 1816 3605">
    <p class='ocr_par' dir='ltr' id='par_1_69' title="bbox 238 3536 1816 3605">
     <span class='ocr_line' id='line_1_69' title="bbox 238 3536 1816 3605; baseline 0 -13"><span class='ocrx_word' id='word_1_554' title='bbox 238 3538 336 3599; x_wconf 78' lang='grc' dir='ltr'><strong>τὸς</strong></span> <span class='ocrx_word' id='word_1_555' title='bbox 372 3538 429 3588; x_wconf 81' lang='grc' dir='ltr'><strong>ἐν</strong></span> <span class='ocrx_word' id='word_1_556' title='bbox 459 3536 535 3605; x_wconf 78' lang='grc' dir='ltr'>τῷ</span> <span class='ocrx_word' id='word_1_557' title='bbox 557 3536 1004 3604; x_wconf 80' lang='grc' dir='ltr'>ἑπτακαιδεκάτῳ</span> <span class='ocrx_word' id='word_1_558' title='bbox 1031 3537 1310 3603; x_wconf 74' lang='grc' dir='ltr'>κεφαλαίῳ</span> <span class='ocrx_word' id='word_1_559' title='bbox 1335 3536 1428 3589; x_wconf 85' lang='grc' dir='ltr'><strong>τοῦ</strong></span> <span class='ocrx_word' id='word_1_560' title='bbox 1466 3540 1816 3592; x_wconf 80' lang='grc' dir='ltr'>πεντεκαιδε-</span> 
     </span>
    </p>
   </div>
   <div class='ocr_carea' id='block_1_70' title="bbox 239 3624 1815 3702">
    <p class='ocr_par' dir='ltr' id='par_1_70' title="bbox 239 3624 1815 3702">
     <span class='ocr_line' id='line_1_70' title="bbox 239 3624 1815 3702; baseline 0.001 -17"><span class='ocrx_word' id='word_1_561' title='bbox 239 3631 412 3685; x_wconf 82' lang='grc' dir='ltr'>κάτου</span> <span class='ocrx_word' id='word_1_562' title='bbox 442 3628 668 3698; x_wconf 78' lang='grc' dir='ltr'>βιϐλίου,</span> <span class='ocrx_word' id='word_1_563' title='bbox 698 3631 792 3683; x_wconf 90' lang='grc' dir='ltr'><strong>τοῦ</strong></span> <span class='ocrx_word' id='word_1_564' title='bbox 823 3633 951 3700; x_wconf 76' lang='grc' dir='ltr'>περὶ</span> <span class='ocrx_word' id='word_1_565' title='bbox 979 3631 1228 3700; x_wconf 80' lang='grc' dir='ltr'>Τριάδος,</span> <span class='ocrx_word' id='word_1_566' title='bbox 1260 3624 1321 3684; x_wconf 77' lang='grc' dir='ltr'>οὗ</span> <span class='ocrx_word' id='word_1_567' title='bbox 1353 3632 1384 3702; x_wconf 81' lang='grc' dir='ltr'><strong>ἡ</strong></span> <span class='ocrx_word' id='word_1_568' title='bbox 1421 3631 1584 3702; x_wconf 76' lang='grc' dir='ltr'>ἁρχὴ,</span> <span class='ocrx_word' id='word_1_569' title='bbox 1615 3650 1632 3683; x_wconf 81' lang='grc' dir='ltr'><strong>ι</strong></span> <span class='ocrx_word' id='word_1_570' title='bbox 1663 3634 1815 3698; x_wconf 76' lang='grc' dir='ltr'>Ἀλις</span> 
     </span>
    </p>
   </div>
   <div class='ocr_carea' id='block_1_71' title="bbox 240 3720 1816 3793">
    <p class='ocr_par' dir='ltr' id='par_1_71' title="bbox 240 3720 1816 3793">
     <span class='ocr_line' id='line_1_71' title="bbox 240 3720 1816 3793; baseline 0.001 -19"><span class='ocrx_word' id='word_1_571' title='bbox 240 3723 346 3793; x_wconf 77' lang='grc' dir='ltr'>μὲν</span> <span class='ocrx_word' id='word_1_572' title='bbox 391 3720 486 3776; x_wconf 73' lang='grc' dir='ltr'><strong>οὖν</strong></span> <span class='ocrx_word' id='word_1_573' title='bbox 537 3723 664 3792; x_wconf 73' lang='grc' dir='ltr'>περὶ</span> <span class='ocrx_word' id='word_1_574' title='bbox 713 3721 927 3790; x_wconf 72' lang='grc' dir='ltr'>Πατρ“ς</span> <span class='ocrx_word' id='word_1_575' title='bbox 961 3723 1054 3774; x_wconf 72' lang='grc' dir='ltr'>καὶ</span> <span class='ocrx_word' id='word_1_576' title='bbox 1085 3722 1233 3787; x_wconf 80' lang='grc' dir='ltr'>Υξοῦ,</span> <span class='ocrx_word' id='word_1_577' title='bbox 1268 3739 1286 3772; x_wconf 75' lang='grc' dir='ltr'><strong>ι</strong></span> <span class='ocrx_word' id='word_1_578' title='bbox 1321 3722 1548 3790; x_wconf 76' lang='grc' dir='ltr'>ἔγγιστά</span> <span class='ocrx_word' id='word_1_579' title='bbox 1575 3742 1678 3777; x_wconf 78' lang='grc' dir='ltr'><strong>που</strong></span> <span class='ocrx_word' id='word_1_580' title='bbox 1715 3725 1816 3793; x_wconf 84' lang='grc' dir='ltr'>τῆς</span> 
     </span>
    </p>
   </div>
   <div class='ocr_carea' id='block_1_72' title="bbox 236 3813 1815 3885">
    <p class='ocr_par' dir='ltr' id='par_1_72' title="bbox 236 3813 1815 3885">
     <span class='ocr_line' id='line_1_72' title="bbox 236 3813 1815 3885; baseline 0.001 -17"><span class='ocrx_word' id='word_1_581' title='bbox 236 3818 438 3884; x_wconf 71' lang='grc' dir='ltr'>ἀρχῆς,</span> <span class='ocrx_word' id='word_1_582' title='bbox 468 3814 611 3867; x_wconf 77' lang='grc' dir='ltr'>οὕτω</span> <span class='ocrx_word' id='word_1_583' title='bbox 645 3817 808 3885; x_wconf 82' lang='grc' dir='ltr'>φησίν</span> <span class='ocrx_word' id='word_1_584' title='bbox 829 3829 844 3844; x_wconf 77' lang='grc'><strong><em>⁸</em></strong></span> <span class='ocrx_word' id='word_1_585' title='bbox 882 3831 901 3864; x_wconf 78' lang='grc' dir='ltr'><strong>ι</strong></span> <span class='ocrx_word' id='word_1_586' title='bbox 953 3815 1041 3876; x_wconf 80' lang='grc' dir='ltr'>Ὠς</span> <span class='ocrx_word' id='word_1_587' title='bbox 1066 3815 1127 3866; x_wconf 83' lang='grc' dir='ltr'>τὸ</span> <span class='ocrx_word' id='word_1_588' title='bbox 1152 3813 1372 3883; x_wconf 87' lang='grc' dir='ltr'>Πνεῦμα</span> <span class='ocrx_word' id='word_1_589' title='bbox 1404 3816 1464 3868; x_wconf 83' lang='grc' dir='ltr'><strong>τὸ</strong></span> <span class='ocrx_word' id='word_1_590' title='bbox 1492 3817 1647 3882; x_wconf 85' lang='grc' dir='ltr'>ἆγιον</span> <span class='ocrx_word' id='word_1_591' title='bbox 1676 3817 1815 3870; x_wconf 79' lang='grc' dir='ltr'>κατὰ</span> 
     </span>
    </p>
   </div>
   <div class='ocr_carea' id='block_1_73' title="bbox 235 3905 1808 3977">
    <p class='ocr_par' dir='ltr' id='par_1_73' title="bbox 235 3905 1808 3977">
     <span class='ocr_line' id='line_1_73' title="bbox 235 3905 1808 3977; baseline 0.001 -18"><span class='ocrx_word' id='word_1_592' title='bbox 235 3910 338 3968; x_wconf 78' lang='grc' dir='ltr'>τὰς</span> <span class='ocrx_word' id='word_1_593' title='bbox 390 3909 542 3976; x_wconf 74' lang='grc' dir='ltr'>ἱερὰς</span> <span class='ocrx_word' id='word_1_594' title='bbox 599 3905 842 3975; x_wconf 68' lang='grc' dir='ltr'>Γραφὲς,</span> <span class='ocrx_word' id='word_1_595' title='bbox 877 3905 1000 3958; x_wconf 74' lang='grc' dir='ltr'>οὔτε</span> <span class='ocrx_word' id='word_1_596' title='bbox 1033 3906 1128 3958; x_wconf 85' lang='grc' dir='ltr'><strong>τοῦ</strong></span> <span class='ocrx_word' id='word_1_597' title='bbox 1185 3907 1395 3977; x_wconf 81' lang='grc' dir='ltr'>Πατρός</span> <span class='ocrx_word' id='word_1_598' title='bbox 1447 3909 1564 3959; x_wconf 86' lang='grc' dir='ltr'>ἐστι</span> <span class='ocrx_word' id='word_1_599' title='bbox 1621 3909 1808 3976; x_wconf 86' lang='grc' dir='ltr'>μόνου,</span> 
     </span>
    </p>
   </div>
   <div class='ocr_carea' id='block_1_74' title="bbox 234 3989 1810 4067">
    <p class='ocr_par' dir='ltr' id='par_1_74' title="bbox 234 3989 1810 4067">
     <span class='ocr_line' id='line_1_74' title="bbox 234 3989 1810 4067; baseline 0.002 -16"><span class='ocrx_word' id='word_1_600' title='bbox 234 3995 363 4051; x_wconf 85' lang='grc' dir='ltr'>οῦτε</span> <span class='ocrx_word' id='word_1_601' title='bbox 394 3996 488 4050; x_wconf 82' lang='grc' dir='ltr'><strong>τοῦ</strong></span> <span class='ocrx_word' id='word_1_602' title='bbox 524 3997 654 4050; x_wconf 82' lang='grc' dir='ltr'>Υῑοῦ</span> <span class='ocrx_word' id='word_1_603' title='bbox 684 3998 870 4066; x_wconf 81' lang='grc' dir='ltr'>μόνου,</span> <span class='ocrx_word' id='word_1_604' title='bbox 904 3989 1022 4050; x_wconf 62' lang='grc' dir='ltr'>ἀλλ’</span> <span class='ocrx_word' id='word_1_605' title='bbox 1052 4001 1276 4066; x_wconf 73' lang='grc' dir='ltr'>ἀμφοῖν,</span> <span class='ocrx_word' id='word_1_606' title='bbox 1315 4015 1334 4048; x_wconf 71' lang='grc' dir='ltr'><strong>ι</strong></span> <span class='ocrx_word' id='word_1_607' title='bbox 1372 3998 1464 4050; x_wconf 78' lang='grc' dir='ltr'>καὶ</span> <span class='ocrx_word' id='word_1_608' title='bbox 1499 4000 1638 4067; x_wconf 82' lang='grc' dir='ltr'>μετά</span> <span class='ocrx_word' id='word_1_609' title='bbox 1666 4017 1810 4065; x_wconf 85' lang='grc' dir='ltr'>τινα,</span> 
     </span>
    </p>
   </div>
   <div class='ocr_carea' id='block_1_75' title="bbox 243 4085 1808 4160">
    <p class='ocr_par' dir='ltr' id='par_1_75' title="bbox 243 4085 1808 4160">
     <span class='ocr_line' id='line_1_75' title="bbox 243 4085 1808 4160; baseline 0.003 -18"><span class='ocrx_word' id='word_1_610' title='bbox 243 4108 262 4142; x_wconf 78' lang='grc' dir='ltr'><strong>ι</strong></span> <span class='ocrx_word' id='word_1_611' title='bbox 307 4085 464 4145; x_wconf 77' lang='grc' dir='ltr'>Οὕτω</span> <span class='ocrx_word' id='word_1_612' title='bbox 501 4089 611 4158; x_wconf 82' lang='grc' dir='ltr'><strong>γὰρ</strong></span> <span class='ocrx_word' id='word_1_613' title='bbox 647 4089 742 4142; x_wconf 73' lang='grc' dir='ltr'>καὶ</span> <span class='ocrx_word' id='word_1_614' title='bbox 765 4092 794 4143; x_wconf 84' lang='lat'><strong>6</strong></span> <span class='ocrx_word' id='word_1_615' title='bbox 827 4091 1035 4160; x_wconf 78' lang='grc' dir='ltr'>Πατὴρ,</span> <span class='ocrx_word' id='word_1_616' title='bbox 1079 4091 1212 4152; x_wconf 84' lang='grc' dir='ltr'>Θεός</span> <span class='ocrx_word' id='word_1_617' title='bbox 1233 4105 1247 4121; x_wconf 85' lang='lat'><strong><em>°</em></strong></span> <span class='ocrx_word' id='word_1_618' title='bbox 1282 4091 1380 4143; x_wconf 68' lang='grc' dir='ltr'>καὶ</span> <span class='ocrx_word' id='word_1_619' title='bbox 1405 4095 1430 4143; x_wconf 92' lang='lat'><strong>6</strong></span> <span class='ocrx_word' id='word_1_620' title='bbox 1463 4088 1611 4154; x_wconf 77' lang='grc' dir='ltr'><strong>Υἱὸς.</strong></span> <span class='ocrx_word' id='word_1_621' title='bbox 1644 4093 1774 4149; x_wconf 81' lang='grc' dir='ltr'>Θεὸς</span> <span class='ocrx_word' id='word_1_622' title='bbox 1796 4109 1808 4123; x_wconf 84' lang='lat'><strong><em>°</em></strong></span> 
     </span>
    </p>
   </div>
   <div class='ocr_carea' id='block_1_76' title="bbox 235 4168 1810 4252">
    <p class='ocr_par' dir='ltr' id='par_1_76' title="bbox 235 4168 1810 4252">
     <span class='ocr_line' id='line_1_76' title="bbox 235 4168 1810 4252; baseline 0.002 -18"><span class='ocrx_word' id='word_1_623' title='bbox 235 4183 335 4235; x_wconf 78' lang='grc' dir='ltr'>καὶ</span> <span class='ocrx_word' id='word_1_624' title='bbox 363 4181 424 4234; x_wconf 76' lang='grc' dir='ltr'><strong>τὸ</strong></span> <span class='ocrx_word' id='word_1_625' title='bbox 456 4168 697 4249; x_wconf 81' lang='grc' dir='ltr'><strong>¹Πνεῦμα</strong></span> <span class='ocrx_word' id='word_1_626' title='bbox 731 4181 790 4234; x_wconf 85' lang='grc' dir='ltr'>τδ</span> <span class='ocrx_word' id='word_1_627' title='bbox 838 4182 1012 4249; x_wconf 78' lang='grc' dir='ltr'>ἆγεον,</span> <span class='ocrx_word' id='word_1_628' title='bbox 1067 4181 1197 4245; x_wconf 82' lang='grc' dir='ltr'>Θεός</span> <span class='ocrx_word' id='word_1_629' title='bbox 1221 4197 1237 4213; x_wconf 77' lang='grc'><strong><em>⁸</em></strong></span> <span class='ocrx_word' id='word_1_630' title='bbox 1269 4183 1365 4235; x_wconf 81' lang='grc' dir='ltr'>καὶ</span> <span class='ocrx_word' id='word_1_631' title='bbox 1416 4183 1562 4252; x_wconf 75' lang='grc' dir='ltr'>ὀμοῦ-</span> <span class='ocrx_word' id='word_1_632' title='bbox 1589 4185 1810 4248; x_wconf 83' lang='grc' dir='ltr'>πάντες,</span> 
     </span>
    </p>
   </div>
   <div class='ocr_carea' id='block_1_77' title="bbox 235 4269 1806 4346">
    <p class='ocr_par' dir='ltr' id='par_1_77' title="bbox 235 4269 1806 4346">
     <span class='ocr_line' id='line_1_77' title="bbox 235 4269 1806 4346; baseline 0 -18"><span class='ocrx_word' id='word_1_633' title='bbox 235 4269 321 4337; x_wconf 77' lang='grc' dir='ltr'>εἷς</span> <span class='ocrx_word' id='word_1_634' title='bbox 356 4274 512 4332; x_wconf 75' lang='grc' dir='ltr'><strong>Θεός.</strong></span> <span class='ocrx_word' id='word_1_635' title='bbox 545 4274 654 4326; x_wconf 73' lang='grc' dir='ltr'>Καὶ</span> <span class='ocrx_word' id='word_1_636' title='bbox 694 4274 881 4343; x_wconf 83' lang='grc' dir='ltr'>μέντοι</span> <span class='ocrx_word' id='word_1_637' title='bbox 913 4271 974 4326; x_wconf 83' lang='grc' dir='ltr'>οὗ</span> <span class='ocrx_word' id='word_1_638' title='bbox 1012 4274 1190 4345; x_wconf 75' lang='grc' dir='ltr'>μάτην</span> <span class='ocrx_word' id='word_1_639' title='bbox 1224 4274 1281 4327; x_wconf 81' lang='grc' dir='ltr'><strong>ἐν</strong></span> <span class='ocrx_word' id='word_1_640' title='bbox 1327 4274 1455 4345; x_wconf 83' lang='grc' dir='ltr'>τῇδε</span> <span class='ocrx_word' id='word_1_641' title='bbox 1493 4277 1556 4344; x_wconf 83' lang='grc' dir='ltr'>τῇ</span> <span class='ocrx_word' id='word_1_642' title='bbox 1589 4274 1806 4346; x_wconf 75' lang='grc' dir='ltr'>Τριάδι,</span> 
     </span>
    </p>
   </div>
   <div class='ocr_carea' id='block_1_78' title="bbox 233 4340 1888 4437">
    <p class='ocr_par' dir='ltr' id='par_1_78' title="bbox 233 4340 1888 4437">
     <span class='ocr_line' id='line_1_78' title="bbox 233 4340 1888 4437; baseline 0.001 -17"><span class='ocrx_word' id='word_1_643' title='bbox 233 4368 301 4420; x_wconf 80' lang='grc' dir='ltr'><strong>οὐ</strong></span> <span class='ocrx_word' id='word_1_644' title='bbox 329 4367 544 4434; x_wconf 73' lang='grc' dir='ltr'>λέγεται</span> <span class='ocrx_word' id='word_1_645' title='bbox 592 4340 761 4435; x_wconf 51' lang='grc' dir='ltr'>Λόαέος</span> <span class='ocrx_word' id='word_1_646' title='bbox 785 4367 787 4370; x_wconf 78' lang='grc'><em>’</em></span> <span class='ocrx_word' id='word_1_647' title='bbox 814 4364 974 4430; x_wconf 85' lang='grc' dir='ltr'>Θεοῦ,</span> <span class='ocrx_word' id='word_1_648' title='bbox 1017 4340 1082 4419; x_wconf 75' lang='grc' dir='ltr'><strong>ἐι</strong></span> <span class='ocrx_word' id='word_1_649' title='bbox 1225 4368 1251 4418; x_wconf 89' lang='lat'><strong>6</strong></span> <span class='ocrx_word' id='word_1_650' title='bbox 1471 4340 1590 4420; x_wconf 52' lang='grc' dir='ltr'>οὐδὲ</span> <span class='ocrx_word' id='word_1_651' title='bbox 1635 4340 1808 4437; x_wconf 69' lang='grc' dir='ltr'>ῦιτιρον</span> <span class='ocrx_word' id='word_1_652' title='bbox 1847 4340 1888 4394; x_wconf 78' lang='lat' dir='ltr'><strong>D</strong></span> 
     </span>
    </p>
   </div>
   <div class='ocr_carea' id='block_1_79' title="bbox 233 4457 1808 4529">
    <p class='ocr_par' dir='ltr' id='par_1_79' title="bbox 233 4457 1808 4529">
     <span class='ocr_line' id='line_1_79' title="bbox 233 4457 1808 4529; baseline 0 -18"><span class='ocrx_word' id='word_1_653' title='bbox 233 4457 397 4522; x_wconf 79' lang='grc' dir='ltr'>Θεοῦ,</span> <span class='ocrx_word' id='word_1_654' title='bbox 429 4457 476 4510; x_wconf 79' lang='grc' dir='ltr'>εἰ</span> <span class='ocrx_word' id='word_1_655' title='bbox 506 4458 582 4526; x_wconf 83' lang='grc' dir='ltr'>μὴ</span> <span class='ocrx_word' id='word_1_656' title='bbox 616 4459 676 4511; x_wconf 81' lang='grc' dir='ltr'>τὺ</span> <span class='ocrx_word' id='word_1_657' title='bbox 714 4457 938 4529; x_wconf 81' lang='grc' dir='ltr'>Πνεῦμα</span> <span class='ocrx_word' id='word_1_658' title='bbox 978 4458 1040 4510; x_wconf 79' lang='grc' dir='ltr'>τὸ</span> <span class='ocrx_word' id='word_1_659' title='bbox 1079 4459 1268 4525; x_wconf 77' lang='grc' dir='ltr'>ἅγιον·</span> <span class='ocrx_word' id='word_1_660' title='bbox 1297 4458 1419 4511; x_wconf 79' lang='grc' dir='ltr'>οὐδὲ</span> <span class='ocrx_word' id='word_1_661' title='bbox 1457 4458 1515 4523; x_wconf 78' lang='grc' dir='ltr'>ἐξ</span> <span class='ocrx_word' id='word_1_662' title='bbox 1545 4457 1604 4511; x_wconf 82' lang='grc' dir='ltr'><strong>οῦ</strong></span> <span class='ocrx_word' id='word_1_663' title='bbox 1652 4461 1808 4528; x_wconf 80' lang='grc' dir='ltr'>ἐγεν-</span> 
     </span>
    </p>
   </div>
   <div class='ocr_carea' id='block_1_80' title="bbox 232 4544 1807 4622">
    <p class='ocr_par' dir='ltr' id='par_1_80' title="bbox 232 4544 1807 4622">
     <span class='ocr_line' id='line_1_80' title="bbox 232 4544 1807 4622; baseline 0.003 -20"><span class='ocrx_word' id='word_1_664' title='bbox 232 4549 376 4620; x_wconf 78' lang='grc' dir='ltr'>νήθη</span> <span class='ocrx_word' id='word_1_665' title='bbox 405 4550 435 4603; x_wconf 85' lang='lat'><strong>6</strong></span> <span class='ocrx_word' id='word_1_666' title='bbox 462 4550 653 4619; x_wconf 84' lang='grc' dir='ltr'>Λόγος,</span> <span class='ocrx_word' id='word_1_667' title='bbox 691 4550 786 4604; x_wconf 79' lang='grc' dir='ltr'>καὶ</span> <span class='ocrx_word' id='word_1_668' title='bbox 827 4551 888 4618; x_wconf 82' lang='grc' dir='ltr'><strong>ἐξ</strong></span> <span class='ocrx_word' id='word_1_669' title='bbox 921 4544 981 4604; x_wconf 77' lang='grc' dir='ltr'><strong>οῦ</strong></span> <span class='ocrx_word' id='word_1_670' title='bbox 1027 4551 1387 4622; x_wconf 73' lang='grc' dir='ltr'>ἐκπορεύεται</span> <span class='ocrx_word' id='word_1_671' title='bbox 1416 4552 1714 4622; x_wconf 78' lang='grc' dir='ltr'>ἁρχοειδῶς</span> <span class='ocrx_word' id='word_1_672' title='bbox 1747 4554 1807 4606; x_wconf 72' lang='grc' dir='ltr'>τὸ</span> 
     </span>
    </p>
   </div>
   <div class='ocr_carea' id='block_1_81' title="bbox 235 4641 1810 4716">
    <p class='ocr_par' dir='ltr' id='par_1_81' title="bbox 235 4641 1810 4716">
     <span class='ocr_line' id='line_1_81' title="bbox 235 4641 1810 4716; baseline 0.001 -21"><span class='ocrx_word' id='word_1_673' title='bbox 235 4641 469 4712; x_wconf 85' lang='grc' dir='ltr'>Πνεῦμα</span> <span class='ocrx_word' id='word_1_674' title='bbox 519 4643 580 4695; x_wconf 77' lang='grc' dir='ltr'>τὸ</span> <span class='ocrx_word' id='word_1_675' title='bbox 631 4641 808 4710; x_wconf 67' lang='grc' dir='ltr'>ἅγιον,</span> <span class='ocrx_word' id='word_1_676' title='bbox 856 4643 906 4695; x_wconf 81' lang='grc' dir='ltr'><strong>εί</strong></span> <span class='ocrx_word' id='word_1_677' title='bbox 948 4643 1022 4714; x_wconf 81' lang='grc' dir='ltr'>μὴ</span> <span class='ocrx_word' id='word_1_678' title='bbox 1068 4644 1097 4695; x_wconf 87' lang='lat'><strong>6</strong></span> <span class='ocrx_word' id='word_1_679' title='bbox 1126 4643 1261 4706; x_wconf 79' lang='grc' dir='ltr'>Θεὸς</span> <span class='ocrx_word' id='word_1_680' title='bbox 1309 4645 1402 4696; x_wconf 76' lang='grc' dir='ltr'><strong>καὶ</strong></span> <span class='ocrx_word' id='word_1_681' title='bbox 1444 4645 1653 4716; x_wconf 81' lang='grc' dir='ltr'>Πατήρ.</span> <span class='ocrx_word' id='word_1_682' title='bbox 1709 4645 1810 4697; x_wconf 81' lang='grc' dir='ltr'><strong>Διὰ</strong></span> 
     </span>
    </p>
   </div>
   <div class='ocr_carea' id='block_1_82' title="bbox 231 4732 1807 4804">
    <p class='ocr_par' dir='ltr' id='par_1_82' title="bbox 231 4732 1807 4804">
     <span class='ocr_line' id='line_1_82' title="bbox 231 4732 1807 4804; baseline 0.001 -19"><span class='ocrx_word' id='word_1_683' title='bbox 231 4732 396 4785; x_wconf 81' lang='grc' dir='ltr'>τοῦτο</span> <span class='ocrx_word' id='word_1_684' title='bbox 431 4733 487 4786; x_wconf 79' lang='grc' dir='ltr'><strong>δὲ</strong></span> <span class='ocrx_word' id='word_1_685' title='bbox 521 4734 887 4802; x_wconf 82' lang='grc' dir='ltr'>προστέθεικα</span> <span class='ocrx_word' id='word_1_686' title='bbox 915 4733 1234 4802; x_wconf 81' lang='grc' dir='ltr'>ἀρχοειδῶς,</span> <span class='ocrx_word' id='word_1_687' title='bbox 1268 4733 1457 4804; x_wconf 76' lang='grc' dir='ltr'>ἐπειδὴ</span> <span class='ocrx_word' id='word_1_688' title='bbox 1495 4738 1591 4788; x_wconf 75' lang='grc' dir='ltr'><strong>καὶ</strong></span> <span class='ocrx_word' id='word_1_689' title='bbox 1622 4737 1686 4787; x_wconf 84' lang='grc' dir='ltr'><strong>ἐκ</strong></span> <span class='ocrx_word' id='word_1_690' title='bbox 1714 4734 1807 4788; x_wconf 89' lang='grc' dir='ltr'><strong>τοῦ</strong></span> 
     </span>
    </p>
   </div>
   <div class='ocr_carea' id='block_1_83' title="bbox 234 4820 1807 4895">
    <p class='ocr_par' dir='ltr' id='par_1_83' title="bbox 234 4820 1807 4895">
     <span class='ocr_line' id='line_1_83' title="bbox 234 4820 1807 4895; baseline 0.001 -19"><span class='ocrx_word' id='word_1_691' title='bbox 234 4820 370 4876; x_wconf 82' lang='grc' dir='ltr'>Υίοῦ</span> <span class='ocrx_word' id='word_1_692' title='bbox 398 4823 492 4875; x_wconf 89' lang='grc' dir='ltr'><strong>τοῦ</strong></span> <span class='ocrx_word' id='word_1_693' title='bbox 522 4823 681 4889; x_wconf 86' lang='grc' dir='ltr'>Θεοῦ,</span> <span class='ocrx_word' id='word_1_694' title='bbox 713 4823 772 4876; x_wconf 67' lang='grc' dir='ltr'>τὸ</span> <span class='ocrx_word' id='word_1_695' title='bbox 818 4822 1044 4892; x_wconf 85' lang='grc' dir='ltr'>Πνεῦμα</span> <span class='ocrx_word' id='word_1_696' title='bbox 1076 4823 1134 4874; x_wconf 73' lang='grc' dir='ltr'>τὸ</span> <span class='ocrx_word' id='word_1_697' title='bbox 1164 4823 1319 4891; x_wconf 75' lang='grc' dir='ltr'>ἅγιον</span> <span class='ocrx_word' id='word_1_698' title='bbox 1367 4825 1683 4895; x_wconf 78' lang='grc' dir='ltr'>εὑρίσκεται</span> <span class='ocrx_word' id='word_1_699' title='bbox 1715 4828 1807 4877; x_wconf 79' lang='grc' dir='ltr'>ἐκ·</span> 
     </span>
    </p>
   </div>
   <div class='ocr_carea' id='block_1_84' title="bbox 235 4915 1810 4990">
    <p class='ocr_par' dir='ltr' id='par_1_84' title="bbox 235 4915 1810 4990">
     <span class='ocr_line' id='line_1_84' title="bbox 235 4915 1810 4990; baseline 0.001 -22"><span class='ocrx_word' id='word_1_700' title='bbox 235 4915 635 4986; x_wconf 79' lang='grc' dir='ltr'>πορευόμενον.</span> <span class='ocrx_word' id='word_1_701' title='bbox 683 4915 828 4968; x_wconf 76' lang='grc' dir='ltr'>Ἀλλ’</span> <span class='ocrx_word' id='word_1_702' title='bbox 859 4915 1047 4986; x_wconf 78' lang='grc' dir='ltr'>ἐπειδὴ</span> <span class='ocrx_word' id='word_1_703' title='bbox 1082 4921 1177 4969; x_wconf 75' lang='grc' dir='ltr'>καὶ</span> <span class='ocrx_word' id='word_1_704' title='bbox 1203 4917 1363 4970; x_wconf 86' lang='grc' dir='ltr'>τοῦτο</span> <span class='ocrx_word' id='word_1_705' title='bbox 1390 4919 1539 4987; x_wconf 87' lang='grc' dir='ltr'><strong>αὐτῷ</strong></span> <span class='ocrx_word' id='word_1_706' title='bbox 1563 4920 1592 4972; x_wconf 82' lang='lat'><strong>6</strong></span> <span class='ocrx_word' id='word_1_707' title='bbox 1620 4919 1810 4990; x_wconf 77' lang='grc' dir='ltr'>Πατὴρ</span> 
     </span>
    </p>
   </div>
   <div class='ocr_carea' id='block_1_85' title="bbox 235 5007 1810 5080">
    <p class='ocr_par' dir='ltr' id='par_1_85' title="bbox 235 5007 1810 5080">
     <span class='ocr_line' id='line_1_85' title="bbox 235 5007 1810 5080; baseline 0.003 -20"><span class='ocrx_word' id='word_1_708' title='bbox 235 5007 462 5070; x_wconf 73' lang='grc' dir='ltr'>ἔδωκεν,</span> <span class='ocrx_word' id='word_1_709' title='bbox 497 5008 596 5060; x_wconf 85' lang='grc' dir='ltr'><strong>οὐκ</strong></span> <span class='ocrx_word' id='word_1_710' title='bbox 625 5008 728 5078; x_wconf 71' lang='grc' dir='ltr'><strong>ἥδη</strong></span> <span class='ocrx_word' id='word_1_711' title='bbox 760 5007 1092 5078; x_wconf 77' lang='grc' dir='ltr'>ύφεστηκότι</span> <span class='ocrx_word' id='word_1_712' title='bbox 1139 5009 1231 5061; x_wconf 79' lang='grc' dir='ltr'><strong>καὶ</strong></span> <span class='ocrx_word' id='word_1_713' title='bbox 1266 5010 1434 5080; x_wconf 82' lang='grc' dir='ltr'>μήπω</span> <span class='ocrx_word' id='word_1_714' title='bbox 1461 5008 1662 5080; x_wconf 77' lang='grc' dir='ltr'>ἔχοντι,</span> <span class='ocrx_word' id='word_1_715' title='bbox 1693 5010 1810 5064; x_wconf 85' lang='grc' dir='ltr'>ἀλλ’</span> 
     </span>
    </p>
   </div>
   <div class='ocr_carea' id='block_1_86' title="bbox 234 5097 1807 5172">
    <p class='ocr_par' dir='ltr' id='par_1_86' title="bbox 234 5097 1807 5172">
     <span class='ocr_line' id='line_1_86' title="bbox 234 5097 1807 5172; baseline 0.003 -21"><span class='ocrx_word' id='word_1_716' title='bbox 234 5097 265 5151; x_wconf 84' lang='grc' dir='ltr'><strong>ὃ</strong></span> <span class='ocrx_word' id='word_1_717' title='bbox 288 5116 342 5152; x_wconf 85' lang='grc' dir='ltr'><strong>τι</strong></span> <span class='ocrx_word' id='word_1_718' title='bbox 371 5098 500 5152; x_wconf 73' lang='grc' dir='ltr'>ποτὲ</span> <span class='ocrx_word' id='word_1_719' title='bbox 527 5098 605 5167; x_wconf 84' lang='grc' dir='ltr'><strong>τῷ</strong></span> <span class='ocrx_word' id='word_1_720' title='bbox 641 5101 925 5168; x_wconf 84' lang='grc' dir='ltr'>μονογενεῖ</span> <span class='ocrx_word' id='word_1_721' title='bbox 952 5099 1111 5168; x_wconf 85' lang='grc' dir='ltr'><strong>Λόγῳ</strong></span> <span class='ocrx_word' id='word_1_722' title='bbox 1138 5099 1391 5163; x_wconf 75' lang='grc' dir='ltr'>δέδωκεν,</span> <span class='ocrx_word' id='word_1_723' title='bbox 1423 5101 1480 5153; x_wconf 78' lang='grc' dir='ltr'><strong>ἐν</strong></span> <span class='ocrx_word' id='word_1_724' title='bbox 1504 5101 1581 5171; x_wconf 86' lang='grc' dir='ltr'>τῷ</span> <span class='ocrx_word' id='word_1_725' title='bbox 1611 5105 1807 5172; x_wconf 79' lang='grc' dir='ltr'>γεννᾷν</span> 
     </span>
    </p>
   </div>
   <div class='ocr_carea' id='block_1_87' title="bbox 235 5189 1802 5262">
    <p class='ocr_par' dir='ltr' id='par_1_87' title="bbox 235 5189 1802 5262">
     <span class='ocr_line' id='line_1_87' title="bbox 235 5189 1802 5262; baseline 0.002 -19"><span class='ocrx_word' id='word_1_726' title='bbox 235 5190 487 5246; x_wconf 81' lang='grc' dir='ltr'>δέδωκεν.</span> <span class='ocrx_word' id='word_1_727' title='bbox 525 5189 714 5254; x_wconf 78' lang='grc' dir='ltr'>Οὕτως</span> <span class='ocrx_word' id='word_1_728' title='bbox 742 5192 851 5260; x_wconf 75' lang='grc' dir='ltr'>ἄρα</span> <span class='ocrx_word' id='word_1_729' title='bbox 886 5191 1050 5244; x_wconf 75' lang='grc' dir='ltr'>αὑτὸν</span> <span class='ocrx_word' id='word_1_730' title='bbox 1083 5193 1392 5262; x_wconf 70' lang='grc' dir='ltr'>ἐγέννησεν,</span> <span class='ocrx_word' id='word_1_731' title='bbox 1441 5193 1515 5257; x_wconf 84' lang='grc' dir='ltr'>ὡς</span> <span class='ocrx_word' id='word_1_732' title='bbox 1551 5195 1608 5261; x_wconf 80' lang='grc' dir='ltr'>ἐξ</span> <span class='ocrx_word' id='word_1_733' title='bbox 1636 5195 1802 5249; x_wconf 74' lang='grc' dir='ltr'>αὑτοῦ</span> 
     </span>
    </p>
   </div>
   <div class='ocr_carea' id='block_1_88' title="bbox 235 5279 1796 5355">
    <p class='ocr_par' dir='ltr' id='par_1_88' title="bbox 235 5279 1796 5355">
     <span class='ocr_line' id='line_1_88' title="bbox 235 5279 1796 5355; baseline 0.005 -24"><span class='ocrx_word' id='word_1_734' title='bbox 235 5279 299 5332; x_wconf 80' lang='grc' dir='ltr'>τὸ</span> <span class='ocrx_word' id='word_1_735' title='bbox 322 5281 492 5352; x_wconf 84' lang='grc' dir='ltr'>δῶρον</span> <span class='ocrx_word' id='word_1_736' title='bbox 520 5282 696 5336; x_wconf 79' lang='grc' dir='ltr'>κοινὸν</span> <span class='ocrx_word' id='word_1_737' title='bbox 727 5282 1120 5354; x_wconf 80' lang='grc' dir='ltr'>προέρχεσθαι,</span> <span class='ocrx_word' id='word_1_738' title='bbox 1155 5285 1249 5336; x_wconf 79' lang='grc' dir='ltr'><strong>καὶ</strong></span> <span class='ocrx_word' id='word_1_739' title='bbox 1275 5283 1498 5351; x_wconf 85' lang='grc' dir='ltr'>Πνεῦμα</span> <span class='ocrx_word' id='word_1_740' title='bbox 1524 5286 1750 5355; x_wconf 64' lang='grc' dir='ltr'>ἀμφοῖν.</span> <span class='ocrx_word' id='word_1_741' title='bbox 1778 5306 1796 5339; x_wconf 76' lang='grc' dir='ltr'><strong>ι</strong></span> 
     </span>
    </p>
   </div>
   <div class='ocr_carea' id='block_1_89' title="bbox 249 5371 1802 5446">
    <p class='ocr_par' dir='ltr' id='par_1_89' title="bbox 249 5371 1802 5446">
     <span class='ocr_line' id='line_1_89' title="bbox 249 5371 1802 5446; baseline 0.005 -22"><span class='ocrx_word' id='word_1_742' title='bbox 249 5371 308 5424; x_wconf 85' lang='grc'><strong>’0</strong></span> <span class='ocrx_word' id='word_1_743' title='bbox 334 5372 494 5435; x_wconf 73' lang='grc' dir='ltr'>αὐτὸς</span> <span class='ocrx_word' id='word_1_744' title='bbox 525 5375 583 5425; x_wconf 84' lang='grc' dir='ltr'><strong>ἐν</strong></span> <span class='ocrx_word' id='word_1_745' title='bbox 626 5373 706 5444; x_wconf 83' lang='grc' dir='ltr'>τῷ</span> <span class='ocrx_word' id='word_1_746' title='bbox 738 5375 974 5446; x_wconf 23' lang='grc' dir='ltr'>εἰκοστῷ.</span> <span class='ocrx_word' id='word_1_747' title='bbox 998 5375 1144 5445; x_wconf 82' lang='grc' dir='ltr'>ἐκτῳ</span> <span class='ocrx_word' id='word_1_748' title='bbox 1195 5374 1478 5446; x_wconf 78' lang='grc' dir='ltr'>κεφαλαίῳ</span> <span class='ocrx_word' id='word_1_749' title='bbox 1511 5377 1606 5428; x_wconf 90' lang='grc' dir='ltr'><strong>τοῦ</strong></span> <span class='ocrx_word' id='word_1_750' title='bbox 1637 5378 1802 5432; x_wconf 80' lang='grc' dir='ltr'>αὑτοῦ</span> 
     </span>
    </p>
   </div>
   <div class='ocr_carea' id='block_1_90' title="bbox 240 5451 1801 5541">
    <p class='ocr_par' dir='ltr' id='par_1_90' title="bbox 240 5451 1801 5541">
     <span class='ocr_line' id='line_1_90' title="bbox 240 5451 1801 5541; baseline 0.005 -25"><span class='ocrx_word' id='word_1_751' title='bbox 240 5461 463 5533; x_wconf 74' lang='grc' dir='ltr'>βιϐλίου,</span> <span class='ocrx_word' id='word_1_752' title='bbox 492 5451 552 5521; x_wconf 75' lang='grc' dir='ltr'>οὗ</span> <span class='ocrx_word' id='word_1_753' title='bbox 582 5468 615 5536; x_wconf 78' lang='grc' dir='ltr'><strong>ἡ</strong></span> <span class='ocrx_word' id='word_1_754' title='bbox 645 5467 786 5537; x_wconf 78' lang='grc' dir='ltr'><strong>ἀρχή</strong></span> <span class='ocrx_word' id='word_1_755' title='bbox 815 5479 828 5495; x_wconf 82' lang='lat'><strong><em>°</em></strong></span> <span class='ocrx_word' id='word_1_756' title='bbox 867 5485 886 5519; x_wconf 77' lang='grc' dir='ltr'><strong>ι</strong></span> <span class='ocrx_word' id='word_1_757' title='bbox 915 5467 1146 5522; x_wconf 84' lang='grc' dir='ltr'>Ἔπειτα</span> <span class='ocrx_word' id='word_1_758' title='bbox 1169 5467 1226 5520; x_wconf 82' lang='grc' dir='ltr'><strong>δὲ</strong></span> <span class='ocrx_word' id='word_1_759' title='bbox 1251 5469 1308 5520; x_wconf 83' lang='grc' dir='ltr'><strong>ἐν</strong></span> <span class='ocrx_word' id='word_1_760' title='bbox 1331 5470 1392 5539; x_wconf 83' lang='grc' dir='ltr'>τῇ</span> <span class='ocrx_word' id='word_1_761' title='bbox 1413 5467 1562 5541; x_wconf 64' lang='grc' dir='ltr'>ἄκρᾳ</span> <span class='ocrx_word' id='word_1_762' title='bbox 1583 5468 1801 5539; x_wconf 78' lang='grc' dir='ltr'>Τριάδι,</span> 
     </span>
    </p>
   </div>
   <div class='ocr_carea' id='block_1_91' title="bbox 314 5641 1292 5710">
    <p class='ocr_par' dir='ltr' id='par_1_91' title="bbox 314 5641 1292 5710">
     <span class='ocr_line' id='line_1_91' title="bbox 314 5641 1292 5710; baseline 0.002 -14"><span class='ocrx_word' id='word_1_763' title='bbox 314 5641 356 5673; x_wconf 79' lang='grc'><strong>³⁸</strong></span> <span class='ocrx_word' id='word_1_764' title='bbox 388 5641 490 5697; x_wconf 87' lang='lat' dir='ltr'><strong>lsa.</strong></span> <span class='ocrx_word' id='word_1_765' title='bbox 525 5660 601 5710; x_wconf 70' lang='lat' dir='ltr'><strong>xu,</strong></span> <span class='ocrx_word' id='word_1_766' title='bbox 633 5644 685 5698; x_wconf 67' lang='grc'><strong>4.</strong></span> <span class='ocrx_word' id='word_1_767' title='bbox 786 5643 888 5699; x_wconf 81' lang='lat' dir='ltr'><strong>&quot;ll</strong></span> <span class='ocrx_word' id='word_1_768' title='bbox 916 5642 1110 5698; x_wconf 82' lang='lat' dir='ltr'><strong>‘l‘ltcss.</strong></span> <span class='ocrx_word' id='word_1_769' title='bbox 1147 5657 1208 5709; x_wconf 88' lang='grc' dir='ltr'><strong>ιι,</strong></span> <span class='ocrx_word' id='word_1_770' title='bbox 1240 5644 1292 5698; x_wconf 91' lang='lat'><strong>8.</strong></span> 
     </span>
    </p>
   </div>
   <div class='ocr_carea' id='block_1_92' title="bbox 1924 3081 3496 3153">
    <p class='ocr_par' dir='ltr' id='par_1_92' title="bbox 1924 3081 3496 3153">
     <span class='ocr_line' id='line_1_92' title="bbox 1924 3081 3496 3153; baseline 0.002 -16"><span class='ocrx_word' id='word_1_771' title='bbox 1924 3081 2126 3151; x_wconf 82' lang='lat' dir='ltr'><strong>cipiunt</strong></span> <span class='ocrx_word' id='word_1_772' title='bbox 2166 3084 2246 3137; x_wconf 86' lang='lat' dir='ltr'><strong>sic</strong></span> <span class='ocrx_word' id='word_1_773' title='bbox 2279 3081 2394 3137; x_wconf 88' lang='lat' dir='ltr'><strong>ait:</strong></span> <span class='ocrx_word' id='word_1_774' title='bbox 2447 3103 2465 3136; x_wconf 80' lang='grc' dir='ltr'><strong>ι</strong></span> <span class='ocrx_word' id='word_1_775' title='bbox 2494 3082 2649 3149; x_wconf 86' lang='lat' dir='ltr'><strong>Quod</strong></span> <span class='ocrx_word' id='word_1_776' title='bbox 2686 3082 2923 3153; x_wconf 87' lang='lat' dir='ltr'><strong>Spiritus</strong></span> <span class='ocrx_word' id='word_1_777' title='bbox 2951 3094 3174 3140; x_wconf 86' lang='lat' dir='ltr'><strong>sanctus</strong></span> <span class='ocrx_word' id='word_1_778' title='bbox 3197 3087 3496 3140; x_wconf 79' lang='lat' dir='ltr'><strong>secundum</strong></span> 
     </span>
    </p>
   </div>
   <div class='ocr_carea' id='block_1_93' title="bbox 1924 3174 3495 3244">
    <p class='ocr_par' dir='ltr' id='par_1_93' title="bbox 1924 3174 3495 3244">
     <span class='ocr_line' id='line_1_93' title="bbox 1924 3174 3495 3244; baseline 0.002 -16"><span class='ocrx_word' id='word_1_779' title='bbox 1924 3174 2233 3244; x_wconf 86' lang='lat' dir='ltr'><strong>Scripturas</strong></span> <span class='ocrx_word' id='word_1_780' title='bbox 2269 3187 2490 3230; x_wconf 76' lang='lat' dir='ltr'><strong>sanctas</strong></span> <span class='ocrx_word' id='word_1_781' title='bbox 2544 3191 2642 3230; x_wconf 88' lang='lat' dir='ltr'><strong>nec</strong></span> <span class='ocrx_word' id='word_1_782' title='bbox 2675 3177 2851 3230; x_wconf 87' lang='lat' dir='ltr'><strong>Patris</strong></span> <span class='ocrx_word' id='word_1_783' title='bbox 2882 3175 3054 3231; x_wconf 84' lang='lat' dir='ltr'><strong>solius</strong></span> <span class='ocrx_word' id='word_1_784' title='bbox 3081 3187 3184 3242; x_wconf 72' lang='lat' dir='ltr'><strong>est,</strong></span> <span class='ocrx_word' id='word_1_785' title='bbox 3240 3194 3340 3232; x_wconf 89' lang='lat' dir='ltr'><strong>nec</strong></span> <span class='ocrx_word' id='word_1_786' title='bbox 3376 3179 3495 3232; x_wconf 71' lang='lat' dir='ltr'><strong>Fllii</strong></span> 
     </span>
    </p>
   </div>
   <div class='ocr_carea' id='block_1_94' title="bbox 1922 3266 3586 3336">
    <p class='ocr_par' dir='ltr' id='par_1_94' title="bbox 1922 3266 3586 3336">
     <span class='ocr_line' id='line_1_94' title="bbox 1922 3266 3586 3336; baseline 0.004 -16"><span class='ocrx_word' id='word_1_787' title='bbox 1922 3266 2111 3329; x_wconf 87' lang='lat' dir='ltr'><strong>solius,</strong></span> <span class='ocrx_word' id='word_1_788' title='bbox 2169 3267 2263 3320; x_wconf 82' lang='lat' dir='ltr'><strong>sed</strong></span> <span class='ocrx_word' id='word_1_789' title='bbox 2318 3269 2642 3331; x_wconf 83' lang='lat' dir='ltr'><strong>amborum;</strong></span> <span class='ocrx_word' id='word_1_790' title='bbox 2686 3285 2704 3318; x_wconf 74' lang='grc' dir='ltr'><strong>ι</strong></span> <span class='ocrx_word' id='word_1_791' title='bbox 2740 3275 2795 3320; x_wconf 91' lang='lat' dir='ltr'><strong>ct</strong></span> <span class='ocrx_word' id='word_1_792' title='bbox 2845 3276 2968 3336; x_wconf 90' lang='lat' dir='ltr'><strong>post</strong></span> <span class='ocrx_word' id='word_1_793' title='bbox 3008 3269 3254 3334; x_wconf 64' lang='lat' dir='ltr'><strong>quaedam</strong></span> <span class='ocrx_word' id='word_1_794' title='bbox 3295 3288 3309 3322; x_wconf 92' lang='lat'><strong>:</strong></span> <span class='ocrx_word' id='word_1_795' title='bbox 3351 3289 3368 3320; x_wconf 77' lang='grc' dir='ltr'><strong>ι</strong></span> <span class='ocrx_word' id='word_1_796' title='bbox 3407 3270 3499 3325; x_wconf 86' lang='lat' dir='ltr'><strong>Sic</strong></span> <span class='ocrx_word' id='word_1_797' title='bbox 3581 3323 3586 3326; x_wconf 89' lang='lat'><strong>.</strong></span> 
     </span>
    </p>
   </div>
   <div class='ocr_carea' id='block_1_95' title="bbox 1922 3351 3498 3425">
    <p class='ocr_par' dir='ltr' id='par_1_95' title="bbox 1922 3351 3498 3425">
     <span class='ocr_line' id='line_1_95' title="bbox 1922 3351 3498 3425; baseline 0.006 -22"><span class='ocrx_word' id='word_1_798' title='bbox 1922 3351 2069 3404; x_wconf 91' lang='lat' dir='ltr'><strong>enim</strong></span> <span class='ocrx_word' id='word_1_799' title='bbox 2117 3361 2167 3406; x_wconf 89' lang='lat' dir='ltr'><strong>ct</strong></span> <span class='ocrx_word' id='word_1_800' title='bbox 2204 3351 2366 3408; x_wconf 90' lang='lat' dir='ltr'><strong>Pater</strong></span> <span class='ocrx_word' id='word_1_801' title='bbox 2399 3355 2561 3418; x_wconf 81' lang='lat' dir='ltr'><strong>Deus,</strong></span> <span class='ocrx_word' id='word_1_802' title='bbox 2593 3364 2648 3409; x_wconf 88' lang='lat' dir='ltr'><strong>et</strong></span> <span class='ocrx_word' id='word_1_803' title='bbox 2677 3355 2869 3418; x_wconf 78' lang='lat' dir='ltr'><strong>Filius,</strong></span> <span class='ocrx_word' id='word_1_804' title='bbox 2899 3364 2955 3409; x_wconf 88' lang='lat' dir='ltr'><strong>et</strong></span> <span class='ocrx_word' id='word_1_805' title='bbox 2998 3355 3234 3425; x_wconf 89' lang='lat' dir='ltr'><strong>Spiritus</strong></span> <span class='ocrx_word' id='word_1_806' title='bbox 3273 3369 3498 3413; x_wconf 75' lang='lat' dir='ltr'><strong>sumtus</strong></span> 
     </span>
    </p>
   </div>
   <div class='ocr_carea' id='block_1_96' title="bbox 1922 3438 3494 3506">
    <p class='ocr_par' dir='ltr' id='par_1_96' title="bbox 1922 3438 3494 3506">
     <span class='ocr_line' id='line_1_96' title="bbox 1922 3438 3494 3506; baseline 0.006 -13"><span class='ocrx_word' id='word_1_807' title='bbox 1922 3438 2086 3506; x_wconf 87' lang='lat' dir='ltr'><strong>Deus,</strong></span> <span class='ocrx_word' id='word_1_808' title='bbox 2146 3451 2202 3496; x_wconf 90' lang='lat' dir='ltr'><strong>et</strong></span> <span class='ocrx_word' id='word_1_809' title='bbox 2251 3444 2413 3497; x_wconf 89' lang='lat' dir='ltr'><strong>simul</strong></span> <span class='ocrx_word' id='word_1_810' title='bbox 2469 3459 2660 3498; x_wconf 91' lang='lat' dir='ltr'><strong>omnes</strong></span> <span class='ocrx_word' id='word_1_811' title='bbox 2691 3461 2834 3500; x_wconf 90' lang='lat' dir='ltr'><strong>unus</strong></span> <span class='ocrx_word' id='word_1_812' title='bbox 2872 3446 3034 3501; x_wconf 90' lang='lat' dir='ltr'><strong>Dens.</strong></span> <span class='ocrx_word' id='word_1_813' title='bbox 3081 3447 3146 3502; x_wconf 85' lang='lat' dir='ltr'><strong>Et</strong></span> <span class='ocrx_word' id='word_1_814' title='bbox 3175 3457 3353 3502; x_wconf 88' lang='lat' dir='ltr'><strong>tamen</strong></span> <span class='ocrx_word' id='word_1_815' title='bbox 3388 3467 3494 3503; x_wconf 87' lang='lat' dir='ltr'><strong>non</strong></span> 
     </span>
    </p>
   </div>
   <div class='ocr_carea' id='block_1_97' title="bbox 1919 3532 3498 3595">
    <p class='ocr_par' dir='ltr' id='par_1_97' title="bbox 1919 3532 3498 3595">
     <span class='ocr_line' id='line_1_97' title="bbox 1919 3532 3498 3595; baseline 0.006 -9"><span class='ocrx_word' id='word_1_816' title='bbox 1919 3532 2121 3588; x_wconf 82' lang='lat' dir='ltr'><strong>frustra</strong></span> <span class='ocrx_word' id='word_1_817' title='bbox 2173 3537 2225 3590; x_wconf 92' lang='lat' dir='ltr'><strong>in</strong></span> <span class='ocrx_word' id='word_1_818' title='bbox 2263 3535 2366 3590; x_wconf 89' lang='lat' dir='ltr'><strong>hac</strong></span> <span class='ocrx_word' id='word_1_819' title='bbox 2414 3535 2684 3592; x_wconf 86' lang='lat' dir='ltr'><strong>Triuitatc</strong></span> <span class='ocrx_word' id='word_1_820' title='bbox 2738 3551 2844 3592; x_wconf 87' lang='lat' dir='ltr'><strong>non</strong></span> <span class='ocrx_word' id='word_1_821' title='bbox 2891 3538 3091 3594; x_wconf 88' lang='lat' dir='ltr'><strong>dicitur</strong></span> <span class='ocrx_word' id='word_1_822' title='bbox 3125 3539 3358 3594; x_wconf 85' lang='lat' dir='ltr'><strong>Verbum</strong></span> <span class='ocrx_word' id='word_1_823' title='bbox 3400 3541 3498 3595; x_wconf 72' lang='lat' dir='ltr'><strong>Dei</strong></span> 
     </span>
    </p>
   </div>
   <div class='ocr_carea' id='block_1_98' title="bbox 1921 3623 3496 3699">
    <p class='ocr_par' dir='ltr' id='par_1_98' title="bbox 1921 3623 3496 3699">
     <span class='ocr_line' id='line_1_98' title="bbox 1921 3623 3496 3699; baseline 0.002 -20"><span class='ocrx_word' id='word_1_824' title='bbox 1921 3624 2025 3679; x_wconf 88' lang='lat' dir='ltr'><strong>nisi</strong></span> <span class='ocrx_word' id='word_1_825' title='bbox 2068 3623 2263 3688; x_wconf 73' lang='lat' dir='ltr'><strong>Filius,</strong></span> <span class='ocrx_word' id='word_1_826' title='bbox 2304 3641 2403 3680; x_wconf 90' lang='lat' dir='ltr'><strong>nec</strong></span> <span class='ocrx_word' id='word_1_827' title='bbox 2441 3627 2645 3682; x_wconf 90' lang='lat' dir='ltr'><strong>donum</strong></span> <span class='ocrx_word' id='word_1_828' title='bbox 2687 3627 2806 3693; x_wconf 84' lang='lat' dir='ltr'><strong>Dei,</strong></span> <span class='ocrx_word' id='word_1_829' title='bbox 2841 3629 2943 3682; x_wconf 77' lang='lat' dir='ltr'><strong>nisi</strong></span> <span class='ocrx_word' id='word_1_830' title='bbox 2978 3628 3218 3699; x_wconf 88' lang='lat' dir='ltr'><strong>Spiritus</strong></span> <span class='ocrx_word' id='word_1_831' title='bbox 3253 3642 3496 3694; x_wconf 72' lang='lat' dir='ltr'><strong>Sttltt&#39;ttts,</strong></span> 
     </span>
    </p>
   </div>
   <div class='ocr_carea' id='block_1_99' title="bbox 1921 3718 3495 3792">
    <p class='ocr_par' dir='ltr' id='par_1_99' title="bbox 1921 3718 3495 3792">
     <span class='ocr_line' id='line_1_99' title="bbox 1921 3718 3495 3792; baseline 0.004 -22"><span class='ocrx_word' id='word_1_832' title='bbox 1921 3732 2021 3772; x_wconf 88' lang='lat' dir='ltr'><strong>nec</strong></span> <span class='ocrx_word' id='word_1_833' title='bbox 2051 3719 2120 3772; x_wconf 91' lang='lat' dir='ltr'><strong>de</strong></span> <span class='ocrx_word' id='word_1_834' title='bbox 2139 3733 2248 3787; x_wconf 87' lang='lat' dir='ltr'><strong>quo</strong></span> <span class='ocrx_word' id='word_1_835' title='bbox 2274 3718 2520 3788; x_wconf 78' lang='lat' dir='ltr'><strong>genitum</strong></span> <span class='ocrx_word' id='word_1_836' title='bbox 2551 3732 2633 3774; x_wconf 80' lang='lat' dir='ltr'><strong>cst</strong></span> <span class='ocrx_word' id='word_1_837' title='bbox 2660 3721 2914 3785; x_wconf 81' lang='lat' dir='ltr'><strong>Verbum,</strong></span> <span class='ocrx_word' id='word_1_838' title='bbox 2938 3722 3074 3775; x_wconf 89' lang='lat' dir='ltr'><strong>etde</strong></span> <span class='ocrx_word' id='word_1_839' title='bbox 3105 3730 3222 3791; x_wconf 89' lang='lat' dir='ltr'><strong>quo’</strong></span> <span class='ocrx_word' id='word_1_840' title='bbox 3246 3726 3495 3792; x_wconf 72' lang='lat' dir='ltr'><strong>procedit</strong></span> 
     </span>
    </p>
   </div>
   <div class='ocr_carea' id='block_1_100' title="bbox 1916 3810 3488 3889">
    <p class='ocr_par' dir='ltr' id='par_1_100' title="bbox 1916 3810 3488 3889">
     <span class='ocr_line' id='line_1_100' title="bbox 1916 3810 3488 3889; baseline 0.004 -28"><span class='ocrx_word' id='word_1_841' title='bbox 1916 3810 2294 3889; x_wconf 78' lang='lat' dir='ltr'><strong>principaliter</strong></span> <span class='ocrx_word' id='word_1_842' title='bbox 2350 3810 2585 3878; x_wconf 89' lang='lat' dir='ltr'><strong>Spiritus</strong></span> <span class='ocrx_word' id='word_1_843' title='bbox 2637 3822 2879 3875; x_wconf 89' lang='lat' dir='ltr'><strong>sanctus,</strong></span> <span class='ocrx_word' id='word_1_844' title='bbox 2943 3815 3044 3869; x_wconf 89' lang='lat' dir='ltr'><strong>nisi</strong></span> <span class='ocrx_word' id='word_1_845' title='bbox 3113 3815 3254 3868; x_wconf 82' lang='lat' dir='ltr'><strong>Deus</strong></span> <span class='ocrx_word' id='word_1_846' title='bbox 3310 3815 3488 3869; x_wconf 72' lang='grc' dir='ltr'>ΡςιΙ-ιξι.</span> 
     </span>
    </p>
   </div>
   <div class='ocr_carea' id='block_1_101' title="bbox 1919 3901 3493 3975">
    <p class='ocr_par' dir='ltr' id='par_1_101' title="bbox 1919 3901 3493 3975">
     <span class='ocr_line' id='line_1_101' title="bbox 1919 3901 3493 3975; baseline 0.004 -21"><span class='ocrx_word' id='word_1_847' title='bbox 1919 3901 2046 3956; x_wconf 85' lang='lat' dir='ltr'><strong>Ideo</strong></span> <span class='ocrx_word' id='word_1_848' title='bbox 2072 3912 2254 3956; x_wconf 89' lang='lat' dir='ltr'><strong>autem</strong></span> <span class='ocrx_word' id='word_1_849' title='bbox 2292 3902 2474 3956; x_wconf 91' lang='lat' dir='ltr'><strong>addidi</strong></span> <span class='ocrx_word' id='word_1_850' title='bbox 2523 3919 2542 3952; x_wconf 79' lang='grc' dir='ltr'><strong>ι</strong></span> <span class='ocrx_word' id='word_1_851' title='bbox 2571 3905 2946 3973; x_wconf 83' lang='lat' dir='ltr'><strong>principaliter</strong></span> <span class='ocrx_word' id='word_1_852' title='bbox 2966 3923 2984 3957; x_wconf 64' lang='grc' dir='ltr'><strong>ι</strong></span> <span class='ocrx_word' id='word_1_853' title='bbox 3017 3907 3142 3975; x_wconf 90' lang='lat' dir='ltr'><strong>quia</strong></span> <span class='ocrx_word' id='word_1_854' title='bbox 3172 3918 3228 3961; x_wconf 89' lang='lat' dir='ltr'><strong>ct</strong></span> <span class='ocrx_word' id='word_1_855' title='bbox 3255 3907 3321 3960; x_wconf 82' lang='lat' dir='ltr'><strong>dc</strong></span> <span class='ocrx_word' id='word_1_856' title='bbox 3356 3908 3493 3960; x_wconf 77' lang='lat' dir='ltr'><strong>Filio</strong></span> 
     </span>
    </p>
   </div>
   <div class='ocr_carea' id='block_1_102' title="bbox 1917 3997 3494 4068">
    <p class='ocr_par' dir='ltr' id='par_1_102' title="bbox 1917 3997 3494 4068">
     <span class='ocr_line' id='line_1_102' title="bbox 1917 3997 3494 4068; baseline 0.002 -17"><span class='ocrx_word' id='word_1_857' title='bbox 1917 3997 2157 4067; x_wconf 89' lang='lat' dir='ltr'><strong>Spiritus</strong></span> <span class='ocrx_word' id='word_1_858' title='bbox 2213 4006 2435 4052; x_wconf 88' lang='lat' dir='ltr'><strong>sanctus</strong></span> <span class='ocrx_word' id='word_1_859' title='bbox 2491 3999 2796 4067; x_wconf 79' lang='lat' dir='ltr'><strong>procedere</strong></span> <span class='ocrx_word' id='word_1_860' title='bbox 2857 4001 3152 4068; x_wconf 86' lang='lat' dir='ltr'><strong>reperitur.</strong></span> <span class='ocrx_word' id='word_1_861' title='bbox 3219 4001 3325 4056; x_wconf 88' lang='lat' dir='ltr'><strong>Sed</strong></span> <span class='ocrx_word' id='word_1_862' title='bbox 3391 4003 3494 4055; x_wconf 84' lang='lat' dir='ltr'><strong>hoc</strong></span> 
     </span>
    </p>
   </div>
   <div class='ocr_carea' id='block_1_103' title="bbox 1915 4088 3490 4159">
    <p class='ocr_par' dir='ltr' id='par_1_103' title="bbox 1915 4088 3490 4159">
     <span class='ocr_line' id='line_1_103' title="bbox 1915 4088 3490 4159; baseline 0.003 -17"><span class='ocrx_word' id='word_1_863' title='bbox 1915 4089 2219 4158; x_wconf 85' lang='lat' dir='ltr'><strong>quoqueilli</strong></span> <span class='ocrx_word' id='word_1_864' title='bbox 2251 4088 2408 4144; x_wconf 87' lang='lat' dir='ltr'><strong>Pater</strong></span> <span class='ocrx_word' id='word_1_865' title='bbox 2429 4089 2582 4144; x_wconf 80' lang='lat' dir='ltr'><strong>dedit</strong></span> <span class='ocrx_word' id='word_1_866' title='bbox 2600 4103 2710 4143; x_wconf 89' lang='lat' dir='ltr'><strong>n0u</strong></span> <span class='ocrx_word' id='word_1_867' title='bbox 2733 4091 2841 4159; x_wconf 85' lang='lat' dir='ltr'><strong>jam</strong></span> <span class='ocrx_word' id='word_1_868' title='bbox 2867 4092 3153 4145; x_wconf 77' lang='lat' dir='ltr'><strong>exsislcnti</strong></span> <span class='ocrx_word' id='word_1_869' title='bbox 3176 4095 3490 4148; x_wconf 83' lang='lat' dir='ltr'><strong>ctnonduin</strong></span> 
     </span>
    </p>
   </div>
   <div class='ocr_carea' id='block_1_104' title="bbox 1917 4180 3495 4253">
    <p class='ocr_par' dir='ltr' id='par_1_104' title="bbox 1917 4180 3495 4253">
     <span class='ocr_line' id='line_1_104' title="bbox 1917 4180 3495 4253; baseline 0.003 -19"><span class='ocrx_word' id='word_1_870' title='bbox 1917 4180 2174 4245; x_wconf 85' lang='lat' dir='ltr'><strong>habenti;</strong></span> <span class='ocrx_word' id='word_1_871' title='bbox 2237 4180 2331 4234; x_wconf 89' lang='lat' dir='ltr'><strong>scd</strong></span> <span class='ocrx_word' id='word_1_872' title='bbox 2367 4181 2629 4250; x_wconf 86' lang='lat' dir='ltr'><strong>quidquid</strong></span> <span class='ocrx_word' id='word_1_873' title='bbox 2664 4183 2948 4250; x_wconf 76' lang='lat' dir='ltr'><strong>unigenito</strong></span> <span class='ocrx_word' id='word_1_874' title='bbox 2977 4180 3152 4238; x_wconf 86' lang='lat' dir='ltr'><strong>Verbo</strong></span> <span class='ocrx_word' id='word_1_875' title='bbox 3193 4185 3365 4247; x_wconf 81' lang='lat' dir='ltr'><strong>dedit,</strong></span> <span class='ocrx_word' id='word_1_876' title='bbox 3415 4188 3495 4253; x_wconf 35' lang='lat' dir='ltr'><strong>gis</strong></span> 
     </span>
    </p>
   </div>
   <div class='ocr_carea' id='block_1_105' title="bbox 1915 4273 3489 4344">
    <p class='ocr_par' dir='ltr' id='par_1_105' title="bbox 1915 4273 3489 4344">
     <span class='ocr_line' id='line_1_105' title="bbox 1915 4273 3489 4344; baseline 0.003 -18"><span class='ocrx_word' id='word_1_877' title='bbox 1915 4274 2134 4340; x_wconf 69' lang='lat' dir='ltr'><strong>gnendo</strong></span> <span class='ocrx_word' id='word_1_878' title='bbox 2179 4273 2352 4331; x_wconf 88' lang='lat' dir='ltr'><strong>dedit.</strong></span> <span class='ocrx_word' id='word_1_879' title='bbox 2413 4273 2506 4329; x_wconf 89' lang='lat' dir='ltr'><strong>Sic</strong></span> <span class='ocrx_word' id='word_1_880' title='bbox 2551 4289 2682 4344; x_wconf 78' lang='lat' dir='ltr'><strong>ergo</strong></span> <span class='ocrx_word' id='word_1_881' title='bbox 2717 4289 2840 4329; x_wconf 89' lang='lat' dir='ltr'><strong>cum</strong></span> <span class='ocrx_word' id='word_1_882' title='bbox 2870 4275 3081 4343; x_wconf 78' lang='lat' dir='ltr'><strong>genuit,</strong></span> <span class='ocrx_word' id='word_1_883' title='bbox 3119 4285 3176 4329; x_wconf 92' lang='lat' dir='ltr'><strong>ut</strong></span> <span class='ocrx_word' id='word_1_884' title='bbox 3223 4277 3386 4331; x_wconf 86' lang='lat' dir='ltr'><strong>etiam</strong></span> <span class='ocrx_word' id='word_1_885' title='bbox 3421 4283 3489 4330; x_wconf 68' lang='lat' dir='ltr'><strong>«te</strong></span> 
     </span>
    </p>
   </div>
   <div class='ocr_carea' id='block_1_106' title="bbox 1915 4365 3486 4438">
    <p class='ocr_par' dir='ltr' id='par_1_106' title="bbox 1915 4365 3486 4438">
     <span class='ocr_line' id='line_1_106' title="bbox 1915 4365 3486 4438; baseline 0.002 -19"><span class='ocrx_word' id='word_1_886' title='bbox 1915 4365 2006 4419; x_wconf 91' lang='lat' dir='ltr'><strong>illo</strong></span> <span class='ocrx_word' id='word_1_887' title='bbox 2036 4365 2240 4419; x_wconf 88' lang='lat' dir='ltr'><strong>donum</strong></span> <span class='ocrx_word' id='word_1_888' title='bbox 2273 4379 2566 4420; x_wconf 89' lang='lat' dir='ltr'><strong>commune</strong></span> <span class='ocrx_word' id='word_1_889' title='bbox 2628 4366 3058 4436; x_wconf 83' lang='lat' dir='ltr'><strong>proccderct,’et</strong></span> <span class='ocrx_word' id='word_1_890' title='bbox 3090 4366 3329 4438; x_wconf 88' lang='lat' dir='ltr'><strong>Spiritus</strong></span> <span class='ocrx_word' id='word_1_891' title='bbox 3358 4384 3486 4423; x_wconf 78' lang='lat' dir='ltr'><strong>san-</strong></span> 
     </span>
    </p>
   </div>
   <div class='ocr_carea' id='block_1_107' title="bbox 1911 4447 3485 4528">
    <p class='ocr_par' dir='ltr' id='par_1_107' title="bbox 1911 4447 3485 4528">
     <span class='ocr_line' id='line_1_107' title="bbox 1911 4447 3485 4528; baseline -0.002 -16"><span class='ocrx_word' id='word_1_892' title='bbox 1911 4467 2030 4512; x_wconf 88' lang='lat' dir='ltr'><strong>ctus</strong></span> <span class='ocrx_word' id='word_1_893' title='bbox 2083 4447 2313 4526; x_wconf 74' lang='lat' dir='ltr'><strong>spiritus</strong></span> <span class='ocrx_word' id='word_1_894' title='bbox 2365 4465 2510 4512; x_wconf 88' lang='lat' dir='ltr'><strong>esset</strong></span> <span class='ocrx_word' id='word_1_895' title='bbox 2573 4458 2877 4512; x_wconf 86' lang='lat' dir='ltr'><strong>amborum.</strong></span> <span class='ocrx_word' id='word_1_896' title='bbox 2917 4475 2936 4510; x_wconf 76' lang='grc' dir='ltr'><strong>ι</strong></span> <span class='ocrx_word' id='word_1_897' title='bbox 3003 4459 3150 4513; x_wconf 87' lang='lat' dir='ltr'><strong>ldcm</strong></span> <span class='ocrx_word' id='word_1_898' title='bbox 3197 4460 3374 4528; x_wconf 86' lang='lat' dir='ltr'><strong>capite</strong></span> <span class='ocrx_word' id='word_1_899' title='bbox 3414 4461 3485 4513; x_wconf 71' lang='lat'><strong>‘26</strong></span> 
     </span>
    </p>
   </div>
   <div class='ocr_carea' id='block_1_108' title="bbox 1911 4541 3482 4622">
    <p class='ocr_par' dir='ltr' id='par_1_108' title="bbox 1911 4541 3482 4622">
     <span class='ocr_line' id='line_1_108' title="bbox 1911 4541 3482 4622; baseline 0 -15"><span class='ocrx_word' id='word_1_900' title='bbox 1911 4541 2153 4622; x_wconf 60' lang='lat' dir='ltr'><strong>ejusdimt</strong></span> <span class='ocrx_word' id='word_1_901' title='bbox 2183 4550 2325 4615; x_wconf 85' lang='lat' dir='ltr'><strong>libri,</strong></span> <span class='ocrx_word' id='word_1_902' title='bbox 2354 4551 2493 4620; x_wconf 90' lang='lat' dir='ltr'><strong>quod</strong></span> <span class='ocrx_word' id='word_1_903' title='bbox 2523 4551 2714 4617; x_wconf 83' lang='lat' dir='ltr'><strong>incipit</strong></span> <span class='ocrx_word' id='word_1_904' title='bbox 2744 4569 2758 4604; x_wconf 91' lang='lat'><strong>:</strong></span> <span class='ocrx_word' id='word_1_905' title='bbox 2791 4569 2809 4601; x_wconf 77' lang='grc' dir='ltr'><strong>ι</strong></span> <span class='ocrx_word' id='word_1_906' title='bbox 2838 4551 3042 4606; x_wconf 86' lang='lat' dir='ltr'><strong>Deinde</strong></span> <span class='ocrx_word' id='word_1_907' title='bbox 3071 4551 3124 4605; x_wconf 92' lang='lat' dir='ltr'><strong>in</strong></span> <span class='ocrx_word' id='word_1_908' title='bbox 3163 4552 3249 4605; x_wconf 89' lang='lat' dir='ltr'><strong>illa</strong></span> <span class='ocrx_word' id='word_1_909' title='bbox 3272 4569 3482 4607; x_wconf 77' lang='lat' dir='ltr'><strong>summa</strong></span> 
     </span>
    </p>
   </div>
   <div class='ocr_carea' id='block_1_109' title="bbox 1910 4642 3487 4714">
    <p class='ocr_par' dir='ltr' id='par_1_109' title="bbox 1910 4642 3487 4714">
     <span class='ocr_line' id='line_1_109' title="bbox 1910 4642 3487 4714; baseline 0.001 -16"><span class='ocrx_word' id='word_1_910' title='bbox 1910 4644 2199 4710; x_wconf 84' lang='lat' dir='ltr'><strong>Trinitate,</strong></span> <span class='ocrx_word' id='word_1_911' title='bbox 2230 4663 2247 4695; x_wconf 77' lang='grc' dir='ltr'><strong>ι</strong></span> <span class='ocrx_word' id='word_1_912' title='bbox 2288 4643 2366 4698; x_wconf 92' lang='lat' dir='ltr'><strong>sic</strong></span> <span class='ocrx_word' id='word_1_913' title='bbox 2401 4645 2478 4698; x_wconf 87' lang='lat' dir='ltr'><strong>ait</strong></span> <span class='ocrx_word' id='word_1_914' title='bbox 2511 4661 2526 4696; x_wconf 90' lang='lat'><strong>:</strong></span> <span class='ocrx_word' id='word_1_915' title='bbox 2566 4663 2583 4694; x_wconf 78' lang='grc' dir='ltr'><strong>ι</strong></span> <span class='ocrx_word' id='word_1_916' title='bbox 2609 4642 2952 4713; x_wconf 84' lang='lat' dir='ltr'><strong>Quapropter</strong></span> <span class='ocrx_word' id='word_1_917' title='bbox 2981 4646 3073 4714; x_wconf 92' lang='lat' dir='ltr'><strong>qui</strong></span> <span class='ocrx_word' id='word_1_918' title='bbox 3113 4655 3292 4714; x_wconf 88' lang='lat' dir='ltr'><strong>potest</strong></span> <span class='ocrx_word' id='word_1_919' title='bbox 3324 4647 3487 4700; x_wconf 82' lang='lat' dir='ltr'><strong>intol-</strong></span> 
     </span>
    </p>
   </div>
   <div class='ocr_carea' id='block_1_110' title="bbox 1913 4735 3482 4806">
    <p class='ocr_par' dir='ltr' id='par_1_110' title="bbox 1913 4735 3482 4806">
     <span class='ocr_line' id='line_1_110' title="bbox 1913 4735 3482 4806; baseline 0.003 -17"><span class='ocrx_word' id='word_1_920' title='bbox 1913 4735 2078 4806; x_wconf 62' lang='lat' dir='ltr'><strong>ligerc</strong></span> <span class='ocrx_word' id='word_1_921' title='bbox 2126 4737 2244 4790; x_wconf 88' lang='lat' dir='ltr'><strong>sine</strong></span> <span class='ocrx_word' id='word_1_922' title='bbox 2297 4745 2542 4804; x_wconf 88' lang='lat' dir='ltr'><strong>tempore</strong></span> <span class='ocrx_word' id='word_1_923' title='bbox 2581 4735 2990 4802; x_wconf 72' lang='lat' dir='ltr'><strong>generationem</strong></span> <span class='ocrx_word' id='word_1_924' title='bbox 3022 4735 3142 4791; x_wconf 85' lang='lat' dir='ltr'><strong>Filii</strong></span> <span class='ocrx_word' id='word_1_925' title='bbox 3200 4739 3267 4792; x_wconf 91' lang='lat' dir='ltr'><strong>de</strong></span> <span class='ocrx_word' id='word_1_926' title='bbox 3297 4739 3482 4801; x_wconf 87' lang='lat' dir='ltr'><strong>Patre.</strong></span> 
     </span>
    </p>
   </div>
   <div class='ocr_carea' id='block_1_111' title="bbox 1910 4825 3484 4900">
    <p class='ocr_par' dir='ltr' id='par_1_111' title="bbox 1910 4825 3484 4900">
     <span class='ocr_line' id='line_1_111' title="bbox 1910 4825 3484 4900; baseline 0.002 -19"><span class='ocrx_word' id='word_1_927' title='bbox 1910 4826 2175 4896; x_wconf 83' lang='lat' dir='ltr'><strong>intelligat</strong></span> <span class='ocrx_word' id='word_1_928' title='bbox 2241 4825 2362 4880; x_wconf 87' lang='lat' dir='ltr'><strong>sine</strong></span> <span class='ocrx_word' id='word_1_929' title='bbox 2432 4836 2679 4894; x_wconf 87' lang='lat' dir='ltr'><strong>tempore</strong></span> <span class='ocrx_word' id='word_1_930' title='bbox 2756 4828 3159 4895; x_wconf 75' lang='lat' dir='ltr'><strong>processit)an</strong></span> <span class='ocrx_word' id='word_1_931' title='bbox 3245 4831 3484 4900; x_wconf 88' lang='lat' dir='ltr'><strong>Spiritus</strong></span> 
     </span>
    </p>
   </div>
   <div class='ocr_carea' id='block_1_112' title="bbox 1909 4917 3480 4990">
    <p class='ocr_par' dir='ltr' id='par_1_112' title="bbox 1909 4917 3480 4990">
     <span class='ocr_line' id='line_1_112' title="bbox 1909 4917 3480 4990; baseline 0.001 -18"><span class='ocrx_word' id='word_1_932' title='bbox 1909 4917 2082 4972; x_wconf 88' lang='lat' dir='ltr'><strong>sancti</strong></span> <span class='ocrx_word' id='word_1_933' title='bbox 2155 4918 2223 4971; x_wconf 87' lang='lat' dir='ltr'><strong>de</strong></span> <span class='ocrx_word' id='word_1_934' title='bbox 2251 4926 2505 4986; x_wconf 81' lang='lat' dir='ltr'><strong>utroque.</strong></span> <span class='ocrx_word' id='word_1_935' title='bbox 2543 4917 2605 4970; x_wconf 89' lang='lat' dir='ltr'><strong>Et</strong></span> <span class='ocrx_word' id='word_1_936' title='bbox 2635 4920 2726 4988; x_wconf 90' lang='lat' dir='ltr'><strong>qui</strong></span> <span class='ocrx_word' id='word_1_937' title='bbox 2761 4930 2940 4990; x_wconf 83' lang='lat' dir='ltr'><strong>potest</strong></span> <span class='ocrx_word' id='word_1_938' title='bbox 2973 4921 3274 4989; x_wconf 77' lang='lat' dir='ltr'><strong>intelligere</strong></span> <span class='ocrx_word' id='word_1_939' title='bbox 3307 4923 3358 4975; x_wconf 87' lang='lat' dir='ltr'><strong>in</strong></span> <span class='ocrx_word' id='word_1_940' title='bbox 3391 4940 3480 4983; x_wconf 85' lang='lat' dir='ltr'><strong>co,</strong></span> 
     </span>
    </p>
   </div>
   <div class='ocr_carea' id='block_1_113' title="bbox 1907 5007 3483 5077">
    <p class='ocr_par' dir='ltr' id='par_1_113' title="bbox 1907 5007 3483 5077">
     <span class='ocr_line' id='line_1_113' title="bbox 1907 5007 3483 5077; baseline 0.003 -18"><span class='ocrx_word' id='word_1_941' title='bbox 1907 5011 2054 5077; x_wconf 89' lang='lat' dir='ltr'><strong>quod</strong></span> <span class='ocrx_word' id='word_1_942' title='bbox 2086 5009 2160 5062; x_wconf 90' lang='lat' dir='ltr'><strong>ait</strong></span> <span class='ocrx_word' id='word_1_943' title='bbox 2191 5007 2381 5073; x_wconf 84' lang='lat' dir='ltr'><strong>Filius,</strong></span> <span class='ocrx_word' id='word_1_944' title='bbox 2410 5007 2595 5063; x_wconf 68' lang='lat' dir='ltr'><strong>«Sicut</strong></span> <span class='ocrx_word' id='word_1_945' title='bbox 2621 5008 2780 5063; x_wconf 79' lang='lat' dir='ltr'><strong>Pater</strong></span> <span class='ocrx_word' id='word_1_946' title='bbox 2812 5010 2976 5064; x_wconf 79' lang='lat' dir='ltr'><strong>liabet</strong></span> <span class='ocrx_word' id='word_1_947' title='bbox 2998 5011 3158 5062; x_wconf 77' lang='lat' dir='ltr'><strong>vitam</strong></span> <span class='ocrx_word' id='word_1_948' title='bbox 3190 5011 3242 5062; x_wconf 92' lang='lat' dir='ltr'><strong>in</strong></span> <span class='ocrx_word' id='word_1_949' title='bbox 3280 5023 3483 5064; x_wconf 59' lang='grc' dir='ltr'>εμπιρι-</span> 
     </span>
    </p>
   </div>
   <div class='ocr_carea' id='block_1_114' title="bbox 1908 5084 3475 5170">
    <p class='ocr_par' dir='ltr' id='par_1_114' title="bbox 1908 5084 3475 5170">
     <span class='ocr_line' id='line_1_114' title="bbox 1908 5084 3475 5170; baseline -0.001 -16"><span class='ocrx_word' id='word_1_950' title='bbox 1908 5101 2046 5170; x_wconf 89' lang='lat' dir='ltr'><strong>ipso,</strong></span> <span class='ocrx_word' id='word_1_951' title='bbox 2097 5101 2176 5154; x_wconf 89' lang='lat' dir='ltr'><strong>sic</strong></span> <span class='ocrx_word' id='word_1_952' title='bbox 2209 5101 2357 5155; x_wconf 82' lang='lat' dir='ltr'><strong>dedit</strong></span> <span class='ocrx_word' id='word_1_953' title='bbox 2389 5100 2524 5155; x_wconf 86' lang='lat' dir='ltr'><strong>Filio</strong></span> <span class='ocrx_word' id='word_1_954' title='bbox 2559 5102 2731 5155; x_wconf 76' lang='lat' dir='ltr'><strong>vitam</strong></span> <span class='ocrx_word' id='word_1_955' title='bbox 2761 5103 2962 5155; x_wconf 84' lang='lat' dir='ltr'><strong>habere</strong></span> <span class='ocrx_word' id='word_1_956' title='bbox 2994 5101 3048 5154; x_wconf 91' lang='lat' dir='ltr'><strong>in</strong></span> <span class='ocrx_word' id='word_1_957' title='bbox 3101 5084 3423 5170; x_wconf 73' lang='lat' dir='ltr'><strong>semetipso,</strong></span> <span class='ocrx_word' id='word_1_958' title='bbox 3459 5123 3475 5152; x_wconf 76' lang='grc' dir='ltr'><strong>ι</strong></span> 
     </span>
    </p>
   </div>
   <div class='ocr_carea' id='block_1_115' title="bbox 1910 5191 3478 5261">
    <p class='ocr_par' dir='ltr' id='par_1_115' title="bbox 1910 5191 3478 5261">
     <span class='ocr_line' id='line_1_115' title="bbox 1910 5191 3478 5261; baseline -0.004 -14"><span class='ocrx_word' id='word_1_959' title='bbox 1910 5209 2020 5247; x_wconf 88' lang='lat' dir='ltr'><strong>non</strong></span> <span class='ocrx_word' id='word_1_960' title='bbox 2081 5193 2200 5247; x_wconf 88' lang='lat' dir='ltr'><strong>sine</strong></span> <span class='ocrx_word' id='word_1_961' title='bbox 2255 5194 2365 5247; x_wconf 85' lang='lat' dir='ltr'><strong>vita</strong></span> <span class='ocrx_word' id='word_1_962' title='bbox 2421 5194 2705 5248; x_wconf 83' lang='lat' dir='ltr'><strong>exsistenti</strong></span> <span class='ocrx_word' id='word_1_963' title='bbox 2736 5191 2843 5261; x_wconf 84' lang='lat' dir='ltr'><strong>jam</strong></span> <span class='ocrx_word' id='word_1_964' title='bbox 2876 5191 3036 5257; x_wconf 83' lang='lat' dir='ltr'><strong>Filio,</strong></span> <span class='ocrx_word' id='word_1_965' title='bbox 3066 5192 3230 5245; x_wconf 74' lang='lat' dir='ltr'><strong>vitam</strong></span> <span class='ocrx_word' id='word_1_966' title='bbox 3263 5192 3478 5246; x_wconf 83' lang='lat' dir='ltr'><strong>Patrem</strong></span> 
     </span>
    </p>
   </div>
   <div class='ocr_carea' id='block_1_116' title="bbox 1911 5283 3478 5352">
    <p class='ocr_par' dir='ltr' id='par_1_116' title="bbox 1911 5283 3478 5352">
     <span class='ocr_line' id='line_1_116' title="bbox 1911 5283 3478 5352; baseline -0.003 -11"><span class='ocrx_word' id='word_1_967' title='bbox 1911 5287 2128 5341; x_wconf 79' lang='lat' dir='ltr'><strong>dedisse</strong></span> <span class='ocrx_word' id='word_1_968' title='bbox 2161 5304 2175 5341; x_wconf 90' lang='lat'><strong>:</strong></span> <span class='ocrx_word' id='word_1_969' title='bbox 2237 5286 2332 5340; x_wconf 83' lang='lat' dir='ltr'><strong>sed</strong></span> <span class='ocrx_word' id='word_1_970' title='bbox 2392 5287 2461 5339; x_wconf 91' lang='lat' dir='ltr'><strong>ita</strong></span> <span class='ocrx_word' id='word_1_971' title='bbox 2493 5300 2618 5338; x_wconf 89' lang='lat' dir='ltr'><strong>eum</strong></span> <span class='ocrx_word' id='word_1_972' title='bbox 2671 5285 2789 5337; x_wconf 89' lang='lat' dir='ltr'><strong>sine</strong></span> <span class='ocrx_word' id='word_1_973' title='bbox 2823 5293 3062 5352; x_wconf 83' lang='lat' dir='ltr'><strong>tempore</strong></span> <span class='ocrx_word' id='word_1_974' title='bbox 3107 5283 3383 5352; x_wconf 80' lang='lat' dir='ltr'><strong>genuisse,</strong></span> <span class='ocrx_word' id='word_1_975' title='bbox 3421 5301 3478 5338; x_wconf 89' lang='lat' dir='ltr'><strong>nt</strong></span> 
     </span>
    </p>
   </div>
   <div class='ocr_carea' id='block_1_117' title="bbox 1913 5371 3475 5446">
    <p class='ocr_par' dir='ltr' id='par_1_117' title="bbox 1913 5371 3475 5446">
     <span class='ocr_line' id='line_1_117' title="bbox 1913 5371 3475 5446; baseline -0.004 -13"><span class='ocrx_word' id='word_1_976' title='bbox 1913 5381 2044 5445; x_wconf 81' lang='lat' dir='ltr'><strong>vita,</strong></span> <span class='ocrx_word' id='word_1_977' title='bbox 2079 5392 2239 5446; x_wconf 82' lang='lat' dir='ltr'><strong>quant</strong></span> <span class='ocrx_word' id='word_1_978' title='bbox 2296 5375 2457 5431; x_wconf 82' lang='lat' dir='ltr'><strong>Pater</strong></span> <span class='ocrx_word' id='word_1_979' title='bbox 2492 5373 2629 5430; x_wconf 80' lang='lat' dir='ltr'><strong>Filio</strong></span> <span class='ocrx_word' id='word_1_980' title='bbox 2673 5371 2942 5442; x_wconf 78' lang='lat' dir='ltr'><strong>gignendo</strong></span> <span class='ocrx_word' id='word_1_981' title='bbox 2990 5371 3160 5436; x_wconf 85' lang='lat' dir='ltr'><strong>dedit,</strong></span> <span class='ocrx_word' id='word_1_982' title='bbox 3205 5382 3475 5426; x_wconf 62' lang='lat' dir='ltr'><strong>comta-rint</strong></span> 
     </span>
    </p>
   </div>
   <div class='ocr_carea' id='block_1_118' title="bbox 1914 5462 3475 5536">
    <p class='ocr_par' dir='ltr' id='par_1_118' title="bbox 1914 5462 3475 5536">
     <span class='ocr_line' id='line_1_118' title="bbox 1914 5462 3475 5536; baseline -0.004 -13"><span class='ocrx_word' id='word_1_983' title='bbox 1914 5470 1983 5524; x_wconf 92' lang='lat' dir='ltr'><strong>sit</strong></span> <span class='ocrx_word' id='word_1_984' title='bbox 2016 5471 2136 5524; x_wconf 75' lang='lat' dir='ltr'><strong>vita:</strong></span> <span class='ocrx_word' id='word_1_985' title='bbox 2171 5466 2348 5522; x_wconf 86' lang='lat' dir='ltr'><strong>Patris</strong></span> <span class='ocrx_word' id='word_1_986' title='bbox 2379 5467 2469 5536; x_wconf 74' lang='lat' dir='ltr'><strong>qui</strong></span> <span class='ocrx_word' id='word_1_987' title='bbox 2514 5466 2680 5530; x_wconf 83' lang='lat' dir='ltr'><strong>dedit,</strong></span> <span class='ocrx_word' id='word_1_988' title='bbox 2719 5465 3008 5534; x_wconf 77' lang='lat' dir='ltr'><strong>intelligat;</strong></span> <span class='ocrx_word' id='word_1_989' title='bbox 3043 5474 3096 5517; x_wconf 88' lang='lat' dir='ltr'><strong>et</strong></span> <span class='ocrx_word' id='word_1_990' title='bbox 3140 5463 3284 5517; x_wconf 90' lang='lat' dir='ltr'><strong>sicut</strong></span> <span class='ocrx_word' id='word_1_991' title='bbox 3313 5462 3475 5519; x_wconf 69' lang='lat' dir='ltr'><strong>Pater</strong></span> 
     </span>
    </p>
   </div>
  </div>
