3978 6204
190 301 325 371 116)

827 309 981 370 PRO
1017 312 1234 373 CONC.
1274 308 1651 373 FLORENT.
1681 314 1838 379 CAP.
1885 317 1929 377 Ι.
1984 300 2082 378 DE
2123 318 2439 382 SI‘lRlTU
2482 322 2795 385 S.—\NCTO.

3302 318 3442 385 ll'ld

182 421 427 490 Πνεῦμα,
487 422 582 475 ἕνα
615 422 750 476 Θεὸν
792 428 1214 498 παντοκράτορα
1264 431 1485 502 ἐξουσίᾳ
1532 434 1629 485 καὶ
1668 434 1767 505 μιᾷ

1879 430 2038 499 Filio.
2097 452 2330 505 quorum
2386 448 2472 493 est
2535 440 2785 509 spiritus.
2820 458 2838 495 ι
2900 442 3043 496 Idem
3090 441 3143 495 in
3191 442 3382 495 eodem
3426 457 3441 492 :

181 519 274 570 καὶ
307 515 558 586 βασιλείᾳ
610 517 704 570 καὶ
757 519 1140 591 μεγαλειότητι
1169 536 1185 551 ⁸
1231 524 1326 577 καὶ
1372 524 1496 577 τότε
1538 525 1630 579 καὶ
1667 525 1761 578 νῦν

179 611 272 662 καὶ
302 609 390 662 ἀεὶ
417 611 700 678 πανταχοῦ
735 610 1114 679 βασιλεύοντα,
1155 616 1358 686 καρδίᾳ
1392 621 1636 672 πιστεύω
1667 622 1762 673 καὶ

181 699 411 769 στόματι
441 700 713 768 όμολογῶ,
746 702 841 756 καὶ
885 703 1098 778 διανοίᾳ
1132 706 1293 775 φιλῶ.
1335 726 1354 759 ι
1402 707 1462 762 Ὀ
1508 709 1675 775 αὐτὸς
1705 711 1764 763 ἐν

178 790 256 858 τῷ
287 791 417 859 περὶ
461 789 766 859 καθολικῆς
811 794 1072 860 πίστεως,
1111 815 1131 849 ι
1167 798 1264 861 Τίς
1292 798 1399 869 γὰρ
1447 798 1555 869 πρὸ
1601 800 1763 870 ἡμῶν

178 882 255 940 εἰς
287 880 382 941 οὒς
407 879 475 933 τὰ
503 880 630 949 τέλη
666 882 775 934 τῶν
798 883 1016 937 αἰώνων
1045 887 1381 957 κατήντησε,
1412 888 1636 941 τοιαῦτα
1668 891 1763 942 καὶ

179 972 326 1024 οὕτω
356 972 491 1038 δῆλα
546 974 843 1045 ἀκοῦσαιῆ
890 977 1094 1045 γνῶναι
1141 979 1452 1048 δεδύνηται,
1493 982 1621 1050 περὶ
1655 982 1764 1035 τῶν

179 1065 239 1115 ἐν
268 1065 336 1135 τῇ
363 1065 555 1133 Τριάδι
582 1068 679 1121 καὶ
704 1070 892 1137 μονάδι
923 1073 1257 1142 προσώπων,
1289 1074 1385 1128 καὶ
1412 1075 1512 1145 τῆς
1532 1075 1719 1139 οὐσίας
1744 1092 1758 1141 ;

180 1158 311 1222 περὶ
347 1159 449 1226 μὲν
480 1159 603 1225 σοῦ,
636 1160 736 1214 Θεέ
772 1162 977 1232 Πάτερ,
1003 1166 1086 1218 ὅτι
1120 1166 1256 1237 παρ’
1280 1167 1492 1231 οὐδενὸς
1518 1163 1589 1233 εῐ,
1619 1167 1762 1221 ὥστε

178 1251 272 1301 καὶ
298 1250 384 1302 διὰ
412 1250 571 1304 τοῦτο
604 1253 904 1324 ἀγέννητος
928 1255 1184 1325 λέγεσθαι
1204 1255 1222 1290 δ
1259 1261 1386 1329 περὶ
1414 1260 1471 1313 δὲ
1502 1259 1599 1314 τοῦ
1630 1259 1761 1313 Υἰοῦ

180 1357 300 1401 σου.
331 1344 412 1394 ὅτι
443 1344 731 1413 γεννηθεὶς
780 1349 844 1400 ἐκ
880 1347 974 1401 σοῦ
1015 1350 1186 1417 ἐστιν,
1217 1350 1336 1402 ἀλλ’
1378 1350 1480 1405 οὐκ
1507 1351 1603 1419 ἀφ’
1630 1353 1762 1406 ἐαυ-

178 1431 274 1483 τοῦ
301 1447 318 1462 ⁸
350 1434 478 1503 περὶ
512 1434 567 1488 δὲ
608 1436 701 1490 τοῦ
751 1436 914 1505 ἁγίου
966 1456 1060 1493 σου
1101 1442 1443 1512 Πνεύματος,
1474 1444 1558 1497 ὅτι
1596 1446 1762 1498 ἐκπο-

180 1523 497 1592 ρευόμενον,
536 1528 637 1582 οὐκ
686 1530 833 1585 ἔστιν
866 1534 963 1602 ἀφ’
1015 1534 1234 1601 ἐαυτοῦ,
1267 1537 1386 1591 ἀλλ’
1423 1540 1489 1592 ἐκ
1543 1539 1638 1593 σοῦ
1671 1542 1764 1594 καὶ

178 1613 274 1666 τοῦ
312 1615 406 1668 σοῦ
438 1618 609 1672 Υίοῦο
646 1617 722 1674 ὧν
752 1626 846 1677 καὶ
877 1626 1104 1697 Πνεῦμά
1139 1629 1306 1684 ἐστιν.
1342 1648 1363 1683 ι
1415 1629 1473 1684 ’0
1515 1633 1675 1695 αὐτὸς
1707 1634 1765 1685 ἐν

178 1706 256 1777 τῷ
298 1708 480 1780 αὐτῷ*
519 1730 539 1763 ι
575 1714 779 1769 Λοιπὸν
802 1717 886 1782 τίς
922 1723 979 1775 ἐν
1007 1721 1184 1788 τούτῳ
1213 1724 1443 1795 διαφανῆ
1470 1726 1565 1778 καὶ
1595 1724 1764 1779 καθα·

180 1801 285 1868 ρᾶν
328 1801 519 1873 ὥσπερ
550 1806 893 1876 κρύσταλλον
949 1812 1090 1881 ἔχων
1138 1815 1370 1887 καρδίαν
1405 1819 1500 1872 καὶ
1543 1819 1762 1889 στῆθος,

177 1894 469 1963 ἀρκέσειεν
519 1898 587 1951 ἂν
637 1901 717 1963 είς
760 1904 826 1955 τὰ
859 1903 927 1957 σὰ
965 1906 1063 1975 τῆς
1114 1907 1350 1975 ’τριάδος
1395 1908 1611 1963 ἐνδῦναι
1664 1928 1765 1980 μυ-

180 1988 418 2058 στήριω
452 1992 571 2056 πῶς
608 1996 634 2045 ὁ
662 1995 852 2066 Πατὴρ
882 1998 975 2050 καὶ
1008 1999 1035 2050 ό
1064 1999 1194 2065 Υίὸς
1224 2000 1318 2054 καὶ
1349 2003 1410 2055 τὸ
1451 2003 1675 2073 Πνεῦμα
1707 2003 1768 2057 τὸ

178 2080 360 2149 ἅγιον,
391 2084 519 2151 τρία
554 2087 653 2153 μέν
691 2089 807 2141 ἐστι
855 2090 1149 2158 πρόσωπα,
1190 2091 1288 2161 μία
1317 2095 1373 2147 δέ
1402 2094 1607 2164 φύσιςς
1643 2096 1768 2159 Πῶς

180 2174 247 2225 σὺ
284 2174 412 2243 μὲν,
439 2176 645 2247 Πάτερ,
689 2179 993 2252 άγέννητος
1018 2183 1153 2257 λέγῃ
1174 2200 1189 2215 ⁸
1224 2185 1252 2237 ὁ
1282 2185 1340 2238 δὲ
1373 2187 1465 2250 σὸς
1485 2186 1611 2251 Υίὸς
1642 2205 1769 2255 γεν-

176 2266 346 2336 νητός
373 2282 389 2296 ⁸
422 2269 481 2321 τὸ
512 2270 569 2323 δέ
598 2270 823 2342 Πνεῦμα
846 2275 906 2327 τὸ
934 2276 1114 2344 ἅγιον,
1140 2275 1254 2331 οὔτ’
1289 2278 1609 2348 ἀγέννητον,
1642 2279 1767 2333 οὔτε

178 2358 465 2426 γεννητὸν,
502 2360 621 2413 ἀλλ’
650 2363 1017 2433 ἐκπορευτόνς
1055 2366 1179 2432 Πῶς
1207 2370 1235 2422 ό
1268 2367 1370 2438 μέν
1408 2370 1536 2433 Υἱὸς
1571 2370 1771 2438 γεννὼο

184 2465 371 2516 μενος,
424 2452 524 2505 ούκ
562 2455 970 2525 ἐκπορεύεται·
1005 2461 1065 2513 τὸ
1099 2459 1155 2513 δέ
1214 2461 1439 2531 Πνεῦμα
1493 2465 1554 2515 τὸ
1588 2463 1770 2531 ἅγιον,

180 2544 641 2614 ἐκπορευόμενον,
661 2547 720 2599 ού
747 2550 1026 2617 γεννᾶταις
1055 2551 1176 2614 Πῶς
1207 2552 1234 2604 ὁ
1261 2550 1361 2621 μὲν
1389 2551 1490 2606 οὐκ
1522 2554 1615 2621 ἀφ’
1640 2554 1771 2607 ἐαυ-

178 2637 277 2687 τοῦ
309 2637 480 2702 ἐστιν,
503 2637 621 2691 ἀλλ’
649 2640 712 2693 ἐκ
738 2640 833 2693 σοῦ
860 2657 877 2674 ο
903 2644 964 2695 οὗ
994 2643 1177 2713 μέντοι
1207 2643 1301 2697 σοῦ
1330 2644 1557 2716 ὕστερος
1580 2646 1645 2699 ἐκ
1674 2645 1769 2700 σοῦ

181 2725 304 2779 ἐστι
333 2741 350 2756 ·
384 2724 444 2779 τὸ
473 2726 528 2781 δὲ
562 2729 790 2800 Πνεῦμα
833 2732 892 2785 τὸ
928 2732 1103 2801 ἅγιον,
1142 2735 1259 2798 πῶς
1314 2736 1378 2789 ἐκ
1425 2736 1518 2789 σοῦ
1551 2737 1771 2805 πρόεισι

182 2817 282 2870 καὶ
304 2817 397 2871 τοῦ
424 2818 554 2873 Υξοῦ
589 2823 790 2886 σου,ὀύ
825 2823 1008 2893 μέντοι
1038 2825 1066 2876 ὑ
1077 2826 1193 2895 μῶν
1213 2826 1606 2897 ἀποτέμνεται,
1638 2829 1771 2899 παρ’

182 2906 262 2964 ὢν
291 2911 690 2982 ἐκπορεύεταις
741 2933 759 2967 ο
808 2917 919 2970 Καὶ
951 2918 1071 2986 μετ’
1104 2916 1280 2985 ὀλίγαο
1324 2937 1343 2971 t
1397 2918 1521 2983 Πῶς
1562 2920 1592 2973 ό
1643 2919 1773 2984 Υἱὸς

186 3002 257 3053 ἐκ
291 3001 411 3063 σοῦ,
446 3003 545 3056 Θεέ
586 3004 789 3075 Πάτερ,
816 3008 1073 3079 ἀνίσχων,
1105 3010 1203 3079 ούχ
1233 3009 1461 3082 ῦστερός
1494 3011 1610 3064 ἐστι
1644 3025 1767 3064 σου⁶

1873 548 1890 579 ι
1923 529 2193 583 Cmterum
2227 531 2348 595 quis
2376 531 2429 585 in
2464 533 2567 587 hac
2623 534 2730 588 vita
2763 534 2978 604 positus
3004 534 3090 587 vel
3126 533 3458 603 crystallino-

1866 632 2089 690 pectore
2146 622 2377 677 sulliciat
2426 634 2713 692 penetrare
2779 627 2855 681 tui
2917 625 3091 695 ipsius
3156 625 3455 680 Trinitatis

1866 713 2082 767 interna
2138 715 2429 785 mysteria?
2473 717 2753 785 quomodo
2802 719 2985 783 Pater,
3027 728 3082 775 et
3130 718 3331 782 Filius,
3387 730 3446 773 ct

1868 800 2104 872 Spiritus
2155 814 2402 869 sanctus,
2455 816 2569 861 tres
2609 806 2834 876 quidem
2878 822 3126 878 personae
3180 807 3315 863 estis
3389 816 3447 862 et

1867 908 1973 946 una
2014 897 2247 949 natura?
2299 899 2577 965 quomodo
2613 910 2669 953 tu
2712 901 2876 955 Pater
2914 900 3186 969 ingenuitas
3214 899 3443 964 diceris,

1866 984 2040 1041 Filius
2096 988 2333 1055 genitus.
2365 990 2608 1060 Spiritus
2664 1000 2887 1046 sanctus
2926 1005 3103 1059 neque
3144 989 3446 1061 ingenitus.

1866 1095 1968 1134 nec
2024 1082 2262 1149 genitus,
2325 1083 2420 1137 sed
2481 1078 2792 1154 procedens
2842 1084 3100 1138 dicatur?
3174 1082 3447 1152 quomodo

1866 1170 2037 1226 Filius
2068 1174 2133 1228 de
2168 1181 2220 1227 te
2262 1172 2424 1229 Patre
2476 1184 2642 1231 nutus
2671 1184 2778 1240 est,
2822 1175 3067 1245 Spiritus
3106 1186 3334 1231 sanctus
3378 1176 3447 1235 de

1868 1272 1920 1317 te
1956 1264 2201 1329 procedit
2257 1272 2313 1319 et
2381 1265 2560 1319 Filio?
2618 1267 2894 1335 quomodo
2945 1266 3115 1322 Filius
3168 1269 3448 1327 nascentia

1867 1373 1973 1411 non
2034 1357 2301 1427 procedit,
2349 1357 2584 1427 Spiritus
2648 1370 2875 1416 sanctus
2933 1360 3282 1430 procedendo
3335 1375 3445 1415 non

1866 1452 2148 1507 nascitur?
2171 1453 2445 1523 quomodo
2493 1452 2667 1508 Filius
2693 1469 2802 1508 non
2836 1454 2905 1510 de
2931 1469 3013 1520 se,
3041 1454 3141 1509 sed
3166 1454 3233 1510 de
3260 1465 3314 1510 te
3340 1462 3446 1520 est,

1867 1558 1968 1597 nec
1998 1552 2179 1597 tamen
2226 1544 2299 1597 tui
2332 1552 2415 1598 est
2457 1545 2730 1614 posterior
2762 1545 2829 1599 de
2860 1561 2968 1614 quo
2999 1554 3083 1600 est
3098 1546 3133 1600 ’ἓν
3172 1549 3447 1615 quomodo

1868 1635 2109 1705 Spiritus
2143 1644 2367 1691 sanctus
2397 1637 2465 1691 de
2497 1647 2547 1691 te
2578 1637 2825 1708 procedit
2850 1648 2903 1693 et
2937 1637 3097 1701 Filio,
3131 1653 3231 1692 nec
3260 1645 3441 1691 tamen

1869 1743 1899 1782 a
1934 1728 2089 1782 vobis
2118 1727 2523 1797 pra‘scinditur.
2558 1742 2586 1780 a
2614 1727 2812 1796 quibus
2845 1727 3179 1797 procedit?»
3218 1727 3283 1781 Et
3323 1737 3447 1796 post

1872 1835 2080 1891 pauca:
2142 1819 2465 1885 «Quomodo
2496 1819 2667 1875 Filius
2714 1820 2806 1890 qui
2853 1820 3086 1876 oriende
3132 1828 3217 1874 est
3260 1818 3381 1886 tibi,
3414 1833 3449 1873 ο

1870 1912 2051 1977 Pater,
2086 1911 2154 1966 de
2181 1925 2289 1979 quo
2334 1912 2511 1964 oritur
2538 1909 2889 1991 subsequens
2914 1925 3023 1964 non
3054 1909 3181 1964 est?
3226 1916 3283 1964 et
3306 1924 3448 1977 quo-

1871 2003 2036 2058 modo
2098 2002 2341 2073 Spiritus
2395 2002 2706 2067 ambormn,
2736 2001 2829 2072 qui
2883 2016 2983 2072 per
3038 2000 3448 2071 processionem

1870 2095 2124 2167 proditur
2154 2110 2183 2149 a
2220 2094 2375 2149 vobis
2403 2093 2814 2162 proferentibus
2846 2109 2958 2148 non
3006 2093 3270 2164 praeitur?
3316 2107 3452 2161 quo-

1871 2187 2033 2242 modo
2072 2198 2130 2242 et
2158 2202 2327 2241 unum
2367 2185 2709 2241 divisibiliter
2740 2186 2866 2251 tria,
2891 2196 2948 2240 et
2978 2186 3081 2239 tria
3108 2182 3452 2240 indivisibili-

1873 2288 1952 2335 ter
1981 2278 2114 2335 estis
2138 2294 2307 2333 unum
2328 2277 2637 2346 l'Ejusdem
2663 2277 2718 2331 in
2746 2277 2845 2332 lib.
2880 2276 3309 2347 Soliloquiorum
3350 2277 3450 2345 (l).

1875 2390 1895 2423 ί
1926 2371 2160 2441 Cognovi
2186 2380 2237 2427 te
2267 2369 2461 2434 Deum,
2498 2385 2668 2424 unum
2712 2369 2976 2439 Spiritum
3003 2378 3249 2423 sanctum
3276 2366 3456 2422 Patris

1871 2473 1926 2517 et
1951 2461 2095 2525 Filii,
2130 2461 2201 2516 ab
2256 2471 2491 2529 utroque
2524 2459 2731 2530 pariter
2763 2458 3179 2528 procedentem,
3214 2458 3452 2512 consub-

1872 2554 2180 2610 stantialem
2205 2561 2261 2610 et
2286 2562 2619 2607 coaeternum
2640 2550 2789 2606 Patri
2822 2561 2879 2606 et
2931 2550 3090 2617 Filio,
3113 2550 3455 2620 ‘paracletum

1871 2656 1925 2703 et
1956 2647 2282 2702 advocatum
2307 2655 2580 2707 nostrum,
2608 2643 2701 2711 qui
2727 2658 2891 2710 super
2908 2642 3172 2696 eumdem
3204 2641 3372 2695 Deum
3398 2651 3455 2696 ct

1874 2741 2162 2795 Dominum
2229 2747 2473 2794 nostrum
2539 2737 2725 2794 Jesum
2780 2736 3064 2792 Christum
3107 2735 3159 2788 in
3189 2733 3458 2790 columba:

1872 2833 2053 2902 specie
2115 2829 2560 2894 descendisti,et
2620 2843 2784 2898 super
2833 2827 3109 2897 apostolos
3152 2826 3208 2882 in
3254 2825 3458 2897 linguis

1872 2924 2045 2995 igneis
2089 2922 2384 2993 apparuisti
2410 2920 2538 2991 ,qui
2586 2932 2640 2976 et
2678 2934 2872 2975 omnes
2912 2926 3129 2975 sanctos
3160 2926 3215 2973 et
3255 2918 3459 2978 ciet-tos

1876 3015 1969 3070 Dei
1998 3030 2027 3069 a
2061 3014 2332 3085 principio
2362 3023 2467 3068 tute
2498 3016 2685 3083 gratiae
2712 3027 2938 3067 munere
2966 3010 3202 3065 docuisti
3236 3026 3250 3064 :
3281 3018 3341 3069 et
3359 3024 3469 3070 ora.

185 3095 285 3147 καὶ
316 3094 432 3158 πῶς
460 3096 522 3149 τὸ
546 3097 875 3169 ἀμφοτέρων
899 3099 928 3151 ύ
939 3100 1056 3169 μῶν
1082 3100 1327 3170 Πνεῦμα,
1356 3103 1569 3173 προόδῳ
1596 3121 1771 3173 προα-

1879 3109 2288 3179 preplretarum.
2312 3113 2373 3159 ut
2423 3113 2744 3160 enarrarent
2789 3101 3056 3163 mirabilia
3108 3101 3257 3172 regni
3322 3099 3458 3163 Dei,

184 3187 449 3256 γόμενον,
504 3188 599 3258 ἀφ’
632 3190 788 3256 ὑμῶν
828 3192 937 3245 τῶν
984 3194 1339 3262 προαγόντων
1370 3195 1431 3248 ού
1476 3196 1774 3265 χωρίζεται

184 3282 254 3347 τῇ
297 3281 533 3351 apo/.619;
573 3282 697 3345 Πῶς
725 3282 819 3337 καὶ
848 3282 906 3336 τὸ
934 3282 992 3336 ἓν
1018 3284 1453 3353 διακεκριμένως
1484 3284 1614 3353 τρία
1633 3301 1648 3316 ’
1680 3286 1777 3338 καὶ

183 3376 256 3427 τὶ
295 3374 444 3444 τρία,
481 3377 809 3449 ἀδιακρίτως
832 3378 891 3433 ἐν
921 3380 1043 3432 ἐστε
1074 3396 1090 3446 ;
1134 3397 1153 3431 ι
1202 3378 1261 3431 '0
1302 3377 1466 3442 αὐτὸς
1488 3378 1547 3430 ἐν
1577 3378 1656 3445 τῷ
1692 3378 1776 3447 βιο

184 3468 328 3538 ῦλίῳ
373 3470 481 3520 τῶν
511 3468 869 3538 Μονολόγων⁸
910 3490 932 3523 ι
974 3472 1190 3539 Ἔγνων
1241 3484 1300 3524 σε
1329 3471 1464 3525 Θεὸν
1503 3470 1777 3541 ἀληθινὸν,

186 3564 287 3615 καὶ
320 3562 418 3614 ἕνα
440 3575 456 3590 ·
487 3561 547 3615 τὸ
576 3561 670 3616 τοῦ
695 3565 910 3634 Πατρὸς
938 3564 1033 3617 καὶ
1058 3563 1152 3617 τοῦ
1178 3562 1311 3617 Υίοῦ
1341 3562 1570 3634 Πνεῦμα
1597 3564 1776 3632 ἅγιον,

186 3655 253 3722 ἐξ
293 3654 559 3726 ἐκατέρου
589 3657 797 3724 ὁμοίως
829 3657 1272 3727 ἐκπορευόμενον
1293 3673 1309 3688 ο
1342 3656 1631 3728 όμοούσιον
1671 3657 1779 3709 Πα-

183 3754 285 3819 τρὶ
331 3748 427 3801 καὶ
473 3747 613 3818 Υίῷ,
662 3748 1017 3820 παράκλητον
1058 3750 1152 3803 καὶ
1202 3750 1549 3821 συνήγορον·
1576 3749 1638 3803 τὸ
1692 3748 1780 3804 ἐπ’

186 3838 362 3895 αὐτὸν
392 3838 481 3893 τὸν
512 3841 645 3894 Θεὸν
690 3840 785 3894 καὶ
829 3840 1036 3909 Κύριον
1083 3841 1243 3911 ἡμῶν
1274 3839 1491 3908 Ἰησοῦν
1544 3838 1784 3910 Χριστὸν

184 3936 251 3988 ἐν
283 3933 416 3988 εῖδει
448 3935 783 4005 περιστερᾶς
827 3933 1091 3988 κατελθόν
1115 3949 1131 3967 ο
1165 3933 1262 3988 καὶ
1302 3935 1415 3995 τοῖς
1444 3933 1625 4001 ἁγίοις
1652 3933 1788 3984 ἀπο-

186 4027 412 4091 στόλοις
458 4029 515 4080 ἐν
551 4029 803 4097 πυρίναις
831 4027 1107 4097 γλώσσαις
1139 4030 1403 4098 ἐπιφανὲν
1426 4044 1441 4057 ³
1471 4027 1531 4081 τὸ
1556 4028 1787 4088 πάντας

184 4122 332 4184 τοὺς
380 4121 568 4191 ἁγίους
604 4120 701 4173 καὶ⁵
732 4121 1027 4186 ἐκλεκτοὺς
1057 4121 1153 4175 τοῦ
1196 4119 1359 4187 Θεοῦ,
1411 4121 1469 4187 ἐξ
1506 4118 1682 4190 ἀρχῆς
1714 4119 1789 4189 τῷ

183 4215 360 4284 δεῖιρῳ
394 4214 492 4283 τῆς
542 4213 644 4282 σῆς
688 4213 914 4285 χάριτος
962 4215 1233 4278 διδάσκον,
1267 4214 1364 4275 καὶ
1398 4211 1466 4265 τά
1512 4211 1624 4264 τῶν
1658 4228 1792 4279 προ-

188 4308 392 4378 φητῶν
452 4308 722 4373 διανοῖγον
776 4307 1041 4378 στόματα,
1078 4309 1220 4362 ὥστε
1280 4307 1350 4361 τά
1401 4306 1500 4373 τῆς
1536 4304 1635 4373 σῆς
1697 4303 1792 4374 βα-

1879 3197 2133 3265 aperuisti
2169 3216 2181 3250 :
2210 3196 2300 3265 qui
2333 3197 2400 3251 ab
2425 3196 2681 3249 omnibus
2710 3193 2914 3250 sanctis
2950 3190 3041 3245 Dei
3071 3206 3197 3253 cum
3221 3191 3383 3243 Patre
3405 3199 3460 3242 et

1878 3291 2017 3344 Filio
2056 3289 2218 3343 simul
2256 3287 2507 3342 adoraris
2536 3295 2587 3340 et
2638 3282 2964 3361 gloricaris
2999 3298 3016 3337 :
3070 3280 3215 3335 inter
3241 3295 3379 3355 quos
3406 3287 3476 3333 et.

1879 3398 1981 3453 ego
2046 3381 2191 3434 ﬁlius
2256 3378 2468 3433 ancillae
2528 3384 2635 3430 tum
2692 3383 2806 3435 toto
2835 3372 3003 3430 corde
3042 3386 3180 3427 -meo
3220 3369 3463 3439 gloriﬁco

1882 3490 2082 3529 nomen
2109 3484 2283 3538 tuttm,
2318 3470 2443 3541 quia
2469 3467 2789 3530 illuminasti
2838 3481 2948 3521 me.
2983 3464 3065 3527 Tu
3102 3479 3163 3519 es
3192 3478 3318 3517 vera
3341 3462 3460 3526 lux,

1884 3569 2066 3623 lumen
2098 3564 2401 3620 veridicum
2434 3562 2575 3634 ignis
2612 3560 2729 3625 Dei,
2764 3558 3105 3630 etmagister
3137 3557 3458 3627 spirituum,

1823 3663 1836 3679 '
1883 3659 1975 3729 qui
2033 3657 2317 3731 unctione,
2359 3664 2452 3711 tua
2512 3654 2681 3709 doces
2739 3668 2841 3708 nos
2871 3665 3095 3709 omnem
3145 3648 3461 3711 veritatem,

1884 3751 2115 3823 Spiritus
2159 3748 2432 3811 veritatis,
2463 3747 2583 3809 sine
2608 3760 2718 3815 quo
2751 3741 3091 3819 impossibile
3139 3749 3223 3796 est
3249 3740 3463 3809 placere

1887 3846 2021 3909 Deo,
2051 3842 2313 3913 quoniam
2370 3850 2427 3894 tu
2473 3840 2590 3909 ipse
2623 3837 2765 3892 Deus
2807 3852 2866 3890 es
2899 3835 3129 3896 exDeo,
3168 3842 3223 3886 et
3268 3830 3361 3883 lux
3397 3829 3466 3883 de

1887 3935 2095 3993 lumine
2134 3932 2435 4004 procedens
2464 3946 2496 3985 a
2540 3930 2702 3984 Patre
2731 3927 2999 3981 luminum
3038 3921 3387 3979 ineliabiliter
3432 3935 3462 3972 a

1890 4044 1992 4085 suo
2022 4002 2160 4081 Filio
2208 4023 2441 4078 Domino
2490 4030 2681 4076 nostro
2716 4019 2845 4075 Jesu
2873 4017 3114 4073 Christo.
3148 4034 3165 4067 ι
3212 4002 3361 4069 ldem
3411 4010 3467 4065 in

1888 4121 2081 4177 eodem
2116 4135 2130 4172 :
2185 4136 2202 4169 ι
2231 4116 2388 4172 Unus
2415 4124 2502 4169 est
2547 4114 2692 4167 Deus
2732 4111 2913 4172 Pater,
2960 4108 3051 4179 qui
3105 4107 3255 4160 solus
3279 4120 3472 4163 essene

1895 4210 2094 4266 tialiter
2122 4208 2191 4262 de
2221 4223 2280 4262 se
2324 4222 2493 4261 unum
2521 4203 2721 4259 Filium
2755 4200 2978 4273 genuit:
3027 4207 3082 4253 et
3117 4212 3260 4258 unus
3294 4196 3469 4252 Filius

1895 4319 1957 4359 ex
1988 4317 2099 4357 uno
2124 4300 2286 4355 Patre
2351 4298 2504 4353 solus
2554 4294 2922 4351 essentialiter
2957 4292 3196 4369 genitus,
3234 4296 3287 4342 et
3323 4302 3467 4349 unus

188 4377 413 4463 σιλείας
469 4399 755 4467 θαυμάσια
807 4377 1157 4467 διηγεῖσθαι*
1212 4398 1241 4451 ὃ
1310 4398 1410 4452 σὺν
1474 4395 1650 4465 Πατρὶ
1696 4394 1776 4447 κα¹

1899 4395 2145 4464 Spiritus
2197 4400 2441 4454 sanctus,
2475 4388 2567 4459 qui
2620 4387 2769 4442 solus
2812 4383 3179 4448 essentialiter
3217 4394 3285 4434 ex
3309 4377 3471 4439 Patre

187 4489 323 4561 Υὶῷ
376 4491 645 4561 προσήκει
713 4490 1276 4560 συμπροσκυνεῖσθαι,
1325 4491 1421 4544 καὶ
1468 4491 1776 4557 συνδοξάζε-

1901 4460 2147 4555 Filioque
2177 4484 2475 4555 procedit.»
2538 4482 2685 4536 Idem
2720 4480 2775 4533 in
2807 4478 3013 4533 eodem.
3036 4490 3157 4543 cap.
3197 4484 3213 4527 :
3241 4492 3257 4523 ι
3280 4472 3469 4539 Neque

188 4586 331 4638 σθαι
363 4583 469 4637 ὑπὸ
495 4587 715 4638 πάντων
740 4584 849 4637 τῶν
880 4583 1050 4651 ἁγίων
1080 4583 1173 4638 τοῦ
1205 4582 1344 4639 Θεοῦ
1370 4600 1383 4615 ⁶
1437 4587 1494 4639 ἐν
1527 4580 1609 4648 οἷς
1637 4582 1793 4650 κάγὼ

184 4681 217 4731 ὁ
254 4678 375 4742 υίὸς
400 4678 500 4747 τῆς
529 4678 823 4751 παιδίσκης
855 4695 971 4739 σου.
1001 4678 1111 4749 ὅλη
1127 4694 1231 4748 μου
1254 4679 1321 4748 τῇ
1359 4677 1563 4747 καρδία
1583 4675 1794 4741 δοξάζω

185 4775 261 4827 τὸ
285 4773 459 4842 ὄνομα
490 4789 608 4837 σου,
633 4772 716 4824 ὅτι
747 4771 1019 4840 ἐφώτισάς
1052 4787 1143 4841 με.
1168 4771 1241 4823 Σὺ
1279 4773 1388 4839 γάρ
1420 4764 1476 4825 εἶ,
1494 4770 1554 4821 τὸ
1586 4768 1700 4837 φῶς
1732 4764 1794 4819 τὸ

187 4864 483 4935 ἀληθινὸν,
511 4865 573 4917 τὸ
617 4863 768 4921 θεῖον
802 4862 949 4933 πῦρ.
982 4864 1011 4917 ό
1056 4861 1167 4915 τῶν
1198 4861 1372 4929 ἁγίων
1421 4861 1685 4931 Πατέρων
1717 4857 1796 4912 δι-

190 4957 479 5019 δάσκαλος
507 4971 522 4986 ⁶
555 4955 614 5009 τὸ
640 4954 721 5026 τῷ
754 4954 831 5024 σῷ
859 4955 1126 5026 χρίσματι
1162 4954 1344 5008 πᾶσαν
1372 4952 1624 5007 διδάσκον
1648 4952 1795 5022 ἡμᾶς

189 5051 309 5121 τὴν
344 5048 609 5120 ἀλήθειαν
634 5065 648 5079 ·
692 5048 756 5107 τὸ
790 5047 1015 5119 Πνεῦμα
1046 5048 1145 5117 τῆς
1192 5045 1479 5117 ἀληθείας,
1513 5038 1575 5103 οὗ
1624 5045 1796 5115 χωρὶς

191 5143 411 5211 ἀρέσαι
439 5140 559 5211 Θεῷ
589 5139 872 5195 ἀδύνατον.
903 5139 1027 5194 Ὀτι
1054 5138 1187 5200 Θεὸς
1216 5133 1270 5191 εἷ’
1295 5139 1359 5192 ἐκ
1382 5137 1518 5195 Θεοῦ
1554 5152 1570 5169 ο
1606 5139 1670 5190 ἐκ
1701 5136 1794 5190 τοῦ

196 5232 431 5302 Πατρὸς
462 5231 573 5286 τῶν
603 5230 797 5301 φώτων
826 5230 1082 5302 ἀρρήτως
1113 5227 1572 5299 ἐκπορευόμενον,
1605 5227 1699 5279 καὶ
1733 5227 1798 5279 ἐκ

192 5325 309 5379 τοῦ
338 5324 471 5379 Υἱοῦ
494 5323 691 5390 αὑτοῦ,
718 5323 927 5395 Κυρίου
960 5322 1025 5376 δὸν
1048 5321 1208 5393 ἡμῶν
1250 5319 1427 5390 Ἰησοῦ
1470 5318 1730 5390 Χριστοῦ.
1771 5336 1789 5370 ι

209 5418 289 5470 '0
315 5416 478 5480 αὐτὸς
502 5417 557 5470 ἐν
581 5415 659 5486 τῷ
702 5415 886 5486 αὐτῷ’
925 5433 943 5467 ι
981 5410 1079 5477 Εἷς
1139 5415 1255 5466 ἐστι
1288 5412 1443 5481 Θεὸς,
1487 5413 1517 5464 ό
1563 5410 1755 5480 Πατήρ
1779 5423 1795 5440 ·

195 5511 277 5573 ὃς
311 5509 471 5578 μόνος
513 5508 790 5573 οὐσιωδῶς
839 5507 899 5575 ἐξ
946 5505 1143 5561 ἐαυτοῦ
1189 5504 1287 5559 ινα
1331 5502 1461 5557 Υἱὸν
1494 5502 1753 5571 ἐγέννησε
1781 5515 1797 5533 ⁸

199 5602 318 5659 καὶ
346 5596 427 5664 εἷς
456 5602 609 5668 Υἱὸς,
635 5604 665 5656 ὁ
690 5601 749 5668 ἐξ
771 5602 890 5665 ἐνὸς
924 5599 1156 5672 Πατρὸς,
1189 5597 1351 5668 μόνος
1375 5592 1651 5657 ούσιωδῶς
1676 5610 1800 5661 γεν-

204 5695 441 5765 νηθείς*
471 5695 565 5749 καὶ
592 5690 653 5749 ἓν
682 5694 909 5765 Πνεῦμα
942 5695 1120 5764 ἆγιον,
1140 5690 1200 5746 τὸ
1233 5689 1394 5762 μόνον
1424 5683 1699 5750 ούσιωδῶς
1738 5686 1801 5741 ἐκ

307 5811 383 5882 (l)
405 5810 538 5884 Cap.
571 5810 664 5868 32.

1895 4582 2042 4637 enim
2073 4580 2127 4633 in
2164 4578 2254 4633 illa
2303 4575 2572 4633 Trinitate
2600 4572 2878 4642 proprium
2931 4568 3036 4629 erit
3066 4566 3237 4621 solius
3272 4563 3471 4627 Patris,

1895 4670 2021 4740 quia
2068 4669 2189 4739 ipse
2218 4665 2449 4736 genitus.
2475 4680 2585 4720 non
2621 4671 2725 4726 est.
2756 4660 2850 4716 sed
2878 4659 3005 4729 quia
3032 4658 3207 4714 solum
3271 4652 3471 4718 Filium

1897 4762 2123 4833 genuit;
2186 4774 2367 4835 neque
2422 4757 2703 4835 proprium
2754 4754 2879 4817 Filii
2931 4752 3136 4827 solius,
3172 4751 3301 4820 quia
3354 4748 3474 4819 ipse

1898 4870 2007 4909 non
2039 4852 2261 4923 genuit,
2286 4834 2385 4911 sed
2413 4834 2475 4904 ex
2526 4847 2703 4907 Patris
2745 4845 3052 4910 substantia
3100 4844 3321 4915 genitus
3359 4851 3474 4904 est;

1897 4960 2077 5017 neque
2111 4942 2391 5015 preprium
2447 4940 2685 5011 Spiritus
2730 4938 2927 5003 sani-ti,
2979 4936 3317 5007 quiancque
3357 4932 3477 5002 ipse

1900 5038 2114 5109 genitus
2144 5045 2250 5101 est,
2284 5048 2461 5103 neque
2492 5031 2698 5103 genuit,
2730 5032 2825 5087 sed
2876 5029 3053 5085 solum
3096 5041 3161 5080 ex
3189 5028 3346 5079 Patre
3375 5020 3473 5076 Fi-

1899 5130 2082 5198 lioque
2131 5125 2445 5197 procedere.
2471 5142 2489 5176 ι
2540 5121 2687 5179 Idem
2717 5121 2784 5181 ad
2817 5118 3068 5181 Orosium
3098 5131 3117 5171 :
3158 5134 3177 5167 ι
3208 5112 3471 5185 Spiritum

1902 5235 2079 5288 neque
2137 5217 2438 5288 ingenitum
2492 5228 2638 5277 esse,
2689 5228 2866 5280 neque
2912 5208 3195 5279 genitum,
3248 5219 3370 5273 qua:
3417 5202 3473 5257 in

1900 5312 2155 5371 confesso
2193 5311 2327 5367 ﬁdes
2374 5320 2457 5363 est
2489 5305 2840 5367 manifestat:
2890 5317 3012 5357 nam
3058 5300 3102 5356 si
3148 5297 3473 5360 dixerimus,

1904 5405 2229 5476 ingenitum,
2295 5405 2434 5458 duos
2493 5400 2683 5454 Patres
2753 5408 3003 5451 asserere
3052 5389 3392 5456 videbimur;
3428 5388 3473 5442 si

1902 5498 2182 5569 genitum,
2202 5497 2341 5552 duos
2373 5493 2541 5549 Filios
2570 5489 2796 5547 credere
2826 5502 2927 5542 nos
2959 5482 3329 5547 accusabunt;
3376 5479 3476 5535 sed

1904 5602 1962 5647 ut
1989 5606 2051 5645 ea
2099 5604 2221 5660 qua:
2253 5589 2307 5644 in
2352 5584 2609 5642 confesso
2640 5582 2774 5637 lldes
2805 5589 2890 5636 est
2922 5586 3088 5644 tenet,
3121 5589 3297 5648 neque
3322 5572 3478 5644 iuges

1904 5684 2074 5754 nitus,
2108 5697 2288 5754 neque
2318 5678 2537 5753 genitus
2571 5684 2677 5745 cst,
2710 5674 2803 5734 sed
2845 5689 2913 5733 ex
2942 5681 3176 5744 utroque
3206 5665 3479 5742 procedit,
