3978 6204
238 276 378 337 νῙιΤἾ

879 287 1029 347 PRO
1063 289 1274 355 CONC.
1326 290 1710 357 FLORENT.
1741 297 1903 359 CAP.
1934 301 1981 363 ῐ.
2027 302 2126 363 DE
2163 303 2470 365 SPIRITU
2525 306 2841 374 SANCTO.

3359 309 3496 375 1178

240 392 369 458 μοῦ.
400 392 526 446 οὔτε
558 393 660 462 τῆς
705 397 853 459 Θείας
893 402 1131 471 Γραιρῆε.
1165 402 1290 458 οὔτε
1326 405 1434 458 τῶν
1474 406 1811 462 διδασκάλων

1934 413 2117 468 lictum
2148 425 2254 480 est,
2291 419 2497 473 nemini
2536 420 2719 476 dicere
2765 421 2844 477 l‘as
2868 432 2973 479 est.
3004 423 3207 480 Deinde
3229 439 3352 479 cum
3370 442 3500 495 pro-

238 484 472 554 εῦρηται
518 487 833 557 είρημένον.
873 494 938 545 *υ
982 493 1039 545 δὲ
1086 494 1192 548 ὑπό
1221 497 1376 559 ’τινός
1415 513 1479 564 γι
1512 499 1618 551 τῶν
1645 500 1815 567 ἁγίων

237 577 339 629 οὐκ
371 580 612 649 εἴρηται,
662 581 841 635 οὐδενὶ
885 585 1187 654 τολμητέον
1238 589 1437 644 είπεῖν.
1488 592 1556 645 Ἐ
1574 609 1723 644 τειτα
1757 593 1817 645 τὸ

239 670 574 739 προϐάλλειν
608 673 859 742 ἐνέργεια
887 676 980 729 τοῦ
1017 679 1230 748 Πατρδς
1259 681 1528 752 οὺσιὼδης
1568 678 1725 745 οὖσα,
1753 684 1816 737 οὗ

239 762 437 831 πρώτη
465 762 557 818 καὶ
599 765 806 833 ἄμεσος
850 769 1198 833 ἐπιτελεῖται,
1232 768 1368 825 ἀλλὰ
1402 773 1490 826 διὰ
1530 773 1628 843 τῆς
1663 776 1817 843 πρώ-

240 868 366 918 της,
404 853 529 921 ἣτις
555 855 849 924 ἀπεδείχθη
876 854 1009 912 οὖσα
1034 861 1093 912 τὸ
1124 864 1318 932 γεννᾷν
1352 864 1447 916 καὶ
1474 865 1504 934 ἡ
1537 866 1812 934 γέννησις.

245 945 410 996 Ὥστε
448 947 540 997 καὶ
578 946 667 998 τὸν
700 947 827 999 Υἰὸν
882 950 1086 1019 ταύτης
1129 956 1344 1024 ἀνάγκη
1396 958 1492 1022 τῆς
1539 958 1819 1025 ἐνεργείας

182 1082 187 1087 _
245 1040 548 1103 κοινωνεῖν,
582 1040 675 1091 καὶ
704 1040 773 1092 δι’
801 1042 968 1095 αὐτοῦ
997 1046 1056 1096 τι»
1098 1045 1321 1115 Πνεῦμα
1350 1049 1412 1099 τὸ
1457 1049 1615 1116 ἅγιον
1654 1051 1820 1103 ἐκπο-

246 1129 524 1196 ρεύεσθαι.
574 1133 694 1186 Ἔτι
751 1136 944 1197 κοινῶς
1003 1136 1419 1205 παραστάντων
1478 1142 1817 1210 ὁμολογεῖται

243 1220 357 1272 τῶν
378 1223 735 1289 διδασκάλων,
766 1227 841 1290 ὼς
870 1231 928 1281 τδ
957 1230 1179 1299 Πνεῦμα
1209 1216 1269 1284 τὸ
1293 1232 1448 1299 ἅγιον
1476 1234 1722 1302 πρόεισιν
1761 1236 1818 1299 ἐξ

248 1312 400 1370 Υίοῦ.
462 1316 523 1367 Et
555 1313 655 1369 οὖν
684 1318 937 1387 πρόεισιν
980 1320 1039 1384 ἑξ
1091 1320 1280 1385 αὐτοῦ,
1330 1324 1547 1392 πρόεισι
1600 1325 1819 1386 πάντως

250 1406 529 1472 φυσικῶςο
564 1408 716 1462 οὐδὲν
751 1412 860 1479 γὰρ
904 1414 963 1463 ἐν
1001 1412 1077 1481 τῷ
1107 1412 1226 1481 Θεῷ
1270 1415 1422 1484 παρὰ
1457 1416 1641 1482 φύσιν.
1692 1416 1818 1470 οὔτε

250 1497 564 1565 ἐπίκτητον.
594 1498 717 1550 Τῶν
748 1501 1204 1570 γὰρ.κτισμάτων
1236 1503 1350 1555 ἐστὶ
1380 1506 1438 1557 τὸ
1467 1506 1541 1574 μὴ
1572 1505 1731 1572 φύσει
1756 1509 1819 1560 ὲκ

248 1588 385 1639 Θεοῦ
439 1591 709 1658 προϊέναι.
758 1594 820 1646 El
860 1594 1039 1647 τοίνυν
1083 1595 1222 1648 κατὰ
1280 1597 1444 1665 φύσιν
1476 1599 1534 1662 ἐξ
1594 1600 1722 1652 Υὲοῦ
1760 1601 1819 1653 τδ

252 1678 479 1747 Πνεῦμα
511 1682 778 1748 πρόεισιν,
831 1684 863 1750 ἠ
893 1684 950 1737 δὲ
984 1686 1124 1738 κατὰ
1156 1687 1319 1754 φύσιν
1356 1691 1576 1756 πρόοδος
1623 1692 1679 1742 ἑν
1708 1694 1818 1753 τοῖς

250 1770 416 1831 θείοις
467 1770 628 1839 διχῶς
666 1772 933 1841 ἐνδέχεται
988 1771 1148 1839 εἶναι,
1194 1778 1224 1847 ῆ
1276 1781 1418 1833 κατὰ
1467 1783 1741 1849 γέννησιν,
1781 1784 1813 1853 ἦ

250 1861 375 1913 κατ’
408 1863 769 1932 ὲκπόρευσιν·
803 1867 945 1921 κατὰ
969 1869 1121 1935 γένντ
1140 1888 1224 1921 σιν
1266 1871 1321 1923 δὲ
1360 1874 1420 1924 οὐ
1473 1875 1715 1941 πρόεισιν
1759 1876 1819 1943 ἐξ

252 1954 418 2006 αὑτοῦ
545 1956 654 2024 γὰρ
686 1955 750 2007 ἂν
776 1954 842 2027 ἦν
871 1960 996 2022 Υἰος
1017 1962 1109 2013 τοῦ
1152 1963 1280 2016 Υξοῦ
1314 1966 1376 2016 τὸ
1410 1966 1651 2036 Πνεῦμα,
1688 1970 1821 2038 πρό-

254 2058 392 2092 εισιν
424 2043 530 2110 ἄρα
559 2044 682 2096 κατ’
705 2047 1030 2114 ὲκπόρειυσιν
1053 2067 1066 2081 ·
1105 2050 1245 2104 ὥστε
1275 2056 1366 2109 καὶ
1395 2056 1426 2128 ὴ
1470 2060 1533 2111 ἐκ
1557 2059 1651 2113 τοῦ
1692 2060 1819 2114 Υίυῦ

250 2135 349 2186 tot?
379 2136 697 2204 Πνεῦματος
733 2142 957 2208 πρόοδ--ς
991 2146 1074 2212 εἴη
1108 2145 1172 2200 ἂν
1199 2147 1272 2212 ὡς
1300 2154 1733 2222 ἐκπορευομένου
1765 2154 1823 2221 ἐξ

254 2228 445 2283 αὑτοῦ.
478 2231 599 2283 Ἔτι
626 2232 687 2284 τὸ
738 2233 961 2306 Πνεῦμα
994 2239 1053 2293 τὸ
1087 2243 1243 2312 ἅγιον
1271 2245 1333 2297 ὲκ
1377 2244 1474 2313 τῆς
1507 2245 1695 2307 οὐσίας
1727 2246 1820 2299 τοῦ

258 2318 471 2393 Πατρὶς
505 2319 645 2380 εἶναι
698 2330 793 2382 καὶ
840 2331 933 2384 τοῦ
981 2332 1133 2397 Υίοῦ,
1179 2334 1376 2398 πάντες
1411 2337 1460 2388 οἱ
1514 2336 1824 2391 διδάσκαλοι

259 2417 454 2483 βοῶσν
482 2419 815 2475 Ἀνατολικοί
843 2439 899 2475 τε
933 2425 1026 2477 καὶ
1052 2427 1267 2479 Δυτικοί
1292 2442 1307 2455 ·
1347 2428 1483 2481 ἀλλὰ
1510 2430 1587 2487 τὸ,
1606 2428 1703 2482 Ἐκ
1724 2431 1825 2498 τῆς

259 2510 450 2572 οὐσίας
493 2511 635 2573 τινος
668 2512 727 2565 ὃν
754 2516 812 2566 ὲν
846 2518 907 2585 τῇ
962 2516 1172 2582 Tydide,
1224 2519 1317 2571 καὶ
1353 2521 1415 2571 ὲκ
1461 2522 1559 2588 τῆς
1591 2520 1823 2574 ὑποστάο

258 2621 399 2667 σεως
430 2607 594 2661 αὑτοῦ
628 2610 765 2663 ἐστι.
797 2610 868 2663 Τὸ
921 2612 1142 2682 Πνεῦμα
1174 2615 1281 2685 ἄρα
1329 2616 1388 2669 τὸ
1417 2618 1572 2684 ἅγιον
1624 2618 1690 2672 ὲκ
1724 2617 1828 2685 τῆς

258 2698 449 2757 οὐσίας
485 2700 580 2752 τοῦ
619 2701 747 2754 Υίοῦ
776 2701 1068 2772 λεγόμενον
1097 2714 1261 2769 siuet.
1310 2708 1405 2760 καὶ
1444 2709 1509 2761 ἐκ
1535 2709 1633 2777 τῆς
1661 2710 1827 2763 αὐτοῦ

259 2790 410 2842 ἐστιν
438 2791 809 2855 ὑποστάσεως.
852 2796 913 2848 Ei
945 2797 1000 2850 δέ
1042 2815 1123 2859 τις
1170 2798 1463 2869 τολμήσειε
1513 2801 1713 2869 λέγειν,
1742 2802 1831 2856 διὰ

260 2883 321 2935 τὸ
365 2882 654 2951 όμοοῦσιον
684 2885 857 2965 ταῦτα
890 2889 1179 2958 «είρῆσθαι,
1235 2892 1330 2944 καὶ
1362 2892 1448 2944 ἵνα
1503 2893 1565 2945 τὸ
1608 2893 1829 2965 Πνεῦμα

260 2974 446 3044 δειχθῇ
482 2976 581 3044 τῆς
613 2962 783 3047 αὺιῗῆς
814 2979 1023 3044 οὐσίας,
1054 2982 1228 3051 Πατρὶ
1258 2984 1351 3037 καὶ
1377 2983 1513 3054 Υίῷ,
1542 2986 1700 3038 τοῦτο
1734 2986 1831 3053 μιν

1920 505 2116 558 ducere
2162 508 2408 575 operatio
2428 507 2605 564 Patris
2636 513 2949 568 essentialis
2975 513 3065 578 sit,
3096 530 3203 569 non
3233 519 3405 583 prima
3438 527 3497 570 et

1921 594 2233 651 immetliata
2265 599 2340 664 lit,
2391 600 2487 654 sed
2535 617 2630 671 per
2652 604 2911 671 primam,
2953 620 3075 674 quae
3125 622 3387 677 generare
3446 618 3501 661 et

1920 688 2201 754 generatio
2222 698 2382 744 antea
2410 690 2555 746 dicta
2581 702 2681 747 cst.
2716 695 3084 759 Quamobrem
3103 698 3268 753 etiam
3303 699 3498 754 Filium

1932 777 2093 845 hujus
2139 782 2474 849 operationis
2504 798 2625 838 esse
2654 795 2969 840 consortem
3016 802 3245 842 necesse
3286 800 3391 853 est,
3446 801 3501 846 et

1924 881 2020 936 per
2068 885 2192 923 eum
2250 872 2517 940 Spiritum
2585 887 2836 929 sanctum
2875 878 3194 945 procedere.
3231 877 3499 935 Prtcterea

1921 960 2063 1027 apud
2092 976 2285 1015 omnes
2320 962 2573 1017 doctores
2598 964 2649 1017 in
2672 965 2926 1021 confesso
2952 978 3058 1034 est,
3083 967 3344 1039 Spiritum
3368 984 3501 1025 san-

1919 1059 2068 1103 ctum
2097 1052 2318 1119 prodire
2342 1068 2406 1106 cx
2441 1052 2597 1107 Filio.
2632 1054 2687 1108 Si
2720 1070 2849 1127 ergo
2870 1059 3046 1126 prodit
3077 1074 3142 1113 ex
3160 1074 3248 1125 eo,
3278 1062 3501 1117 omnino

1920 1142 2245 1197 naturaliter
2298 1145 2523 1213 prodit:
2560 1146 2693 1200 nihil
2732 1150 2879 1202 enim
2917 1149 2969 1203 in
3016 1150 3129 1205 Deo
3172 1162 3370 1220 praeter
3403 1168 3502 1207 na-

1922 1244 2097 1288 turam
2143 1247 2199 1291 et
2221 1237 2574 1290 atchnlilittm
2598 1245 2704 1304 est,
2728 1256 2853 1293 nam
2880 1252 3256 1297 creaturarum
3281 1254 3365 1299 est
3389 1260 3501 1299 non

1922 1327 2146 1395 prodire
2168 1343 2236 1381 ex
2272 1328 2381 1382 Deo
2409 1339 2625 1384 natura.
2659 1328 2718 1384 Si
2750 1346 2881 1400 ergo
2911 1333 3216 1387 secundum
3248 1345 3502 1390 naturam

1920 1432 1988 1471 ex
2021 1416 2158 1471 Filio
2195 1420 2379 1488 prodit
2407 1419 2665 1488 Spiritus,
2688 1422 3092 1491 processioncm
3130 1438 3262 1478 vero
3310 1439 3505 1481 secun-

1921 1510 2046 1563 dum
2090 1520 2336 1565 naturam
2363 1512 2416 1565 in
2455 1512 2655 1567 divinis
2683 1513 2971 1582 dupliciter
3000 1524 3222 1585 oportet
3247 1531 3390 1584 esse,
3417 1518 3503 1569 vel

1923 1617 2021 1671 per
2050 1602 2473 1671 generationem,
2509 1604 2591 1658 vel
2626 1620 2723 1673 per
2780 1605 3196 1674 productionem
3234 1620 3374 1674 :per
3414 1622 3506 1676 ge—

1926 1695 2262 1748 nerationem
2288 1703 2467 1748 autem
2511 1711 2617 1748 non
2648 1697 2829 1765 prodit
2861 1712 2924 1751 ex
2949 1711 3016 1751 eo
3052 1716 3067 1751 :
3098 1696 3505 1767 profectoenim

1924 1794 2069 1840 esset
2100 1784 2241 1839 (ilius
2263 1783 2383 1839 Filii
2416 1786 2675 1854 Spiritus,
2708 1787 2891 1855 prodit
2938 1803 3069 1853 ergo
3125 1803 3224 1857 per
3292 1802 3508 1858 preces.

1920 1879 2170 1932 sionem:
2206 1877 2386 1946 itaque
2419 1877 2655 1946 Spiritus
2676 1894 2739 1932 ex
2770 1877 2906 1932 Filio
2949 1879 3234 1947 processio
3261 1880 3365 1932 erit
3386 1889 3509 1932 tan-

1919 1983 2084 2039 quam
2112 1969 2230 2038 ejus
2258 1967 2351 2037 qui
2382 1968 2627 2037 procedit
2663 1984 2728 2022 ex
2764 1985 2852 2022 eo.
2922 1970 3191 2023 Prazterea
3241 1967 3505 2037 Spiritum

1923 2065 2175 2114 sanctum
2199 2072 2263 2112 ex
2303 2057 2610 2111 substantia
2638 2058 2816 2111 Patris
2848 2072 2971 2112 esse
3024 2066 3079 2111 et
3140 2057 3282 2122 Filii,
3314 2073 3508 2113 omnes

1921 2150 2213 2214 doctores.
2260 2147 2566 2205 Orientales
2615 2151 2816 2219 pariter
2850 2159 2907 2204 et
2955 2149 3354 2214 Occidentales,
3397 2149 3504 2203 cla-

1922 2250 2107 2308 mant;
2133 2240 2226 2295 sed
2253 2240 2397 2306 quod
2422 2242 2475 2295 in
2500 2240 2769 2296 Trinitate
2796 2257 2861 2297 ex
2886 2241 3124 2297 essentia
3149 2241 3382 2307 alicujus
3401 2250 3505 2303 est,

1922 2334 2087 2389 etiam
2137 2348 2203 2387 ex
2262 2332 2535 2401 hypostasi
2568 2333 2687 2401 ejus
2714 2342 2818 2389 est.
2885 2333 3024 2388 Cum
3088 2348 3217 2402 ergo
3274 2332 3509 2402 Spiritus

1926 2434 2149 2480 sanctus
2203 2422 2423 2478 dicatur
2467 2437 2592 2478 esse
2626 2439 2692 2478 ex
2717 2424 3026 2478 substantia
3061 2422 3210 2487 Filii,
3238 2433 3321 2477 est
3343 2423 3507 2476 etiam

1926 2534 1991 2572 ex
2026 2518 2197 2587 ipsius
2247 2517 2547 2588 ltypostasi.
2573 2517 2730 2582 Quod
2766 2519 2810 2572 si
2846 2518 2970 2586 quis
2999 2517 3198 2572 audeat
3231 2516 3414 2570 dicere
3444 2530 3508 2569 ca

1927 2623 2148 2683 propter
2174 2612 2641 2669 consubstantiale
2677 2626 2799 2667 esse
2829 2611 3054 2680 prolata,
3091 2626 3157 2665 ac
3182 2620 3240 2664 ut
3268 2608 3511 2679 Spiritus

1928 2708 2177 2777 ejusdem
2240 2707 2493 2762 essentia:
2540 2706 2862 2762 ostendatur
2919 2720 3041 2759 esse
3085 2719 3210 2759 cum
3261 2702 3422 2758 Patre
3455 2710 3514 2756 et

1930 2800 2090 2863 Filio,
2120 2801 2173 2855 id
2194 2802 2413 2871 quidem
2482 2814 2672 2855 verum
2724 2807 2833 2864 est,
2894 2808 2950 2852 et
2981 2808 3189 2867 quanto
3220 2793 3391 2864 magis
3421 2807 3513 2846 ve-

1930 2909 2051 2947 rum
2085 2904 2189 2958 est,
2222 2902 2377 2949 tanto
2402 2906 2574 2963 magis
2621 2891 2845 2960 adjuvat
2876 2905 3014 2945 nos:
3061 2902 3187 2942 nam
3222 2887 3302 2942 sic
3332 2884 3511 2955 magis

1931 2994 2019 3039 est
2060 2982 2546 3039 consubstantialis
2602 2978 2746 3036 Patri
2772 2990 2828 3035 et
2872 2978 3009 3034 Filio
3054 2976 3314 3048 Spiritus,
3352 2974 3511 3044 quasi

260 3068 497 3136 ἀληθές*
532 3069 641 3138 ὅσῳ
669 3068 726 3123 δὲ
758 3070 980 3140 ἀληθὲς,
1006 3074 1259 3127 τοσοῦτον
1304 3078 1598 3146 συνηγορεϊ
1627 3076 1830 3147 μᾶλλον

1935 3094 1999 3132 ex
2027 3092 2217 3131 eorum
2249 3076 2508 3142 essentia,
2548 3084 2605 3130 et
2634 3090 2700 3130 ex
2755 3074 2820 3128 iis
2846 3072 3128 3143 prodiens,
3160 3070 3277 3127 sive
3316 3081 3514 3137 procc-

264 3160 420 3226 ήμίν.
474 3159 633 3212 Οὕτω
661 3162 767 3231 γὰρ
809 3164 1097 3232 ὁμοούσεον
1138 3167 1311 3237 Πατρὶ
1342 3169 1438 3221 καὶ
1484 3168 1597 3238 Υἱῷ
1630 3169 1830 3237 μᾶλλον

265 3251 325 3298 τὸ
356 3248 597 3316 Πνεῦμα,
627 3248 701 3310 ὡς
732 3252 796 3302 ἐκ
828 3251 928 3316 τῆς
973 3248 1160 3316 οὐσίας
1206 3254 1387 3307 αὐτῶν
1418 3256 1509 3307 καὶ
1545 3256 1605 3321 ἐξ
1652 3257 1832 3309 αὐτῶν

266 3341 479 3407 προϊὸν,
513 3342 679 3410 ἤγουν
715 3343 1167 3413 ἐκπορευόμενον.
1202 3345 1262 3398 Ei
1293 3347 1399 3413 γὰρ
1428 3344 1525 3415 τὴν
1556 3345 1835 3415 ὀμοουσιό-

264 3447 405 3496 τητα
439 3433 626 3496 ἁπλῶς
663 3433 814 3501 δηλοῖ
861 3436 1041 3505 μόνον,
1070 3438 1143 3497 ὠς
1188 3438 1339 3490 αὐτοὶ
1378 3438 1678 3508 βούλονται,
1728 3439 1833 3491 ἔδει

205 3588 217 3599 ι
266 3524 485 3577 καὶτὸν
531 3526 744 3594 Πατέρα
796 3526 859 3580 ἐκ
906 3530 1003 3596 τῆς
1050 3530 1239 3593 οὐσίας
1291 3530 1384 3583 τοῦ
1438 3531 1562 3584 Υἱοῦ
1616 3533 1834 3586 καὶτοῦ

268 3615 606 3684 Πνεῦματος,
642 3619 736 3670 καὶ
778 3621 868 3671 τὸν
902 3619 1029 3673 Υἰίιν
1065 3622 1128 3674 ὲκ
1165 3623 1263 3692 τῆς
1308 3624 1494 3687 οὐσίας
1539 3623 1635 3678 τεῦ
1668 3627 1837 3679 Πνεῦ-

273 3725 442 3777 μστος
471 3708 750 3776 λέγεσθαι.
793 3710 953 3764 una
980 3712 1140 3767 τοῦτο
1169 3714 1341 3773 οὐδεὶς
1374 3716 1642 3788 ἐτόλμησε
1672 3718 1836 3787 μέχρι

268 3800 364 3852 καὶ
400 3796 516 3865 νῦν,
551 3797 678 3851 οὔτε
710 3799 971 3871 τολμήσει
1019 3804 1214 3867 είπεϊν,
1247 3804 1296 3856 εί
1332 3804 1493 3871 μόνον
1537 3809 1836 3876 χριστιανί-

268 3892 384 3955 ζειν
417 3890 688 3961 βούλεται.
725 3893 845 3948 Ἐτι
872 3893 977 3947 ὑπό
1010 3911 1068 3948 τε
1114 3893 1211 3948 τοῦ
1254 3896 1492 3965 μεγάλου
1529 3897 1835 3964 Βασιλείου,

269 3984 365 4036 καὶ
400 3984 508 4037 τῶν
554 3983 822 4037 πλείστων
856 3985 1048 4052 ἁγίων,
1076 3989 1103 4039 6
1141 3987 1237 4056 μὲν
1268 3987 1392 4051 Υίὺς
1420 3988 1583 4041 είκὼν
1611 3988 1702 4041 τοῦ
1732 3991 1841 4043 Πα-

267 4076 394 4143 ego;
425 4075 672 4141 λέγεται·
706 4077 763 4129 τδ
803 4076 859 4131 δὲ
893 4076 1137 4147 Πνεῦμα,
1187 4078 1349 4132 είκὼν
1380 4078 1473 4133 τοῦ
1530 4079 1660 4136 Υἱοῦ
1681 4098 1694 4110 ·
1747 4082 1841 4135 καὶ

268 4169 296 4218 6
330 4169 429 4235 μὲν
472 4166 619 4229 Υἱὸς,
672 4167 919 4237 ἐνέργεια
961 4166 1053 4220 τοῦ
1105 4168 1343 4236 Πατρόςο
1392 4169 1452 4221 τὸ
1498 4169 1555 4221 δὲ
1592 4168 1837 4240 Πνεῦμα,

270 4259 522 4327 ἐνέργεια
550 4257 643 4310 τοῦ
678 4256 809 4309 Υίοῦ
837 4273 851 4287 ο
881 4258 971 4311 καὶ
999 4260 1026 4311 6
1062 4258 1162 4327 μὲν
1213 4259 1364 4322 Υἱὸς,
1407 4260 1577 4329 Λόγος
1603 4260 1697 4313 τοῦ
1728 4261 1842 4313 Πα-

1935 3168 2109 3222 dens:
2141 3168 2265 3236 quia
2298 3166 2343 3220 si
2384 3161 3005 3220 consubstantialitatem
3037 3168 3244 3213 tantum
3307 3152 3517 3222 simpli-

1934 3268 2073 3315 citer
2113 3259 2362 3322 denotat,
2395 3270 2453 3313 ut
2500 3258 2599 3326 ipsi
2629 3257 2841 3315 volunt,
2874 3264 3105 3305 necesse
3151 3260 3318 3307 cs.~ct,
3350 3247 3513 3299 ctiam

1935 3350 2150 3406 Patrem
2187 3366 2251 3403 ex
2286 3349 2520 3405 essentia
2577 3347 2795 3410 Filii,ct
2821 3336 3079 3411 Spiritus,
3138 3350 3191 3394 et
3223 3339 3419 3393 Filiqu
3449 3352 3513 3389 ex

1936 3442 2172 3498 essentia
2224 3440 2462 3509 Spiritus
2519 3437 2648 3493 dici.
2722 3435 2827 3490 Sed
2879 3432 2931 3487 id
3006 3433 3289 3499 hucusque
3357 3444 3517 3482 nemo

1936 3535 2123 3590 dicere
2146 3548 2309 3586 ausus
2330 3540 2435 3591 est,
2462 3544 2636 3599 neque
2662 3526 2904 3590 audebit,
2931 3524 2975 3579 si
3023 3522 3370 3577 Christianus
3396 3534 3517 3574 esse

1938 3626 2191 3681 voluerit.
2228 3622 2496 3677 Praeterea
2551 3637 2580 3675 a
2612 3634 2808 3690 magno
2845 3617 3045 3672 Basilio
3079 3633 3094 3681 ;
3149 3623 3204 3670 et
3237 3614 3518 3684 plerisque

1939 3718 2143 3773 sanctis
2178 3715 2345 3769 Filius
2378 3713 2556 3784 imago
2582 3710 2761 3766 Patris
2786 3708 3007 3771 dicitur,
3036 3705 3278 3776 Spiritus
3335 3704 3517 3775 imago

1944 3809 2085 3875 Filii,
2117 3788 2170 3862 et
2200 3807 2366 3862 Filius
2425 3804 2672 3875 operatio
2727 3805 2932 3867 Patris,
2968 3798 3207 3871 Spiritus
3266 3796 3519 3866 operatio
3564 3840 3577 3859 ,

1940 3899 2079 3965 Filii,
2117 3908 2173 3953 et
2201 3898 2369 3952 Filius
2400 3895 2582 3950 Patris
2629 3894 2893 3958 Verbum,
2950 3894 3195 3963 Spiritus
3229 3887 3350 3943 Filii
3396 3887 3515 3942 elo-

1940 3992 2153 4061 quium,
2176 3999 2230 4044 ct
2273 3989 2444 4043 Filius
2476 3986 2757 4057 ﬂagrantia
2789 3983 2984 4047 Patris,
3016 3983 3253 4053 Spiritus
3282 3977 3523 4048 ﬂagran-

1944 4086 2015 4139 tia
2047 4082 2189 4137 Filii.
2223 4081 2328 4136 Sed
2386 4079 2568 4133 omnia
2607 4077 2775 4131 Filius
2824 4076 3003 4129 Patris
3032 4075 3236 4129 dicitur
3263 4082 3520 4142 tanquam
3566 4130 3582 4143 .

1943 4178 2009 4233 de
2037 4176 2200 4229 Patre
2263 4173 2583 4241 procedens,
2620 4185 2748 4240 ergo
2780 4166 3112 4236 eLSpiritus
3178 4173 3402 4219 sanctus
3455 4177 3519 4216 ca

1943 4266 2140 4322 dicitur
2170 4264 2292 4319 Filii
2321 4279 2463 4329 esse,
2508 4271 2563 4317 ut
2590 4262 2681 4332 qui
2702 4277 2766 4317 ex
2802 4260 2939 4314 Filio
2972 4256 3158 4327 sit(l).
3188 4256 3456 4311 Praeterea
3475 4254 3519 4307 si

271 4351 434 4419 τρόςο
468 4350 528 4402 τὺ
560 4350 616 4403 δὲ
674 4349 917 4417 Π.εῦμα.
981 4352 1133 4420 ῥῆμα
1174 4350 1270 4403 τοῦ
1324 4351 1456 4404 Υίοῦ
1486 4366 1501 4382 ο
1542 4353 1636 4407 καὶ
1667 4352 1695 4404 6
1745 4353 1830 4414 μὲι

1949 4356 2185 4426 Spiritus
2211 4368 2324 4409 non
2352 4363 2434 4409 est
2464 4370 2530 4409 ex
2563 4352 2716 4419 Filio,
2738 4352 2805 4407 ab
2844 4366 2911 4407 eo
2956 4365 3233 4420 nunquam
3258 4361 3524 4418 persona-

271 4443 421 4508 Υἱὸς,
473 4442 669 4511 εὐωδία
723 4441 816 4496 τοῦ
854 4442 1107 4511 Πατρός’
1158 4444 1218 4495 τὸ
1264 4442 1321 4496 δὲ
1372 4442 1619 4512 Πνεῦμα,
1647 4444 1845 4515 εὐωδία

271 4533 368 4587 τοῦ
403 4534 556 4588 Υἰοῦ.
620 4532 763 4585 Ἀλλ’
816 4535 999 4588 ἐκεῖνα
1028 4534 1204 4587 πάντα
1252 4536 1281 4588 6
1320 4535 1446 4597 Υἱὸς
1499 4537 1719 4605 λέγεται
1748 4538 1843 4591 τοῦ

277 4625 510 4695 Πατρδς,
541 4625 616 4688 ὡς
645 4624 711 4678 ix
739 4624 836 4678 τοῦ
869 4624 1081 4695 [ἰατρὸς
1113 4623 1221 4678 ὢν·
1256 4626 1351 4679 καὶ
1380 4626 1450 4679 ’τὸ
1482 4626 1708 4695 Πνεῦμα
1737 4628 1844 4699 ἄρα

272 4720 334 4773 τὸ
360 4718 538 4788 ἅγιον,
579 4718 751 4773 ταῦτα
796 4720 1017 4788 λέγεται
1064 4719 1161 4773 τοῦ
1196 4720 1327 4775 Υἱοῦ
1359 4717 1497 4775 εῐναι
1531 4722 1607 4785 ὼς
1647 4724 1711 4776 ὲκ
1745 4721 1842 4776 τοῦ

273 4810 406 4864 Υἱοῦ
436 4812 517 4866 δν.
550 4811 673 4864 Ἔτι
720 4812 769 4865 εί
807 4812 882 4882 μὴ
912 4813 972 4864 τὸ
1004 4812 1226 4882 Πνεῦμα
1269 4813 1418 4866 δστιν
1447 4814 1505 4880 ἐξ
1535 4814 1690 4881 Υίοῦ,
1740 4816 1844 4868 οὐκ

273 4902 341 4956 ἄν
367 4900 533 4957 αὐτοῦ
560 4902 928 4973 προσωπικῶς
964 4903 1296 4975 διακρίνοιτο
1317 4920 1332 4935 ·
1363 4903 1499 4958 ἀλλὰ
1529 4904 1686 4958 τοῦτο
1715 4906 1844 4961 ατο·

273 5011 377 5047 πον
439 4994 653 5063 λέγειν’
705 4994 850 5049 οὕτω
888 4994 1072 5067 γὰρὴ
1123 4996 1289 5066 Τριὰς
1345 4996 1702 5067 ὁρισθήσεται
1762 4997 1843 5060 είς

274 5084 480 5139 δυάδα⁶
514 5084 677 5140 ἔστιν
708 5086 816 5156 ἄρα
863 5085 922 5149 ἐξ
984 5084 1115 5142 Υίοῦ
1152 5086 1212 5139 τὸ
1265 5086 1511 5157 Πνεῦμα,
1545 5088 1593 5140 εί
1658 5088 1845 5157 μέλλοι

277 5176 646 5245 προσωπικῶς
675 5176 842 5229 αὑτοῦ
868 5177 1262 5246 διακρίνεσθαι.
1297 5180 1419 5235 Ἔτι
1453 5182 1620 5251 φησὶν
1649 5183 1676 5235 ὁ
1708 5182 1847 5250 Χρι-

278 5270 400 5332 σιδς
436 5272 544 5333 τοῖς
572 5270 873 5342 μαθηταῖςο
909 5288 930 5323 ι
964 5271 1133 5324 Ὅταν
1159 5272 1288 5345 ἔλθῃ
1315 5276 1342 5327 6
1378 5274 1736 5344 Πιράκλητος
1786 5274 1847 5327 δν

275 5362 387 5430 ἐγὼ
412 5364 609 5433 πέμψω
628 5362 759 5433 ὑμῖν
776 5378 790 5393 ο
812 5380 830 5415 ι
870 5366 984 5431 καὶ,
1009 5365 1168 5418 «Ἐὰν
1194 5367 1444 5434 πορευθῶ
1468 5365 1669 5436 πέμψω
1686 5364 1850 5419 αὐτὸν

284 5455 421 5522 πρὸς
467 5454 612 5525 ὑμᾶς
640 5472 653 5484 ο
688 5475 708 5508 ι
742 5455 815 5509 Τδ
853 5456 961 5526 γὰρ
991 5456 1309 5525 πέμπεσθαι
1341 5458 1433 5510 ἐπὶ
1469 5457 1627 5523 Θεοῦ,
1661 5458 1720 5510 τὸ
1750 5457 1847 5511 ἀπ’

280 5547 459 5611 αἰτίας
487 5544 624 5601 εἶναι
653 5548 823 5618 δηλοῖ.
851 5550 960 5604 Καὶ
990 5549 1197 5619 μάρτυς
1221 5550 1247 5602 6
1278 5548 1417 5614 Θεῖος
1441 5549 1848 5620 Χρυσόστομος,

354 5727 431 5798 (l)
457 5727 599 5784 Citat
623 5728 765 5783 hunc
790 5728 963 5784 lccuvn
990 5727 1225 5783 Thomas
1250 5747 1296 5784 ι·.
1324 5731 1410 5784 32.

1949 4449 2074 4504 liter
2102 4446 2488 4518 distinguitur;
2519 4454 2574 4499 at
2626 4444 2675 4498 id
2707 4442 3011 4499 absurdum
3047 4440 3197 4495 dictu
3232 4447 3317 4494 est
3349 4454 3364 4493 :
3394 4452 3522 4491 nam

1948 4541 2020 4595 ita
2047 4540 2284 4595 Trinitas
2312 4538 2364 4594 in
2424 4536 2744 4592 dualitatem
2798 4532 3208 4589 tcrminabitur.
3240 4529 3335 4585 Est
3392 4542 3524 4598 ergo

1947 4648 2013 4688 ex
2062 4630 2201 4686 Filio
2249 4630 2514 4702 Spiritus,
2563 4629 2607 4685 si
2669 4624 3032 4698 personaliter
3081 4623 3147 4678 ab
3173 4636 3242 4677 eo
3264 4619 3523 4689 distingui

1948 4724 2273 4796 oportuerit.
2324 4722 2454 4777 item
2501 4721 2636 4777 dicit
2699 4718 2952 4774 Christus
2985 4713 3290 4784 discipulis,
3346 4711 3527 4767 tCum

1948 4815 2160 4871 venerit
2190 4815 2525 4879 Paracletus,
2557 4826 2718 4883 quem
2765 4825 2869 4881 ego
2920 4808 3133 4864 mittam
3170 4804 3346 4862 vobis.
3378 4821 3397 4857 ι
3433 4803 3527 4869 Ει,

1957 4928 1975 4961 ι
2001 4907 2056 4962 Si
2079 4906 2265 4962 abiero
2294 4906 2506 4961 mittam
2537 4920 2661 4960 eum
2686 4902 2755 4958 ad
2790 4916 2909 4967 vos,
2938 4919 2958 4953 ι
3012 4900 3140 4970 quia
3168 4896 3308 4953 mitti
3337 4896 3389 4949 in
3418 4892 3531 4950 Deo

1947 5014 1977 5054 a
2009 5014 2171 5054 causa
2232 5012 2353 5053 esse
2388 4997 2749 5052 demonstrat.
2786 4992 2968 5048 Testis
2998 5000 3081 5046 est
3112 4990 3173 5042 Ι).
3202 4990 3529 5059 Chrysosto-

1950 5108 2073 5147 mus
2103 5091 2169 5145 ad
2224 5090 2477 5153 Arianos,
2496 5088 2589 5160 qui
2618 5087 2963 5145 dubitabant,
2985 5079 3259 5153 quomodo
3283 5076 3528 5147 ejusdem

1954 5184 2207 5240 essentia:
2230 5184 2304 5237 sit
2330 5182 2422 5252 qui
2457 5180 2623 5235 mittit
2676 5189 2734 5235 et
2767 5177 2859 5248 qui
2896 5173 3155 5238 mittitur,
3187 5171 3255 5226 39
3283 5166 3527 5233 homilia,

1955 5290 2078 5329 cum
2102 5272 2273 5327 dicit:
2315 5271 2527 5327 Rursus
2552 5271 2616 5326 ad
2655 5270 2893 5325 humana
2924 5265 3229 5321 orationem
3267 5260 3530 5324 traducis,

1956 5381 2057 5420 nec
2078 5364 2337 5436 intelligis
2365 5364 2547 5419 omnia
2590 5362 2705 5416 haec
2741 5360 2810 5414 ob
2848 5356 2986 5413 nihil
3019 5353 3165 5411 aliud
3214 5354 3356 5410 dicta
3383 5363 3533 5419 esse.

1960 5458 2061 5512 nisi
2088 5466 2146 5510 ut
2171 5471 2390 5511 causam
2411 5455 2669 5519 sciamus,
2702 5465 2880 5520 neque
2940 5449 2997 5505 in
3027 5442 3250 5505 Sabellii
3280 5443 3529 5499 morbum

1959 5549 2264 5606 incidamus
2296 5565 2308 5604 :
2343 5546 2436 5605 scd
2469 5546 2707 5618 Spiritus
2760 5559 2826 5601 cx
2856 5542 2994 5599 Filio
3056 5539 3311 5607 mittitur,
3375 5550 3439 5592 ex
3466 5550 3529 5590 co
