3978 6204
285 266 416 334 1181

279 382 698 448 cavatis-33953051:
729 390 1038 456 πρὸσιοπον,
1071 397 1125 448 sl’
1154 416 1236 462 τις
1283 401 1341 466 ἐξ
1368 403 1438 469 ἀρ
1452 407 1573 471 φοῖν

174 519 183 532 ,
272 471 499 564 Πνεῦμα
535 475 594 528 τὸ
624 477 780 543 ἅγιον
821 483 1239 557 ἐκπορεύεσθαι,
1278 492 1308 552 ἦ
1349 496 1395 544 εἰ
1427 495 1501 564 μὴ
1545 471 1722 558 τοῦτο.
1752 500 1846 552 δύο

270 562 404 626 γοῦν
437 563 532 624 τὰς
566 567 755 635 ἀρχᾶς.
807 573 899 626 καὶ
943 575 1036 627 δύο
1064 562 1454 650 ἀκολουθήσειν
1483 562 1548 638 τὰ
1588 587 1740 640 αἴτια
1767 603 1782 617 °
1817 589 1846 641 ὃ

275 653 369 706 καὶ
409 655 542 709 αὐτὸ
574 660 634 710 οὐ
671 665 825 726 μεῖον
868 667 1069 722 ἄτοτον
1100 671 1192 724 τοῦ
1234 677 1523 746 προτέρου.
1564 678 1759 746 Ἡμεῖς
1789 681 1846 732 δὲ
1884 737 1888 741 .

277 750 415 815 πρὸς
477 751 579 817 μὲν
617 753 676 805 τὸ
731 757 828 824 τῆς
883 761 1233 830 συναλοιφῆς,
1275 765 1414 818 οὕτω
1441 769 1656 835 φαμέν⁶
1695 770 1770 833 ὡς
1800 772 1849 824 εἰ

279 843 380 908 μὲν
411 847 760 910 προσωπικὸν
794 849 971 902 siem:
1013 853 1376 908 ὑποστατικδν
1414 859 1507 910 τοῦ
1557 862 1847 928 προσώπου

280 933 375 986 τοῦ
414 937 700 1004 πατρικοῦ,
735 940 833 1010 τὴν
863 943 957 994 τοῦ
989 946 1314 1014 προσάλλειν
1355 949 1637 1018 ἐνέργειαν
1679 952 1850 1004 ἐτιθέ-

283 1025 446 1091 μεθα,
477 1026 586 1078 τότ’
615 1027 681 1081 ἂν
708 1031 770 1082 τὸ
806 1030 1010 1086 ἄτοπον
1053 1037 1234 1089 εἵπετο
1270 1038 1426 1091 τοῦτο
1450 1054 1464 1067 ⁹
1500 1041 1592 1092 καὶ
1622 1036 1689 1110 ἦν
1717 1042 1851 1111 ἀλη-

283 1115 391 1177 εῶς
417 1117 444 1167 ὁ
474 1117 596 1180 Υἱῖς
657 1121 716 1172 ἓν
747 1124 882 1190 μετὰ
920 1125 1011 1177 τοῦ
1050 1128 1258 1194 [ἰατρὸς
1291 1130 1600 1199 πρόσωπον,
1631 1131 1724 1185 τοῦ
1756 1150 1852 1186 συ-

286 1210 543 1262 στατικοῦ
592 1211 739 1282 αὐτῷ
791 1218 1065 1270 κοινωνῶν
1115 1217 1420 1288 ἰδιώματος.
1481 1224 1630 1276 Ἐπεὶ
1692 1225 1750 1278 δὲ
1790 1224 1854 1277 τὸ

284 1299 386 1368 μὲν
416 1303 738 1356 συστατικδν
760 1305 852 1358 τοῦ
880 1310 1196 1376 προσώπου,
1221 1311 1314 1364 τοῦ
1338 1314 1601 1381 πατρικοῦ
1629 1314 1848 1384 ἰδίωμα,

256 1392 318 1458 εὴ
352 1395 630 1463 πατρότης
681 1396 775 1449 καὶ
818 1397 878 1450 τὸ
911 1402 1106 1471 γεννᾷν
1149 1403 1362 1473 εἴρηται
1394 1405 1476 1470 ὃν,
1511 1407 1573 1459 τὸ
1617 1407 1672 1477 δὲ
1721 1424 1851 1477 προ-

285 1485 500 1565 6ᾇλλειν
530 1489 726 1557 ἰδίωμα
754 1491 934 1545 εῖτουν
960 1494 1249 1564 γνώρισμα
1275 1499 1350 1567 τῷ
1381 1500 1656 1570 προσώπῳ
1687 1501 1852 1553 αὑτοῦ

285 1581 543 1632 συστάντι
591 1582 877 1653 ἑπόμενον,
911 1587 993 1649 ττς
1038 1588 1068 1654 ἡ
1109 1589 1346 1659 ἀνᾶγκη,
1381 1590 1470 1643 τὸν
1499 1592 1857 1645 κοινωνοῦντα

283 1673 434 1741 αὐτῷ
456 1674 645 1726 τοῦτου
669 1676 761 1727 τοῦ
792 1676 1081 1746 ἰδιώματος
1107 1678 1135 1731 ὃ
1162 1680 1238 1750 μὴ
1263 1682 1586 1734 συστατικόν
1613 1683 1731 1734 ἐστι
1757 1682 1852 1734 τοῦ

923 284 1072 344 PRO
1114 288 1323 350 CON'C.
1369 294 1744 361 FLOllENT.
1786 301 1944 363 CAP.
1999 303 2042 364 Ι.
2079 306 2176 364 DE
2220 309 2524 368 SPIRITU
2574 311 2880 376 SANCTO.

3387 313 3526 377 1182

1611 405 1761 474 λέγοι
1794 408 1851 460 τὸ

1970 413 2118 481 eipia,
2156 418 2234 470 vel
2276 419 2410 474 duas
2432 437 2624 475 causas
2663 423 2789 474 inde
2821 423 3278 492 consequizquod
3304 422 3522 493 quidem

1957 519 2064 557 non
2101 507 2282 562 minus
2317 510 2706 565 inconveniens
2731 524 2820 568 est?
2851 515 3052 581 priore.
3075 514 3183 570 Nos
3213 531 3342 569 vero
3371 515 3436 568 ad
3467 515 3520 568 id

1958 598 2099 664 quod
2130 597 2364 653 aﬂ‘eruht
2395 601 2461 654 de
2485 603 2893 670 conjunctione,
2927 605 2999 656 ita
3031 604 3521 673 respondebimus:

1956 688 2102 754 quod
2128 689 2172 741 si
2200 692 2507 756 personale,
2540 694 2657 748 sive
2697 695 3088 764 hypostaticum
3131 710 3378 764 personae
3421 693 3525 747 Pa-

1962 775 2081 839 tris,
2121 787 2301 831 actum
2327 779 2658 846 producendi
2694 797 3042 850 poneremus,
3094 790 3223 836 tunc
3252 784 3440 852 utique
3469 784 3524 838 id

1960 867 2358 924 inconveniens
2387 884 2729 940 sequeretur,
2759 889 2992 943 vereque
3027 884 3172 929 esset
3209 873 3375 928 Filius
3421 891 3525 928 una

1959 971 2082 1011 cum
2113 958 2268 1014 Patre
2291 977 2518 1029 persona
2541 964 2906 1018 constitutiva'.
2935 965 3282 1034 proprietatis
3312 980 3434 1018 cum
3464 981 3529 1016 eo

1956 1052 2403 1117 communicatis;
2438 1057 2530 1108 sed
2560 1058 2685 1125 quia
2721 1071 2960 1124 persona:
2981 1056 3151 1110 Patris
3177 1057 3523 1111 censtitutiva

1960 1143 2282 1210 proprietas,
2320 1149 2616 1212 paternitas
2646 1158 2698 1201 et
2731 1149 3013 1219 generatio
3033 1150 3188 1210 dicta
3252 1159 3331 1203 εει
3367 1163 3524 1201 esse:

1960 1231 2263 1298 producere
2291 1251 2421 1290 vero
2449 1238 2772 1307 preprietas,
2805 1239 2918 1293 sive
2948 1240 3100 1294 notio
3129 1253 3252 1308 qua:
3280 1237 3529 1306 sequitur

1963 1338 2256 1392 personam
2283 1329 2636 1383 constitutam
2681 1330 2872 1398 ipsius,
2903 1346 3022 1400 qua!
3072 1330 3372 1386 necessitas
3421 1339 3528 1393 est,

1959 1429 2086 1468 eum
2115 1417 2357 1485 quicum
2399 1419 2489 1474 illo
2545 1436 2886 1476 communem
2933 1423 3092 1484 habet
3139 1437 3258 1476 eam
3289 1420 3533 1491 proprie-

1963 1513 2152 1573 tatem,
2204 1524 2325 1577 quae
2379 1526 2623 1577 persona;
2686 1515 2804 1584 ejus
2865 1515 3215 1568 ronstitutiva
3265 1529 3370 1567 non
3422 1520 3532 1576 est,

1964 1615 2126 1654 unam
2154 1616 2276 1656 esse
2305 1619 2427 1655 cum
2457 1619 2522 1656 eo
2573 1606 2904 1670 personam?
2938 1606 3067 1659 Nam
3094 1605 3252 1660 sicuti
3288 1619 3533 1659 comnm-

1964 1693 2156 1746 nieans
2177 1707 2296 1745 cum
2325 1693 2484 1748 Patre
2518 1693 2706 1756 Filius,
2730 1696 2934 1750 scilicet
2963 1695 3226 1765 Spiritum
3255 1697 3374 1766 ejus
3392 1709 3533 1760 esse,

235 1787 248 1804 ν
283 1770 577 1836 προσώπου
604 1768 792 1834 αὑτοῦ,
823 1772 916 1824 καὶ
933 1771 992 1824 ἓν
1015 1767 1154 1825 εἶναι
1183 1773 1475 1842 πρόσωπον
1503 1775 1617 1840 μετ’
1646 1774 1813 1828 αὑτοῦ
1841 1791 1857 1838 ‘,

1970 1781 2422 1851 quemadmodum
2463 1794 2516 1837 et
2571 1783 2771 1848 Patris,
2804 1796 2859 1840 et
2888 1786 3030 1839 mitti
3081 1786 3149 1840 ab
3183 1801 3249 1838 eo
3277 1787 3538 1854 quemad-

283 1853 498 1924 Ὥσπερ
534 1856 644 1926 γὰρ
705 1859 979 1912 κοινωνῶν
1024 1860 1103 1930 τῷ
1154 1863 1328 1934 Πατρλ⁸
1370 1865 1398 1916 ὁ
1459 1864 1608 1928 Υἱὸς,
1655 1864 1750 1917 τοῦ
1796 1864 1855 1917 τὸ

285 1946 511 2015 Πνεῦμα
561 1945 700 2002 εἶναι
749 1950 938 2016 αὐτοῦ,
972 1952 1160 2023 ὥσπερ
1199 1957 1291 2009 καὶ
1333 1955 1427 2009 τοῦ
1475 1958 1708 2026 Πατρὸς.
1762 1957 1857 2009 καὶ

284 2033 380 2084 τοῦ
414 2033 547 2102 παρ’
593 2035 758 2106 αὑτοῦ
809 2037 1001 2109 ὥσπερ
1046 2042 1139 2094 καὶ
1170 2043 1320 2114 παρὰ
1349 2046 1440 2098 τοῦ
1473 2047 1682 2115 Πατρδς
1724 2048 1860 2098 ἁπο-

287 2125 618 2186 στέλλεσθαι,
644 2128 792 2195 ὅμως
815 2130 876 2182 οὐ
906 2133 998 2183 καὶ
1028 2133 1122 2186 τοῦ
1148 2136 1441 2200 προσώπου
1471 2137 1635 2190 αὐτοῦ
1669 2155 1861 2190 κοινω-

286 2219 386 2277 νεῖ,
417 2219 553 2272 διῦτι
585 2222 664 2284 τ),
689 2223 747 2272 τὸ
773 2222 994 2293 Πνεῦμα
1026 2225 1278 2292 λέγεσθαι
1305 2228 1396 2280 τοῦ
1425 2230 1706 2299 Πατρὸςιῆ
1732 2230 1860 2298 παρ’

287 2310 453 2362 αὐτοῦ
485 2313 928 2376 ἀποστέλλεσθαι,
966 2319 1075 2370 ὀὐκ
1113 2319 1226 2371 ἔστι
1263 2320 1355 2372 τοῦ
1389 2321 1657 2391 πατρικοῦ
1691 2339 1862 2391 προσο

287 2405 438 2455 ὡπου
489 2407 836 2472 συστατικδν,
887 2407 1058 2472 οὕτως
1099 2411 1218 2464 οὐδὲ
1249 2412 1341 2464 τοῦ
1393 2415 1716 2483 προϐάλλειν
1747 2433 1864 2468 κοι-

289 2497 474 2550 νωνῶν
522 2498 599 2568 τῷ
644 2501 838 2568 Πατρὶ,
884 2503 961 2564 εἰς
993 2501 1050 2555 ἓν
1098 2504 1216 2571 μετ’
1266 2505 1430 2559 αὐτοῦ
1484 2508 1864 2577 συναλείφεται

297 2590 587 2656 πρέσωπον
613 2607 628 2622 ο
661 2591 792 2643 διότι
823 2593 883 2644 τὸ
931 2595 1275 2662 προϐάλλειν,
1308 2597 1369 2649 οὐ
1413 2601 1736 2652 συστατικὸν
1769 2600 1863 2652 τοῦ

293 2687 588 2749 προσώπου
621 2683 716 2736 τοῦ
751 2687 1047 2754 πατρικοῦ.
1085 2690 1244 2743 Ὥστε
1273 2692 1375 2752 ἕως
1411 2693 1476 2744 ἂν
1507 2691 1580 2761 μὴ
1610 2693 1756 2764 δείξῃ
1781 2710 1866 2755 τις

292 2772 354 2824 τὸ
404 2774 729 2842 προϐάλλειν
783 2779 1108 2830 συστατικὸν
1154 2780 1214 2832 ὃν
1265 2784 1360 2835 τοῦ
1420 2783 1716 2853 προσώπου
1770 2783 1864 2836 τοῦ

295 2866 588 2932 πατρικοῦ,
629 2867 749 2920 οὐδὲ
793 2868 1124 2942 συναλοιφὴν
1159 2873 1266 2924 τῶν
1310 2875 1617 2942 προσώπων
1663 2861 1866 2930 δύναιτ’

293 2957 575 3022 ἂλδεῖξαι,
624 2959 682 3010 Εἰ
733 2959 787 3010 δὲ
839 2959 1020 3030 Οαῦμα
1075 2963 1224 3016 δοκεῖ
1271 2965 1367 3028 τὰς
1416 2965 1508 3019 δύο
1538 2967 1866 3029 ὑποστάσεις

297 3048 429 3116 μέαν
460 3051 637 3117 ἀρχὴν
683 3044 818 3103 εἶναι
855 3053 949 3106 καὶ
995 3053 1067 3122 μὴ
1105 3056 1544 3122 συναλείφεσθαι,
1586 3061 1768 3127 μεῖζον
1800 3060 1866 3113 ἂν

294 3138 378 3204 εἴη
414 3115 619 3204 Θαῦμα,
650 3141 729 3193 ὅτι
765 3141 821 3194 αἱ
855 3115 1003 3210 τρεῖς
1049 3115 1375 3208 ῦποστάσεις
1407 3149 1505 3217 μία
1531 3115 1700 3202 ἐίσῖνν
1721 3152 1862 3222 ἀρχὴ
1890 3115 1935 3177 C

294 3233 388 3283 καὶ
415 3233 476 3283 οὗ
509 3233 943 3300 συναλείφονται.
982 3233 1112 3289 Εἶτα
1169 3239 1436 3308 δυαρχίαν
1484 3244 1618 3310 ἡμῖν
1660 3244 1865 3314 προσά·

293 3340 516 3388 πτουσι,
543 3325 812 3392 λέγοντες*
850 3329 923 3381 Οὐ
947 3327 1201 3381 δύνανται
1236 3335 1431 3399 φυγεῖν
1458 3333 1556 3403 τὴν
1581 3335 1862 3406 δυαρχίαν,

292 3417 341 3468 οἱ
381 3419 474 3468 τὸν
524 3417 744 3487 Πατέρα
776 3420 869 3471 καὶ
915 3420 1006 3473 τὸν
1058 3421 1186 3475 Υἱὸν
1239 3422 1414 3493 ἀρχὴν
1444 3425 1726 3491 ποιοῦντες
1769 3430 1864 3484 τοῦ

295 3507 613 3577 Πνεῦματος
640 3524 656 3542 ⁸
711 3509 846 3564 ἀλλὰ
887 3511 1102 3580 πρῶτον
1131 3513 1230 3583 μὲν
1273 3515 1491 3570 Λατῖνοι
1521 3520 1568 3570 οἱ
1611 3523 1740 3588 παρ’
1773 3522 1868 3574 αὑ-

292 3602 403 3654 τῶν
438 3601 850 3669 ἐγκαλούμενοι,
894 3604 1156 3672 δυαρχίιν
1196 3604 1254 3658 οὗ
1295 3605 1536 3676 τολμῶσι
1582 3608 1801 3677 λέγειν·
1833 3612 1866 3682 ἢ

301 3695 524 3762 πρώτην
552 3693 645 3744 καὶ
682 3693 939 3762 δευτέραν
973 3694 1166 3764 ἀρχὴν,
1202 3695 1233 3765 ἢ
1271 3698 1400 3764 μίαν
1434 3699 1494 3750 ἐκ
1538 3699 1630 3753 δύο
1659 3702 1868 3755 συνιοῦ-

299 3802 400 3838 σαν
455 3786 658 3854 ἀρχῶν.
713 3787 928 3839 Μᾶλλον
960 3787 1061 3855 μὲν
1109 3785 1202 3842 οὖν
1251 3789 1345 3841 καὶ
1397 3790 1697 3858 ἀνςνοέματι
1742 3795 1870 3858 τοὺς

296 3879 440 3932 οὕτω
467 3878 798 3950 φρονοῦντας
838 3880 1246 3936 ὑποϐάλλουσιν.
1297 3881 1438 3933 Ἀλλ’
1464 3882 1511 3934 εἰ
1543 3885 1638 3953 μέν
1668 3903 1749 3946 τις
1774 3886 1870 3937 αὑ-

296 3972 424 4033 τοὺς
461 3970 637 4040 ἔροιτο
668 3971 716 4023 εἰ
756 3972 934 4042 ἀρχήν
983 3989 1116 4039 φασι
1149 3973 1242 4025 καὶ
1288 3972 1378 4026 τὸν
1412 3973 1540 4026 Υίδν
1571 3974 1662 4028 τοῦ
1708 3976 1867 4045 ἁγίου

301 4063 641 4132 Πνεῦματος,
670 4064 876 4134 ἐροῦσι,
910 4064 1033 4117 ναί·
1071 4068 1165 4120 καὶ
1190 4067 1236 4117 εἰ
1267 4065 1356 4117 τὸν
1387 4067 1624 4138 Πατέρα,
1662 4071 1748 4121 ναί
1774 4085 1787 4100 ·
1821 4071 1868 4123 εἰ

295 4153 342 4206 δ’
387 4155 478 4207 ἐπὶ
530 4154 743 4217 τούτοις
792 4156 1082 4224 ἐπαγάγοι,
1130 4157 1340 4210 Οὐκοῦν
1373 4158 1467 4211 δύο
1523 4159 1709 4226 λέγετε
1775 4164 1870 4215 τοῦ

301 4245 618 4316 Πνεύματος
645 4247 819 4315 ἀρχὰς
847 4264 862 4312 ;
895 4245 956 4299 οῦ
1003 4264 1155 4314 φασι.
1206 4249 1298 4308 Σὺ,
1326 4251 1434 4319 γὰρ
1465 4251 1622 4304 τοῦτο
1662 4270 1874 4322 συμπε-

303 4340 540 4404 ραὲπιεις·
577 4339 735 4408 ἡμεῖς
775 4338 830 4392 δὲ
870 4337 1030 4392 τοῦτο
1057 4341 1117 4392 τὸ
1149 4341 1326 4412 ῥῆμα,
1379 4344 1437 4396 τὸ
1473 4343 1586 4406 δύο,
1623 4343 1870 4414 οὐδαμῶς

1961 1871 2178 1926 modum
2205 1881 2260 1926 et
2282 1889 2311 1925 a
2334 1872 2515 1937 Patro,
2547 1884 2726 1928 tamen
2762 1889 2866 1928 non
2897 1891 3020 1928 cum
3053 1891 3119 1930 eo
3135 1889 3364 1942 persona
3381 1885 3536 1928 eom-

1958 1965 2224 2028 municat,
2249 1965 2372 2034 quia
2404 1965 2665 2035 Spiritum
2711 1967 2818 2022 dici
2853 1967 3050 2026 Patris,
3085 1968 3168 2020 vel
3193 1968 3260 2019 ah
3287 1966 3535 2029 eomitti,

1961 2065 2068 2110 non
2096 2066 2180 2112 est
2204 2067 2444 2126 paterna:
2499 2072 2745 2126 persona:
2775 2058 3188 2112 constitutivum
3213 2075 3228 2119 ;
3259 2057 3340 2112 sic
3362 2071 3537 2126 neque

1961 2149 2051 2218 qui
2086 2151 2503 2219 productionem
2544 2165 2668 2202 cum
2743 2149 2902 2204 Patre
2954 2163 3298 2202 ronmmnem
3353 2149 3536 2211 habet,

1964 2241 2017 2295 in
2059 2257 2219 2295 uuam
2273 2256 2562 2316 personam
2625 2240 3002 2309 conjungitnr,
3049 2240 3174 2303 quia
3239 2241 3540 2307 producere

1965 2347 2074 2386 non
2098 2342 2178 2386 est
2232 2342 2469 2400 paternae
2499 2347 2744 2402 persona:
2790 2332 3226 2387 constitutivum.
3258 2331 3536 2397 Quamdi-

1965 2439 2100 2488 rem,
2166 2437 2447 2491 quousque
2498 2432 2778 2479 ostensum
2858 2436 2964 2476 non
3023 2421 3206 2484 fuerit,
3243 2421 3540 2490 producere

1965 2530 2088 2570 esse
2117 2529 2363 2584 personae
2389 2523 2628 2583 paterna!
2647 2512 3082 2578 constitutivum,
3115 2527 3290 2579 neque
3313 2509 3540 2577 conjun-

1966 2609 2206 2668 ctionem
2238 2623 2598 2678 personarum
2646 2607 2845 2676 poterit
2880 2605 3277 2661 demonstrare.
3304 2603 3458 2668 Quod
3490 2601 3536 2657 si

1968 2700 2167 2756 tnirnm
2201 2709 2284 2755 est
2321 2700 2458 2754 duas
2483 2713 2744 2767 personas
2775 2713 2943 2752 unum
2969 2710 3093 2750 esse
3133 2694 3456 2764 principium
3483 2701 3537 2746 et

1967 2808 2074 2846 non
2103 2792 2383 2862 conjungi,
2425 2792 2596 2860 magis
2623 2790 2818 2864 mirum
2849 2791 2953 2844 erit
2974 2788 3116 2857 quod
3151 2797 3262 2842 tres
3293 2799 3542 2855 personae

1968 2886 2079 2949 sint
2111 2899 2278 2937 unum
2305 2884 2661 2952 principium,
2691 2897 2792 2936 nec
2819 2880 3242 2950 eonjungantnr.
3276 2875 3550 2941 Posthare

1970 2976 2076 3030 duo
2103 2975 2374 3044 principia
2415 2973 2575 3028 nobis
2607 2973 2934 3033 attribuunt,
2967 2969 3197 3024 dicendo
3238 2966 3349 3021 duo
3395 2964 3545 3034 prin-

1971 3067 2109 3134 cipia
2147 3081 2254 3118 nnn
2291 3080 2452 3134 posse
2490 3078 2587 3118 eos
2643 3064 2834 3129 vitare,
2869 3061 2963 3132 qui
2998 3061 3210 3116 Patrem
3241 3065 3296 3110 et
3347 3056 3542 3111 Filium

1968 3156 2296 3226 principium
2331 3155 2566 3226 Spiritus
2622 3148 2796 3210 sancti
2856 3153 3086 3208 faciunt.
3161 3150 3265 3205 Sed
3308 3147 3542 3218 primum

1968 3247 2146 3301 Latini
2183 3248 2273 3316 qni
2303 3247 2464 3316 abiis
2497 3254 2850 3308 accusantur,
2907 3244 3018 3296 duo
3062 3241 3332 3311 principia
3363 3239 3546 3292 dicere

1968 3353 2075 3390 non
2104 3315 2306 3390 audent
2337 3351 2354 3392 :
2380 3315 2468 3394 vel
2493 3335 2726 3403 primum
2755 3332 2840 3386 vel
2867 3332 3166 3385 secundum
3187 3327 3541 3398 principium,

1967 3429 2051 3486 Vc]
2088 3444 2256 3480 unum
2281 3442 2349 3480 ex
2374 3425 2587 3479 duobus
2613 3433 2870 3480 constans
2901 3420 3258 3490 principium,
3278 3419 3384 3473 imo
3410 3431 3544 3470 ana-

1971 3519 2192 3576 themati
2224 3521 2296 3573 ita
2348 3517 2649 3572 sentientes
2699 3514 3022 3585 subjiciunt.
3078 3513 3155 3567 Ae
3207 3511 3254 3565 si
3299 3508 3421 3577 quis
3445 3521 3544 3563 eos

1972 3610 2417 3680 interrogaret-it.
2453 3623 2520 3662 an
2557 3607 2750 3662 Filium
2787 3607 2952 3660 etiam
2981 3605 3187 3659 faciant
3216 3599 3542 3672 principium

1973 3700 2233 3773 Spiritus,
2270 3702 2458 3771 utique
2481 3700 2663 3754 dicent
2699 3715 2715 3753 :
2765 3697 2920 3764 Quod
2950 3696 2994 3752 si
3023 3695 3260 3759 Patrem,
3285 3691 3544 3747 maxime.

1980 3794 2135 3860 Quod
2159 3795 2203 3848 si
2229 3793 2353 3862 quis
2387 3794 2519 3846 hinc
2551 3792 2844 3855 induxerit,
2893 3803 3025 3856 ergo
3050 3787 3159 3841 duo
3210 3783 3389 3837 dicitis
3414 3779 3539 3850 Spi—

1972 3889 2107 3941 ritus
2137 3885 2426 3955 principia.
2507 3883 2857 3953 Nequaquam
2901 3881 2983 3935 illi
3035 3879 3235 3939 dicent,
3270 3874 3364 3931 sed
3388 3890 3451 3928 ex
3487 3883 3540 3926 te

1972 3975 2025 4029 id
2056 3973 2358 4038 concludis,
2421 3987 2542 4024 nam
2608 3985 2708 4024 nos
2763 3971 2898 4022 hanc
2949 3967 3266 4029 dictionem,
3327 3964 3536 4022 «duo,t

1974 4082 2083 4120 non
2117 4064 2461 4132 apponimus.
2496 4059 2704 4115 Deinde
2747 4075 2871 4114 cum
2906 4075 3003 4112 nos
3052 4074 3158 4112 una
3189 4071 3313 4112 cum
3342 4054 3545 4121 Gregos

1975 4157 2056 4212 rio
2079 4153 2361 4222 Theologo
2395 4151 2629 4206 dicimus
2660 4150 2988 4221 principiqu
3027 4149 3095 4202 de
3127 4146 3416 4222 principio,
3441 4146 3553 4199 duo

1975 4246 2240 4319 principia
2267 4241 2666 4314 intelligimus?
2711 4253 2760 4298 et
2803 4241 2968 4295 Deum
3007 4240 3073 4294 de
3094 4239 3222 4304 Deo,
3249 4238 3385 4292 duos
3407 4226 3555 4290 Deos

1977 4336 2377 4409 intelligimus?
2423 4351 2784 4406 nequaquam.
2854 4335 2916 4388 D.
2973 4341 3153 4386 autem
3180 4328 3548 4398 Augustinus,

303 4431 687 4499 προστίθεμεν.
723 4428 853 4484 Εἶτα
883 4433 977 4484 καὶ
1011 4433 1172 4502 ἡμεῖς
1204 4433 1332 4486 ὅταν
1360 4436 1500 4502 μετὰ
1541 4435 1634 4488 τοῦ
1664 4437 1867 4506 Γρηγο-

1979 4429 2137 4483 Pater
2162 4436 2217 4481 et
2248 4425 2440 4492 Filius,
2462 4427 2614 4492 dicit,
2633 4440 2741 4480 non
2757 4424 2865 4479 duo
2883 4432 3011 4477 sunt
3031 4419 3294 4492 principia
3313 4417 3555 4487 Spiritus

307 4522 423 4589 ρέου
458 4520 550 4573 τοῦ
607 4521 869 4588 Θεολόγου
906 4521 1174 4592 λέγωμεν,
1209 4525 1332 4593 ήέκ
1365 4527 1462 4594 τῆς
1503 4525 1676 4596 ἀρχῆς
1709 4527 1873 4596 ἁρχὴ,

304 4615 399 4667 δύο
431 4615 601 4683 ἀρχὰς
648 4615 906 4684 νοοῦμεν;
947 4616 1040 4669 καὶ
1085 4613 1217 4668 Θεὸν
1261 4618 1324 4670 ἐκ
1375 4615 1532 4681 Θεοῦ,
1586 4618 1680 4670 δύο
1722 4618 1878 4681 Osci);

308 4709 635 4773 νοήσωμεν;
680 4705 964 4773 οῦμενουν.
1007 4705 1070 4761 Ὀ
1103 4706 1149 4760 δ’
1194 4706 1554 4775 Δῦγουστῖνος
1594 4711 1622 4762 ὁ
1659 4708 1821 4773 θεῖος,
1851 4710 1880 4762 ὁ

294 4796 529 4865 ςΠατῆρ,
565 4798 718 4866 φησὶ,
769 4799 864 4851 xal.
891 4799 918 4850 ὁ
959 4797 1108 4864 Υἱὸς,
1139 4799 1200 4852 οὐ
1232 4799 1324 4852 δύο
1376 4800 1545 4869 ἀρχαὶ
1587 4800 1681 4852 τοῦ
1721 4800 1879 4868 ἁγίου

313 4888 653 4956 Πνεῦματος,
676 4887 812 4940 ἀλλᾶ
834 4888 930 4958 μία
951 4888 1093 4959 ἀρχὴ
1118 4889 1284 4942 αὐτοῦ
1309 4892 1400 4942 καὶ
1428 4888 1758 4958 ἀμφότεροι·
1787 4891 1881 4944 καὶ

295 4978 370 5034 οὐ
401 4981 538 5032 καθὸ
571 4981 684 5041 δύο,
715 4980 1077 5050 προϐάλλουσι
1107 4982 1166 5032 τὸ
1191 4979 1416 5049 Πνεῦμα
1449 4982 1506 5033 τὺ
1539 4983 1693 5050 ἆγιον
1713 4998 1727 5012 ⁶
1754 4982 1877 5035 οὐδὲ

309 5073 442 5127 καθὸ
467 5071 580 5136 δύο,
623 5073 729 5124 eisi.
767 5071 863 5126 τοῦ
906 5073 1065 5140 ἁγίου
1103 5073 1417 5140 Πνεὺματος
1459 5072 1660 5143 ἀρχαίο
1693 5061 1882 5144 ὥσπερ

310 5167 404 5219 καὶ
431 5168 528 5234 τῆς
553 5165 804 5230 κτίσεως,
832 5166 893 5218 οὐ
916 5168 1064 5236 τρεῖς
1092 5167 1274 5236 ἁρχαὶ,
1305 5168 1331 5220 ὁ
1357 5167 1544 5236 Πατὴρ
1573 5165 1665 5220 καὶ
1697 5168 1725 5220 ὁ
1757 5167 1881 5229 Υἱὸς

310 5262 405 5311 καὶ
439 5259 497 5311 τὸ
526 5257 680 5325 ἆγιον
705 5257 950 5328 Πνεῦμα,
981 5257 1117 5312 ἀλλὰ
1149 5259 1247 5327 μία
1273 5260 1440 5325 αὐτῆς
1467 5259 1630 5329 ἀρχὴ,
1657 5261 1688 5328 ὴ
1712 5258 1883 5326 Τριάς

301 5351 336 5402 ’ὁ
367 5351 518 5410 Θεὸς.
551 5350 674 5402 Ἔτι
704 5365 761 5402 τε
799 5350 892 5401 καὶ
919 5351 1006 5402 διὰ
1031 5351 1087 5402 τὸ
1125 5351 1224 5420 μιᾷ
1256 5350 1348 5402 καὶ
1373 5354 1440 5419 τῇ
1481 5349 1617 5419 αὐτῇ
1664 5349 1883 5418 ἀριθμῷ

311 5442 540 5510 δυνάμει
569 5442 925 5512 δημιουργεῖν
946 5442 1166 5507 αὐτοὺς,
1193 5444 1257 5496 ἐκ
1289 5443 1383 5511 τῆς
1421 5443 1595 5508 αὐτῆς
1623 5444 1717 5495 καὶ
1755 5443 1882 5511 μιᾶς

312 5533 500 5601 κοινῆς
553 5533 804 5601 Θεότητος
837 5534 1144 5602 ’προῖοὺσῃ,
1195 5534 1284 5586 διὰ
1315 5533 1474 5586 τοῦτο
1525 5535 1750 5596 εἰκότως
1803 5529 1883 5597 εἷς

312 5624 446 5686 θεὸς
478 5613 935 5694 καῖΔημιουργὸς
959 5624 1179 5692 λέγεται
1202 5619 1406 5692 εἷς,καῖ
1434 5623 1492 5677 οὐ
1519 5627 1688 5692 τρεῖς.
1713 5625 1883 5678 Τοῦτο

314 5713 410 5772 οῦν
437 5717 529 5773 καὶ
561 5717 656 5771 ἐπὶ
685 5718 781 5788 τῆς
810 5717 871 5770 ἐκ
903 5717 1113 5787 Harpe;
1147 5719 1238 5771 καὶ
1273 5717 1401 5770 Υἰοῦ
1440 5717 1530 5770 τοῦ
1565 5715 1881 5786 Πνεύματος

1982 4520 2302 4588 sancti,sed
2357 4518 2517 4574 ambo
2571 4533 2740 4570 ttnum
2795 4515 3128 4586 principium
3185 4514 3338 4581 ejus:
3374 4523 3550 4578 neque

1982 4624 2254 4684 quatenus
2308 4613 2436 4676 duo,
2493 4609 2795 4680 producunt
2849 4606 3106 4676 Spiritum
3137 4613 3410 4664 sanctum,
3449 4614 3554 4654 nec

1984 4714 2253 4775 quatenus
2285 4704 2397 4757 duo
2440 4700 2678 4770 Spiritus
2731 4697 2906 4752 sancti
2942 4695 3210 4766 principia
3257 4697 3386 4748 Sunt
3413 4704 3432 4742 :
3472 4689 3551 4743 si-

1983 4797 2095 4853 euti
2127 4806 2397 4852 creatura:
2443 4809 2554 4847 non
2592 4792 2691 4848 tria
2746 4789 3015 4861 principia
3061 4786 3245 4853 Pater,
3279 4796 3332 4841 et
3360 4783 3549 4848 Filius,

1985 4900 2039 4945 et
2075 4889 2314 4956 Spiritus
2346 4894 2591 4952 sanctus,
2645 4883 2741 4938 sed
2792 4897 2960 4937 unum
3025 4881 3143 4952 ejus
3200 4875 3552 4948 principium,

1982 4981 2223 5036 Trinitas
2255 4980 2421 5034 Dens.
2455 4978 2720 5032 Praeterea
2750 4976 2876 5046 quia
2908 4990 3016 5030 una
3048 4984 3102 5028 et
3128 4971 3316 5026 eadem
3366 4982 3557 5022 nume-

1986 5091 2046 5129 ro
2073 5074 2269 5128 virtute
2300 5071 2403 5142 ipsi
2431 5079 2636 5136 creant,
2667 5084 2736 5124 ex
2770 5083 2876 5122 una
2899 5075 2954 5121 et.
2977 5064 3167 5119 eadem
3189 5059 3556 5115 communiter

1985 5167 2186 5222 deita‘te
2217 5162 2528 5234 prodeunti,
2549 5161 2750 5215 idcirco
2771 5158 2895 5228 jure
2926 5170 3066 5210 unus
3093 5154 3235 5207 Deus
3280 5160 3336 5206 et
3363 5159 3553 5202 auctor

1985 5260 2182 5313 dicitur
2217 5258 2382 5319 unus,
2412 5268 2520 5306 non
2557 5263 2686 5306 tres.
2724 5249 2946 5316 Hocque
3003 5244 3137 5298 satis
3168 5243 3235 5296 ad
3268 5235 3553 5295 declaran—

1985 5347 2112 5401 dum
2141 5347 2207 5400 iis
2266 5346 2357 5414 qui
2408 5345 2658 5399 dubitant
2711 5339 2778 5395 de
2824 5332 3170 5407 processione
3227 5332 3460 5402 Spiritus
3489 5347 3554 5385 cx

1987 5438 2147 5493 Patre
2214 5439 2272 5492 et
2326 5437 2462 5491 Filio
2507 5449 2520 5486 :
2565 5449 2689 5486 nam
2719 5431 2846 5499 quia
2907 5443 3012 5483 una
3045 5436 3100 5481 et
3132 5425 3320 5481 eadem
3355 5422 3561 5476 virtute

1989 5529 2150 5584 simul
2185 5529 2344 5583 Pater
2375 5539 2428 5581 et
2457 5525 2622 5579 Filius
2665 5521 2925 5590 Spiritum
2983 5516 3307 5588 producunt,
3343 5524 3397 5568 et
3430 5515 3558 5580 quia

1987 5638 2013 5675 ιι
2047 5622 2204 5674 Patre
2236 5618 2434 5686 accipit
2499 5615 2665 5669 Filius
2697 5615 2835 5667 hanc
2885 5612 3136 5665 virtutem
3192 5604 3554 5677 proccssionis

1988 5715 2346 5779 causativum,
2379 5711 2500 5766 ideo
2527 5707 2745 5782 proprie
2779 5714 2834 5762 et
2860 5722 2983 5761 vere
3010 5720 3114 5758 una
3130 5717 3292 5758 causa
3311 5709 3366 5755 et
3387 5710 3556 5756 unum
