3978 6204
212 309 352 380 1193

689 315 840 377 PRO
878 315 1090 378 CONC.
1131 316 1510 381 FLOBENT.
1547 313 1710 380 CAP.
1755 319 1846 382 II.
1885 321 1984 381 DE
2015 319 2267 380 ΛΖΥΜΟ
2307 315 2403 380 ΕΤ
2436 320 2984 381 FERMENTATO.

3313 318 3454 380 1194

208 425 472 508 διαφορὰν
501 428 736 498 ὲνζῦμου
763 428 858 482 καὶ
887 430 1115 499 άξύμου,
1146 431 1193 482 εξ
1235 430 1396 499 μόνον
1425 432 1486 483 ὲκ
1515 431 1661 483 σίτου
1693 433 1759 484 εῖτ

1885 445 2043 498 nem;
2078 431 2373 487 secundum
2405 434 2628 486 verbum
2669 429 2905 494 Domini,
2934 429 3026 498 qui
3075 442 3136 481 se
3178 427 3452 484 frumento
3481 468 3483 472 ι

207 526 236 576 6
273 522 456 592 ἄρτος.
506 519 710 574 Τούτου
742 523 900 591 χάριν
934 521 1029 574 καὶ
1080 521 1363 589 νομοθετεῖ
1412 520 1663 589 λέγουσα,
1702 523 1776 590 μὴ

206 614 318 667 δεῖν
349 613 532 682 ἕτερον
562 611 848 674 εξςθυσίαν
873 613 1222 682 προσφέρειν,
1260 612 1378 664 ἀλλ’
1419 612 1451 681 ἦ
1504 613 1668 682 άρτον
1715 614 1779 664 ὲκ

208 705 381 767 σίτου,
434 704 572 756 κατὰ
621 705 712 755 τὸν
758 703 852 756 τοῦ
887 704 1089 775 Κυρίου
1119 703 1296 772 λόγον,
1350 701 1778 774 παρεικάζοντος

202 798 398 850 ἑαυτὸν
440 798 608 862 σίτῳο
647 815 664 848 ι
721 796 845 849 Ἐὰν
894 795 969 865 μὴ
1014 797 1041 848 ὁ
1077 799 1271 856 κόκκος
1318 794 1412 848 τοῦ
1450 794 1620 861 σίτου,
1666 797 1775 864 γάρ

204 905 360 957 φησι,
389 888 572 941 πεσὼν
597 890 672 950 εἰς
701 887 800 957 τὴν
836 889 940 958 γῆν
975 888 1240 957 ἀποθάνῃ,
1289 886 1448 948 αὐτὸς
1485 885 1646 955 μόνος
1677 885 1776 954 μέ-

204 998 326 1032 νει·
362 981 458 1032 ἐὰν
491 980 545 1033 δὲ
586 980 852 1050 ἀποθάνῃ,
886 980 1098 1050 καρπὸν
1146 980 1311 1034 πολὺν
1352 978 1531 1046 φέρει.
1566 998 1584 1030 ι
1622 978 1777 1030 Οὕτω

200 1076 294 1126 καὶ
324 1075 351 1124 6
395 1073 627 1144 Χριστὸς
671 1072 954 1126 ἀποθανὼν
985 1075 1189 1134 πάντας
1222 1075 1284 1125 ἐκ
1312 1071 1404 1125 τοῦ
1451 1071 1579 1142 ᾅδου
1615 1071 1777 1140 ἐρρύ-

203 1183 356 1220 σατο.
396 1168 502 1218 Καὶ
529 1166 776 1234 γέννημα
806 1165 861 1218 δὲ
912 1164 970 1228 ἐξ
1001 1164 1246 1231 ἀμπέλου
1295 1163 1382 1216 διὰ
1421 1167 1513 1216 τὸν
1559 1163 1651 1214 τοῦ
1683 1163 1778 1215 αὑ-

199 1257 294 1310 τοῦ
324 1258 482 1324 λόγον
503 1273 517 1286 ο
547 1274 566 1307 ι
609 1255 751 1324 Ἐγώ
776 1258 891 1324 εἰμι
921 1257 952 1324 ἡ
980 1256 1224 1323 ἄμπελος
1248 1255 1280 1323 ἡ
1306 1256 1532 1325 ἀληθινή
1555 1271 1570 1284 ·
1606 1273 1624 1306 ι
1657 1255 1773 1317 καὶ,

207 1367 224 1399 ι
276 1349 506 1415 Ἀπάρτι
536 1346 597 1398 οὐ
633 1347 708 1415 μὴ
742 1346 851 1398 πίω
878 1347 939 1398 ὲκ
971 1346 1158 1398 τούτου
1192 1347 1283 1399 τοῦ
1311 1347 1651 1414 γεννήματος
1676 1345 1776 1414 τῆς

198 1439 469 1507 ἀμπέλου,
505 1456 524 1488 ι
559 1438 659 1507 τὴν
682 1438 975 1489 ἀνάστασιν
1000 1438 1166 1490 αὐτοῦ
1193 1437 1391 1508 δηλῶν.
1426 1438 1560 1492 Ἀπὸ
1582 1437 1771 1490 τούτου

198 1526 292 1582 οὖν
329 1530 602 1582 δείκνυται
657 1529 973 1600 διαρρήδην,
1027 1528 1102 1598 μὴ
1147 1529 1406 1582 δύνασθαι
1442 1529 1774 1597 προσφέρειν

200 1622 348 1691 ἡμᾶς
378 1623 513 1688 μήτε
546 1621 761 1690 κριθὴν,
791 1621 927 1690 μήτε
956 1621 1176 1690 ὀλύρας,
1208 1623 1240 1692 ἢ
1268 1621 1324 1688 ἐξ
1354 1621 1512 1674 ἄλλου
1542 1638 1634 1672 του
1666 1623 1774 1674 τῶν

198 1711 557 1781 σπερμάτων·
596 1709 784 1777 ὥσπερ
814 1709 922 1762 οὐδ’
953 1705 1094 1763 οἶνον
1133 1708 1431 1762 σκευαστὸν
1479 1707 1574 1760 ἀπ’
1607 1707 1767 1760 ἄλλου

1884 522 2113 579 similem
2163 522 2290 578 facit
2328 544 2342 579 :
2379 544 2397 575 ι
2432 524 2544 578 Nisi
2595 539 2821 594 granum
2859 522 3115 576 frumenti
3159 522 3360 576 cadens
3396 522 3450 576 in

1883 626 2024 671 terra
2056 627 2327 670 mortuum
2355 616 2540 680 fuerit,
2567 617 2746 684 ipsum
2795 615 2970 668 solum
2999 622 3181 667 manet
3209 633 3222 676 ;
3251 615 3293 666 si
3321 628 3450 667 vero

1885 719 2154 763 mortuum
2188 709 2370 770 fuerit,
2404 709 2629 761 multum
2663 707 2897 759 fructum
2932 704 3090 758 affert
3127 705 3193 756 ⁸⁵.
3227 722 3245 754 ι
3281 703 3370 757 Sic
3397 711 3454 758 et

1880 799 2128 853 Christus
2169 799 2407 852 moriens
2459 813 2647 852 omnes
2699 799 2766 850 ab
2819 799 3030 849 inferno
3083 796 3353 850 liberavit.
3385 794 3452 848 Et

1881 890 2005 944 vilis
2057 891 2264 943 fructus
2312 887 2552 956 ejusdem
2620 889 2803 942 verbis
2856 889 3162 940 ostenditur
3213 902 3226 938 :
3280 905 3297 936 ι
3340 884 3450 954 Ego

1879 979 2232 1047 sum,inquit,
2249 979 2376 1031 vitis
2393 993 2517 1031 vera
2536 977 2601 1042 “,
2619 977 2728 1046 jam
2753 993 2858 1030 non
2887 978 3066 1030 bibant
3086 993 3150 1029 ex
3176 976 3450 1045 genimtne

1881 1070 2005 1123 vitis
2041 1070 2225 1140 hujus,
2258 1069 2719 1122 resurrectionem
2775 1083 2929 1120 suam
2971 1067 3286 1137 signiticans
3321 1064 3386 1118 ³⁷.
3423 1082 3444 1115 ι

1879 1160 1950 1212 Ex
1978 1159 2082 1214 hoc
2111 1174 2240 1227 ergo
2284 1157 2487 1227 liquido
2516 1157 2840 1220 ostenditur,
2879 1171 2989 1208 non
3035 1170 3192 1225 posse
3238 1170 3339 1208 nos
3373 1156 3447 1208 uti

1876 1267 2053 1320 neque
2082 1250 2308 1314 hordeo,
2341 1265 2520 1317 neque
2543 1263 2733 1312 avena,
2763 1248 2845 1302 vel
2873 1248 2979 1302 alio
3003 1248 3231 1309 semine,
3259 1261 3450 1314 quem.

1875 1345 2165 1400 admodum
2231 1359 2410 1412 neque
2458 1344 2582 1395 vino
2637 1357 2700 1394 ex
2734 1341 2836 1394 alia
2870 1356 2926 1394 re
2954 1339 3212 1404 conﬂato,
3246 1340 3445 1403 siccra,

1876 1442 1958 1493 vel
1997 1438 2171 1502 melle,
2237 1437 2318 1489 vel
2353 1436 2512 1497 lacte,
2550 1432 2644 1487 sed
2673 1449 2736 1487 ex
2773 1433 2899 1497 vite,
2935 1431 3235 1484 secundum
3283 1430 3448 1484 verba

1877 1527 2116 1582 Domini.
2145 1527 2429 1595 Reliquum
2457 1525 2618 1594 igitur
2636 1533 2720 1578 est
2741 1525 2894 1577 vobis
2911 1521 3199 1576 ostendere
3250 1523 3372 1589 quid
3394 1524 3445 1575 id

1876 1623 2042 1675 fuerit
2066 1623 2208 1690 quod
2242 1619 2505 1674 Dominus
2539 1619 2664 1672 iecit
2700 1633 2823 1671 cum
2859 1617 3079 1669 tradidit
3111 1618 3212 1670 hoc
3245 1625 3444 1684 myste-

1878 1714 2048 1775 rium,
2079 1725 2401 1781 azymumne
2456 1711 2536 1763 vel
2595 1707 3020 1761 fermentatum?
3081 1709 3337 1775 quoniam
3378 1722 3445 1760 ex

192 1809 360 1866 τινὶς,
399 1803 650 1873 σίκεραῆ
687 1804 809 1871 μέλι
840 1805 873 1872 ἢ
909 1803 1071 1869 γάλα.
1114 1800 1230 1854 ἀλλ’
1261 1800 1323 1864 ἐξ
1350 1797 1595 1867 ἀμπέλου
1630 1797 1759 1851 κατά

1878 1805 2092 1857 nemine
2132 1803 2415 1856 doctorum
2479 1800 2910 1866 deprehenditur
2938 1808 3122 1868 aperte
3169 1799 3442 1867 quodnam

193 1895 295 1965 τὴν
322 1893 592 1967 κυριαηὴν
624 1896 828 1963 φωνήν.
861 1896 1061 1946 Λοιπὸν
1105 1890 1198 1946 οὖν
1231 1895 1381 1944 ἐστιν
1410 1893 1542 1960 ἡμῖν
1575 1888 1767 1954 δεῖξαι,

192 1989 246 2041 τί
282 1985 348 2056 ἦν
377 1991 512 2057 ὅπερ
542 1991 570 2041 ὀ
598 1986 801 2055 Κύριος
833 1987 1038 2056 ἔπραξε
1073 1986 1194 2039 τότε
1231 1988 1292 2038 τὸ
1327 1986 1628 2055 μυστήριον
1661 2000 1768 2034 παο

195 2078 462 2148 ριδιδοὺς,
493 2077 699 2145 ἄζυμον
737 2078 768 2146 ἢ
799 2076 1046 2145 ἕνζυμον·
1080 2076 1266 2145 ἐπειδὴ
1311 2076 1370 2128 οὐ
1411 2075 1660 2144 φαῖνεταί
1687 2091 1770 2138 τις

188 2172 302 2224 τῶν
335 2171 675 2224 διδασκάλων
710 2169 1009 2240 διαρρήδην
1036 2169 1212 2236 λέγων
1245 2171 1298 2220 τί
1326 2164 1415 2238 ἦν,
1446 2167 1521 2231 ὡς
1552 2167 1768 2220 ἀπεδεί-

189 2263 386 2331 gmw.
424 2261 616 2331 Ὑμεῖς
649 2261 746 2332 μὲν
774 2265 883 2332 γάρ
914 2263 1101 2332 λέγετε
1142 2263 1222 2315 ὅτι
1258 2261 1486 2328 ενςυμον
1518 2256 1607 2331 ἦν,
1639 2260 1768 2331 παρ’

189 2355 404 2416 οὐδενὸς
444 2354 555 2406 τῶν
597 2355 766 2422 ἁγίων
798 2354 954 2407 τοῦτο
1000 2355 1274 2417 λαϐόντες.
1317 2357 1508 2424 Ἡμεῖς
1546 2355 1590 2406 δ’
1628 2355 1764 2416 ἄξυ-

193 2465 294 2516 μον
345 2447 615 2514 λέγοντες,
646 2447 796 2517 παρὰ
829 2447 937 2500 τῶν
987 2447 1324 2500 διδασκάλων
1360 2450 1458 2510 τάς
1490 2448 1766 2516 ,ἀφορμάς

191 2541 450 2601 λαϐόντες
494 2540 748 2609 λέγομεν.
783 2541 904 2592 Ὅτι
932 2540 989 2592 δὲ
1019 2539 1163 2593 τοῦθ’
1204 2540 1376 2602 οὕτως
1405 2541 1537 2609 ἔχει,
1568 2539 1725 2609 δῆλον
1746 2555 1761 2571 ·

191 2636 250 2687 ὲν
281 2635 518 2703 πρώτοις
548 2638 656 2702 γὰρ
683 2635 713 2685 δ
751 2633 1145 2704 εὐαγγελιστὴς
1193 2634 1338 2701 λέγει
1370 2634 1670 2695 Ἁιατθαῖος.
1705 2635 1764 2685 ὲν

189 2728 472 2796 κεφαλαίῳ
501 2720 900 2796 είκοστῷἒκτῳ
928 2743 940 2756 ·
979 2745 998 2779 ε
1037 2729 1113 2797 Τῇ
1155 2727 1209 2779 δὲ
1241 2727 1434 2797 πρώτῃ
1460 2725 1570 2778 τῶν
1608 2725 1764 2788 ’Λζύο

191 2836 310 2889 μων
373 2818 673 2888 προσῆλθον
737 2819 1078 2888 οῐμαοηταὶ
1132 2819 1209 2887 τῷ
1265 2818 1461 2887 Ἰησοῦ,
1513 2818 1759 2884 λέγοντες

189 2911 339 2979 αὐτῷ
363 2927 379 2942 ο
405 2910 512 2963 Ποῦ
535 2910 707 2972 θέλεις
732 2911 1111 2980 ἑτοιμάσωμέν
1135 2928 1216 2963 σοι
1237 2913 1427 2978 φαγεῖν
1444 2910 1504 2963 τὸ
1531 2911 1720 2979 Πάσχα
1742 2924 1757 2975 ;

200 2997 260 3059 Ὅ
293 3004 348 3058 δὲ
375 3003 524 3056 εἶπεν
546 3020 558 3033 ·
595 3003 868 3071 Ὑπάγετε
901 3005 978 3066 είς
1002 3003 1099 3074 τὴν
1128 3004 1282 3056 πόλιν
1307 3006 1442 3073 πρὸς
1471 3004 1563 3055 τὸν
1589 3004 1756 3066 δεῖνα,

187 3096 286 3150 καὶ
319 3085 728 3164 εἴπατεάὺτῷ,
774 3096 832 3148 Ὀ
880 3095 1200 3159 διδάσκαλος
1253 3096 1420 3163 λέγει,
1459 3096 1518 3148 '0
1568 3097 1758 3166 καιρός
1787 3125 1830 3176 ο

190 3205 296 3256 μου
312 3187 488 3253 ,ἐγγύς
533 3189 648 3239 ἔστι
671 3202 685 3216 ·
722 3185 858 3256 πρὸς
892 3192 949 3238 σὲ
977 3188 1115 3238 ποιῶ
1147 3187 1204 3238 τὸ
1253 3188 1441 3255 Πάσχα
1477 3191 1618 3256 μετὰ
1650 3188 1758 3239 τῶν

188 3281 448 3348 μαθητῶν
490 3297 612 3350 μου.
643 3278 749 3331 Καὶ
787 3277 1047 3344 ἐποίησαν
1077 3278 1125 3328 oi
1171 3279 1410 3347 μαθηταὶ
1438 3279 1514 3340 ὡς
1561 3279 1758 3345 προσέο

178 3374 342 3438 στάξεν
376 3374 560 3434 αὐτοῖς
604 3374 631 3425 6
670 3369 898 3438 Ἰησοῦς,
928 3370 1019 3420 καὶ
1064 3371 1366 3436 ἡτοίμασαν
1391 3370 1450 3420 τὸ
1479 3369 1689 3435 Πάσχα.
1732 3387 1749 3418 ι

191 3465 255 3518 ’0
281 3465 336 3517 δὲ
369 3465 510 3525 θεῖος
551 3459 939 3529 εὐαγγελιστὴς
1003 3461 1227 3527 Μάρκος
1271 3460 1457 3527 λέγει’
1499 3477 1517 3510 ι
1555 3460 1662 3512 Καὶ
1690 3460 1754 3528 τῇ

176 3555 377 3626 πρώτῃ
424 3556 604 3623 ἡμέρᾳ
649 3553 757 3604 τῶν
795 3553 1066 3621 ’Λςύμωκη
1114 3551 1204 3603 ὅτε
1246 3551 1308 3604 τὸ
1351 3551 1541 3619 Πάσχα
1575 3550 1753 3614 ἔθυον,

172 3646 432 3712 λέγουσιν
461 3642 606 3710 αὐτῷ
637 3643 685 3693 οἱ
735 3641 975 3711 μαθηταὶ
1005 3640 1168 3693 αὐτοῦ
1198 3654 1214 3666 ’
1234 3640 1428 3710 Κύριε,
1449 3639 1550 3692 ποῦ
1583 3640 1754 3702 θέλεις

173 3735 568 3803 ἑτοιμάσωμεν
599 3733 947 3794 ἀπελθόντες,
979 3731 1065 3784 ἵνα
1095 3732 1274 3802 φάγῃς
1297 3732 1357 3784 τὸ
1385 3731 1614 3801 Πάσχα;
1645 3733 1754 3785 Καὶ

173 3821 501 3878 ἀποστέλλει
534 3821 627 3874 δύο
656 3821 765 3873 τῶν
818 3821 1076 3890 μαθητῶν
1116 3821 1300 3887 αὑτοῦ,
1344 3824 1438 3874 καὶ
1483 3821 1631 3888 λέγει
1657 3821 1751 3872 αὺ-

167 3917 328 3976 τοῖςο
375 3912 644 3979 Ὑπάγετε
692 3912 772 3974 εἰς
813 3912 909 3981 τὴν
934 3915 1110 3977 πόλιν,
1153 3915 1246 3966 καὶ
1286 3912 1588 3981 ἀπαντήσει
1621 3916 1750 3982 ἡμῖν

168 4006 464 4074 ἄνθρωπος
487 4008 755 4073 κεράμιον
782 4004 972 4066 ὕδατος
1001 4005 1314 4072 βαστάζωνο
1348 4006 1750 4075 ἀκολουθήσατε

169 4097 352 4164 αὐτῷ,
382 4097 474 4150 καὶ
499 4098 633 4150 ὅπου
670 4097 737 4150 ἂν
775 4097 1014 4169 εἰσέλθῃ,
1045 4100 1238 4152 εἴπατε
1263 4099 1337 4168 τῷ
1357 4100 1713 4170 οἰκοδεσπότῃ
1733 4114 1747 4129 ·

185 4188 252 4241 ’0
286 4186 600 4250 διδάσκαλος
651 4187 834 4256 λέγει’
868 4189 977 4241 Ποῦ
1025 4192 1138 4243 ἐστι
1169 4192 1229 4243 τὸ
1282 4191 1572 4260 κατάλυμα
1615 4191 1748 4243 ὅπου

1878 1895 1929 1950 id
1959 1894 2141 1956 fuerit,
2181 1902 2237 1945 ιιι
2258 1904 2416 1946 antea
2449 1891 2823 1962 patefecimus.
2863 1889 2968 1945 Vos
3009 1891 3225 1958 quidem
3264 1889 3446 1943 dicitis

1875 1986 2259 2040 fermentatum
2292 1985 2341 2038 id
2388 1985 2574 2046 fuisse,
2612 1999 2734 2038 cum
2793 2001 2823 2036 a
2874 1984 3091 2036 nemine
3131 1993 3444 2036 sanctorum

1874 2078 1926 2132 id
1955 2079 2266 2147 accipiatis;
2302 2091 2402 2130 nos
2438 2089 2568 2130 vero
2595 2079 2841 2146 aaymum
2875 2075 3186 2137 dicentes,a
3209 2073 3442 2150 doctori-

1873 2169 1972 2224 bus
2032 2169 2085 2222 id
2135 2178 2414 2222 sumentes
2444 2168 2708 2222 dicemus.
2760 2166 2914 2232 Quod
2971 2167 3042 2219 ita
3083 2181 3142 2220 se
3193 2166 3386 2220 habeat
3423 2202 3442 2228 ,

1871 2272 2052 2332 patet:
2084 2262 2138 2314 in
2164 2262 2357 2330 primis
2388 2273 2710 2328 evangelista
2745 2260 3025 2313 Mattliaeus
3053 2259 3183 2313 dicit
3214 2273 3332 2326 cap.
3369 2257 3438 2313 6:

1875 2372 1893 2405 ι
1928 2356 2111 2408 Prima
2143 2364 2325 2407 autem
2356 2354 2442 2407 die
2471 2356 2794 2423 Azymorum
2814 2362 3159 2406 accesserunt
3187 2349 3440 2419 discipuli

1869 2447 2001 2502 Jesu
2058 2446 2323 2511 dicentes,
2355 2445 2456 2500 Ubi
2492 2447 2572 2499 vis
2604 2459 2856 2513 paremus
2890 2443 2986 2497 tibi
3017 2443 3305 2498 comedere
3339 2443 3438 2494 Pa-

1867 2539 1997 2592 scha
2025 2537 2047 2591 ?
2078 2541 2145 2592 At
2170 2537 2326 2591 Jcsus
2353 2537 2489 2592 dixit
2514 2555 2524 2590 ;
2549 2538 2625 2590 Ite
2655 2537 2707 2590 in
2734 2539 3004 2590 civitatem
3036 2535 3101 2589 ad
3127 2535 3435 2603 quemdam,

1867 2642 1922 2686 et
1949 2631 2112 2685 dit-ite
2138 2632 2208 2696 ei,
2239 2630 2488 2699 Magister
2506 2629 2654 2692 dicit,
2684 2639 2894 2696 tempus
2935 2643 3110 2681 meum
3139 2642 3304 2696 prope
3333 2638 3435 2689 est,

1867 2723 2009 2792 apud
2049 2733 2099 2776 te
2130 2721 2272 2774 facio
2304 2721 2511 2775 Pascha
2547 2736 2670 2774 cum
2703 2721 2981 2790 discipulis
3013 2720 3167 2773 meis.
3205 2719 3266 2772 Et
3297 2720 3440 2772 iece-

1866 2825 1993 2869 runt
2041 2815 2297 2884 discipuli
2343 2815 2486 2868 sicut
2522 2813 2805 2868 constituit
2854 2813 2961 2866 illis
2988 2811 3168 2876 Jesus,
3202 2820 3258 2864 et
3287 2827 3438 2880 para-

1863 2919 2062 2960 verunt
2089 2906 2294 2958 Pascha
2323 2905 2388 2958 ³⁸.
2431 2924 2448 2956 ι
2492 2905 2652 2959 Divus
2687 2919 2815 2958 vero
2853 2903 3180 2974 evangelista
3227 2901 3439 2958 Marcus

1863 3000 1996 3054 dicit
2029 3020 2042 3055 :
2079 3018 2097 3050 ι
2139 2999 2318 3053 Prima
2349 2998 2437 3052 die
2462 3001 2812 3066 Azymorum,
2844 2995 3060 3064 quando
3084 2993 3288 3049 Pascha
3339 2995 3438 3048 im-

1865 3093 2163 3158 molabant,
2194 3091 2382 3146 dicunt
2414 3091 2462 3144 ei
2487 3090 2738 3158 discipuli
2773 3091 2910 3159 ejus,
2935 3088 3051 3154 Quo
3092 3088 3170 3141 vis
3198 3102 3387 3141 eamus
3415 3126 3429 3151 ,

1868 3193 1923 3236 et
1980 3198 2234 3253 paremus
2292 3181 2387 3235 tibi
2441 3191 2501 3234 ut
2537 3181 2832 3234 n'ianduccs
2892 3179 3142 3233 Pascha?
3177 3179 3238 3230 Et
3272 3178 3437 3231 tuitzit

1869 3276 2008 3328 duos
2055 3290 2120 3328 ex
2150 3272 2429 3341 discipulis
2459 3273 2597 3340 ejus,
2632 3280 2686 3324 et
2714 3273 2844 3325 dicit
2874 3273 2952 3323 eis
2995 3288 3006 3322 :
3043 3270 3115 3322 ite
3155 3270 3208 3322 in
3243 3268 3436 3323 civita-

1867 3377 1996 3429 tem,
2027 3374 2083 3420 ct
2138 3373 2388 3419 occurret
2421 3363 2572 3417 vobis
2605 3363 2768 3416 homo
2821 3363 3062 3429 lagonam
3100 3375 3253 3428 aquae
3283 3359 3435 3426 baiu-

1866 3459 1982 3512 lans
2009 3475 2025 3523 ;
2067 3455 2358 3526 sequimini
2388 3471 2534 3520 eum,
2567 3464 2623 3509 et
2652 3469 2976 3524 quocunque
3011 3450 3301 3517 introierit,
3346 3451 3434 3504 di—

1868 3551 1973 3604 cite
2021 3549 2244 3603 domino
2278 3550 2474 3602 domus
2500 3587 2514 3612 ,
2552 3548 2687 3614 Quia
2725 3545 2977 3613 Magister
3021 3544 3174 3608 dicit,
3227 3543 3316 3597 ubi
3349 3552 3434 3597 est

1866 3640 2093 3694 refectio
2127 3653 2270 3704 mea,
2303 3637 2393 3692 ubi
2429 3637 2634 3691 Pascha
2660 3652 2782 3691 cum
2805 3634 3085 3704 discipulis
3114 3635 3248 3688 meis
3273 3649 3431 3687 man-

1863 3734 2104 3790 duccin?
2152 3741 2208 3787 et
2262 3734 2376 3802 ipse.
2432 3731 2586 3786 vobis
2633 3729 3027 3785 demonstrabit
3093 3730 3434 3784 coenaeulum

1868 3827 2071 3896 grande
2105 3834 2354 3887 stratum,
2390 3833 2445 3878 et
2477 3824 2584 3878 illic
2610 3837 2796 3893 parate
2832 3824 2988 3877 nobis
3013 3825 3302 3878 comedere
3331 3823 3432 3876 Pa-

1860 3921 2017 3975 scha.
2083 3919 2149 3972 Et
2206 3918 2462 3971 abierunt
2514 3915 2765 3986 discipuli
2797 3917 2917 3985 ejus
2953 3955 2968 3980 ,
3014 3926 3070 3970 et
3104 3924 3429 3984 paraverunt

1859 4010 2068 4066 Pascha
2089 4010 2155 4064 ".
2198 4027 2216 4059 ι
2257 4008 2431 4061 Lucas
2469 4022 2600 4061 vero
2637 4008 2967 4074 evangelista
3006 4008 3427 4062 facundissimus

1861 4104 1942 4157 slc
1969 4104 2045 4156 ait
2079 4119 2094 4155 :
2133 4120 2152 4153 ι
2193 4099 2677 4170 Appropinquabat
2732 4109 2912 4152 autem
2938 4099 3424 4170 dicsAzymm-um,

1859 4209 1980 4263 quae
2043 4193 2247 4247 dicitur
2305 4190 2536 4246 Pascha.
2587 4210 2607 4242 ι
2659 4191 2727 4244 Ει
2778 4201 2899 4260 post
2958 4205 3175 4258 pauca:
3215 4211 3233 4242 ε
3270 4193 3428 4247 Venit

169 4279 240 4332 τὸ
274 4281 462 4348 Πάσχα
486 4281 625 4348 μετὰ
647 4281 756 4333 τῶν
782 4281 1044 4352 μαθητῶν
1082 4300 1185 4353 μου
1219 4283 1413 4351 φάγω;
1447 4285 1558 4336 Καὶ
1583 4285 1749 4346 αὐτὸς

1866 4294 2039 4339 autem
2073 4285 2192 4338 dies
2217 4284 2570 4353 Azymorum,
2600 4282 2654 4335 in
2684 4297 2792 4350 quo
2823 4281 3108 4350 oportebat
3157 4282 3424 4336 immolari

170 4372 312 4438 ὑμῖν
337 4370 500 4435 δείξει
532 4370 772 4438 ἀνώγεον
813 4374 952 4441 μέγα
979 4374 1321 4444 ἐστρωμένον
1347 4389 1360 4405 ·
1387 4377 1505 4427 ἐκεῖ
1528 4376 1747 4444 ἑτοιμά-

1855 4376 2082 4440 Pascha,
2116 4357 2369 4443 misitque
2408 4373 2625 4427 Petrum
2660 4384 2714 4428 et
2735 4375 2999 4427 Joannem
3027 4375 3251 4439 dicens,
3284 4374 3424 4427 Eun-

169 4481 313 4518 σατε
337 4467 470 4536 ἡμῖν
505 4467 566 4518 τὸ
593 4466 786 4536 Πάσχα
811 4470 1027 4536 φαγεῖν.
1062 4471 1123 4522 Οί
1159 4470 1213 4522 δὲ
1245 4472 1569 4534 ἀπελθόντες
1596 4473 1746 4541 ἡτοί-

1866 4481 1932 4522 ;es
1969 4476 2156 4537 parate
2203 4467 2360 4522 nobis
2415 4465 2618 4520 Pascha
2641 4506 2656 4532 ,
2712 4476 2769 4518 ut
2801 4466 3184 4531 contradamus;
3217 4475 3270 4520 et
3299 4481 3422 4520 cum

169 4575 356 4628 μασαν
380 4556 441 4609 τὸ
459 4557 667 4626 Πάσχα.
694 4577 713 4609 ι
739 4560 953 4622 Λουκᾶς
979 4560 1034 4612 δὲ
1069 4563 1097 4614 6
1121 4563 1503 4633 εὐαγγελιστὴς
1526 4567 1554 4616 6
1585 4565 1746 4633 ῥητο-

170 4648 477 4718 ρικώτατος
525 4648 667 4702 οὕτω
699 4650 942 4719 φάσκει·
1016 4669 1036 4703 ι
1104 4653 1334 4721 ἰἰγγιζε
1379 4656 1433 4708 δὲ
1487 4657 1518 4724 ή
1582 4655 1744 4724 ἑορτὴ

161 4741 281 4793 τῶν
317 4740 587 4810 Ἀζυμων,
616 4744 648 4810 ἡ
675 4743 946 4812 λεγομένη
983 4744 1192 4814 Πάσχα.
1221 4763 1240 4795 ι
1267 4747 1374 4799 Kal.
1404 4748 1521 4815 μετ’
1553 4746 1707 4811 ὀλίγα
1726 4762 1738 4775 ·

170 4851 192 4884 ε
223 4826 398 4883 Ἦλθε
424 4832 481 4884 δὲ
513 4834 546 4902 ἡ
573 4834 755 4902 Ιίγμιέρα
778 4834 884 4885 τῶν
928 4835 1196 4904 Ἀζύμων,
1227 4839 1286 4890 ὲν
1319 4833 1351 4911 ᾗ
1381 4837 1487 4889 ἔδει
1520 4837 1742 4891 θύεσθαι

163 4925 231 4976 τὸ
286 4923 519 4993 Πάσχαο
578 4927 672 4977 καὶ
727 4927 1011 4979 ἀπέστειλε
1074 4927 1280 4998 Πέτρον
1328 4931 1422 4982 καὶ
1484 4921 1766 5000 Ἰωάννην¹

164 5012 344 5070 εἰπών
366 5031 381 5046 ·
412 5017 777 5084 Πορευθέντες
807 5020 1131 5090 ἑτοιμάσατε
1169 5025 1301 5092 ἡμῖν
1334 5023 1395 5075 τὸ
1425 5024 1615 5094 Πάσχα
1656 5025 1741 5077 ἵνα

164 5111 456 5177 φάγωμεν,
498 5111 591 5163 καὶ
642 5111 972 5175 ἀπελθόντες
1013 5115 1317 5184 ἡτοίμασαν
1363 5118 1423 5170 τὸ
1459 5117 1669 5188 Πάσχα.
1713 5137 1733 5170 ι

164 5198 312 5267 Ὅρα
343 5198 436 5253 οὖν
491 5200 754 5271 ἀκριϐῶς,
789 5204 905 5266 πῶς
951 5207 1366 5276 προσέρχονται,
1405 5211 1496 5262 καὶ
1544 5211 1596 5263 τί
1648 5211 1737 5262 αί-

157 5288 342 5342 τοῦσι.
376 5290 484 5343 Ποῦ
533 5291 726 5358 θέλεις,
757 5298 942 5363 φασὶν,
985 5301 1367 5371 ἑτοιμάσωμέν
1406 5318 1486 5354 σοι
1541 5307 1736 5372 φαγεῖν

155 5380 224 5432 τὸ
246 5381 467 5451 Πάσχα;
491 5381 566 5453 Τῇ
598 5385 804 5457 ἑσπέρᾳ
827 5387 934 5456 γάρ
955 5391 1134 5461 ἐκείνῃ
1161 5391 1269 5444 ἔδει
1299 5395 1493 5459 φαγεῖν
1521 5396 1737 5459 αὐτοὺς,

156 5467 240 5529 ὥς
266 5485 428 5536 φασιν
455 5473 503 5524 oi
536 5474 916 5543 εὐαγγελισταί
943 5493 956 5508 ⁸
988 5479 1017 5529 6
1053 5482 1173 5550 μὲν,
1210 5485 1274 5551 τῇ
1307 5482 1363 5535 δὲ
1406 5485 1596 5554 πρώτῃ
1626 5485 1736 5538 τῶν

172 5559 428 5630 ’Δζύμων
455 5577 470 5592 ·
501 5565 532 5628 δ
559 5566 638 5631 δὲ,
659 5559 762 5622 ’καὶ
785 5573 852 5640 τῇ
880 5573 1071 5642 πρώτῃ
1099 5573 1281 5644 ἡμέρᾳ
1310 5575 1416 5628 τῶν
1461 5576 1729 5647 Ἀζύμων,

235 5672 280 5706 ⁸⁸
316 5673 471 5758 J_oar_i.
494 5693 597 5758 _x_n,
629 5681 720 5737 24.
798 5685 841 5716 ³⁸
866 5684 1023 5743 Joan.
1050 5705 1138 5758 xv,
1169 5694 1221 5747 1.

160 5759 295 5813 uti,
324 5746 377 5811 1,
422 5747 578 5803 7-15.

404 5851 669 5907 Punon.
711 5846 824 5907 Gtt.
856 5847 1054 5911 CLIX.

1873 4561 2278 4627 discessissent,
2310 4568 2642 4629 paraverunt
2672 4558 2876 4612 Pascha
2937 4560 3005 4612 “.
3067 4577 3085 4610 ι
3117 4561 3423 4616 Considera

1853 4669 1982 4724 ergo
2025 4653 2219 4708 sedulo
2268 4668 2375 4722 quo
2416 4662 2572 4722 pacto
2615 4652 2904 4717 accedunt,
2936 4661 2989 4706 et
3026 4652 3157 4722 quid
3199 4663 3419 4723 petunt,

1857 4764 1875 4796 ι
1914 4739 2015 4799 Ubi
2043 4745 2144 4808 vis,
2170 4745 2344 4808 aiunt,
2376 4759 2630 4814 paremus
2661 4745 2757 4800 tibi
2805 4747 3090 4800 comedere
3121 4744 3365 4801 Pascha?
3397 4766 3418 4800 ι

1851 4837 1982 4891 Nam
2021 4851 2246 4904 vespere
2285 4836 2376 4890 illo
2402 4837 2799 4906 oportebateos
2816 4839 3137 4906 comedere,
3171 4849 3227 4893 ut
3258 4855 3421 4895 cvan-

1849 4928 2052 4999 gelistte
2073 4928 2283 4992 dicont,
2321 4927 2410 4981 hic
2434 4945 2452 4978 ι
2492 4931 2662 4997 prima
2697 4928 2783 4982 die
2811 4931 3164 5000 Azymorum,
3206 4953 3222 4983 ι
3260 4935 3415 5000 alter,

1852 5039 1870 5071 ι
1899 5019 2068 5088 prima
2085 5019 2171 5072 die
2188 5019 2532 5089 Azymorum,
2555 5021 2774 5090 quando
2795 5021 3139 5076 immolabant
3157 5025 3382 5078 Pascha.
3398 5043 3416 5074 ι

1845 5104 2162 5179 Qua‘iisnam
2205 5121 2288 5166 est
2322 5113 2433 5166 btec
2487 5112 2660 5179 prima
2712 5114 2830 5167 dies
2867 5115 3210 5183 Azymornm,
3255 5131 3416 5183 quam

1847 5199 1954 5258 tres
1981 5205 2330 5272 eVangclistac
2352 5206 2694 5260 concorditer
2723 5205 3229 5274 praedicantHlanc
3261 5207 3417 5260 nobis

1846 5311 2010 5350 aurea
2075 5297 2255 5366 lingua
2296 5297 2570 5362 declarat;
2623 5298 2752 5351 dicit
2792 5298 2936 5350 enim
2997 5298 3214 5353 homilia
3264 5299 3322 5353 8|
3362 5303 3414 5354 in

1848 5387 2177 5450 Mattbaeum,
2215 5389 2441 5457 primam
2469 5388 2790 5457 Azymorum
2829 5403 2950 5442 esse
2979 5404 3095 5443 eam
3129 5407 3247 5459 (μιαν
3276 5408 3414 5461 prte-

1847 5476 1993 5530 ccdit
2032 5477 2272 5547 Azyma;
2346 5493 2470 5531 nam
2505 5494 2533 5530 a
2570 5491 2797 5546 vespera
2843 5492 3057 5546 semper
3125 5495 3412 5537 numerare

1841 5565 2010 5621 Judaei
2039 5577 2444 5621 consueverunt
2474 5583 2487 5620 :
2517 5575 2570 5621 et
2619 5565 2781 5634 hujus
2808 5567 3138 5621 mentionem
3172 5568 3320 5632 facit,
3353 5570 3408 5623 in

1323 5696 1366 5726 ³⁷
1402 5694 1592 5755 Matth.
1625 5718 1759 5772 xxvr

1866 5713 1894 5758 ν.
1924 5740 1932 5747 -
2006 5705 2049 5737 ³⁸
2088 5702 2226 5760 Ibid.
2255 5702 2436 5757 i749.
2519 5703 2560 5734 ³⁸
2592 5701 2900 5772 Μαῖα-χεν,
2930 5703 3118 5759 12-16.
3196 5702 3241 5735 ⁸ο
3271 5702 3405 5766 Luc.

2971 5863 3046 5930 38
