3978 6204
558 290 707 359 1195

1699 281 2023 345 ῙΟΒΕΡΗΙ
2065 281 2623 344 METHONENSIS

3613 282 3713 347 1196

566 422 671 480 qua
704 419 927 477 vespere
978 403 1187 459 Pascha
1236 400 1502 456 immolari
1548 400 1836 471 Oportebat
1873 418 1887 455 :
1935 400 2136 471 quippe

2167 405 2211 463 Α
2240 401 2328 453 ὅτε
2363 401 2423 453 τὸ
2444 399 2637 471 Πάσχα
2663 397 2819 452 ἔθυον
2842 411 2856 431 ο
2874 398 2902 450 ὁ
2937 394 3012 463 δὲ,
3032 391 3201 449 ’Πλθε
3229 392 3284 447 δὲ
3302 392 3390 445 καὶ
3413 394 3443 462 ἡ
3471 394 3623 462 ἡμέρα
3642 398 3718 450 τῶν

564 502 655 572 qui
683 502 870 571 quinta
905 497 1129 553 Sabbati
1165 502 1539 575 accesserunt,
1578 500 1631 547 et
1662 494 1801 548 hanc
1828 492 1917 546 ille
1952 510 1971 543 ι
2011 500 2138 545 ante

564 597 763 665 Azyma
799 611 816 643 ν
851 597 1049 655 vocat,
1103 600 1317 657 tempus
1377 587 1566 641 dicens
1613 600 1722 655 quo
1749 592 2134 650 accesserunt;

564 687 703 740 alter
744 696 871 737 vero
898 681 1030 735 dicit
1058 698 1074 736 :
1107 698 1125 732 ι
1168 680 1326 736 Venit
1359 687 1537 733 autem
1559 687 1613 733 et
1644 678 1760 732 dies
1786 678 2134 747 Azymorum,

567 778 620 830 in
656 790 763 844 quo
786 772 1073 844 oportebat
1100 772 1373 828 immolari
1399 771 1630 836 Pascha,
1670 789 1687 821 ι
1723 770 1870 824 venit
1895 768 2135 837 (inquit),

565 867 616 921 id
659 875 743 920 est
775 881 943 936 prope
973 873 1109 931 erat,
1144 864 1196 919 in
1238 864 1445 919 foribus
1468 864 1689 928 aderat,
1720 877 1960 929 vespera:
1989 861 2135 915 illius

566 962 897 1015 mentionem
964 959 1166 1014 faciens
1199 996 1216 1023 ,
1270 957 1393 1028 quia
1424 972 1454 1010 a
1487 970 1712 1024 vespera
1752 953 2082 1021 incipiebant
2118 967 2135 1010 ;

565 1054 687 1108 ideo
724 1053 1105 1124 unusquisque
1146 1051 1352 1106 addens
1377 1048 1526 1113 dicit,
1566 1066 1583 1098 ι
1634 1047 1853 1117 quando
1885 1045 2138 1099 immola-

565 1148 726 1202 batur
757 1147 985 1203 Pascha.
1026 1166 1043 1199 ›
1268 1156 1271 1159 ‘
2001 1136 2005 1140 ’

2252 492 2502 562 Ἀζύμων
2547 493 2605 543 ὲν
2705 490 2814 543 ἔδει
2845 486 3065 542 θύεσθαι
3102 486 3164 539 τὸ
3206 483 3410 555 Πάσχα.
3448 484 3565 537 Ποία
3614 486 3718 539 ἐστὶν

2239 581 2403 651 αὕτη,
2432 581 2465 651 ὴ
2502 582 2692 653 πρώτη
2723 580 2830 632 τῶν
2865 577 3114 647 ’Ᾱζύμων
3141 576 3339 645 ἡμέρα,
3368 575 3429 645 ἠν
3453 573 3535 627 καὶ
3559 575 3600 627 οι
3618 578 3719 646 τρεῖς

2236 673 2624 741 εὐαγγελισταὶ
2656 670 2955 741 ὁμοφώνως
2998 668 3343 739 ἀγορεύουσι,
3380 666 3558 736 ταύτην
3587 668 3721 736 ἠμῖνό

2237 770 2333 837 τὴν
2362 769 2610 835 γλῶτταν
2625 763 2858 835 χρυσοῦς
2880 762 3183 831 σαφηνίζει.
3215 762 3371 827 Λέγει
3399 760 3494 827 γὰρ
3518 761 3567 811 ὲν
3591 759 3725 829 ὁμιλίᾳ

2239 862 2571 931 ὀγδοηκοστῇ
2590 858 2783 929 πρώτῃ
2817 857 2911 911 τοῦ
2936 855 3075 909 κατὰ
3112 853 3404 917 Ματθαῖον,
3435 849 3625 922 πρώτην
3649 851 3723 903 τῶν

2254 952 2526 1021 Ἀζύμων,
2581 950 2680 1020 τὴν
2731 950 2837 1020 πρὸ
2878 950 2988 1001 τῶν
3028 946 3278 1014 Ἀζύμων
3330 943 3511 1012 φησίν
3561 941 3725 994 εἰώθασι

2242 1044 2353 1112 γὰρ
2387 1043 2494 1094 ἀπὸ
2525 1041 2625 1109 τῆς
2660 1040 2899 1108 ἑσπέρας
2920 1038 3006 1091 ἀεὶ
3038 1038 3287 1106 ἀριθμεῖν
3319 1035 3367 1087 οἱ
3410 1033 3636 1093 Ἰουδαῖοι,
3660 1032 3724 1084 καὶ

2245 1134 2447 1203 ταύτης
2485 1130 2814 1202 μνημονεύει
2847 1130 2969 1183 καθ’
3002 1131 3070 1202 ἢν
3105 1131 3160 1182 ὲν
3189 1130 3253 1198 τῇ
3296 1126 3489 1195 ἑσπέρᾳ
3512 1123 3563 1178 τὸ
3588 1122 3723 1191 Πάσχι

569 1240 757 1309 ἔμελλε
791 1239 1036 1293 θύεσθαι.
1072 1241 1150 1311 Τῇ
1186 1239 1293 1308 γὰρ
1321 1238 1546 1307 πέμπτῃ
1576 1236 1670 1288 τοῦ
1698 1232 1978 1286 Σαδδάτου
2009 1228 2340 1301 προσῆλθον.
2375 1227 2487 1280 Καὶ
2526 1224 2757 1291 ταύτην,
2814 1224 2842 1275 ὁ
2879 1222 3002 1291 μὲν,
3051 1220 3147 1289 τὴν
3214 1218 3317 1288 πρὸ
3390 1218 3487 1270 τῶν
3538 1216 3724 1311 Ἀςύμιιιν

566 1302 743 1395 καλεῖ,
787 1330 879 1381 τὸν
939 1302 1150 1400 καιρὸν.
1170 1302 1345 1396 λέγιυν
1385 1302 1608 1382 καθ’ῠὸν
1658 1324 1963 1396 προσῆλθον
1984 1340 1997 1353 ·
2030 1325 2059 1376 ὁ
2086 1323 2143 1376 δὲ
2177 1321 2347 1387 λέγει,
2376 1313 2548 1371 Ἦλθε
2573 1318 2629 1370 δὲ
2655 1317 2751 1371 καὶ
2778 1318 2810 1384 ἡ
2840 1316 3025 1386 ἡμέρα
3045 1313 3157 1365 τῶν
3200 1312 3457 1379 Ἀζύμων,
3486 1311 3533 1362 ἐν
3583 1302 3611 1378 ᾖ
3654 1308 3726 1359 ἔδει

568 1422 790 1474 θύεσθαι
817 1423 878 1475 τὸ
910 1423 1122 1492 Πάσχα.
1154 1422 1227 1474 Τὸ
1256 1418 1385 1491 ἦλθε
1428 1421 1585 1474 τοῦτο
1616 1422 1810 1488 λέγων,
1848 1417 2014 1485 ἐγγὺς
2042 1411 2133 1484 ἦν,
2167 1414 2262 1467 ἐπὶ
2299 1411 2493 1482 θύραις
2562 1407 2651 1479 ἦν,
2712 1411 2810 1479 τῆς
2892 1408 3131 1477 ἑσπέρας
3179 1405 3410 1478 δηλονότι
3462 1404 3727 1474 μεμνημένης

566 1513 781 1581 ἐκείνης
802 1530 815 1542 ·
854 1514 962 1565 ἀπὸ
984 1514 1091 1582 γάρ
1120 1514 1217 1582 τῆς
1242 1514 1479 1586 ἑσπέρας
1508 1512 1762 1583 ἤρχοντο.
1793 1512 1881 1563 Διὸ
1915 1509 2145 1571 ἕκαστος
2180 1504 2507 1577 προστίθησι
2538 1504 2733 1572 λέγων,
2778 1521 2798 1553 ι
2835 1502 2965 1553 Ὅτε
3000 1499 3190 1554 ἐθύετο
3220 1499 3279 1552 τὸ
3310 1499 3504 1566 Πάσχα.
3528 1515 3543 1546 ι

1326 1649 1411 1704 ill.

640 1781 815 1836 llahcs
850 1779 1013 1852 igitur
1039 1780 1183 1850 quod
1222 1780 1362 1833 hanc
1387 1779 1527 1834 diem
1546 1779 1675 1833 dicit
1699 1798 1716 1829 ι
1740 1785 2131 1848 auteAzyma,»
2170 1756 2214 1810 Β

569 1889 673 1941 qua
698 1888 923 1941 vespere
952 1871 1163 1926 Pascha
1199 1871 1465 1925 immolari
1494 1871 1797 1938 oportebat,
1830 1885 1891 1924 ac
1933 1868 2140 1938 liquido
2170 1906 2174 1910 .

571 1972 785 2017 constat
819 1964 964 2033 quod
998 1973 1208 2032 tempus
1257 1972 1375 2018 erat
1419 1961 1700 2017 Paschalis
1732 1961 1888 2017 illud.
1935 1961 2143 2017 Idcirco

572 2072 637 2111 ex
674 2055 1042 2126 evangelistis,
1074 2055 1159 2108 hic
1195 2055 1395 2123 inquit,
1434 2074 1452 2107 ι
1486 2056 1721 2124 Vespere
1765 2065 1945 2108 autem
1976 2052 2141 2122 facto,

573 2149 848 2204 discubuit
903 2162 1028 2203 cum
1100 2147 1385 2201 duodecim
1442 2147 1721 2217 discipulis
1777 2147 1925 2213 suis;
1994 2165 2014 2198 ι
2054 2146 2145 2200 ille

574 2257 727 2306 vero,
758 2261 773 2292 ι
801 2241 1040 2311 Vespere
1065 2248 1244 2295 autem
1277 2240 1420 2295 facto
1442 2244 1593 2296 venit
1619 2256 1742 2295 cum
1771 2240 2084 2307 duodecim;
2118 2258 2137 2291 ι

576 2335 788 2396 tertius,
828 2352 847 2383 ‹
880 2333 1009 2386 Cum
1041 2332 1180 2386 facta
1222 2344 1365 2386 esset
1398 2333 1845 2397 hora,discubuit
1870 2372 1884 2395 ,
1926 2342 1982 2388 et
2008 2334 2145 2387 duo-

574 2425 748 2479 decim
780 2425 1012 2495 apostoli
1041 2439 1164 2478 cum
1210 2438 1297 2479 eo.
1336 2442 1353 2474 ι
1386 2423 1682 2493 Propterea
1728 2424 2048 2479 festinantes
2079 2425 2144 2480 ad

572 2518 897 2587 magistrum
935 2519 1202 2572 accedunt
1233 2559 1247 2583 ,
1303 2518 1429 2585 quia
1483 2516 1534 2569 in
1569 2515 1776 2570 foribus
1808 2527 1948 2579 erat,
1990 2517 2144 2586 quasi

574 2608 851 2670 dicentes,
894 2608 1035 2661 Hora
1087 2606 1568 2678 appropinquavit,
1624 2608 1677 2660 in
1728 2623 1831 2674 qua
1871 2607 1956 2660 lex
1990 2607 2148 2675 jubet

578 2699 737 2766 ahjici
777 2700 1158 2753 fermentatum
1191 2716 1219 2752 a
1246 2699 1421 2754 nobis.
1456 2699 1594 2769 Ergo
1619 2698 1706 2752 dic
1737 2699 1895 2753 nobis
1937 2700 2024 2752 uhi
2055 2715 2149 2768 ap-

582 2800 798 2859 paratus
832 2792 932 2844 iste
966 2791 1077 2845 fieri
1107 2791 1285 2856 debet,
1312 2789 1438 2858 quia
1471 2789 1626 2843 adest
1647 2790 1779 2843 hora
1811 2790 1949 2859 ejus.
1980 2791 2048 2844 At
2076 2790 2143 2853 is,

580 2882 772 2936 videns
798 2896 893 2935 eos
911 2882 976 2935 de
1001 2890 1265 2950 apparatu
1300 2880 1583 2935 Paschalis
1609 2895 1728 2935 esse
1772 2881 2055 2945 sollicitos,
2094 2889 2149 2935 et

581 2986 795 3042 tempus
821 2974 939 3044 ejus
970 2975 1180 3037 adesse,
1211 2973 1361 3027 misit
1389 2987 1480 3027 eos
1513 2972 1699 3027 dicens
1731 2989 1745 3025 :
1776 2990 1794 3025 ι
1835 2971 1910 3026 ite
1934 2972 1986 3025 in
2013 2972 2147 3027 civi-

2996 1636 3071 1691 I".

2323 1784 2508 1853 Ἔχεις
2547 1782 2641 1835 οὖν
2681 1782 2764 1834 ὅτι
2798 1779 3003 1849 ταύτην
3040 1774 3143 1847 τὴν
3170 1774 3376 1846 ἡμέραν
3405 1772 3533 1840 λέγει
3562 1768 3727 1838 προιὼν

2259 1876 2538 1944 Ἀζύμων,
2566 1877 2622 1928 ὲν
2659 1868 2718 1948 ᾗ,
2745 1874 2803 1925 ἐν
2830 1874 2895 1942 τῇ
2927 1870 3146 1939 ἑσπέρᾳ
3171 1867 3230 1921 τὸ
3259 1866 3439 1933 Πάσχα
3464 1862 3623 1931 ἔμελλε
3646 1857 3729 1910 θύε-

2249 1970 2394 2021 σθαι.
2428 1970 2541 2022 Καὶ
2587 1947 2840 2035 φαίνεται
2872 1961 3175 2033 διαρρήδην
3213 1961 3309 2014 ὅτι.
3333 1960 3360 2013 ὁ
3388 1956 3554 2026 καιρὸς
3593 1947 3728 2021 ἦντοῦ

2246 2062 2435 2129 Πάσχα
2463 2076 2476 2090 ·
2498 2060 2579 2112 διὸ
2599 2058 2690 2112 καὶ
2714 2058 2762 2110 οἱ
2782 2056 3195 2125 εὐαγγελισταὶ,
3214 2055 3240 2104 ὁ
3269 2051 3362 2121 μέν
3384 2066 3547 2119 φησιν,
3574 2043 3728 2109 «Ὀψίας

2244 2154 2568 2224 γενομένης,
2598 2152 2844 2205 ἀνέκειτο
2880 2150 3016 2220 μετὰ
3038 2148 3150 2201 τῶν
3179 2146 3380 2198 δώδεκα
3402 2160 3414 2173 ο
3439 2161 3456 2195 ι
3478 2141 3504 2193 ὁ
3531 2139 3592 2199 δὲ,
3618 2154 3634 2188 ι
3656 2132 3729 2187 Καὶ

2244 2246 2399 2317 ὀψίας
2417 2244 2712 2316 γενομένης
2729 2244 2946 2313 ἔρχεται
2968 2242 3105 2311 μετὰ
3126 2240 3232 2292 τῶν
3243 2238 3437 2292 δώδεκα
3455 2247 3496 2286 ἰ
3514 2233 3539 2283 ὁ
3553 2230 3615 2290 δὲ,
3633 2225 3732 2280 «Καὶ

2244 2341 2333 2393 ὅτε
2366 2338 2584 2407 ἐγένετο
2634 2337 2667 2405 ἡ
2720 2334 2858 2403 ὥρα,
2904 2331 3307 2388 ἀνέπεσε-’καὶ
3350 2330 3395 2381 οἱ
3438 2326 3611 2379 δώδεκα
3634 2318 3729 2371 ἀπό-

2247 2430 2423 2483 στολοι
2484 2428 2580 2481 σὺν
2635 2427 2807 2497 αὐτῷ.
2848 2445 2867 2478 ι
2904 2425 3002 2479 Διά
3025 2424 3190 2477 τοῦτο
3236 2423 3590 2495 προσέρχονται
3634 2409 3731 2480 μετά

2249 2523 2486 2592 σπουδῆς
2526 2521 2664 2589 πρὸς
2710 2520 2800 2573 τὸν
2852 2517 3203 2576 διδάσκαλον.
3230 2518 3308 2569 ὅτι
3343 2514 3429 2567 ἐπὶ
3473 2510 3631 2578 θύραις
3665 2499 3725 2573 ἦν»

2245 2615 2445 2668 ῶσανε)⁵
2501 2614 2773 2681 λέγοντες,
2821 2614 2885 2665 Ἢ
2945 2611 3068 2683 ὥρα
3122 2612 3370 2681 ἧγγικεν,
3407 2608 3461 2658 ὲν
3498 2598 3578 2678 ᾖὸ
3616 2598 3729 2666 νόμος

2247 2703 2678 2774 παρακελεύεται
2709 2703 3083 2771 ἀπεληλάσθαι
3120 2700 3365 2772 ζυμωτὸν
3390 2698 3471 2766 ἀφ’
3495 2694 3644 2766 ἡμῶν·
3665 2689 3725 2741 οὐ·

2249 2800 2377 2851 κοῦν
2403 2799 2520 2850 εἰπὲ
2552 2799 2682 2865 ἡμῖν
2711 2797 2815 2849 ποῦ
2840 2799 2871 2864 ἡ
2902 2799 3195 2865 ἐτοιμασέα
3221 2795 3353 2863 αῦτη
3382 2792 3625 2859 γενήσεται
3643 2801 3654 2815 ο
3672 2785 3725 2835 ὅτι

2250 2889 2512 2958 πάρεστιν
2547 2889 2578 2959 η
2607 2886 2726 2957 ῶρα
2769 2888 2959 2957 αὐτῆς.
3012 2888 3069 2940 Ὀ
3104 2887 3165 2940 δὲ
3215 2886 3334 2938 ἰδὼν
3366 2882 3542 2942 αὐτοὺς
3579 2881 3728 2943 ἐναγω·

2249 2980 2395 3042 νίους
2424 2979 2551 3048 περὶ
2599 2979 2694 3046 ea;
2747 2977 3066 3044 ἐτοιμασίας
3126 2976 3221 3030 τοῦ
3265 2976 3462 3045 Πάσχα,
3508 2974 3585 3025 καὶ
3626 2966 3729 3021 ὄτιέ

580 3074 771 3127 tatem,
801 3075 855 3119 et
883 3064 1115 3135 reliqu‘a,
1135 3073 1187 3119 et
1225 3073 1410 3133 parate
1428 3064 1583 3119 nobis
1605 3063 1833 3117 Pascha.
1866 3080 1883 3113 ι
1915 3062 2150 3129 Diligen-

2174 3094 2218 3148 ρ
2251 3071 2437 3140 καιρὸς
2452 3065 2517 3140 ἦν
2544 3069 2729 3132 αὐτοῦ,
2753 3068 3074 3121 ἀπέστειλεν
3089 3070 3309 3131 αὐτοὺς,
3340 3067 3504 3133 λέγων
3525 3080 3538 3097 ο
3567 3059 3727 3113 (Ἀπέλ-

582 3166 663 3211 ter
697 3172 824 3225 ergo
883 3155 1338 3210 considerandum
1379 3173 1392 3208 :
1426 3156 1480 3208 hi
1520 3154 1855 3221 interrogant
1913 3154 2001 3207 ubi
2052 3168 2149 3222 pa-

582 3248 807 3301 randum
841 3249 912 3303 sit
945 3247 1178 3311 Pascha,
1230 3247 1318 3301 ille
1351 3260 1481 3301 vero
1525 3244 1778 3314 explanat
1812 3244 1904 3298 ubi
1943 3244 2150 3298 Pascha

580 3340 880 3409 parandum
907 3339 997 3393 sit.
1023 3340 1161 3405 Quid
1188 3340 1349 3409 igitur
1372 3337 1621 3406 estquod
1655 3337 1953 3406 quaeritur?
1985 3336 2153 3404 quod-

581 3448 705 3486 uam
736 3431 940 3486 Pascha
969 3440 1083 3484 erat
1109 3430 1159 3484 id
1179 3430 1407 3484 articulo
1427 3430 1610 3483 addito
1648 3427 2012 3497 expressum?
2041 3441 2149 3479 non

580 3525 721 3576 enim
747 3521 865 3574 sine
918 3520 1149 3573 articulo
1186 3522 1338 3585 dicit,
1369 3519 1559 3573 Parate
1605 3518 1833 3581 Pascha,
1885 3519 1979 3570 sed
2029 3531 2150 3569 cum

583 3610 828 3664 articulo.
854 3608 967 3663 lIoc
990 3609 1119 3678 quid
1150 3619 1266 3663 erat
1291 3610 1433 3678 quod
1468 3609 1571 3678 ipsi
1602 3617 1654 3661 et
1687 3609 1797 3675 ipse
1828 3622 1950 3660 cunt
1997 3606 2148 3659 solli-

581 3701 822 3756 citudiue
874 3701 1052 3770 parari
1100 3699 1559 3769 expostulabant?
1587 3708 1643 3753 et
1671 3698 1944 3767 quomodo
1981 3695 2152 3750 Judaei

581 3793 848 3848 debebant
871 3792 1048 3847 facere
1077 3791 1128 3846 id
1148 3791 1174 3845 ἲ
1206 3791 1293 3845 ubi
1322 3790 1526 3845 Pascha
1556 3789 1824 3843 sancitum
1856 3788 1985 3842 est?
2014 3787 2152 3841 Audi

582 3883 649 3938 de
678 3882 781 3937 hoc
825 3882 1087 3938 Pascbate
1113 3881 1242 3951 quid
1272 3880 1403 3936 dicit
1433 3878 1696 3934 Dominus
1736 3878 1802 3933 ad
1827 3876 2062 3949 Moysem
2098 3878 2153 3932 in

585 3977 812 4033 Exodo:
852 3995 870 4027 ι
905 3975 1105 4029 Mensis
1138 3973 1240 4029 iste
1289 3973 1444 4028 vobis
1482 3970 1810 4041 principium
1859 3971 2153 4037 mensium,

586 4070 793 4138 primus
828 4067 933 4121 erit
968 4067 1022 4121 in
1071 4065 1354 4120 mensibus
1402 4064 1553 4117 anni.
1593 4058 1901 4130 Loquimini
1934 4064 2000 4116 ad
2032 4062 2156 4116 uni-

584 4175 800 4215 versum
856 4168 1053 4214 coetum
1104 4157 1336 4211 ﬁliorum
1374 4156 1561 4218 Israel,
1593 4164 1649 4209 et
1676 4154 1841 4209 dicite
1893 4154 2013 4210 eis:
2060 4155 2159 4209 De-

584 4252 722 4306 cima
749 4250 837 4305 die
881 4249 1086 4304 mensis
1134 4248 1295 4318 hujus
1347 4248 1501 4303 tollat
1535 4246 1909 4317 unusquisque
1957 4262 2154 4317 agnum

586 4360 681 4414 per
710 4342 942 4398 familias
988 4350 1042 4397 et
1094 4342 1287 4395 domos
1318 4354 1466 4395 suas.
1519 4339 1615 4394 Sin
1647 4349 1827 4393 autem
1859 4338 2035 4393 minor
2071 4347 2158 4392 est

2254 3160 2379 3211 θατε
2416 3159 2494 3218 εἰς
2547 3158 2647 3229 τὴν
2688 3157 2863 3219 πόλιν,
2900 3158 2993 3209 καὶ
3037 3158 3103 3208 τὰ
3143 3157 3304 3227 ἑξῆς·
3350 3158 3440 3209 καὶ
3486 3149 3729 3219 ἑτοιμάσατε

2253 3253 2381 3319 ἡμῖν
2401 3252 2459 3301 τὸ
2486 3250 2699 3319 Πάσχα.
2716 3268 2734 3301 ι
2765 3250 3035 3303 Σκεπτέον
3065 3250 3164 3303 οῦν
3189 3250 3423 3321 ἀκριϐῶς
3442 3264 3454 3278 ’
3476 3248 3519 3301 οἱ
3540 3245 3617 3317 μὲν
3637 3245 3730 3311 ἐρω-

2253 3343 2417 3396 τῶσιν
2452 3342 2538 3393 ἵνα
2589 3341 2920 3409 ἐτοιμάσωσι
2969 3342 3028 3393 τὸ
3076 3344 3310 3413 Πάσχα·
3365 3344 3391 3393 ὁ
3438 3340 3489 3391 δὲ
3529 3338 3729 3406 ἐξηγεῖται

2256 3434 2439 3495 αὐτοῖς
2478 3432 2576 3485 ποῦ
2610 3435 2717 3501 ἄρα
2755 3433 2815 3486 τὸ
2855 3434 3047 3503 Πάσχα
3081 3435 3447 3503 έτοιμάσουσι.
3473 3434 3528 3486 Ἰἰ
3562 3427 3731 3484 οὖνέστι

2254 3524 2313 3574 τδ
2340 3525 2708 3592 ζητούμενον;
2747 3524 2808 3575 τὸ
2856 3524 3050 3594 Πάσχα
3084 3527 3246 3580 τοῦτο
3278 3528 3328 3579 τί
3361 3522 3424 3595 ἦν
3462 3525 3515 3576 τὸ
3540 3522 3648 3593 μετὰ
3668 3514 3730 3570 τοῦ

2256 3615 2457 3684 ἄρθρου
2492 3617 2886 3686 προσκειμένου
2912 3634 2926 3683 ;
2954 3619 3013 3670 ού
3044 3618 3177 3685 γὰρ,
3218 3618 3549 3688 Ἑτοιμάσατε
3580 3612 3730 3678 [ldum

2256 3710 2441 3775 φησῖν,
2478 3708 2610 3761 ἀλλά
2653 3707 2715 3760 τὸ
2751 3709 2964 3777 Πάσχα.
2996 3708 3175 3763 Τοῦτο
3198 3712 3250 3764 τί
3294 3707 3358 3781 ἦν
3387 3711 3508 3776 ὅπερ
3535 3701 3733 3758 unum

2256 3798 2416 3860 αὐτὸς
2450 3798 2733 3865 έναγώνιοι
2760 3799 2996 3867 γίνονται
3024 3801 3317 3871 ἑτοιμάσαι
3342 3818 3355 3867 ;
3385 3800 3483 3854 Καὶ
3510 3797 3605 3858 πῶς
3623 3792 3735 3859 ὢφει·

2255 3887 2344 3941 λον
2398 3890 2446 3941 οἱ
2506 3891 2747 3944 Ἰουδαῖοι
2806 3896 2981 3944 ποιεῖν
3029 3892 3230 3959 τοῦτο;
3284 3893 3387 3947 Ποῦ
3417 3893 3468 3945 δὲ
3519 3895 3569 3942 τὸ
3600 3887 3735 3951 [MT/:3

2258 3981 2719 4051 νενομοθέτηται;
2761 3984 3027 4037 ’Ἄκουσον
3079 3987 3211 4055 περὶ
3260 3987 3441 4040 τούτου
3480 3981 3560 4035 τοῦ
3601 3978 3737 4041 Πάσλίι

2258 4076 2310 4125 τε
2346 4091 2511 4143 φησιν
2543 4077 2569 4127 ὁ
2602 4075 2803 4144 Κύριος
2827 4076 2965 4146 πρὶς
2996 4077 3238 4148 Μωῦσῆν
3264 4080 3321 4131 ὲν
3344 4081 3407 4149 τῇ
3447 4074 3622 4140 Ἐξδδιιν
3648 4087 3663 4121 ⁸
3698 4066 3737 4113 ’θ

2263 4163 2369 4232 μὴν
2395 4157 2548 4227 οὗτος
2599 4164 2729 4233 ὑμῖν
2761 4166 2904 4236 ἀρχὴ
2942 4168 3129 4235 μηνῶν
3158 4160 3372 4238 πρῶτος
3415 4166 3551 4219 ἔσται
3579 4161 3675 4230 ὑμῖν
3699 4156 3738 4204 iv

2259 4258 2371 4318 τοῖς
2404 4256 2539 4327 μησὶ
2562 4257 2653 4310 τοῦ
2688 4259 2937 4311 ἐνιαυτοῦ
2964 4274 2977 4288 °
3020 4260 3254 4332 λάλησον
3287 4261 3417 4331 πρὸς
3449 4259 3602 4311 πᾶσαν
3626 4264 3739 4304 συνα-

2260 4347 2444 4417 γωγὴν
2493 4348 2624 4401 υἱῶν
2668 4349 2907 4420 Ἰσραὴλ,
2953 4351 3131 4417 λέγων
3154 4368 3167 4380 ·
3199 4355 3277 4423 Τῇ
3303 4352 3488 4422 δεκάτῃ
3518 4346 3594 4402 τοῦ
3622 4342 3738 4413 μηνὸς

585 4450 865 4502 numerus,
905 4443 965 4489 ut
998 4432 1244 4488 suﬂicere
1276 4433 1446 4502 possit
1475 4434 1541 4487 ad
1575 4430 1901 4485 vescendum
1931 4444 2154 4499 agnum,

2187 4434 2236 4494 Β
2258 4439 2470 4505 τούτου,
2508 4438 2824 4495 λαϐέτωσαν
2869 4442 3098 4505 ἕκαστος
3131 4446 3402 4515 πρόϐατον
3453 4441 3559 4496 κατ’
3582 4437 3735 4490 οἰκία-θ’

584 4536 827 4583 assumat
873 4525 1111 4582 vicinum
1154 4524 1447 4593 suum,qui
1498 4524 1827 4592 conjunctus
1866 4533 1949 4576 est
1972 4520 2156 4575 domui

585 4634 719 4683 sua),
740 4620 894 4689 juxta
916 4631 1198 4672 numerum
1215 4615 1517 4669 animarum
1533 4629 1651 4683 quae
1669 4612 1915 4668 sufﬁcere
1932 4620 2160 4682 possunt

587 4710 654 4764 ad
688 4724 841 4763 esum
900 4708 1047 4778 agni.
1082 4708 1199 4761 Erit
1239 4715 1418 4762 autem
1459 4721 1631 4775 agnus
1662 4706 1865 4774 absque
1926 4706 2157 4772 macula,

586 4799 886 4863 masculus,
945 4798 1269 4865 anniculus;
1320 4798 1473 4868 juxta
1516 4812 1679 4867 quem
1735 4796 1899 4850 ritum
1962 4796 2161 4851 tolletis

589 4901 645 4947 et
667 4893 903 4957 haedum,
937 4902 992 4946 et
1015 4892 1304 4947 servabitis
1331 4907 1453 4946 eum
1483 4906 1655 4960 usque
1689 4890 1757 4944 ad
1775 4902 2031 4960 quartum
2063 4890 2160 4944 de-

590 4982 789 5037 cimum
819 4982 962 5038 diem
988 4982 1193 5037 mensis
1220 4982 1405 5052 hujus,
1453 4982 1865 5051 immolabitque
1890 4997 2013 5036 eum
2042 4981 2164 5035 uni-

589 5090 745 5130 versa
798 5074 1087 5130 multitudo
1142 5074 1375 5128 filiorum
1435 5073 1599 5128 Israel
1659 5074 1724 5130 ad
1761 5075 2166 5143 vesperam.Et

590 5173 809 5220 sument
833 5164 900 5219 de
930 5162 1189 5234 sanguine
1215 5163 1353 5232 ejus,
1399 5179 1462 5217 ac
1497 5172 1701 5233 ponent
1759 5177 1925 5233 super
1956 5172 2197 5217 utrumu

592 5272 697 5327 que
730 5266 968 5325 postem,
1019 5264 1073 5309 et
1108 5255 1162 5309 in
1207 5254 1720 5324 superliminaribus
1762 5256 2069 5322 domorum,
2110 5255 2165 5308 in

594 5345 789 5415 quibus
840 5342 1124 5398 comedent
1160 5344 1333 5407 illum.
1388 5345 1450 5398 Et
1478 5345 1637 5399 edent
1675 5359 1864 5400 carnes
1890 5352 2048 5400 nocte
2076 5346 2164 5399 illa

595 5452 746 5494 assas
802 5435 953 5505 igni,
986 5444 1040 5489 et
1070 5450 1292 5507 azymos
1326 5451 1494 5505 panes
1530 5452 1651 5490 cum
1689 5436 1918 5491 lactucis
1947 5437 2168 5507 agresti-

594 5529 720 5585 bus.
755 5526 858 5581 »Ει
880 5526 1040 5596 paulo
1072 5535 1193 5596 post
1227 5514 1285 5581 τ’(
1323 5527 1412 5581 Sic
1444 5536 1620 5580 autem
1648 5525 1947 5581 comedetis
1971 5528 2117 5581 illum
2150 5546 2162 5581 :

597 5616 777 5671 Renes
798 5626 1005 5671 vestros
1030 5617 1345 5685 accingctis,
1367 5625 1420 5671 et
1437 5616 1801 5671 calceamenta
1822 5617 2092 5672 habebitis
2116 5620 2166 5673 in

599 5706 847 5773 pedibus,
881 5718 1130 5765 tenentes
1151 5708 1367 5763 baculos
1401 5708 1453 5761 in
1481 5708 1750 5775 manibus,
1776 5717 1829 5768 et
1858 5709 2168 5767 comedetis

2260 4529 2357 4581 ἐὰν
2390 4530 2447 4583 δὲ
2474 4530 2745 4599 ὀλιγοστοὶ
2774 4532 2908 4597 ῶσιν
2942 4536 3000 4588 έν
3029 4539 3094 4607 τῇ
3130 4537 3300 4602 οἰκία,
3332 4535 3470 4588 ὥστε
3497 4532 3560 4601 μὴ
3585 4524 3739 4581 ἱκανοὺς

2260 4617 2399 4675 εἶναι
2453 4623 2533 4684 εἰς
2571 4624 2864 4693 πρόϐατον,
2917 4628 3292 4697 προσλήψεται
3343 4626 3458 4697 μεθ’
3497 4618 3653 4676 ἑαυτοῦ
3679 4614 3738 4664 τὸν

2259 4712 2478 4779 γείτονα
2520 4713 2611 4765 τὸν
2647 4713 2875 4783 πλησίον
2925 4715 3111 4780 αὑτοῦ,
3145 4715 3284 4768 κατά
3329 4712 3542 4785 ἀριθμὸν
3568 4708 3653 4760 τῶν
3672 4702 3736 4770 ψυ-

2262 4803 2370 4872 χῶν
2409 4803 2637 4865 ἕκαστος
2663 4804 2723 4855 τὸ
2761 4805 2967 4875 ἀρκοῦν
2998 4807 3146 4876 αὐτῷ
3177 4804 3664 4877 συναριθμηθήσεται
3686 4791 3738 4850 εἰς

2263 4894 2557 4963 πρόϐατον.
2610 4894 2885 4965 Πρόϐατον
2925 4900 3131 4952 τέλειον
3164 4899 3329 4968 ἄρσεν
3371 4899 3576 4966 ἄμωμον
3609 4883 3739 4940 imi-

2266 5001 2378 5038 σιον
2402 4984 2553 5038 ἔσται
2588 4986 2714 5055 ὑμῖν
2734 5002 2747 5017 ⁸
2799 4987 2907 5041 ἀπὸ
2937 4988 3043 5041 τῶν
3090 4990 3278 5059 ἀμνῶν
3308 4989 3398 5042 κὰ
3430 4986 3528 5039 ἀπὸ
3554 4981 3639 5036 τῶν
3662 4971 3740 5043 EF"

2265 5092 2379 5143 (ρων
2419 5074 2679 5145 λήψεσθε,
2727 5076 2821 5130 καὶ
2868 5078 3019 5131 ἔσται
3070 5079 3198 5149 ύμῖν
3231 5073 3646 5148 διατετηρημένον
3670 5064 3742 5121 ἕως

2263 5166 2363 5235 τῆς
2423 5170 3026 5239 τεσσαρεσκαιδεκάτης
3072 5170 3166 5225 τοῦ
3222 5170 3391 5241 μηνὸς
3444 5166 3636 5222 τούτου,

2267 5259 2561 5326 σφάξουσιν
2592 5260 2745 5325 αὐτὸ,
2799 5263 2907 5313 πᾶν
2951 5238 3013 5314 τὸ
3051 5238 3252 5331 πλῆθος
3283 5238 3390 5314 τῶν
3436 5255 3553 5310 υἱῶν
3585 5238 3743 5317 Ἰσραὴλ

2267 5353 2402 5422 πρὸς
2433 5352 2672 5423 ἑσπέραν
2700 5370 2713 5383 ⁸
2753 5354 2849 5407 καὶ
2881 5353 3140 5424 λήψονται
3171 5352 3280 5407 ἀπὸ
3316 5350 3408 5404 τοῦ
3446 5334 3657 5416 αἵματος,
3678 5331 3746 5387 κ³ὶ

2268 5441 2524 5513 θήσουσιν
2555 5444 2646 5493 ἐπὶ
2675 5444 2782 5495 τῶν
2812 5443 2905 5496 δύο
2941 5444 3220 5514 σταθμῶν,
3253 5443 3348 5497 καὶ
3374 5442 3462 5494 ἐπὶ
3486 5437 3572 5507 τὴν
3604 5425 3743 5514 φλιάι·

2269 5511 2362 5581 xxi.
2387 5533 2442 5581 έν
2467 5531 2580 5591 τοῖς
2609 5531 2805 5595 οἴκοις,
2828 5533 2884 5584 ὲν
2914 5529 2989 5596 οἷς
3021 5511 3096 5586 ἂν
3115 5533 3355 5601 φάγωσιν
3374 5524 3504 5584 ἀὐτὶ
3527 5526 3575 5576 έν
3593 5511 3744 5571 αὐτοῖς·

2269 5621 2381 5673 Καὶ
2414 5622 2678 5688 φάγονται
2707 5624 2777 5675 τὰ
2809 5622 2945 5693 κρέα
2972 5622 3148 5678 ταῦτα
3172 5623 3307 5675 ὀπτὰ
3340 5619 3493 5690 πυρι-
3519 5616 3594 5668 καὶ
3616 5609 3744 5668 divi"

2272 5712 2363 5765 ἐπὶ
2399 5711 2663 5782 πικρὶδων
2712 5713 2937 5771 ἔδονται.
2985 5734 3003 5768 ›
3057 5717 3166 5770 Καὶ
3208 5713 3325 5785 μετ’
3372 5712 3539 5777 mw
3571 5723 3587 5755 ι
3614 5697 3747 5753 Uitta;
