3978 6204
234 247 377 314 1197

734 253 881 314 PRO
911 255 1124 319 CONC.
1162 258 1541 321 FLORENT.
1581 257 1745 319 CAP.
1790 259 1867 318 ll.
1913 258 2011 319 DE
2059 260 2311 331 ΛΖΫΜΟ
2345 260 2440 319 ΕΤ
2483 257 3019 319 FERMENTATO.

3348 260 3483 323 1198

224 364 558 432 διαφάγεσθε
587 366 715 418 αύτό
738 382 755 398 ν
788 370 842 421 αἱ
891 368 1092 437 ὀσφύες
1127 371 1282 440 ὑμῶν
1329 372 1768 442 περιεζωσμέναι
1797 388 1808 402 ·

1923 372 2246 426 festinantes
2275 389 2289 426 :
2318 379 2404 426 est
2427 372 2572 425 enim
2594 371 2804 425 Pascha
2826 370 3098 425 Domini.»
3118 370 3162 401 “
3184 368 3333 425 Nosti
3353 387 3481 437 ergo

224 459 421 511 καὶτὰ
464 457 786 526 ὑποδήματα
843 461 998 529 ὑμῶν
1042 464 1101 514 ὲν
1150 464 1263 525 τοῖς
1298 465 1456 515 ποσὶν
1494 462 1680 529 ὑμῶν·
1713 462 1809 513 καὶ

224 551 282 603 αἱ
314 551 605 620 βακτηρίαι
638 550 793 617 ὑμῶν
820 554 878 604 ἐν
906 555 1029 616 ταῖς
1054 556 1244 623 χερσὶν
1273 553 1427 623 ὑμῶν
1455 568 1470 582 ’
1501 553 1597 607 καὶ
1626 552 1809 605 ἔδεσθε

225 644 369 696 αὐτὰ
428 643 565 710 μετά
614 643 879 712 σπουδῆς.
924 646 1115 715 Πάσχα
1164 647 1283 698 ἐστί
1322 645 1555 716 Κυρίου.
1596 664 1614 697 ι
1651 641 1813 709 Οἶδας

224 734 338 803 ἆρα
366 734 417 785 τί
441 734 502 785 τὸ
530 733 718 802 Πάσχα
746 736 862 787 ἐστί
884 750 899 765 ·
931 735 1119 790 λαϐεῖν
1143 738 1317 805 ἀμνὸν
1348 738 1603 808 ἄμωμον,
1634 739 1811 791 ἐνιαύ-

227 843 368 889 σιον,
403 824 512 877 ἀπὸ
542 824 649 894 τῆς
680 825 911 894 δεκάτης
937 826 1032 879 τοῦ
1065 828 1252 898 μηνὸς,
1284 830 1381 881 καὶ
1410 829 1689 898 διατηρεῖν
1718 832 1811 881 καὶ

224 918 521 986 φυλάττειν
576 916 742 969 αὐτὸν
794 918 957 987 μέχρι
995 920 1087 971 καὶ⁹
1137 921 1234 989 τῆς
1285 919 1813 990 τεσσαρεσκαιδεκά-

219 1014 363 1081 της·
396 1010 491 1062 καὶ
538 1012 605 1080 τῇ
657 1011 1232 1082 τεσσαρεσκαιδεκάτῃ
1286 1012 1378 1065 τοῦ
1450 1013 1616 1083 μηνὸς
1674 1013 1813 1083 πρὸς

222 1102 487 1172 ἑσπέραν,
545 1102 707 1155 θῦσαι
748 1103 919 1156 αὐτό’
963 1105 1058 1157 καὶ
1102 1105 1171 1157 τά
1224 1106 1428 1159 λοιπά·
1476 1107 1569 1158 καὶ
1616 1108 1814 1173 φαγεῖν

222 1194 365 1249 ὀπτά
400 1194 570 1265 πυρί⁶
598 1195 691 1248 καὶ
739 1195 928 1263 ἄζυμα
966 1196 1060 1249 ἐπὶ
1092 1197 1358 1268 πικρίδων
1407 1197 1589 1251 ἕδεσθε
1629 1198 1770 1251 αὑτά
1795 1213 1811 1229 ·

222 1290 318 1342 καὶ
349 1288 523 1342 ταῦτα
561 1288 698 1357 μετὰ
748 1289 1016 1358 σπουδῆς*
1050 1290 1132 1343 ὅτι
1165 1292 1358 1359 Πάσχα
1409 1292 1527 1345 ἐστὶ
1578 1291 1809 1358 Κυρίου.

222 1381 397 1434 Τοῦτό
430 1383 578 1435 ἐστιν
603 1384 782 1434 ἐκεῖνο
822 1383 882 1435 τὸ
909 1382 1132 1452 νομικὸν
1164 1383 1355 1452 Πάσχα
1378 1398 1391 1413 '
1421 1384 1558 1452 ὅπερ
1590 1386 1617 1435 ὀ
1651 1383 1814 1451 νόμος

225 1473 566 1543 προσέταττε
601 1475 778 1527 ποιεῖν
809 1474 941 1536 τοὺς
968 1474 1118 1536 υἱοὺς
1159 1475 1400 1545 Ἰσραήλ.
1442 1476 1505 1527 Εἰ
1534 1471 1628 1527 οὖν
1657 1474 1812 1527 ταῦθ’

223 1565 399 1627 οὕτως
426 1566 560 1635 ἔχει,
606 1569 701 1621 καὶ
735 1567 783 1619 οί
830 1568 928 1636 μὲν
961 1567 1186 1635 λέγουσι
1238 1569 1369 1637 περ)¹
1401 1566 1496 1619 τοῦ
1531 1568 1744 1636 Πάσχα,
1786 1568 1814 1619 6

224 1659 284 1711 δὲ
318 1657 595 1726 ἐξηγεῖται
627 1660 756 1729 περὶ
786 1659 878 1712 τοῦ
910 1661 1127 1729 Πάσχα,
1158 1661 1308 1713 ποῖον
1334 1659 1442 1729 ἄρα
1471 1660 1661 1728 Πάσχα
1690 1658 1815 1729 ἐζή-

221 1770 350 1806 τουν
379 1754 426 1805 οἱ
463 1750 711 1821 μαθηταὶ
746 1752 1035 1820 ἑτοιμάσαι
1063 1768 1077 1818 ;
1108 1752 1169 1804 τὸ
1196 1751 1417 1820 νομικὸν
1455 1752 1552 1804 καὶ
1582 1753 1814 1823 σύνηθες
1848 1729 1889 1783 Β

222 1844 431 1907 αὐτῶν,
466 1842 656 1913 nano
692 1861 746 1896 τι
794 1844 1004 1897 καινόν.
1041 1844 1151 1896 Καὶ
1193 1844 1299 1914 γὰρ
1349 1844 1591 1898 Ἰουδαῖοι
1636 1846 1814 1911 ὄντες,

220 1936 284 1988 τὸ
323 1935 457 1987 αὐτὸ
489 1936 678 2004 Πάσχα
698 1936 837 2003 ὅπερ
863 1934 1055 2005 ἐδήλου
1087 1934 1187 2003 τὴν
1218 1934 1470 1988 διάϐασιν
1510 1935 1609 2004 τῆς
1655 1936 1811 2006 Ἐρυ-

223 2028 362 2097 θρᾶς
382 2026 659 2096 θαλάσσης
683 2040 697 2056 ·
739 2027 928 2095 Πάσχα
962 2027 1072 2095 γάρ
1098 2026 1380 2093 διάϐασις
1422 2027 1813 2099 ἑρμηνεύεται.

223 2122 319 2174 Arb
348 2123 444 2175 καὶ
494 2121 522 2174 δ
576 2123 720 2175 κατὰ
760 2122 1052 2192 συνήθειαν
1103 2119 1249 2193 εἶχον
1300 2123 1597 2184 ἐπιτελεῖν.
1653 2122 1814 2176 τοῦτο

225 2215 322 2266 καὶ
351 2214 641 2282 ἑτοιμάσαι
670 2214 904 2284 ἠρώτων
932 2221 946 2234 ⁸
978 2216 1072 2268 καὶ
1099 2218 1126 2268 6
1166 2217 1403 2285 Χριστὸς
1452 2218 1814 2286 μαρτυρεῖται

227 2306 381 2375 παρὰ
415 2309 481 2377 τῇ
514 2306 729 2379 Γραφῇ,
763 2307 995 2377 ποιητὴς
1040 2307 1135 2359 τοῦ
1165 2309 1330 2375 νόμου
1368 2309 1461 2361 καὶ
1492 2310 1810 2378 πληρωτὴς.

231 2399 389 2453 Οὕτω
417 2402 525 2470 γάρ
589 2416 755 2470 φησιν
792 2400 955 2463 αὐτὸς
995 2400 1135 2470 ὑπὲρ
1184 2399 1379 2453 ἑαυτοῦ
1405 2417 1418 2430 ·
1458 2419 1476 2451 ι
1531 2399 1669 2468 Ἐγὼ
1714 2401 1812 2453 οὐκ

223 2485 389 2559 ἦλθον
420 2489 723 2542 καταλῦσαι
756 2489 847 2541 τδν
879 2490 1065 2559 νόμον,
1099 2489 1239 2543 ἀλλὰ
1290 2490 1618 2560 πληρῶσαι·
1662 2511 1678 2541 ι
1717 2494 1809 2543 καὶ

225 2577 321 2644 αὖ,
354 2600 373 2633 ι
411 2581 803 2652 Εὐκοπώτερον
829 2581 918 2633 τὸν
949 2583 1180 2651 οὐρανὸν
1212 2584 1309 2635 καὶ
1330 2582 1428 2650 τὴν
1471 2584 1576 2651 γῆν
1605 2568 1812 2651 παρελ-

225 2677 362 2737 θεῖν,
392 2676 424 2745 ἢ
458 2675 589 2727 ίῶτα
621 2663 679 2725 ἓν
738 2674 771 2744 ἢ
811 2676 939 2743 μίαν
980 2675 1208 2743 κεραίαν
1252 2674 1547 2742 παρελθεῖν
1579 2677 1685 2727 ἁπδ
1712 2674 1808 2728 τοῦ

223 2768 417 2836 νόμου.
462 2787 479 2819 ι
531 2767 652 2829 Πῶς
675 2763 770 2820 οὖν
802 2767 907 2819 ἔδει
935 2766 1097 2818 αὐτὸν
1126 2767 1332 2834 πρᾶξαι
1363 2767 1519 2832 ἄλλα,
1555 2768 1588 2837 ἢ
1621 2767 1688 2819 τά
1717 2768 1809 2819 τοῦ

223 2860 394 2927 νόμου
424 2875 439 2925 ;
474 2858 669 2911 οὐκοῦν
700 2858 993 2928 πληρωτὴς
1021 2857 1097 2911 ὢν
1134 2859 1228 2910 τοῦ
1256 2859 1446 2927 νόμου,
1475 2860 1535 2911 τὸ
1565 2859 1670 2910 ὑπὸ
1709 2858 1805 2915 τοῦ

226 2951 395 3020 νόμου
434 2952 532 3019 μὲν
563 2951 1059 3019 προσταττόμενον,
1098 2952 1229 3020 παρ’
1260 2950 1424 3003 αὑτοῦ
1454 2950 1511 3003 δὲ
1543 2952 1811 3020 ’πρ-ἓτερον

1914 465 2041 539 quid
2061 450 2265 519 Pascha
2300 464 2372 517 sit
2400 478 2416 517 :
2457 478 2672 518 sumere
2697 480 2894 533 agnum
2928 464 3360 525 immaculatum.
3386 481 3487 519 an-

1916 557 2157 611 niculum
2189 546 2218 612 α
2270 559 2477 612 decima
2511 559 2600 612 die
2634 557 2856 619 mensis,
2896 567 2950 611 et
2982 572 3202 612 servare
3226 567 3280 611 et
3304 568 3490 614 custo-

1916 651 2031 704 dire
2063 666 2188 705 eum
2239 665 2411 719 usque
2442 652 2508 705 ad
2558 660 2810 719 quartum
2856 651 3163 718 decimum;
3206 661 3261 706 et
3298 664 3487 720 quarta

1915 744 2122 797 decima
2150 743 2356 797 mensis
2382 758 2629 811 vespere,
2657 743 2965 798 sacriﬁcare
2992 745 3162 805 illum,
3183 755 3236 799 et
3262 745 3489 813 reliqua,

1916 845 1969 889 et
1997 833 2285 888 comedere
2314 850 2434 888 assa
2466 836 2601 905 igni,
2636 845 2688 888 et
2722 852 2906 906 azyma
2943 838 3232 891 comedere
3268 838 3383 906 ipsa
3434 843 3489 893 in

1916 926 2144 980 lactucis
2198 926 2525 995 agrestibus,
2576 935 2631 978 et
2671 937 2931 994 praeterea
2984 927 3320 991 festinantes,
3367 929 3491 995 qnia

1913 1016 2121 1071 Pascha
2150 1027 2230 1072 est
2257 1018 2489 1071 Domini.
2512 1016 2627 1071 lloe
2650 1028 2731 1070 est
2751 1017 2880 1071 illud
2900 1018 3067 1086 legale
3094 1017 3321 1082 Pascha,
3349 1018 3492 1078 quod

1915 1109 1998 1162 lex
2027 1110 2191 1178 jussit
2236 1109 2415 1183 facere
2441 1110 2565 1165 ﬁliis
2608 1110 2793 1165 Israel.
2829 1111 2881 1166 Si
2922 1113 3037 1166 hau:
3062 1127 3189 1182 ergo
3215 1113 3285 1166 ita
3316 1128 3373 1166 se
3398 1114 3494 1166 ha-

1914 1201 2065 1266 bent,
2122 1210 2178 1255 et
2216 1201 2268 1255 hi
2305 1202 2521 1269 quidem
2574 1202 2641 1256 de
2677 1203 2941 1256 Paschate
2990 1200 3208 1265 dicunt,
3245 1204 3331 1257 ille
3361 1219 3492 1258 vero

1914 1293 2138 1361 exponit
2168 1294 2233 1347 de
2269 1294 2532 1348 Paschate
2564 1336 2578 1359 ,
2624 1296 2912 1360 qualenam
2942 1296 3149 1350 Pascha
3181 1296 3493 1363 quaerebant

1915 1382 2168 1452 diseipuli
2230 1386 2476 1452 parare?
2530 1386 2726 1456 Legale
2780 1398 2834 1441 et
2885 1398 3206 1441 consuetum
3241 1387 3368 1451 illis,
3420 1406 3488 1442 an

1915 1488 2118 1528 novum
2142 1475 2287 1529 aliud
2314 1476 2337 1529 ?
2360 1474 2491 1530 Nam
2517 1493 2639 1531 cum
2657 1475 2827 1532 Judmi
2856 1489 3062 1548 essent,
3087 1479 3227 1534 idem
3262 1482 3489 1547 Pascha,

1915 1566 2058 1633 quod
2111 1566 2395 1619 transitum
2466 1568 2639 1622 Rubri
2677 1570 2843 1623 maris
2889 1570 3253 1640 significabat.
3308 1575 3492 1628 edeb-

1916 1656 2148 1725 rabant;
2220 1655 2427 1712 Pascha
2485 1661 2630 1713 enim
2697 1663 2954 1715 transitus
3011 1665 3321 1732 exponitur,
3375 1667 3495 1721 ideo

1918 1750 2060 1818 quod
2090 1750 2160 1804 de
2191 1765 2341 1804 more
2370 1752 2679 1805 sacriﬁcare
2703 1755 3001 1819 debebant,
3028 1756 3080 1810 id
3118 1773 3309 1825 parare
3344 1774 3492 1827 quaa-

1920 1842 2130 1895 rebant.
2161 1840 2227 1895 Et
2260 1841 2538 1910 Scriptura
2591 1853 2842 1908 testatur,
2886 1845 3162 1901 Christum
3212 1859 3490 1903 auctorem

1917 1947 2040 1986 esse
2069 1933 2238 2003 legem
2271 1934 2524 1988 servandi
2562 1944 2619 1989 et
2657 1936 3024 2005 adimplendi;
3077 1938 3150 1993 ita
3188 1941 3331 1994 enim
3376 1942 3493 2010 ipse

1916 2025 1983 2080 de
2014 2027 2197 2095 seipso
2226 2026 2379 2093 dicit,
2417 2047 2434 2078 ι
2469 2027 2579 2098 Ego
2619 2044 2725 2082 non
2766 2030 2889 2082 veni
2917 2031 3127 2083 solvere
3162 2031 3362 2101 legem,
3397 2035 3491 2086 sed

1918 2116 2214 2185 adimplere
2247 2117 2334 2182 ";
2395 2127 2447 2171 et
2501 2118 2699 2172 iterum
2734 2136 2747 2174 :
2792 2118 3057 2174 «Facilius
3091 2130 3175 2174 est
3209 2121 3402 2175 malum
3440 2133 3497 2176 et

1920 2217 2119 2263 terram
2179 2210 2475 2278 praeterire,
2536 2226 2698 2275 quam
2766 2211 2833 2264 de
2868 2210 2985 2280 lege
3033 2213 3140 2267 iota
3194 2228 3362 2267 unum
3410 2216 3495 2268 vel

1917 2316 2086 2353 unum
2125 2301 2334 2367 apicem
2365 2300 2561 2356 cadere
2593 2302 2662 2356 ".
2692 2322 2710 2355 ι
2766 2303 3052 2368 Quomodo
3089 2320 3219 2374 ergo
3270 2316 3494 2375 oporte-

1918 2392 2010 2444 bat
2032 2406 2154 2444 eum
2176 2390 2278 2445 alia
2298 2406 2458 2462 agere
2478 2408 2640 2461 quam
2661 2408 2780 2461 qua:
2812 2393 2879 2446 ad
2907 2393 3080 2463 legem
3110 2396 3495 2464 pertinebant?

1917 2482 2056 2553 Ergo
2084 2500 2209 2537 cum
2252 2494 2444 2538 auctor
2471 2494 2615 2538 esset
2649 2485 2781 2551 legis
2817 2485 3195 2552 adimplendac,
3227 2488 3493 2556 adimp'e-

1914 2577 2014 2639 vit,
2043 2578 2185 2644 quod
2215 2592 2242 2631 a
2276 2578 2390 2647 lege
2439 2578 2712 2632 sancitum
2750 2589 2866 2633 erat
2905 2580 3111 2634 Pascha
3134 2621 3147 2645 ,
3184 2581 3252 2634 ab
3280 2596 3346 2634 eo
3367 2597 3494 2636 vero

1916 2665 2067 2733 prius
2107 2667 2158 2719 in
2198 2676 2381 2720 monte
2412 2666 2603 2737 Moysi,
2642 2669 2733 2737 qui
2765 2669 2856 2722 Dei
2913 2670 3106 2724 faciem
3136 2672 3289 2735 vidit,
3317 2659 3492 2726 tradi-

1917 2763 2052 2820 tum,
2091 2767 2149 2809 ut
2176 2757 2259 2809 lex
2292 2757 2534 2825 iubebat.
2562 2759 2715 2825 Quod
2738 2760 2781 2813 si
2813 2762 2936 2829 quis
2954 2762 3171 2826 dixerit,
3204 2765 3344 2833 quod
3370 2780 3491 2817 cum

1914 2850 2142 2920 apestoli
2180 2850 2350 2905 Judaei
2382 2861 2590 2913 essent,
2625 2862 2684 2905 ut
2715 2862 2842 2907 ante
2868 2855 3245 2923 exposuimus,
3306 2866 3361 2911 et
3414 2857 3495 2911 le-

1914 2959 2059 3014 gem,
2084 2954 2138 2996 ut
2174 2959 2270 3013 par
2303 2952 2440 3009 erat,
2472 2956 2778 3009 servarent,
2813 2946 2855 2999 si
2888 2947 3169 3001 novissent
3198 2964 3319 3001 eum
3347 2950 3494 3005 aliud

226 3046 286 3097 ὲν
302 3045 378 3112 τῷ
402 3044 536 3114 ὄρει,
566 3044 645 3113 τῷ
678 3045 878 3114 θεὸπτῃ
909 3045 1100 3097 Μωσεῖ
1122 3043 1561 3113 παραδεδομένον
1594 3045 1804 3113 Πάσχα,

1915 3052 2077 3104 quam
2110 3034 2256 3105 quod
2290 3036 2373 3089 lex
2403 3036 2633 3105 iubebat
2672 3055 2856 3109 agere,
2902 3054 3008 3095 non
3039 3054 3164 3097 eum
3192 3041 3369 3097 secuti
3404 3057 3497 3096 es-

224 3137 303 3198 ὠς
333 3139 359 3188 6
408 3137 571 3205 νόμος
618 3137 956 3189 διεκελεύετο
1002 3136 1323 3187 ἀπετέλεσε.
1370 3136 1480 3186 Καὶ
1517 3137 1611 3188 ἐὰν
1651 3136 1808 3187 τοῦτο

222 3229 368 3280 εἴποι
395 3244 497 3291 τις,
535 3228 633 3279 οὐκ
664 3228 728 3279 ἂν
757 3227 1003 3295 ἁμάρτῃ,
1024 3228 1104 3277 ὅτι
1127 3225 1175 3276 οἱ
1208 3225 1517 3289 ἀπόστολοι,
1540 3225 1614 3286 ὡς
1648 3226 1808 3294 προέ-

225 3336 299 3389 φη
312 3336 429 3388 μεν,
475 3319 713 3372 Ἰουδαῖοι
737 3318 1096 3385 ὑπάρχοντες,
1133 3317 1225 3367 καὶ
1248 3316 1339 3366 τὸν
1364 3315 1528 3383 νόμον
1557 3315 1632 3376 ὡς
1658 3316 1809 3377 εξκὸς

217 3406 290 3479 ἦν
332 3410 654 3478 τηροῦντες,
720 3411 767 3460 εἰ
812 3408 1034 3477 ᾔδεισαν
1076 3407 1238 3458 αὑτὸν
1271 3406 1475 3474 ἑτέρως
1508 3406 1682 3474 έπαρά
1714 3407 1807 3457 τὸν

220 3503 391 3570 νόμον
427 3499 706 3563 ποιοῦντα,
757 3499 858 3552 οὐκ
902 3498 968 3550 ἂν
1004 3498 1153 3567 αύτῷ
1192 3495 1525 3565 ἠκολούθουν
1570 3497 1662 3548 καὶ
1710 3499 1806 3547 σὺν

222 3593 374 3662 αὐτῷ
409 3592 598 3662 ἧσθιον
640 3590 700 3644 τὸ
748 3591 942 3659 Πάσχα
967 3606 981 3622 ο
1010 3590 1127 3642 ἀλλ’
1172 3590 1395 3660 ᾔδεισαν
1442 3588 1687 3659 ἀκριϐῶς
1723 3590 1805 3641 ὅτι

217 3684 318 3735 τὸν
344 3685 509 3750 νόμον
545 3683 733 3752 ἐτήρει
773 3683 937 3751 μέχρι
973 3681 1174 3743 παντός
1200 3697 1214 3712 ⁸
1248 3681 1338 3733 διὰ
1370 3680 1526 3733 τοῦτο
1565 3681 1654 3733 καὶ
1694 3681 1803 3732 ὲδί-
1843 3724 1848 3729 .

220 3780 342 3845 ψων
384 3774 699 3827 ἀκολουθεῖν
744 3774 913 3843 αὐτῷ.
950 3774 1071 3826 Ὅτι
1123 3774 1179 3825 δὲ
1234 3774 1326 3827 τὸν
1374 3774 1539 3842 νόμον
1592 3774 1817 3843 ἐτήρει,

220 3870 454 3922 ἄκουσον
500 3867 595 3919 τοῦ
654 3868 1105 3938 χρυσορῤὴμονος
1174 3866 1445 3928 Ἰωάννου,
1497 3865 1556 3915 ἐν
1614 3864 1802 3933 ὁμιλίᾳ

216 3960 553 4030 ὀγδοηκοστῇ
591 3960 786 4029 πρώτῃ
812 3959 906 4012 τοῦ
940 3957 1331 4026 εὐαγγελιστοῦ
1377 3940 1680 4020 Ματθαίου,
1712 3955 1801 4005 λέ-

216 4068 439 4120 γοντος·
488 4069 507 4103 ι
560 4053 715 4115 Τίνος
746 4053 802 4104 δὲ
831 4052 1017 4104 ’ἐνεκεν
1056 4050 1117 4103 τὸ
1167 4049 1357 4118 Πάσχα
1396 4047 1673 4112 ἐπετέλει;
1713 4046 1799 4099 διὰ

217 4144 443 4197 πάντων
470 4144 684 4207 δεικνὺς
720 4143 882 4214 μέχρι
914 4141 1013 4213 τῆς
1048 4142 1283 4211 ἐσχάτης
1315 4142 1548 4211 ἡμέρας,
1585 4141 1663 4192 ὃτι
1698 4139 1799 4191 οὐκ

1917 3138 2060 3192 sent,
2081 3144 2179 3181 nec
2199 3145 2320 3181 cum
2349 3144 2414 3182 eo
2440 3129 2647 3184 Pascha
2676 3133 3183 3198 comedissent,non
3214 3135 3493 3193 aherrabit

1911 3236 1941 3271 a
1983 3235 2111 3272 vero
2146 3238 2157 3270 :
2200 3221 2296 3272 sed
2329 3223 2574 3274 sciebant
2625 3236 2747 3276 eum
2775 3234 2975 3277 exacte.
3015 3241 3230 3293 semper
3265 3244 3488 3285 servare

1912 3310 2106 3375 legem,
2138 3310 2349 3364 idcirco
2376 3311 2554 3379 ipsum
2591 3313 2746 3381 sequi
2776 3315 3101 3383 gestiebant.
3128 3318 3283 3381 Quod
3308 3332 3490 3374 autem

1910 3401 2083 3471 legem
2138 3412 2433 3468 servaret,
2507 3405 2633 3457 audi
2689 3420 2855 3459 aurea
2906 3406 3274 3463 edundentem
3326 3414 3489 3467 verba

1908 3492 2172 3547 Joannem
2210 3494 2262 3547 in
2324 3493 2548 3548 homilia
2591 3498 2961 3565 octuagesima
3020 3500 3196 3567 prima
3248 3501 3300 3553 in
3356 3501 3493 3556 Mat-

1910 3583 2107 3635 thaauut
2144 3584 2439 3649 dicentem,
2503 3602 2521 3635 ι
2562 3583 2679 3649 Qua
2718 3586 2785 3641 de
2814 3602 2978 3642 causa
3019 3586 3226 3644 Pascha
3265 3606 3492 3661 perage-

1906 3674 2022 3742 bat,
2059 3693 2077 3726 ι
2116 3676 2171 3729 in
2194 3676 2451 3731 omnibus
2476 3692 2645 3747 usque
2677 3679 2747 3733 ad
2784 3691 3090 3736 extremum
3126 3683 3270 3737 diem
3300 3692 3492 3739 osten-

1906 3767 2065 3832 dens,
2095 3768 2198 3838 legi
2236 3784 2294 3823 se
2321 3784 2432 3823 non
2470 3785 2596 3825 esse
2643 3773 2977 3827 contrarium
3014 3793 3027 3827 :
3061 3790 3130 3828 ne
3174 3785 3355 3830 autem
3384 3777 3489 3846 legi

1906 3861 2219 3915 contrarius
2264 3873 2435 3929 esset,
2485 3863 2658 3934 legem
2717 3866 3030 3934 peragebat.
3086 3866 3283 3923 Exacte
3320 3868 3489 3937 igitur

1904 3968 1969 4009 ex
1996 3968 2062 4007 eo
2086 3961 2369 4006 ostensum
2391 3963 2497 4019 est,
2542 3955 2687 4021 quod
2711 3955 2886 4026 legale
2906 3955 3110 4011 Pascha
3130 3968 3412 4027 pararunt,
3429 3971 3489 4014 ut

1902 4046 2042 4099 alter
2087 4045 2546 4114 evangelistarum
2608 4056 2864 4114 testatur,
2920 4067 2937 4099 ι
2980 4048 3113 4103 Erat
3165 4061 3346 4107 autem
3385 4052 3489 4107 Pa-

1902 4140 2030 4193 scha
2053 4145 2108 4191 et
2131 4137 2352 4207 Azyma.
2384 4157 2404 4190 ι

213 4240 372 4294 ἔστιν
404 4240 645 4302 ἐναντίος
673 4241 749 4309 τῷ
776 4240 926 4309 νόμῳ
951 4255 965 4270 ·
1000 4239 1085 4292 ἵνα
1114 4240 1171 4292 δὲ
1203 4240 1281 4309 μὴ
1309 4237 1551 4298 ἐναντίος
1579 4236 1806 4303 γένηται
1836 4235 1913 4301 τῷ
1948 4236 2117 4305 νόμῳ,
2150 4236 2210 4289 τὸ
2239 4236 2433 4308 Πάσχα
2460 4237 2721 4290 ἐπετέλει.
2760 4255 2776 4287 ι
2830 4234 3232 4290 Ἀποδέδεικται
3260 4254 3487 4308 τοιγαρ-

210 4334 315 4387 οὖν
362 4335 426 4385 ἐκ
471 4333 660 4385 τούτου
729 4333 995 4404 ἀκριϐῶς,
1046 4333 1128 4385 δτι
1185 4332 1247 4384 τὸ
1322 4331 1545 4401 νομικὸν
1604 4330 1796 4399 Πάσχα
1838 4329 2168 4399 ἡτοίμασαν,
2205 4330 2280 4394 ὦς
2324 4348 2488 4400 φησιν
2517 4330 2703 4400 ἕτερος
2732 4330 2840 4382 τῶν
2872 4329 3300 4397 εύαγγελιστῶν.
3343 4326 3485 4384 «Ἦν

212 4430 276 4483 δὲ
308 4427 366 4480 τὸ
401 4428 591 4495 Πάσχα
619 4429 710 4480 καὶ
745 4430 813 4480 τὰ
850 4428 1127 4496 Ἀζυμα.»

302 4522 367 4573 Τί
410 4517 502 4573 οὖν
531 4522 648 4573 ἐστι
680 4521 739 4573 τὸ
781 4520 1157 4589 ζητούμενον;
1201 4519 1252 4570 τί
1304 4520 1367 4569 ἐκ
1398 4516 1586 4570 τούτου
1621 4515 1808 4585 βουλό-

218 4613 363 4684 μεθα
410 4612 711 4677 ἀποδεῖξαι,
742 4612 984 4663 τοσαῦτα
1026 4608 1557 4673 καταναλώσαντες;
1618 4607 1802 4677 Πάσης

218 4704 491 4775 πονηρίας
524 4704 871 4772 ἀπηλλάχθαι
915 4702 996 4753 δεῖ
1025 4702 1114 4753 τὸν
1155 4701 1379 4752 πιστόν·
1437 4700 1617 4751 πᾶσαν
1654 4698 1805 4767 φιλο-

216 4799 433 4850 νεικίαν
464 4783 559 4847 κῗιὶ
587 4795 739 4864 ἔριδα
766 4797 859 4847 καὶ
892 4793 1134 4863 ματαίαν
1167 4791 1441 4861 πρόληψιν
1464 4788 1804 4855 ἀποσοϐῆσαι

211 4890 300 4941 δεῖ
323 4891 383 4939 ἐκ
409 4886 659 4957 καρδίας,
696 4886 785 4938 τὸν
819 4885 917 4953 τὴν
944 4884 1220 4952 σωτηρίαν
1254 4880 1418 4934 αὑτοῦ
1453 4879 1800 4949 βουλόμενον.

215 4981 347 5033 Ὀτι
375 4982 402 5032 6
444 4979 635 5047 Σωτὴρ
666 4979 693 5029 ὁ
724 4978 1001 5048 ἡμέτερος
1031 4980 1087 5027 ἐν
1134 4974 1209 5043 τῷ
1240 4974 1560 5041 τεταγμένῳ
1589 4970 1681 5023 τοῦ
1721 4972 1803 5023 νό-

219 5090 324 5143 μου
354 5071 555 5141 καιρῷ,
588 5071 649 5122 τὸ
691 5070 878 5137 Πάσχα
909 5067 1122 5119 ἐτέλεσε
1145 5084 1159 5097 ·
1193 5068 1288 5119 καὶ
1342 5064 1464 5117 οὔτε
1515 5061 1805 5135 προλαϐὼν

215 5165 500 5234 ἐποίησεν,
554 5163 629 5225 ὥς
673 5178 819 5223 τινες
857 5160 1161 5229 βούλονται,
1195 5157 1317 5211 οὔτε
1379 5158 1643 5227 μεταϐὰς,
1686 5156 1802 5209 ἀλλ’

114 5296 119 5305 .
218 5262 279 5310 ὲν
307 5257 381 5326 τῷ
416 5257 533 5326 ίδίῳ
577 5254 778 5325 καιρῷ,
822 5254 917 5306 καὶ
964 5256 1020 5304 ὲν
1055 5256 1121 5321 τῇ
1173 5252 1485 5319 τεταγμένῃ
1529 5249 1680 5319 ὥρα·
1711 5250 1806 5301 καὶ

215 5348 412 5403 τούτου
441 5350 650 5419 μάρτυς
677 5349 704 5399 6
733 5344 1126 5414 εὐαγγελιστὴς
1152 5343 1387 5405 Λουκᾶς,
1418 5342 1612 5407 λέγων·
1646 5359 1663 5391 ι
1697 5340 1804 5392 Καὶ

216 5440 307 5492 ὅτε
342 5438 560 5505 ἐγένετο
594 5438 626 5506 ὴ
668 5435 809 5507 ὥρα,
839 5436 1072 5488 ἀνέπεσε
1113 5433 1376 5503 μετὰτῶν
1404 5431 1632 5484 δώδεκα.
1666 5449 1685 5482 ι
1722 5430 1795 5483 Ού

218 5534 329 5604 γὰρ
381 5527 557 5596 εἶπεν,
589 5531 676 5585 ὅτε
707 5532 925 5600 ἐγένετο
955 5533 987 5601 ἡ
1020 5530 1209 5600 ἡμέρα
1231 5544 1245 5559 ο
1276 5524 1371 5580 καὶ
1421 5525 1529 5596 γὰρ
1557 5526 1617 5579 ού
1649 5541 1793 5594 παρ-

290 5715 333 5747 ⁴¹
362 5715 534 5774 Exod.
560 5730 658 5779 xu,
693 5714 845 5769 l-ll.
950 5714 994 5747 δ’
1024 5713 1211 5770 Matth.
1266 5729 1317 5780 ν,
1360 5712 1379 5764 Ἰ
1397 5713 1447 5768 7.

1984 4514 2254 4581 Quidnam
2312 4522 2395 4568 est
2429 4512 2590 4583 igitur
2615 4512 2757 4580 quod
2793 4510 3102 4580 quaeritur?
3126 4510 3256 4579 quid
3282 4527 3348 4567 ex
3379 4512 3484 4566 hoc

1914 4617 2023 4662 tam
2063 4606 2251 4659 multis
2285 4603 2469 4657 verbis
2496 4602 2731 4671 probare
2778 4601 3195 4657 contendimus?
3223 4604 3306 4658 Ab
3331 4605 3481 4659 omni

1902 4699 2170 4767 pravitate
2199 4694 2412 4749 ﬁdelem
2441 4703 2657 4762 oportet
2718 4693 3013 4756 vindicare,
3054 4708 3217 4747 omne
3258 4709 3481 4748 coacer-

1904 4788 2050 4843 tandi
2102 4787 2364 4852 studium,
2409 4786 2558 4839 litem
2613 4796 2669 4839 et
2716 4786 2939 4839 stultam
2994 4787 3477 4854 przesutnptioncm

1901 4881 1967 4935 de
1998 4880 2162 4934 corde
2216 4893 2352 4947 opus
2379 4886 2465 4931 est
2489 4890 2614 4931 eum
2650 4877 3001 4946 prepulsare,
3022 4878 3115 4946 qui
3146 4893 3259 4931 sua:
3286 4878 3479 4931 salutis

1902 4973 2135 5042 cupidus
2156 4979 2278 5026 est:
2317 4969 2445 5040 quia
2483 4968 2738 5023 Salvator
2762 4980 2947 5024 noster
2984 4977 3229 5037 tempore
3271 4978 3477 5023 sanctae

1903 5066 2040 5133 legis
2098 5062 2307 5135 peregit
2337 5061 2565 5127 Pascha,
2599 5075 2779 5129 neque
2805 5069 2966 5113 antea
2999 5058 3241 5127 peregit,
3274 5066 3333 5110 ut
3357 5057 3481 5125 qui-

1904 5160 2027 5214 dam
2061 5157 2272 5222 volunt,
2301 5169 2482 5224 neque
2512 5164 2653 5223 post,
2685 5154 2779 5207 sed
2808 5168 2910 5206 suo
2942 5160 3185 5220 tempore
3232 5161 3287 5205 et
3308 5152 3465 5214 hora,

1906 5249 2194 5318 utjussum
2228 5254 2349 5301 erat
2380 5263 2396 5313 ;
2434 5245 2597 5315 hujus
2626 5245 2703 5298 rei
2752 5244 2907 5296 testis
2931 5249 3015 5296 est
3082 5241 3255 5294 Lucas
3309 5256 3477 5295 evan-

1903 5341 2095 5411 gelista
2121 5355 2245 5394 cum
2268 5339 2430 5394 dicit:
2505 5357 2523 5389 ι
2564 5338 2631 5390 Ει
2659 5350 2782 5390 cum
2810 5334 2951 5388 facta
2983 5344 3129 5388 esset
3184 5334 3336 5397 hora,
3367 5333 3478 5387 dis-

1904 5432 2102 5487 cubuit
2129 5446 2254 5485 cum
2292 5428 2605 5485 duodecim.
2654 5445 2674 5477 ι
2741 5424 2860 5480 Non
2885 5425 3031 5479 enim
3061 5424 3221 5488 dixit,
3245 5423 3478 5489 Quando

1903 5523 2047 5579 facta
2075 5533 2160 5579 est
2176 5522 2316 5589 dies,
2337 5536 2465 5576 nam
2495 5519 2601 5575 alia
2633 5517 2754 5574 dies
2784 5532 2894 5573 non
2918 5516 3252 5584 praeterierat
3283 5524 3478 5587 prieter

1566 5709 1612 5740 ⁸³
1642 5708 1661 5763 Ξ
1689 5723 1775 5762 m‘.
1816 5721 1923 5772 XVI,
1966 5705 2057 5760 l7.
