3978 6204
578 250 718 338 1199

1734 256 2060 323 JOSEPHI
2104 257 2658 321 METHONENSIS

3618 275 3718 339 me

571 376 690 418 eam
716 362 771 417 in
801 376 906 433 qua
941 361 1114 418 dicit:
1157 360 1521 417 Venitautem
1548 361 1663 417 dies
1697 365 2048 435 Azymorum,
2086 367 2134 421 in

2248 367 2409 437 ἦλθεν
2467 367 2633 438 ἑτέρα
2654 383 2740 430 τις
2768 366 2950 439 ἡμέρα
2980 368 3086 423 ἀπὸ
3114 368 3213 441 τῆς
3234 372 3427 445 ἡμέρας
3447 374 3498 429 ὲν
3519 371 3548 453 ᾖ
3570 395 3717 450 φησιν·

570 470 680 525 quo
701 455 1055 510 immolabant
1091 455 1317 519 Pascha,
1350 455 1465 519 sed,
1516 454 1745 520 Quando
1797 457 1947 510 venit
1995 457 2146 512 hora.

569 549 832 619 Apertum
865 557 947 601 est
985 546 1128 616 quod
1186 545 1274 599 illa
1317 545 1448 600 hora
1510 557 1627 601 erat
1675 547 1782 601 diei
1846 547 2145 614 Paschatis,

570 654 681 709 quo
702 638 753 693 id
771 638 1006 694 comedit
1029 638 1291 693 Dominus
1318 649 1506 694 noster
1530 638 1673 693 Dens
1692 638 1851 693 Jesus
1874 639 2144 696 Christus.

571 730 671 786 Ubi
706 745 837 785 vero
863 730 1013 794 dicit,
1056 748 1073 781 ι
1110 730 1384 785 discubuit
1430 745 1552 785 cum
1585 730 1903 797 duodecim,
1942 750 1961 782 ι
2031 748 2148 786 am-

571 821 882 891 biguitatem
904 822 986 875 vel
1008 820 1401 875 dubitationem
1426 821 1657 891 aliquam
1686 838 1790 876 non
1815 822 2019 893 praebet
2047 838 2147 877 no-

570 916 685 969 bis:
720 929 827 969 non
854 914 997 968 enim
1029 928 1094 967 ex
1129 913 1232 969 hoc
1255 914 1539 969 ostendere
1568 914 1820 968 volumus
1851 914 1998 969 aliud
2024 930 2145 969 esse

568 1021 800 1069 cmnam,
838 1005 980 1060 aliud
1011 1006 1250 1070 Pascha;
1288 1006 1382 1059 sed
1410 1005 1552 1073 quod
1574 1014 1787 1074 tempus
1813 1008 2139 1076 Azymorum

567 1106 703 1163 erat,
722 1114 829 1166 quo
852 1096 1181 1167 incipiebant
1208 1096 1402 1168 Azyma
1431 1111 1526 1165 per
1545 1107 1748 1167 septem
1770 1097 1886 1152 dies
1907 1098 2143 1164 comedi,

569 1192 621 1243 in
648 1191 846 1253 quibus
866 1190 1247 1245 fermentatum
1273 1190 1502 1244 inveniri
1529 1205 1637 1244 non
1667 1190 1985 1258 oportebat:
2016 1206 2139 1244 nam

568 1296 596 1332 a
644 1280 907 1349 principio
943 1279 1227 1333 Paschalis
1279 1280 1545 1348 ineipitmt
1576 1283 1779 1349 Azytna
1808 1295 1826 1348 ;
1854 1291 1909 1333 at
1944 1282 2138 1350 emptis

568 1371 783 1442 Azymis
832 1372 1035 1423 nemini
1077 1370 1271 1423 licebat
1296 1370 1459 1435 ~domi
1498 1369 1882 1426 fermentatum
1919 1372 2139 1438 habere,

570 1479 692 1518 cum
724 1464 778 1517 id
812 1462 1102 1517 manifeste
1163 1464 1246 1520 lex
1306 1464 1640 1533 prohiberet.
1695 1463 1799 1535 Sed
1851 1472 1972 1532 post
2016 1463 2142 1532 agni

566 1572 718 1610 esum
752 1566 956 1610 stantes
981 1566 1032 1610 et
1050 1556 1390 1624 festinantes,
1429 1561 1684 1628 aliudque
1709 1570 1941 1629 agentes
1970 1569 2056 1630 (ut
2088 1561 2140 1615 in

571 1648 861 1703 traditione
911 1649 1028 1718 ejus
1060 1649 1319 1718 scriptum
1355 1652 1484 1716 est),
1536 1652 1887 1706 comedentes
1919 1662 1973 1707 et
2033 1653 2135 1708 alia

2260 456 2431 513 τΗλθε
2453 461 2561 531 sui
2586 460 2770 530 ἡμέρα
2798 461 2907 513 τῶν
2940 460 3207 532 ’Δζύμων,
3230 460 3485 537 ὲνῇἐθυον
3501 470 3551 523 τὸ
3571 473 3720 544 Πάσχα·

2257 554 2399 619 ἀλλ’,
2424 573 2443 607 ι
2474 554 2608 607 Ὀιτε
2624 557 2841 623 ἐγένετο
2885 558 2918 627 ή
2948 556 3085 627 ὥρα.
3113 576 3134 610 ι
3160 560 3322 628 Δῆλον
3337 561 3388 615 δὲ
3402 563 3473 615 ὅτι
3500 566 3579 618 τοῦ
3592 569 3718 641 Πάσχα

2257 646 2353 716 τῆς
2413 645 2626 719 ἡμέρας
2682 650 2866 718 ἐκείνη
2919 645 3048 721 ἦνὴ
3098 650 3244 719 ὥρα,
3298 654 3360 724 ἣν
3395 656 3492 709 τῶν
3539 659 3720 730 ’Δζύμωδ

2257 741 2472 808 ἡμέραν
2525 740 2709 809 φησιν.
2765 742 2949 811 Ἔχεις
2982 744 3160 797 τοίνυν
3199 746 3277 797 ὅτι
3317 748 3343 799 ὁ
3386 748 3552 820 καιρὸς
3587 748 3638 820 ἦν
3660 755 3719 806 τοῦ

2257 831 2472 900 Πάσχα,
2520 834 2579 885 ἐν
2633 826 2676 901 ᾧ
2715 834 2874 888 τοῦτο
2902 836 3103 904 ἔφαγεν
3135 837 3164 889 ὁ
3223 839 3477 909 Δεσπότης
3516 843 3722 912 ἡμῶνκαὶ

2254 926 2385 987 Θεὸς
2443 927 2648 997 Ἰησοῦς
2706 926 2965 998 Χριστός.
3007 932 3078 984 Τὸ
3132 932 3189 985 δὲ
3231 933 3460 986 ἀνέκειτο
3509 938 3620 1003 μετᾶ
3652 940 3722 990 τῶν

2254 1018 2479 1085 δώδεκα,
2513 1021 2571 1072 ού
2618 1023 2852 1092 παρέχει
2890 1025 3025 1092 ἡμῖν
3065 1025 3385 1094 ἀμφιϐολίαν
3447 1027 3475 1096 ἢ
3520 1030 3723 1101 ἁμφισὸἠ·

2253 1128 2413 1181 τησιν
2459 1114 2693 1167 οἱανοῦν.
2735 1114 2873 1167 Οὐδὲ
2908 1117 3017 1185 γὰρ
3052 1115 3350 1186 βουλόμεθα
3397 1119 3632 1185 ἀποδεῖξαι
3655 1123 3724 1175 ἀπὸ

2252 1206 2446 1257 τούτου
2476 1205 2557 1258 ὅτι
2598 1207 2725 1260 ἄλλο
2759 1206 2996 1272 δεῖπνος,
3040 1208 3134 1261 καὶ
3174 1208 3299 1264 ἄλλο
3332 1211 3533 1281 Πάσχα·
3566 1213 3725 1267 ἁλλ’ῑτι

2254 1297 2445 1368 καιρὸς
2471 1294 2538 1368 ἦν
2569 1298 2678 1352 τῶν
2722 1301 2996 1370 Ἀζύμων,
3032 1302 3090 1353 ὲν
3126 1295 3170 1369 ᾧ
3203 1303 3369 1374 ἀρχὴν
3411 1304 3659 1373 ἐλάμϐανον
3684 1308 3723 1357 τὰ

2257 1392 2474 1461 Ἀζυμα
2511 1392 2654 1445 ἑπτὰ
2698 1395 2912 1465 ἡμέρας
2948 1395 3226 1449 ἐσθίεσθαι
3250 1413 3263 1428 ·
3298 1399 3351 1451 ἐν
3383 1392 3463 1460 αἷς
3507 1399 3557 1451 οὐ
3579 1399 3642 1452 δεῖ
3670 1400 3723 1451 εὑ-

2257 1486 2483 1556 ρεθῆναι
2514 1486 2786 1557 ζυμωτόν.
2846 1488 3180 1559 Ἀρξαμένου
3210 1490 3314 1560 γὰρ
3343 1492 3430 1544 τοῦ
3468 1494 3637 1561 Πάσχα,
3659 1493 3717 1561 ἄρα

2251 1593 2434 1646 χονται
2491 1580 2562 1631 τὰ
2592 1579 2842 1648 Ἀζυμα·
2898 1581 3324 1651 ἀρξαμένωνηδὲ
3379 1583 3475 1637 τῶν
3527 1584 3721 1653 Ἀζύμων,

2251 1668 2423 1731 οὐδεὶς
2455 1669 2686 1738 ἠδύνατο
2717 1671 2952 1743 ἕνζυμον
2984 1676 3040 1726 ὲν
3074 1677 3143 1743 τῇ
3174 1675 3317 1744 οἰκίᾳ⁸
3349 1676 3496 1729 αύτοῦ
3527 1682 3721 1745 κατέχειν,

567 1742 771 1796 fercula
792 1745 1121 1810 prandentes
1146 1742 1580 1809 discumbebant,
1613 1760 1788 1813 neque
1816 1746 1902 1800 lex
1933 1760 2029 1800 eos
2060 1760 2134 1800 se-

2248 1761 2686 1832 άπαγορεύοντος
2710 1765 3011 1837 διαρρήδην
3040 1766 3201 1822 τοῦτο
3234 1768 3323 1821 τοῦ
3357 1770 3524 1837 νόμου.
3558 1769 3722 1823 Mariis

567 1830 697 1884 dere
725 1831 1085 1900 prohibebat:
1119 1848 1242 1886 nam
1297 1832 1502 1887 Pascha
1539 1843 1747 1889 stantes
1790 1837 2140 1906 peragebant,

570 1933 629 1977 ut
655 1940 815 1993 supra
849 1923 1050 1977 dictum
1087 1934 1170 1979 est
1199 1943 1213 1990 ;
1250 1926 1343 1979 scil
1371 1925 1471 1979 hoc
1500 1936 1771 1982 transacto
1802 1928 2135 1996 prandentes

567 2015 1005 2069 discumbebant.
1055 2015 1170 2069 Non
1205 2018 1349 2070 enim
1379 2027 1588 2073 stantes
1620 2033 1716 2088 per
1753 2028 1895 2074 totos
1928 2031 2135 2090 septem

567 2108 685 2161 dies
712 2108 1095 2177 comedebant,
1131 2110 1226 2164 sed
1279 2111 1451 2180 prima
1509 2119 1717 2166 tantum
1788 2113 1897 2180 die,
1951 2125 2139 2184 postea

567 2199 1223 2256 scdebantcomedcntes.
1275 2200 1411 2255 llinc
1452 2204 1776 2267 ostenditur,
1826 2205 1971 2274 quod
2018 2215 2141 2276 post

566 2305 718 2344 esum
761 2291 980 2345 Paschze
1033 2293 1279 2346 Salvator
1324 2308 1446 2348 cum
1502 2295 1615 2349 suis
1668 2296 1966 2366 discipulis,
2017 2313 2139 2351 cum

569 2384 728 2437 vellet
788 2386 1074 2452 prandere,
1107 2385 1501 2441 discumbebat.
1552 2387 1725 2455 Hujus
1776 2388 1854 2443 rei
1926 2405 2137 2444 mecum

567 2475 741 2529 tcstis-
774 2478 879 2530 erit
930 2492 1093 2532 aurea
1137 2477 1364 2532 Joannis
1420 2479 1645 2549 lingua;
1695 2480 1827 2536 dicit
1879 2482 2027 2535 enim
2081 2482 2137 2537 in

566 2570 843 2640 Evangelii
890 2573 1243 2627 enarratione
1281 2574 1438 2643 quasi
1498 2574 1865 2646 interrogans,
1896 2594 1914 2627 ι
1951 2576 2062 2630 Cur
2093 2577 2137 2632 si

564 2659 769 2715 Pascha
829 2662 1218 2730 comedebant,
1283 2676 1467 2720 contra
1524 2666 1697 2735 legem
1739 2669 2140 2725 comedebant?

562 2754 862 2823 Oportebat
890 2757 1034 2809 enim
1068 2772 1163 2812 eos
1193 2770 1303 2810 non
1361 2757 1771 2815 discumbentes
1824 2762 2137 2816 comedere.

561 2849 630 2900 At
685 2863 794 2901 non
825 2849 1250 2905 discumbebant
1280 2850 1348 2905 ad
1384 2866 1533 2905 esum
1568 2851 1869 2916 Pascbatis,
1899 2856 1992 2909 sed
2016 2866 2138 2925 post

571 2942 690 3009 ejus
716 2954 903 2994 esum:
941 2940 1141 2995 deinde
1171 2943 1424 2996 sedentes
1457 2943 1840 2998 eomedehant.
1877 2945 2007 2999 Post
2030 2960 2141 3000 coe-

2246 1852 2305 1906 τὸ
2329 1857 2523 1923 φαγεῖν
2548 1857 2747 1921 αὐτοὺς
2771 1858 2862 1912 τὸν
2884 1859 3077 1929 ἀμνὶν,
3105 1862 3341 1924 ἑστῶτας
3365 1863 3451 1913 καὶ
3477 1860 3593 1928 μετὰ
3615 1877 3723 1912 σπου-

2244 1942 2362 2013 δῆς,
2398 1944 2495 1997 καὶ
2523 1947 2694 2001 τᾶλλα
2727 1947 3015 2013 ποιοῦντας
3039 1948 3119 2012 ὡς
3146 1950 3202 2004 ὲν
3231 1952 3308 2019 τῇ,
3331 1949 3593 2021 παραδόσει
3613 1947 3723 2001 οὐτοῦ

2244 2037 2577 2109 γέγραπται,
2596 2041 2875 2095 ἀνέκειντο
2898 2041 3168 2105 ἐσθίοντες
3185 2044 3277 2095 καὶ
3299 2042 3596 2101 δειπνοῦντες
3633 2039 3722 2092 ἄλλα

2246 2129 2523 2199 ἐδέσματα
2546 2147 2558 2162 “
2589 2134 2680 2186 καὶ
2704 2133 2805 2187 οὐκ
2835 2133 3074 2188 ἐκώλυεν
3097 2134 3292 2199 αὐτοὺς
3316 2136 3342 2186 ὁ
3365 2135 3509 2203 νόμος
3533 2130 3719 2187 καθίσιυ

2242 2220 2305 2275 τὸ
2346 2223 2537 2291 Πάσχα
2563 2224 2671 2292 γὰρ
2710 2225 2946 2287 ἑστῶτες
2980 2226 3225 2292 ἐτέλουν,
3258 2226 3331 2291 ώς
3375 2224 3560 2298 εἴρηται
3585 2222 3723 2277 πωλέ-

2245 2330 2371 2378 κιςο
2409 2314 2603 2369 τούτου
2652 2314 2709 2368 δὲ
2757 2318 3077 2386 γενομένου,
3134 2319 3403 2372 ἀνέκειντο
3447 2317 3722 2378 δειπνοῦντες.

2244 2405 2321 2458 Οὐ
2363 2407 2471 2477 γὰρ
2529 2407 2764 2471 ἑστῶτες
2795 2410 2975 2471 πάσας
3028 2410 3134 2474 τὰς
3182 2412 3318 2464 ἑπτὰ
3364 2412 3548 2480 ἡμέρας
3573 2410 3719 2478 ἥσθην.

2243 2496 2359 2549 ἀλλ’
2385 2498 2417 2568 ἢ
2449 2498 2609 2566 μόνον
2636 2502 2692 2551 ἐν
2717 2502 2780 2570 τῇ
2808 2499 2999 2572 πρώτῃ
3024 2502 3241 2573 ἡμέραν
3266 2498 3377 2555 εἶτα
3399 2502 3617 2571 ἐκάθηντο
3631 2496 3724 2573 apti)-

2244 2603 2453 2653 γοντες.
2492 2587 2798 2641 Ιίάντεῦθεν
2822 2589 3129 2656 δείκνυται,
3168 2593 3251 2645 ὅτι
3283 2590 3412 2660 μετὰ
3438 2592 3489 2643 τὸ
3519 2588 3720 2657 φαγείντδ

2246 2681 2458 2749 Πάσχα,
2491 2682 2517 2732 ὁ
2547 2681 2737 2750 Σωτὴρ
2762 2682 3012 2734 ἀνέκειτο
3042 2685 3188 2752 μετά
3214 2684 3317 2737 τῶν
3346 2683 3570 2754 μαθητῶν
3591 2677 3719 2740 αὑτοῦ,

2242 2771 2532 2841 δειπνῆσαι
2564 2772 2753 2827 θέλων.
2788 2775 2897 2827 Καὶ
2944 2775 3108 2828 τοῦτο
3156 2776 3573 2846 συμμαρτυρήσει
3610 2771 3718 2842 μοιῄ

2244 2863 2424 2933 χρυσῆ
2448 2865 2539 2917 τοῦ
2568 2864 2818 2920 Ἰωάννου
2846 2865 3088 2933 γλῶττα.
3114 2868 3279 2935 Λέγει
3309 2869 3409 2938 γὰρ
3435 2869 3485 2920 ἐν
3510 2869 3563 2935 τῇ
3586 2863 3722 2931 ἐξηγή·

2246 2974 2327 3009 σει
2373 2957 2467 3010 τοῦ
2502 2958 2839 3026 Εὑαγγελίου
2887 2960 3091 3013 ὡσανεὶ
3130 2962 3500 3031 ἐρωτώμενος·
3540 2957 3655 3011 (Διᾶ
3687 2952 3721 3006 τί

560 3048 684 3085 nam
724 3047 857 3087 vero
887 3042 1103 3100 sumpto
1130 3047 1268 3101 pane
1299 3032 1601 3099 benedixit,
1631 3043 1687 3087 et
1740 3033 1913 3087 dixit:
1975 3035 2134 3088 Acci-

2243 3047 2288 3099 el
2323 3048 2384 3100 τὸ
2440 3048 2630 3118 Πάσχα
2684 3051 2894 3118 ἤσθιον,
2943 3057 3282 3122 παρανόμως
3338 3055 3533 3124 ἤσθιον;
3564 3051 3609 3103 οὐ
3644 3046 3723 3116 γὰρ

560 3126 694 3195 pite,
733 3126 1023 3191 comedite,
1082 3125 1187 3180 hoc
1225 3134 1310 3180 est
1332 3141 1534 3195 corpus
1586 3141 1789 3191 meum,
1842 3126 1946 3179 hoc
1973 3125 2137 3181 facite

559 3218 612 3271 in
668 3232 841 3271 meam
875 3218 1486 3272 eonunemorationem:
1537 3216 1792 3272 similiter
1821 3225 1876 3271 et
1911 3216 2138 3272 calicem

558 3320 841 3379 postquam
869 3309 1107 3363 coenavit
1134 3308 1343 3374 dicens,
1374 3304 1550 3362 Bibite
1580 3322 1645 3361 ex
1704 3307 1808 3361 hoc
1856 3322 2073 3362 omnes.
2111 3325 2130 3358 ι

558 3403 615 3456 Si
640 3419 767 3472 ergo
794 3413 913 3471 post
936 3416 1172 3464 coenam,
1194 3399 1591 3471 utevangelista
1608 3399 1759 3463 dicit,
1787 3399 2006 3454 tradidit
2033 3398 2139 3454 illis

556 3494 992 3566 tuyster'.unt,ubi
1015 3503 1144 3547 tunc.
1161 3500 1277 3545 erat
1309 3491 1697 3546 fermentatum
1720 3492 1742 3545 7
1766 3506 1889 3544 nam
1924 3491 2134 3547 Pascha

554 3595 672 3637 erat
694 3586 957 3653 etAzyma
976 3599 992 3650 ;
1013 3599 1131 3651 qua:
1151 3598 1272 3635 cum
1292 3583 1618 3651 inciperent,
1644 3580 2023 3636 fermentatum
2046 3598 2137 3637 us-

554 3690 660 3744 quc
672 3677 735 3729 ad
757 3684 963 3745 septem
984 3676 1099 3730 dies
1116 3689 1224 3727 non
1240 3674 1634 3743 reperiebatur.
1651 3674 1805 3738 Quod
1824 3675 1928 3728 hoc
1949 3689 2133 3728 verum

554 3768 645 3831 sit,
668 3768 793 3837 quid
818 3768 964 3821 dicat
995 3767 1077 3820 lex
1097 3765 1380 3820 audiamus
1404 3782 1417 3819 :
1446 3784 1464 3816 ι
1494 3763 1712 3831 Septem
1734 3765 1927 3820 diebus
1947 3780 2134 3835 azyma

552 3861 883 3917 comedetis:
935 3859 988 3913 in
1044 3859 1216 3929 primo
1265 3859 1354 3914 die
1412 3873 1520 3914 non
1566 3860 1670 3914 erit
1700 3860 2033 3913 fermentum
2068 3860 2121 3913 in

554 3955 801 4007 domibus
827 3952 1057 4008 vestris:
1109 3952 1441 4023 quicumque
1472 3952 1776 4008 comederit
1832 3952 2131 4007 fermenta-

556 4055 689 4107 tum,
728 4044 924 4113 peribit
957 4045 1133 4099 anima
1158 4045 1246 4100 illa
1296 4045 1362 4100 de
1420 4045 1606 4109 Israel,
1664 4060 1694 4099 a
1726 4044 1901 4115 primo
1925 4044 2013 4101 die
2040 4063 2133 4101 us-

552 4154 657 4207 que
678 4138 743 4191 ad
777 4138 921 4191 diem
948 4139 1261 4208 septimum.
1318 4137 1440 4192 Dies
1470 4139 1643 4208 prima
1675 4139 1781 4196 erit
1821 4148 2013 4194 sancta
2047 4148 2130 4193 at-

554 4247 656 4299 que
709 4231 985 4295 solemnis,
1048 4240 1105 4284 et
1148 4230 1263 4284 dies
1312 4231 1545 4300 septima
1602 4231 1789 4286 eadem
1824 4230 2127 4286 festivitate

551 4323 1071 4379 venerabilisznihil
1125 4323 1304 4392 Operis
1351 4322 1565 4378 iacietis
1619 4323 1675 4378 in
1736 4326 1836 4390 eis,
1885 4326 2129 4395 exceptis

551 4417 638 4470 his
694 4431 817 4485 quae
880 4415 947 4469 ad
1004 4415 1331 4470 vescendum
1393 4418 1689 4485 pertinent.
1746 4418 1813 4471 Et
1868 4418 2130 4472 observa-
2167 4447 2210 4503 ο

550 4509 678 4563 bitis
712 4510 950 4577 Azyma:
984 4506 1040 4561 in
1068 4508 1257 4563 eadem
1284 4509 1429 4562 enim
1457 4510 1571 4577 ipsa
1590 4510 1680 4563 die
1700 4510 1927 4563 educam
1976 4525 2135 4565 exer-

551 4600 721 4653 citum
776 4599 845 4654 de
868 4609 1007 4653 terra
1063 4596 1302 4669 ASgypti,
1329 4610 1383 4653 et
1441 4600 1759 4655 custodietis
1787 4600 1931 4656 diem
1964 4601 2127 4657 istum

551 4693 605 4745 in
626 4692 1006 4759 generationes
1033 4700 1239 4745 vestras
1266 4692 1375 4745 ritu
1414 4704 1698 4762 perpetuo.
1722 4691 1905 4747 Primo
1936 4709 2126 4750 mense

550 4785 953 4852 quartadecima
985 4784 1068 4837 dic
1108 4784 1313 4838 mensis
1366 4785 1433 4839 ad
1473 4799 1753 4855 vesperam
1810 4788 2120 4842 comedetis

548 4878 748 4947 Azyma
783 4889 957 4944 usque
987 4876 1054 4929 ad
1105 4876 1412 4930 vicesimam
1442 4879 1669 4947 primam
1706 4879 1849 4931 diem
1876 4879 2122 4947 ejusdem

548 4966 749 5021 mensis
797 4966 863 5019 ad
908 4979 1215 5034 vesperam.
1274 4964 1491 5034 Septem
1527 4966 1721 5021 diebus
1788 4968 2117 5022 fermentum
2188 4970 2204 4985 ’

547 5073 654 5111 non
692 5057 1000 5111 invenietur
1028 5057 1081 5109 iu
1103 5055 1355 5110 domibus
1388 5057 1621 5112 vestris:
1673 5060 1768 5128 qui
1813 5062 2117 5114 comederit

549 5152 963 5218 fermentatum,
986 5150 1375 5220 peribitanima
1397 5152 1514 5221 ejus
1536 5152 1601 5207 de
1631 5162 1777 5208 ctetu
1803 5154 1989 5219 Israel,
2017 5165 2123 5209 tam

554 5243 620 5294 de
645 5242 868 5296 advenis
896 5257 1057 5310 quam
1082 5242 1148 5297 de
1174 5242 1441 5312 indigenis
1477 5254 1653 5299 terra).
1684 5243 1859 5300 Omne
1880 5245 2119 5299 territen-

548 5344 717 5388 tatum
750 5348 856 5388 nou
889 5336 1217 5390 comedetis:
1247 5336 1302 5389 iu
1336 5338 1549 5391 cunctis
1582 5338 1902 5393 habitaculis
1927 5340 2123 5396 vestris

548 5426 722 5482 cdetis
759 5427 959 5496 Azyma
983 5425 1049 5481 “.
1086 5446 1104 5479 ι
1140 5428 1430 5495 Audivisti,
1462 5448 1487 5483 a
1521 5430 1796 5501 principio
1832 5431 2058 5487 Pascha:
2086 5448 2115 5487 τι

544 5533 768 5587 vespera
786 5523 1192 5591 quartadecima
1205 5525 1291 5579 dic
1309 5528 1511 5582 mensis
1530 5544 1697 5598 usque
1716 5530 1781 5584 ad
1802 5530 2120 5585 vicesimam

650 5695 695 5726 “
716 5695 885 5755 Exod.
913 5714 1007 5768 xu,
1042 5700 1106 5756 15
1141 5716 1297 5774 seqq.

2249 3139 2637 3207 ἀνακειμένους
2683 3142 2791 3194 ἔδει
2832 3147 3049 3211 φαγεῖν.
3089 3144 3236 3197 Ἀλλ’
3271 3146 3367 3198 οὐκ
3393 3147 3445 3197 ἐν
3479 3144 3542 3213 τῷ
3581 3140 3722 3193 ἐσθίειν

2247 3231 2308 3284 τὸ
2338 3231 2526 3302 Πάσχα
2556 3234 2850 3301 ἀνέκειντο,
2887 3236 3021 3290 ἀλλὰ
3063 3241 3209 3307 μετὰ
3238 3241 3298 3293 τὸ
3326 3241 3502 3308 φαγεῖν
3524 3234 3621 3289 αὐτο
3648 3232 3723 3281 λοι·

2250 3323 2349 3377 πον
2378 3324 2700 3394 ἑστιώμενοι
2729 3326 2890 3397 ἦσαν.
2925 3330 3083 3382 Μετὰ
3111 3332 3169 3384 δὲ
3199 3332 3258 3384 τὸ
3294 3332 3568 3399 δειπνῆσαι,
3598 3323 3721 3377 λαόὼν

2245 3416 2337 3470 τὸν
2356 3417 2519 3487 ἄρτον
2545 3419 2804 3489 εὐλόγησε
2835 3423 2928 3473 καὶ
2960 3418 3080 3475 εἶπε
3110 3439 3126 3454 ·
3147 3424 3378 3491 Λάϐετε,
3403 3425 3574 3497 φᾲγετε
3591 3437 3600 3449 ·
3617 3413 3723 3471 τοῦτό

2250 3514 2349 3581 μού
2382 3514 2495 3566 ἐστι
2529 3514 2586 3565 τὸ
2619 3514 2800 3584 σῶμα.
2832 3515 3004 3569 Τοῦτο
3048 3522 3256 3573 ποιεῖτε
3286 3522 3363 3582 εἰς
3391 3518 3480 3588 τὴν
3505 3515 3615 3584 ἐμὴν
3634 3507 3723 3564 ἀνά·

2249 3620 2466 3674 μνησιν.
2511 3604 2751 3675 Ὀμοίως
2789 3614 2885 3661 καὶ
2933 3609 2993 3661 τὸ
3031 3611 3302 3682 ποτήριον
3338 3612 3465 3681 μετὰ
3491 3609 3543 3660 τὸ
3568 3600 3722 3666 δαΐδνῆ

2247 3714 2357 3760 σαι,
2387 3699 2561 3767 λέγων
2590 3715 2601 3729 '
2634 3700 2791 3752 Πίετε
2838 3700 2895 3766 ἐξ
2929 3701 3096 3754 αὑτοῦ
3140 3704 3359 3767 πάντες.
3394 3722 3411 3755 ι
3448 3703 3501 3755 Εἰ
3535 3698 3606 3751 οὗν
3629 3692 3721 3764 μετά

2242 3786 2303 3839 τὸ
2333 3787 2652 3858 δειπνῆσαι,
2670 3788 2744 3851 ὥς
2762 3806 2925 3858 φησιν
2951 3793 2976 3843 ὀ
3003 3792 3416 3861 εύαγγελιστὴς,
3444 3789 3668 3860 παρέδωκε
3686 3782 3724 3833 τὸ

2246 3880 2566 3950 μυστήριον,
2616 3882 2718 3935 ποῦ
2779 3883 2895 3935 τότε
2934 3880 3207 3953 ἑνζυμονς
3259 3888 3353 3939 καὶ
3390 3884 3486 3953 γὰρ
3511 3882 3559 3934 τὸ
3592 3877 3723 3942 Πάσχα

2241 3969 2330 4043 ἦν,
2359 3973 2451 4028 καὶ
2482 3973 2551 4028 τὰ
2606 3974 2847 4043 ’Ἃζυμοι⁹
2881 3971 2982 4029 Ὧν
3029 3977 3403 4044 εἰσελθόντων,
3452 3975 3640 4042 ἔνςνμον
3662 3967 3725 4033 οὔκ

2240 4066 2527 4133 εὑρίσκετο
2556 4065 2659 4129 ἓως
2708 4068 2847 4120 ἑπτὰ
2886 4068 3123 4140 ἡμέρας.
3160 4070 3285 4124 Ὀτι
3312 4071 3367 4123 δὲ
3399 4068 3536 4122 τοῦτο
3565 4061 3723 4129 ἀληθὲς,

2240 4155 2563 4224 ἀκούσωμεν
2604 4157 2697 4211 τοῦ
2744 4159 2911 4229 νόμον
2959 4162 3012 4214 τί
3067 4154 3268 4233 φησιν)
3318 4181 3337 4215 ι
3387 4158 3539 4215 Ἑπτὰ
3577 4155 3725 4226 ἡμέρας

2239 4247 2420 4302 ἕδεσθε
2467 4249 2670 4320 ἄζυμα.
2720 4251 2852 4303 Ἀπὸ
2882 4251 2937 4305 δὲ
2969 4253 3066 4320 τῆς
3121 4253 3345 4324 πρώτης
3393 4251 3595 4322 ἡμέρας,
3632 4245 3726 4310 ἀφ’

2240 4342 2399 4393 νιεῖτε
2429 4340 2609 4411 ζύμην
2636 4343 2700 4395 ὲκ
2741 4342 2850 4396 τῶν
2881 4345 3067 4397 οἰκιῶν
3109 4347 3288 4416 ὑμῶν.
3330 4347 3438 4408 Πᾶς
3477 4343 3526 4407 ὃς
3550 4341 3602 4394 ἂν
3625 4334 3726 4405 eiu

2241 4430 2445 4501 ζύμην,
2480 4432 2992 4507 ἐξολοθρευθήσεται
3019 4438 3051 4508 ἡ
3092 4438 3243 4510 ψυχὴ
3272 4440 3445 4508 ἐκείνη
3468 4437 3519 4503 ἐξ
3553 4424 3723 4499 Ἰσραὴλι

2241 4524 2350 4577 ἀπὸ
2385 4525 2486 4592 τῆς
2534 4525 2750 4595 ἡμέρας
2778 4529 2877 4597 τῆς
2926 4529 3151 4600 πρώτης
3201 4532 3307 4595 ἕως
3336 4531 3428 4600 τῆς
3457 4530 3630 4600 ἡμέρας
3660 4517 3724 4584 τῆς

2239 4617 2497 4688 ἑϐδόμης.
2531 4620 2638 4671 Καὶ
2666 4622 2698 4689 ἡ
2738 4622 2921 4692 ἡμέρα
2954 4626 2987 4693 ἡ
3019 4624 3211 4695 πρώτη
3263 4626 3570 4696 κληθήσεται
3605 4615 3723 4682 ἁγία·

2236 4710 2330 4762 καὶ
2388 4711 2420 4779 ἡ
2481 4712 2664 4782 ἡμέρα
2727 4714 2759 4783 ἡ
2821 4714 3028 4784 έὸδὸμη
3089 4716 3263 4787 κλητὴ
3310 4717 3439 4784 ἅγια
3474 4706 3723 4772 ἕστσιὺμῐνο

2234 4802 2349 4854 Πᾶν
2416 4802 2576 4874 ἔργον
2668 4803 2958 4874 λατρευτὸν
3011 4810 3072 4863 οὐ
3131 4811 3385 4882 ποιήσετε
3444 4810 3495 4859 ὲν
3560 4800 3723 4856 αὒτιῖς’

2231 4894 2371 4965 πλὴν
2439 4898 2539 4949 ὅσα
2602 4898 2958 4968 ποιηθήσεται
3043 4901 3195 4973 πάσῃ
3258 4901 3425 4971 ψυχῇ,
3486 4895 3619 4952 τοῦτο
3665 4885 3726 4957 μδ·

2231 5003 2321 5037 νον
2356 4987 2718 5057 ποιηθήσεται
2772 4990 2898 5059 ὑμῖν
2922 5007 2935 5022 ·
2975 4991 3067 5043 καὶ
3104 4992 3401 5060 φυλάξεσθε
3441 4990 3529 5060 τὴν
3568 4978 3727 5043 ἐντολὴν

2231 5076 2458 5148 ταύτην.
2502 5080 2588 5132 Ἐν
2614 5082 2719 5149 γὰρ
2750 5085 2813 5151 τῇ
2848 5083 3029 5153 ἡμέρα
3056 5084 3227 5155 ταύτῃ
3258 5083 3431 5149 ἐξάξω
3456 5080 3542 5150 τὴν
3559 5074 3727 5140 δύναμιν

2231 5168 2383 5238 ὑμῶν
2420 5172 2482 5222 ἐκ
2512 5171 2612 5240 γῆς
2666 5158 2966 5239 Αἰγύπτου.
3002 5176 3112 5227 Καὶ
3161 5175 3413 5245 ποιήσετε
3458 5173 3546 5238 τὴν
3572 5162 3727 5236 ἡμέριν

2229 5262 2428 5330 ταύτην
2450 5265 2528 5325 εἰς
2548 5264 2642 5327 τὰς
2672 5266 2862 5333 γενεὰς
2886 5264 3061 5336 ὑμῶν,
3096 5265 3325 5335 νόμιμον
3348 5265 3564 5318 αἰώνιον.
3595 5255 3727 5319 ἙνιΡ¹

2229 5357 2451 5427 χόμενοι
2478 5360 2543 5427 τῇ
2576 5361 3146 5431 τεσσαρεσκαιδεκάτῃ
3177 5360 3271 5413 τοῦ
3320 5358 3478 5430 μηνὸς
3518 5352 3596 5405 τοῦ
3621 5342 3727 5415 πρώ-

2229 5465 2344 5510 του,
2379 5446 2471 5515 ἀφ’
2501 5449 2739 5518 ἑσπέρας
2786 5450 2966 5503 ἕδεσθε
3019 5451 3198 5521 ἄζυμα
3226 5466 3239 5481 ’
3277 5450 3381 5512 ἕως
3427 5446 3609 5516 ἡμέρας
3637 5432 3726 5506 pii;

2231 5538 2323 5593 καὶ
2365 5539 2577 5603 εἰκάδος
2611 5541 2704 5594 τοῦ
2757 5542 2921 5612 μηνὸς
2965 5544 3067 5606 ἓως
3112 5543 3383 5612 ἑσπέρας·
3409 5537 3535 5592 ἑπτὰ
3568 5529 3725 5603 ἡμέρεῖ
