3978 6204
247 320 380 386 ῙΞΟῙ

748 331 904 394 PRO
946 335 1161 399 CONC.
1191 337 1584 405 FLORENT.
1627 346 1785 412 CAP.
1831 351 1920 414 II.
1957 353 2056 414 DE
2095 354 2484 418 AZYMO-ET
2527 359 3069 431 FERMENTATO.

3360 371 3498 434 .1202

241 437 390 541 ξύμη
418 438 899 541 οὒχξῦρεοὴσεται
929 447 987 501 ὲν
1019 451 1140 511 ταῖς
1169 453 1369 519 οὶκίαις
1405 457 1561 527 ὑμῶν
1586 462 1743 526 νπᾶς
1769 463 1774 513 ἰ

1881 473 1900 529 L
1932 470 2191 540 primam,
2223 488 2336 527 non
2367 475 2563 532 debere
2588 476 2819 531 inveniri
2847 478 3303 536 fermentatumin
3334 485 3498 541 domo

238 527 307 626 αν
336 523 486 603 φάγῃ
524 530 795 602 ζυμωτδν.
832 535 1347 614 ἔξολοθρευθήσεται
1382 549 1414 618 ἡ
1444 523 1601 622 ’ψυχὴ
1637 523 1816 626 ἐκείνη

239 621 305 674 ἐκ
355 625 673 692 συναγωγῆς
707 627 839 681 υἱῶν
881 630 1120 702 Ἰσραήλ.
1158 637 1257 689 Ἐν
1299 656 1357 690 τε
1402 643 1514 704 τοῖς
1559 621 1818 714 γίειώραις

236 713 329 764 καὶ
355 714 638 782 αὐτόχθοσι
695 719 790 788 τῆς
821 722 946 790 γῆς,
1002 726 1110 777 πᾶν
1153 727 1404 797 ζυμωτὸν
1461 733 1560 786 οὐκ
1595 735 1774 790 ἐδεσθε
1798 755 1813 770 ο

237 802 296 855 ἐν
323 806 482 856 παντὶ
506 814 912 882 κατοικητηρίῳ
935 815 1088 881 ὑμῶν
1112 817 1288 870 ἕδεσοε
1314 821 1519 890 ἄζυμα.
1557 842 1576 875 ι
1615 827 1816 880 ’Ἤκου-

235 911 332 958 σας
364 897 444 949 ὅτι
475 898 780 968 ἀρχομένου
809 903 904 957 τοῦ
943 907 1130 978 Πάσχα
1163 911 1258 979 ἀφ’
1284 914 1522 984 ἑσπέρας
1565 918 1664 985 τῆς
1695 936 1814 971 τεσ-

237 988 744 1062 σαρεσκαιδεκάτης
791 995 1007 1066 ἡμέρας
1041 999 1132 1052 τοῦ
1167 1005 1356 1071 μηνὸς,
1399 1005 1504 1067 ἕως
1532 1007 1629 1075 τῆς
1672 1011 1815 1062 εἰκο-

234 1081 366 1148 στῆς
397 1080 644 1150 πρώτης,
675 1085 776 1137 οὐκ
817 1086 922 1139 ἔδει
962 1090 1251 1160 εὑρεθῆναι
1283 1094 1532 1163 ζυμωτὸν
1580 1099 1635 1150 ὲν
1665 1100 1812 1172 οἰκία

229 1169 373 1232 τινὸς
406 1170 603 1227 αὐτῶν.
645 1172 705 1225 Ὀ
731 1175 784 1228 δὲ
808 1176 1029 1245 Κύριος,
1063 1182 1200 1247 μετὰ
1224 1183 1281 1235 τὸ
1311 1188 1504 1252 φαγεῖν
1529 1187 1586 1238 τὸ
1619 1169 1810 1258 Πάσχα

225 1260 582 1333 ὀρθοστάδην,
619 1266 694 1327 ὡς
733 1268 947 1338 εἴρηται
977 1272 1256 1339 πολλάκις,
1291 1279 1385 1328 καὶ
1423 1279 1483 1330 τὸ
1518 1281 1694 1332 πάντα
1725 1299 1810 1333 τε·

223 1353 378 1406 λέσαι
424 1358 563 1409 κατὰ
597 1359 685 1411 τὸν
737 1363 920 1430 νόμον,
961 1365 1098 1432 μετᾶ
1143 1367 1314 1420 ταῦτα
1349 1370 1632 1423 ἀναπεσὼν
1680 1373 1806 1442 ἔφη,

229 1463 249 1497 r
300 1446 597 1520 Ἐπιθυμίᾳ
625 1452 950 1520 ἐπεθύμησα
980 1457 1140 1511 τοῦτο
1164 1460 1221 1511 τὸ
1249 1461 1436 1531 Πάσχα
1458 1463 1657 1532 φαγεῖν
1686 1467 1807 1535 μεθ’

223 1538 380 1608 ὑμῶν
419 1543 524 1612 πρὸ
571 1544 664 1596 τοῦ
713 1564 780 1615 με
815 1548 1008 1603 παθεῖν
1035 1567 1048 1580 ·
1092 1571 1110 1603 ι
1145 1549 1260 1606 εἶτα
1311 1557 1644 1611 συνεδείπνει
1691 1561 1804 1624 τοῖς

219 1632 540 1699 ἀποστόλοις
565 1651 582 1669 ο
618 1637 832 1702 δεῖπνος
854 1641 962 1710 γάρ
995 1640 1084 1713 ἦν.
1113 1647 1267 1700 Μετὰ
1309 1647 1364 1700 δὲ
1392 1648 1453 1700 τὸ
1493 1651 1799 1720 δειπνῆσαι.

212 1725 396 1781 λαϐὼν
455 1731 545 1781 τδν
603 1730 766 1797 ἄρτον
828 1733 1142 1804 εὐλόγησεν.
1199 1739 1380 1792 Εἰπὼν
1411 1740 1490 1803 δὲ,
1541 1744 1678 1811 μετὰ
1739 1744 1799 1797 τὸ

1926 559 2154 625 alicujus
2176 563 2198 614 ‘I
2223 562 2481 618 Dominus
2506 581 2634 621 vero
2661 577 2782 636 post
2798 582 2953 622 esum
2985 570 3286 640 Paschalis,
3323 581 3498 640 stans,

1925 662 1984 706 ut
2015 668 2154 721 saepe
2177 653 2378 708 dictum
2398 667 2500 720 est,
2549 668 2603 712 et
2626 660 2860 728 peractis
2885 662 3138 716 omnibus
3196 666 3498 720 secundum

1923 741 2122 811 legem,
2168 760 2290 797 cum
2321 755 2508 814 postea
2558 748 2943 814 discubuisset,
2985 750 3157 807 dixit:
3212 772 3230 805 ι
3268 754 3496 811 Deside-

1921 832 1999 882 rio
2060 832 2359 888 desideravi
2393 836 2496 890 hoc
2543 836 2747 892 Pascha
2806 841 3140 896 manducare
3209 844 3492 901 vobiscum

1925 931 2215 990 antequam
2247 925 2424 994 patiar
2452 925 2533 991 ‘5;
2568 945 2586 979 ι
2621 937 2809 998 postea
2833 945 2953 984 cum
2989 933 3248 1000 apostolis
3280 931 3494 991 conece-

1917 1015 2104 1078 nabat,
2135 1030 2289 1069 coena
2348 1017 2494 1070 enim
2538 1028 2674 1073 erat.
2733 1021 2858 1076 Post
2912 1038 3124 1077 cumam
3177 1036 3357 1080 autem
3406 1041 3495 1081 ac-

1915 1117 2070 1176 cepto
2090 1122 2229 1175 pane
2244 1109 2540 1164 benedixit.
2565 1111 2718 1176 Quoi
2738 1129 2857 1166 cum
2880 1125 3226 1184 postcmnam
3245 1119 3489 1185 dixisset,

1913 1217 2129 1257 onmem
2163 1205 2380 1279 sustulit
2422 1208 2767 1262 occasionem
2800 1210 2864 1264 iis
2893 1211 2985 1280 qui
3042 1225 3288 1281 quaerunt
3329 1230 3491 1268 ocea-

1912 1295 2094 1349 siones
2123 1314 2134 1349 :
2167 1298 2368 1367 quippe
2401 1315 2522 1352 eum
2565 1301 2610 1354 si
2641 1301 2692 1354 id
2721 1309 2846 1356 ante
2880 1319 3091 1358 cmnam
3143 1307 3485 1372 protulisset,

1909 1388 2572 1456 quodammodoumbram
2607 1393 2793 1446 auxilii
2829 1395 3140 1464 reliquisset
3173 1398 3344 1465 iisqui
3377 1399 3483 1450 liti-

1911 1493 2040 1549 gare
2065 1490 2340 1547 exoptant,
2397 1482 2707 1538 dicentibus
2735 1492 2861 1539 ante
2881 1501 3094 1541 caenam
3158 1490 3478 1558 mysterium

1909 1573 2206 1639 peregisse,
2259 1574 2386 1626 dum
2443 1574 2771 1645 Azymornm
2843 1587 3059 1648 tempus
3153 1580 3481 1646 prmteriret.

1909 1659 2117 1714 Idcirco
2147 1661 2279 1714 nihil
2308 1664 2454 1722 novi,
2488 1665 2532 1717 si
2565 1665 2958 1721 fermentatum
2990 1682 3185 1737 pauent
3231 1669 3479 1723 Christus

1909 1754 2252 1825 sumpsisset,
2308 1765 2362 1810 et
2423 1756 2477 1809 in
2539 1773 2605 1811 eo
2670 1759 2992 1828 mysterium
3029 1762 3350 1829 peregisset.
3378 1764 3483 1818 Sed

217 1818 523 1887 δειπνῆσαι,
574 1825 753 1876 πᾶσαν
800 1825 978 1879 ἀνεῖλε
1028 1830 1294 1898 πρόφασιν
1345 1833 1453 1885 τῶν
1496 1837 1774 1904 προφάσει

1901 1856 2024 1914 post
2053 1861 2264 1900 orenam
2297 1847 2433 1902 dixit
2459 1864 2476 1914 ;
2501 1865 2624 1903 nam
2665 1851 2940 1906 sublatum
3000 1852 3326 1907 fermentum
3365 1865 3483 1909 erat

209 1909 537 1980 ζητούντων.
581 1915 642 1966 Ei
691 1916 798 1986 γὰρ
853 1917 1006 1987 ἔλεγε
1051 1921 1155 1990 πρὸ
1203 1923 1298 1975 τοῦ
1347 1925 1657 1996 δειπνῆσαι,
1694 1945 1792 1980 κα-

212 1999 431 2054 τέλιπεν
460 2002 525 2056 ἂν
553 2006 711 2058 σκιάν
746 2007 998 2078 βοηθείας
1027 2015 1136 2074 τοῖς
1179 2013 1522 2083 βουλομένοις
1565 2019 1787 2089 ἐρίζειν,

212 2093 462 2163 λέγουσιν
488 2099 570 2151 ὅτι
605 2101 708 2171 πρὸ
742 2103 833 2155 τοῦ
860 2104 1076 2159 δείπνου
1126 2110 1346 2176 ἐποίησε
1379 2113 1438 2165 τὸ
1465 2117 1788 2184 μυστήριον,

207 2191 267 2242 ἐν
318 2193 384 2262 τῇ
439 2193 695 2262 ὥρᾳ-τῆς
748 2195 1070 2266 ἀπαλλαγῆς
1120 2199 1216 2252 τοῦ
1276 2200 1507 2271 ἁξὺμου.
1561 2205 1670 2257 Καὶ
1702 2206 1788 2257 διὰ

207 2280 386 2345 τοῦτο,
419 2284 569 2336 οὐδὲν
606 2286 813 2351 καινὸν,
851 2289 900 2341 εἰ
949 2291 1042 2343 καὶ
1077 2291 1304 2362 ἔνζυμον
1335 2296 1497 2364 ἄρτον
1539 2295 1729 2350 ἐλαεεν
1756 2299 1784 2350 ό

207 2374 461 2442 Χριστὸς,
495 2378 589 2430 καὶ
639 2379 698 2431 τὸ
730 2381 1029 2451 μυστήριον
1056 2384 1405 2440 ἀπετέλεσεν.
1450 2389 1609 2441 Ἀλλὰ
1645 2390 1782 2459 μετᾶ

198 2469 262 2520 τὸ
295 2467 583 2538 δειπνῆσαι
619 2467 793 2527 εἶπεν.
837 2474 1176 2529 Ἀπελθοῦσα
1211 2479 1320 2549 γὰρ
1362 2475 1428 2550 ἦν
1460 2481 1492 2550 ἡ
1542 2480 1690 2552 ζύμη
1723 2484 1780 2535 ἐν

197 2562 264 2631 τῇ
299 2561 416 2633 ὥρᾳ
449 2564 543 2617 τοῦ
578 2566 792 2635 Πάσχα,
823 2568 918 2620 καὶ
945 2569 1180 2639 οὐδαμοῦ
1213 2573 1498 2638 εὑρίσκετο
1543 2575 1653 2628 ἀπὸ
1678 2575 1778 2645 τῆς

196 2652 390 2724 τρίτης
419 2652 568 2722 ὥρας
599 2657 697 2725 τῆς
725 2659 937 2730 ἡμέρας
961 2658 1177 2730 ἐκείνης
1212 2663 1332 2717 καθ’
1362 2665 1428 2734 ἢν
1454 2665 1588 2736 πρὸς
1612 2668 1773 2722 ἑσπέ-

199 2757 305 2810 ραν
332 2743 394 2796 τδ
422 2745 609 2812 Πάσχα
640 2746 829 2800 ἐθύετο
851 2764 865 2779 ·
896 2749 1036 2802 οὕτω
1075 2749 1180 2820 γὰρ
1208 2753 1300 2805 καὶ
1337 2755 1498 2825 μέχρι
1529 2756 1628 2824 τῆς
1674 2758 1772 2828 σή-

1890 1937 2170 1991 Paschatis
2199 1947 2464 2007 tempore,
2498 1955 2598 1993 nec
2633 1957 2805 2011 usque
2837 1943 3210 2012 reperiebatur
3239 1953 3356 2013 post
3378 1955 3484 1999 ter—

1892 2027 2016 2081 tiam
2045 2026 2232 2080 horam
2266 2028 2372 2082 diei
2408 2029 2573 2096 illius,
2601 2031 2778 2100 inqua
2798 2048 3022 2100 vespere
3048 2034 3255 2088 Pascha
3287 2037 3481 2089 immn-

1895 2119 2130 2173 labatur.
2168 2117 2324 2175 lluue
2382 2137 2583 2176 morem
2644 2139 2815 2191 usque
2841 2125 2907 2178 ad
2958 2126 3093 2180 hanc
3125 2128 3266 2181 diem
3303 2127 3475 2182 Judmi

1891 2221 2134 2266 servant.
2215 2213 2365 2268 Unde
2400 2222 2578 2268 autem
2637 2217 2874 2286 sumpsit
2907 2220 3139 2286 panem?
3172 2218 3245 2273 Ex
3285 2236 3472 2276 mensa

1886 2305 1972 2360 ubi
1997 2306 2377 2360 comedehant.
2402 2305 2542 2372 Quid
2561 2311 2923 2364 comedebant
2943 2311 2965 2363 ?
2985 2313 3202 2382 Azyma.
3233 2315 3471 2381 Accepto

1883 2411 2015 2450 vero
2040 2411 2177 2464 pane
2199 2397 2290 2464 qui
2332 2413 2391 2451 se
2438 2398 2641 2452 obtulit
2678 2399 2733 2453 in
2779 2417 2966 2456 mensa
3007 2403 3120 2465 illa,
3153 2405 3470 2474 mysterium

1883 2487 2060 2542 tradit.
2089 2487 2403 2553 Qualisnam
2439 2490 2640 2559 panis?
2670 2491 2934 2561 Azymus.
2985 2492 3101 2547 Non
3134 2496 3278 2548 enim
3304 2510 3470 2565 opor-

1879 2578 2022 2633 tebat
2067 2579 2229 2633 alium
2289 2581 2500 2646 adesse,
2559 2583 2818 2652 quoniam
2870 2585 3043 2654 legale
3089 2585 3299 2639 Pascha
3342 2601 3464 2653 per-

1884 2672 2165 2742 agebatur,
2201 2681 2256 2726 et
2292 2676 2494 2744 Azyma
2533 2684 2711 2736 erant,
2748 2675 2876 2744 quia
2907 2676 3292 2746 incipientibus
3324 2678 3467 2749 Αιγ-

1884 2763 2010 2826 mis,
2028 2762 2534 2828 locum,secnndum
2565 2766 2754 2838 legem,
2776 2767 3098 2821 fermentata
3115 2784 3220 2822 non
3245 2769 3468 2826 habent.

190 2849 361 2905 μερον
413 2836 462 2888 οἱ
512 2837 751 2891 Ἰουδαῖοι
803 2839 1068 2896 ποιοῦσιν.
1127 2843 1326 2897 Ἐλαόε
1365 2845 1410 2896 δ’
1472 2847 1661 2918 ἄρτον,
1698 2850 1900 2920 πόθεν;
1970 2853 2064 2906 Ἐκ
2123 2856 2222 2924 τῆς
2272 2854 2552 2925 τραπέζης
2620 2836 2704 2928 ἐφ’
2731 2849 2798 2918 ἦς
2822 2858 3032 2930 ήσοιον.
3061 2858 3125 2911 Τί
3155 2859 3209 2910 δὲ
3242 2859 3468 2929 ﬁJOtov;

70 2963 92 2988 .
192 2927 436 2999 'AC‘opa.
470 2931 666 2985 Λαϐὼν
695 2933 750 2985 δὲ
781 2934 874 2988 τὸν
920 2938 1306 3008 παρατυχόντα
1338 2939 1503 3010 ἄρτον
1559 2946 1624 3014 τῇ
1692 2947 1942 3020 τραπέζῃ
1988 2943 2206 3022 εκείνη,
2256 2952 2593 3022 παραδίδωσι
2657 2927 2718 3006 τὸ
2783 2927 3106 3024 μυστήριον.
3141 2955 3237 3018 Τίς
3264 2927 3330 3008 ἠδὲ
3361 2951 3466 3024 ἦνς

190 3027 456 3096 νΑξυμος.
493 3029 566 3081 Οὐ
593 3030 702 3101 γάρ
738 3030 969 3100 ῶρειλεν
1001 3037 1157 3101 ἄλλος
1190 3035 1354 3104 εἶναι,
1386 3041 1508 3092 ἐπεὶ
1567 3041 1628 3094 τὸ
1675 3045 1902 3114 νομικὸν
1929 3045 2162 3100 ἐτελεῖτο
2195 3049 2407 3118 Πάσχα,
2439 3051 2532 3101 καὶ
2561 3049 2629 3102 τε
2663 3048 2889 3120 Ἀζυμα
2915 3045 3075 3120 ἦσαν.
3123 3049 3468 3122 Ἀρξαμένων

181 3120 295 3191 γὰρ
321 3121 427 3176 τῶν
472 3123 740 3194 Ἀζύμων,
767 3125 866 3180 οὐκ
922 3127 1105 3198 ἔχουσι
1171 3129 1358 3202 χώραν
1418 3133 1487 3188 τὰ
1539 3139 1746 3209 ενςυμα
1782 3138 1922 3192 κατὰ
1949 3139 2040 3194 τὸν
2075 3141 2261 3211 νόμον.

947 3221 1020 3274 Δ’.
1804 3236 1847 3292 c
2283 3267 2291 3276 ε-
2614 3233 2703 3288 1V.

270 3303 432 3358 Ἀλλὰ
458 3305 510 3357 τί
548 3323 713 3373 φασιν
742 3309 789 3359 οἱ
818 3309 1072 3364 τάναντία
1103 3314 1464 3382 φρονοῦντες;
1496 3318 1571 3368 Οὐ
1604 3317 1763 3370 τοῦτο

173 3389 250 3465 ἦν
293 3397 353 3447 τὸ
398 3398 621 3466 νομικὸν
675 3399 866 3475 Πάσχα
894 3415 907 3430 ⁸
936 3404 1114 3455 πάντα
1162 3403 1392 3472 ὤφειλον
1445 3403 1586 3461 εἶναι
1621 3410 1762 3464 ὁπῖὰ

178 3489 320 3557 πυρὶ
350 3490 447 3570 κα).
477 3489 686 3558 ἄζυμα,
708 3491 763 3543 ἐν
791 3492 965 3563 τούτῳ
993 3494 1072 3559 δὲ,
1103 3498 1196 3548 καὶ
1228 3496 1431 3566 ζωμὸς,
1461 3501 1553 3551 καὶ
1583 3501 1757 3570 ἄρτοι,

167 3579 274 3633 καὶ
303 3553 554 3650 τρυδλία,
591 3582 681 3634 καὶ
737 3577 878 3646 οἶνος
903 3599 916 3613 °
963 3584 1101 3638 ὥστε
1139 3587 1199 3640 οὐ
1252 3589 1410 3644 τοῦτο
1454 3585 1540 3660 ἦν.
1575 3592 1761 3647 Ταῦτα

167 3672 448 3739 λέγοντες,
503 3673 743 3728 ἐοίκασιν
801 3676 860 3728 ἓν
912 3679 1004 3731 καὶ
1041 3681 1208 3734 ταυτὺ
1254 3679 1391 3736 εἶναι
1447 3683 1636 3755 Πάσχα
1667 3687 1761 3740 καὶ

165 3766 414 3818 δεῖπνον.
455 3766 601 3819 Ἀλλ’
626 3769 729 3821 οὐκ
759 3768 908 3823 ἐστιν
933 3787 946 3802 ·
975 3771 1103 3825 ἄλλο
1133 3776 1241 3844 γὰρ
1274 3776 1484 3847 Πάσχα,
1512 3781 1604 3831 καὶ
1627 3780 1758 3834 ἄλλο

162 3856 412 3922 δεῖπνος,
447 3858 522 3921 ὡς
574 3859 816 3931 εἴρηται.
862 3862 949 3914 Ἐν
983 3864 1093 3935 γάρ
1142 3867 1220 3936 τῷ
1258 3868 1446 3939 Πάσχα
1497 3876 1588 3927 καὶ
1623 3873 1755 3942 ἡμῖν

161 3949 387 4018 εἴρηται
417 3951 692 4019 πολλάκις,
718 3954 766 4006 εἱ
789 3958 882 4007 καὶ
911 3956 1065 4011 αὐτοὶ
1093 3958 1153 4012 οὐ
1180 3963 1438 4029 συνῆκαν,
1465 3964 1544 4015 ὅτι
1582 3966 1760 4018 πάντα

161 4037 406 4107 ὤφειλον
459 4038 599 4095 εἶναι
649 4046 790 4098 ὀπτά
832 4051 1007 4117 πυρί·
1057 4051 1085 4102 ὃ
1134 4052 1320 4124 ἢσθιον
1370 4057 1620 4119 ἑστῶτες.
1654 4058 1757 4111 Καὶ

163 4130 310 4183 αὐτὸ
339 4133 591 4203 ἐποίησεν
621 4136 648 4188 6
676 4137 929 4206 Χριστὸς,
958 4143 1065 4212 πρὸ
1093 4144 1186 4197 τοῦ
1219 4146 1456 4212 δείπνου,
1492 4128 1608 4203 είτά
1636 4152 1755 4205 άνέ-

165 4237 342 4272 πεσεν
381 4222 438 4274 ὲν
483 4224 560 4294 τῷ
592 4226 815 4298 δείπνῳ,
858 4232 949 4283 καὶ
987 4233 1176 4303 ἤσθιον
1221 4236 1458 4306 ζωμοὺς,
1497 4243 1588 4294 καὶ
1621 4243 1755 4298 ἄλλα

161 4312 273 4364 ὅσα
303 4312 554 4382 ἤρεσκεν.
583 4315 706 4369 Ὅτι
730 4318 785 4371 δὲ
811 4319 874 4373 τὸ
905 4325 1130 4390 νομικὸν
1153 4327 1399 4381 ἐτέλεσεν
1421 4332 1448 4382 6
1472 4333 1754 4406 Δεσπότης

161 4401 332 4496 ἡμῶν
368 4405 604 4474 Χριστὸς
658 4410 851 4480 Πάσχα
886 4414 1030 4481 τότε,
1084 4416 1112 4468 ό
1153 4422 1552 4492 χρυσορρήμων
1607 4401 1755 4496 Χρυ-

163 4495 440 4587 σόστομος
469 4502 810 4571 μαρτυρήσει
838 4506 1016 4570 τοῦτο,
1050 4511 1108 4562 ἐν
1138 4512 1202 4581 τῇ
1239 4513 1597 4587 προλεχθεὶσῃ
1624 4495 1749 4587 ὁρι-

1937 3325 2006 3378 At
2066 3323 2193 3391 quid
2250 3324 2489 3378 aﬂ'crunt
2567 3325 2661 3393 qui
2714 3333 2901 3380 contra
2942 3325 3229 3380 sentiunt?
3263 3323 3381 3380 Non
3407 3325 3459 3379 id

1864 3422 1982 3466 erat
2013 3413 2184 3481 legate
2242 3411 2484 3478 Pascha;
2523 3415 2708 3468 omnia
2742 3416 3015 3470 debebant
3044 3430 3165 3470 esse
3192 3431 3318 3469 assa
3353 3417 3459 3484 igni

1862 3515 2139 3578 etazyma,
2167 3520 2331 3575 atque
2356 3509 2408 3561 in
2431 3523 2496 3561 eo
2518 3509 2766 3578 suntjus,
2803 3509 2976 3578 panis,
2997 3510 3188 3572 catini,
3239 3511 3457 3563 riuum:

1864 3584 2046 3668 itaque
2101 3615 2206 3653 non
2243 3601 2370 3654 illud
2417 3610 2553 3654 erat.
2598 3601 2734 3654 Cuut
2797 3601 2913 3656 haec
2945 3603 3157 3667 dicunt,
3202 3601 3457 3657 videntur

1863 3704 2032 3744 unum
2064 3691 2276 3746 etidem
2326 3690 2530 3747 Pascha
2578 3702 2633 3747 et
2684 3708 2860 3749 cosna.
2914 3694 3144 3749 Sednon
3169 3705 3276 3762 est;
3332 3711 3456 3749 nam

1859 3782 2004 3836 aliud
2058 3792 2138 3837 est
2194 3783 2423 3850 Pascha,
2493 3784 2638 3840 aliud
2699 3801 2878 3849 creua,
2935 3795 2992 3839 ut
3069 3784 3284 3840 dictum
3350 3796 3454 3841 est.

1863 3873 1918 3926 In
1949 3873 2210 3928 Paschate
2243 3876 2388 3929 enim
2428 3878 2593 3944 (quod
2647 3893 2676 3930 a
2710 3878 2871 3932 nobis
2911 3891 3053 3946 saepe
3118 3877 3231 3945 jam
3283 3892 3456 3946 expo-

1859 3963 2020 4018 situm
2065 3948 2519 4034 est,‘quanquam
2576 3966 2610 4020 ii
2643 3981 2752 4020 non
2814 3965 3208 4037 intellexerint)
3254 3976 3453 4022 cuncta

1857 4055 2276 4123 Oportebatesse
2309 4072 2430 4110 assa
2452 4056 2594 4125 igni;
2631 4057 2773 4126 quod
2794 4057 3000 4112 Pascha
3029 4068 3239 4114 stantes
3270 4074 3453 4114 come-

1855 4147 2078 4212 debant,
2106 4146 2250 4217 quod
2284 4155 2339 4202 et
2369 4147 2622 4203 Christus
2672 4151 2799 4203 fecit
2849 4160 2975 4204 ante
3038 4167 3286 4216 caenam;
3331 4162 3454 4222 post

1857 4237 1912 4292 in
1947 4252 2105 4293 omna
2133 4237 2430 4303 discubuit,
2456 4249 2510 4293 et
2573 4240 2931 4294 cmnederunt
2963 4241 3054 4306 jus
3083 4250 3135 4293 ct
3166 4242 3270 4293 alia
3300 4259 3444 4310 qum-

1855 4343 2074 4398 cunquc
2139 4328 2343 4382 libuit.-
2391 4328 2543 4394 Quod
2605 4342 2783 4384 autem
2835 4331 3002 4400 legale
3051 4331 3260 4385 Pasrlta
3325 4342 3440 4385 tum

1859 4419 2134 4489 peregerit
2167 4418 2422 4473 Christus
2463 4419 2728 4475 Dominus
2758 4433 2964 4483 noster,
3000 4439 3201 4476 aureus
3265 4421 3438 4474 Joan-

1855 4523 1952 4563 nes
1978 4509 2028 4562 id
2067 4495 2352 4580 testabitur
2385 4508 2435 4561 in
2464 4509 2688 4563 homilia
2718 4512 2990 4566 antedicta
3021 4513 3071 4565 in
3150 4513 3438 4582 cvangeli-

158 4586 277 4656 λίᾳ,
327 4589 406 4650 είς
453 4590 547 4642 τὸν
596 4593 989 4667 εὐαγγελιστὴν
1035 4575 1366 4677 Ματόαῖονο-
1399 4575 1702 4682 λέγειυγάρ
1730 4629 1744 4643 ⁶

1881 4611 1992 4654 tam
2018 4575 2325 4654 Mattlueum
2353 4617 2366 4665 ;
2403 4600 2533 4655 dicit
2555 4601 2737 4654 enim:
2768 4621 2786 4653 ι
2812 4601 2942 4657 Post
2974 4603 3162 4675 legalis
3192 4603 3445 4659 Pascha—

165 4696 186 4728 ι
231 4677 390 4730 Μετὰ
426 4679 483 4732 δὲ
518 4681 581 4734 τὸ
616 4687 811 4752 φαγεῖν
847 4687 906 4740 τὸ
965 4701 1190 4760 νομικὸν
1240 4695 1453 4766 Πάσχα,
1518 4677 1750 4770 παραέί-

155 4770 297 4862 όυσι
325 4772 384 4823 τὸ
443 4776 763 4846 μυστήριον.
801 4798 818 4830 ι
858 4781 1028 4835 Τοῦτο
1061 4783 1116 4837 δὲ
1171 4788 1263 4839 καὶ
1313 4791 1340 4842 6
1390 4792 1752 4862 Δαμασκηνός

174 4860 456 4926 Ἰωάννης,
505 4867 562 4918 ἐν
610 4867 688 4937 τῷ
745 4872 972 4942 εἰκοστῷ
1024 4877 1270 4948 τετάρτῳ
1328 4883 1604 4952 κεφαλαίῳ
1642 4885 1750 4939 τῶν

159 4957 560 5025 Θεολογικῶν,
594 4955 706 5032 οὗὴ
740 4965 900 5036 ἀρχὴ,
937 4986 955 5018 ι
998 4968 1058 5022 '0
1083 4971 1286 5038 ἀγαθὸς
1311 4977 1404 5029 καὶ
1440 4979 1751 5047 πανάγαθος

155 5050 256 5103 καὶ
308 5051 653 5121 ὑπεράγαθος
683 5058 837 5123 Θεὸς,
879 5079 898 5112 ι
928 5062 1067 5130 μετά
1105 5067 1337 5120 τινακαὶ
1377 5068 1512 5123 ἄλλα
1559 5072 1745 5138 φησιν,

163 5161 182 5192 ι
227 5142 318 5194 Ἐν
340 5143 416 5210 τῷ
440 5145 678 5218 ὑπερῴῳ
703 5150 886 5204 τοίνυν
912 5153 1010 5221 τῆς
1041 5155 1200 5224 ἁγίας
1222 5162 1315 5211 καὶ
1341 5161 1553 5226 ἐνδόξου
1583 5163 1738 5230 Σιὼν,

154 5233 222 5284 τὸ
259 5233 486 5287 παλαιὸν
513 5237 702 5308 Πάσχα
737 5243 877 5310 μετὰ
900 5243 1007 5297 τῶν
1045 5247 1304 5318 μαοητῶν
1331 5252 1495 5304 αὐτοῦ
1527 5253 1739 5322 φαγὼν,

159 5327 258 5376 καὶ
299 5326 597 5396 πληρώσας
628 5331 726 5403 τὴν
751 5335 990 5389 παλαιάν
1026 5340 1206 5392 πᾶσαν
1235 5343 1530 5412 Διαθήκην,
1563 5347 1740 5399 νίπτει

155 5413 287 5474 τοὺς
311 5416 477 5480 πόδας
502 5420 610 5474 τῶν
639 5422 920 5492 μαθητῶν.
961 5445 979 5478 ›
1022 5427 1285 5494 Ἀκούεις,
1311 5433 1392 5484 ὅτι
1426 5429 1743 5487 τοπαλαιὸν

154 5504 350 5575 Πάσχα
385 5506 589 5576 ἔφαγεν
619 5513 646 5564 6
678 5515 951 5586 Χριστὸς;
980 5502 1102 5583 Πῶς
1135 5521 1239 5592 φῂς
1283 5522 1362 5574 ὅτι
1397 5521 1456 5576 οὐ
1488 5523 1646 5577 τοῦτο
1676 5521 1742 5596 ἦν

142 5594 220 5646 τὸ
251 5597 512 5664 νομικόν;
545 5601 658 5654 Οὐκ
689 5599 805 5658 οῖδα
856 5608 964 5680 γὰρ
999 5609 1046 5664 εί
1081 5610 1208 5666 ἄλλο
1241 5613 1354 5666 ἐστὶ
1388 5613 1449 5667 τὸ
1490 5594 1736 5682 παλαιὸν,

239 5772 286 5804 ⁸³
313 5773 448 5832 Luc.
484 5789 621 5846 χχιι,
660 5779 744 5836 15.

1856 4695 1923 4748 tis
1979 4708 2133 4747 esum
2187 4695 2506 4766 mysterium
2565 4695 2748 4748 tradit.
2792 4713 2809 4746 ι
2878 4693 2931 4748 ld
2983 4708 3037 4749 et
3067 4697 3442 4752 Damascenus

1853 4789 2090 4844 Joannes
2121 4790 2192 4843 2-4
2225 4791 2398 4860 capite
2436 4790 2757 4859 'I'Iteologiw,
2793 4789 2884 4859 qui
2925 4790 3138 4861 incipit,
3201 4809 3219 4842 ι
3258 4790 3446 4846 Belius

1855 4892 1907 4937 et
1945 4882 2168 4936 omnino
2201 4885 2396 4947 bonus,
2449 4896 2501 4936 ct
2529 4899 2697 4953 super
2720 4881 2903 4937 omnia
2976 4883 3155 4938 bonus
3192 4881 3360 4948 Deus,
3413 4902 3433 4935 ι

1857 4983 1981 5042 post
2036 4972 2138 5026 alia
2187 4972 2458 5042 quaedam,
2526 4974 2692 5028 dicit:
2755 4993 2773 5025 ι
2823 4975 2876 5028 In
2945 4975 3227 5030 caenaculo
3272 4975 3436 5045 igitur

1853 5050 2055 5118 saneta:
2117 5074 2170 5116 et
2205 5063 2456 5135 gloriosa:
2501 5063 2632 5118 Sion
2709 5069 2991 5136 antiquum
3041 5064 3249 5119 Pascha
3303 5081 3428 5144 cum

1855 5156 2216 5219 comedisset,
2246 5163 2300 5210 et
2329 5167 2484 5211 vetns
2513 5157 2922 5211 TeStamentnm
2977 5171 3140 5210 omne
3186 5156 3426 5225 comple-

1846 5248 2034 5308 vissct.
2101 5247 2491 5316 discipulorum
2540 5250 2702 5316 pedes
2766 5247 2957 5300 abluit.
2997 5265 3014 5296 ι
3062 5245 3230 5299 Audis
3269 5247 3415 5315 quod

1844 5346 2000 5392 vetns
2048 5336 2253 5392 Pascha
2274 5339 2590 5394 comedebat
2623 5338 2875 5393 Christus
2899 5338 2921 5390 ‘i
2944 5336 3229 5403 Quomodo
3284 5339 3426 5393 dicis

1853 5430 1905 5484 id
1931 5429 2225 5500 legitimum
2283 5431 2490 5487 Pascha
2540 5446 2648 5483 non
2696 5429 2852 5484 esse?
2898 5427 3095 5496 Ignoro
3153 5429 3300 5482 enim
3355 5445 3421 5482 an

1853 5521 2088 5574 sitalind
2123 5521 2357 5590 priscum
2391 5521 2620 5584 Pascha,
2667 5527 2721 5573 et
2754 5519 2898 5574 aliud
2949 5519 3136 5591 legale.
3163 5518 3316 5586 Quod
3375 5521 3422 5577 si

1850 5619 1970 5688 quis
1988 5619 2129 5674 dicat
2146 5618 2312 5690 quod,
2332 5619 2431 5674 etsi
2451 5619 2657 5674 Pascha
2673 5631 2916 5690 paratum
2939 5621 3059 5690 luit,
3083 5637 3190 5677 non
3229 5637 3426 5677 secun-
