3978 6204
219 307 360 374 1235

738 306 892 369 PRO
938 304 1146 368 CONC.
1184 294 1563 366 FLOltEN'l‘.
1610 302 1771 367 CAP.
1812 303 1894 364 ῘΙ.
1920 302 2020 365 DE
2050 304 2300 367 AZYMO
2329 305 2424 365 ET
2468 298 3009 364 FERMENTATO.

3345 295 3481 358 1206

215 428 316 497 τῆς
353 424 443 481 διὰ
470 424 573 494 τῆς
608 422 876 495 Ἐρυθρᾶς
903 422 1181 491 θαλάσσης
1208 419 1532 484 διαϐάσεως,
1556 418 1669 472 ’καὶ
1698 416 1795 485 τῆς

1921 418 2038 471 ’ἰαηι
2063 416 2374 481 revocabat,
2436 427 2489 468 et
2540 413 2609 467 ab
2662 411 2977 482 Aigyptiaca
3030 404 3289 462 servitute
3345 406 3485 460 liber

217 515 535 586 ιλιυθερίας
582 514 681 583 τῆς
724 513 782 566 ιν
818 513 1079 582 Αίγύπτῳ
1127 510 1306 563 αὐτῶν
1346 509 1611 569 δουλείας.
1647 506 1795 576 Αὕτη

218 609 278 664 δὲ
312 611 347 678 ή
376 608 496 662 θεία
519 608 613 662 καὶ
649 607 768 677 ἱερά
792 606 1043 676 τράπεζα
1098 603 1322 674 μνήμην
1351 602 1473 669 ἄγει
1505 600 1599 653 τοῦ
1629 615 1803 667 σωτη-

226 702 341 772 ρίου
384 698 581 769 ἀμνοῦ,
632 700 725 753 105
759 697 890 751 Υἱοῦ
948 696 1042 751 105
1074 695 1232 759 Θεοῦ,
1286 695 1378 749 105
1422 696 1670 763 αἴροντος
1702 692 1802 762 τὴν

220 792 497 863 ἁμαρτίαν
527 791 621 845 τοῦ
660 791 869 861 κόσμου
890 806 903 821 °
941 789 1000 853 ὃς
1029 788 1339 842 διεϐίϐασεν
1368 790 1518 858 ἡμᾶς
1570 787 1671 839 οὐκ
1706 785 1805 838 ἀπ’

224 885 502 953 Αἰγύπτου
533 884 669 953 πρὸς
699 884 799 954 τὴν
833 883 1073 949 ἐπίγειον
1118 879 1495 949 Ἰερουσαλὴμ,
1548 877 1659 929 ἀλλ’
1696 874 1803 928 ἀπὸ

226 976 323 1031 105
356 977 587 1030 θανάτου
624 975 759 1044 πρὸς
811 975 907 1038 τὴν
937 972 1104 1043 ζωὴν,
1158 972 1250 1023 καὶ
1302 969 1412 1023 ἀπὸ
1462 969 1561 1037 τῆς
1596 970 1697 1038 γῆς
1727 970 1807 1031 είς

228 1069 319 1121 τδν
344 1068 597 1137 οὐρανὸν.
632 1066 731 1133 τὴν
762 1064 961 1134 ἄφεσιν
999 1063 1109 1117 τῶν
1144 1060 1432 1132 ἁμαρτιῶν
1460 1060 1617 1130 ήμῶν
1632 1070 1805 1130 διαρι-

229 1160 475 1230 ζόμενος.
512 1160 619 1213 Kal
663 1159 853 1211 τούτου
884 1160 1091 1227 μάρτυς
1150 1157 1179 1207 ό
1223 1156 1385 1218 αὐτὸς
1422 1154 1808 1225 Χρυσόστομος

229 1249 595 1321 ἐξηγούμενος
628 1249 785 1303 10510
832 1246 983 1313 αύτδ,
1027 1250 1084 1300 ὲν
1114 1249 1181 1317 τῇ
1229 1247 1366 1315 αὐτῇ
1414 1243 1603 1314 ὁμιλίᾳ
1627 1259 1640 1273 ·
1674 1241 1809 1311 φησὶ

232 1343 363 1413 γὰρ,
410 1361 429 1394 ε
487 1344 599 1397 Οὐκ
653 1343 1061 1411 ἐθορυϐήθησαν
1114 1340 1162 1392 οί
1217 1338 1476 1409 μαθηταὶ,
1519 1335 1806 1396 ἀκούοντες

232 1436 482 1503 λέγοντος
537 1436 723 1497 αὐτοῦ,
755 1434 928 1488 Τοῦτό
977 1432 1095 1484 ἔστι
1130 1431 1191 1502 τὸ
1231 1429 1394 1499 σῶμά
1423 1445 1528 1498 μου
1554 1444 1568 1460 ·
1620 1425 1808 1493 ἐπειδὴ

238 1526 407 1578 πολλὰ
438 1529 532 1580 καὶ
562 1526 769 1595 μεγαλα
803 1539 930 1594 περι
957 1522 1145 1576 τούτου
1183 1519 1492 1591 ἔμπροσθεν
1523 1518 1706 1577 αὐτοῖς
1737 1510 1809 1585 ἦν

234 1615 550 1687 διαλεχθεὶς,
584 1617 765 1678 καθὼς
813 1618 869 1669 ὲν
918 1615 1197 1685 διαφόροις
1247 1612 1435 1675 τόποις
1484 1612 1512 1664 ό
1551 1609 1808 1678 Ἰωάννης

239 1710 369 1777 φησί
394 1725 408 1739 ⁸
442 1709 589 1773 λέγει
618 1709 672 1761 δὲ
708 1709 802 1779 τήν
847 1709 1027 1762 αἰτίαν
1062 1705 1157 1759 105
1212 1705 1441 1768 πάθους,
1480 1703 1588 1757 τῶν
1628 1702 1809 1771 ἁμαρ-

1907 509 2195 563 rationem.
2234 507 2357 561 Haec
2394 514 2574 559 autem
2606 504 2788 558 divina
2821 511 2875 557 et
2926 516 3076 555 sacra
3118 514 3305 554 mensa
3335 498 3480 551 salu-

1907 609 2076 655 tarem
2107 615 2309 667 agnum
2339 599 2390 651 in
2434 596 2754 651 memoriam
2794 603 3033 657 revocat,
3066 592 3156 661 qui
3193 592 3283 647 Dei
3320 590 3484 644 Filius

1906 699 1993 747 est
2028 698 2084 745 et
2116 690 2255 745 tollit
2286 698 2507 759 peccata
2545 687 2766 741 mundi:
2805 686 2893 755 qui
2930 702 3035 739 non
3077 686 3266 741 eduxit
3297 703 3397 740 nos
3418 686 3485 740 ab

1907 783 2137 852 IEgypto
2166 784 2219 835 in
2254 792 2527 835 terrenam
2557 778 2883 841 Jerusalem,
2914 778 3009 833 sed
3067 794 3097 832 a
3125 787 3299 831 morte
3321 780 3385 831 ad
3408 780 3505 831 vir

1908 882 2041 937 tam.
2064 872 2158 929 sed
2195 888 2224 926 a
2244 883 2384 926 terra
2414 872 2467 925 in
2496 870 3108 935 cmlum,remissionem
3127 870 3338 924 donans
3357 885 3486 938 pec-

1908 975 2175 1022 catorum.
2203 962 2378 1033 llujus
2402 963 2478 1017 rei
2503 964 2659 1017 testis
2704 963 2844 1017 idem
2866 963 3292 1033 Chrysostomus
3320 978 3485 1016 enar-

1910 1073 2037 1113 rans
2062 1057 2323 1113 bocidem
2347 1058 2398 1111 in
2421 1056 2609 1111 eadem
2633 1056 3283 1124 homilia;inquitenim:
3317 1077 3334 1107 ι
3366 1054 3483 1109 Νυη

1912 1150 2226 1204 conturbati
2290 1157 2421 1203 sunt
2453 1148 2710 1218 discipuli
2741 1149 3023 1204 audientes
3048 1165 3194 1211 eum,
3221 1150 3312 1218 qui
3338 1148 3486 1202 dicc-

1913 1244 2045 1297 bat:
2080 1240 2191 1296 Hoc
2219 1250 2519 1311 estcorpus
2570 1256 2777 1307 meum,
2811 1260 2828 1293 I
2893 1242 3150 1310 quoniam
3208 1242 3373 1295 multa
3432 1252 3486 1295 et

1914 1349 2109 1404 magna
2142 1334 2207 1388 de
2238 1334 2343 1388 hoc
2381 1344 2537 1388 antea
2571 1347 2694 1387 cum
2728 1334 2859 1403 ipsis
2888 1333 3242 1395 disseruerat,
3310 1344 3367 1387 ιιι
3430 1336 3485 1387 in

1918 1426 2148 1480 diversis
2192 1426 2327 1481 locis
2356 1424 2595 1480 Joannes
2622 1426 2729 1491 ait;
2757 1425 2890 1481 dicit
2914 1426 3057 1480 enim
3086 1445 3100 1480 :
3157 1446 3175 1477 ι
3217 1426 3491 1481 Passionis

1910 1532 2154 1581 causam,
2181 1525 2524 1585 peccatorum
2577 1530 2696 1570 csse
2718 1516 3128 1570 remissionem:
3171 1517 3488 1586 sanguinem

1910 1624 2041 1662 vero
2069 1606 2203 1661 Novi
2235 1607 2565 1663 Testamenti
2583 1618 2760 1672 vocat,
2781 1608 2933 1677 quasi
2957 1610 3099 1676 quod
3134 1606 3342 1662 Novum
3388 1606 3491 1662 Te-

1913 1708 2241 1755 stamentum
2278 1701 2577 1755 contineat.
2616 1701 2751 1755 Nam
2813 1701 3269 1771 quemadmodum
3326 1700 3492 1755 Vetus

235 1801 494 1869 ’πημάτων
520 1800 657 1853 εἶναι
685 1805 781 1865 τὴν
813 1801 1027 1868 ἄφεσιν.
1052 1794 1202 1867 Αἷμα
1228 1798 1285 1850 δὲ
1306 1795 1511 1863 Καινῆς
1530 1794 1805 1863 Διαθήκης

1921 1809 2039 1847 aves
2073 1804 2127 1847 et
2150 1794 2345 1849 \itulos
2402 1794 2607 1857 habuit,
2642 1795 2715 1848 ita
2746 1794 2926 1848 ethoc
3001 1794 3210 1848 Domini
3264 1794 3487 1862 sangui-

240 1892 413 1951 καλεῖ.
439 1892 513 1954 ὡς
541 1892 637 1959 τὴν
657 1890 861 1960 Καινὴν
890 1892 1167 1960 Διαθήκην
1192 1888 1435 1958 συνέχον.
1466 1886 1676 1956 Ὠσπερ
1706 1884 1812 1952 γὰρ

244 1987 276 2053 ή
329 1984 542 2037 Παλαιὰ
596 1982 841 2050 πρόϐατα
907 1985 1001 2037 καὶ
1052 1983 1283 2052 μόσχους
1330 1976 1497 2051 εἶχεν,
1550 1976 1815 2032 οὕτωκαὶ

242 2077 384 2146 αὓτη
412 2076 471 2129 τὸ
503 2071 640 2142 αἶ’μα
670 2076 728 2126 τὺ
758 2076 1108 2128 Δεσποτικόν.
1151 2074 1401 2126 Δείκνυσι
1431 2072 1488 2125 δὲ
1520 2072 1816 2125 κάντεῦθεν

239 2169 320 2220 ὅτι
360 2166 544 2237 μέλλει
590 2164 991 2233 ἀποθνήσκεινο
1018 2165 1099 2217 διδ
1152 2166 1246 2216 καὶ
1279 2164 1557 2231 Διαθήκης
1602 2164 1816 2233 μέμνη-

236 2277 346 2312 ται.
393 2258 825 2327 Ἀναςιιμνήσκει
853 2257 909 2309 δὲ
937 2257 1029 2309 καὶ
1057 2256 1153 2323 τῆς
1194 2256 1455 2318 Παλαιᾶς,
1489 2254 1677 2323 ἐπειδὴ
1713 2256 1814 2306 κὰ-

239 2350 392 2421 κείνη
419 2349 485 2401 δι’
522 2349 753 2417 αἵματος
788 2350 1189 2414 ἐγκεκαίνιστο.
1216 2347 1327 2399 Kal
1358 2346 1519 2400 πάλιν
1545 2346 1693 2412 λέγει
1720 2345 1815 2397 105

243 2441 475 2492 θανάτου
509 2440 605 2507 τὴν
634 2438 837 2499 αἰτίαν,
877 2438 1049 2505 ’Υπὲρ
1092 2437 1301 2488 πολλῶν
1344 2436 1705 2504 ἐκχυνόμενον
1738 2436 1815 2495 εἰς

240 2534 436 2599 ε’φεσιν
464 2530 767 2597 ἁμαρτιῶν.
793 2530 1140 2581 Τίδιδάσκων
1170 2529 1343 2595 ἔλεγε,
1382 2546 1399 2579 ι
1432 2526 1600 2579 Τοῦτο
1616 2529 1817 2579 ποιεῖτε

238 2626 316 2687 εις
368 2627 466 2693 τὴν
518 2624 654 2692 ἐμὴν
687 2622 991 2690 ἀνάμνησιν
1032 2637 1045 2651 ⁸
1077 2621 1327 2689 καθάπερ
1366 2622 1567 2683 ἐκεῖνο,
1627 2620 1815 2689 φησὶν,

239 2721 475 2772 ἐποιεῖτε
506 2719 601 2787 εἷς
624 2717 929 2786 ἀνάμνησιν
959 2716 1067 2769 τῶν
1100 2718 1156 2769 ὲν
1204 2716 1463 2784 Αἰγύπτῳ
1497 2715 1815 2783 θαυμάτων,

241 2813 385 2865 ιῦτω
428 2816 521 2864 καὶ
550 2810 707 2863 10510
737 2813 816 2870 είς
843 2811 941 2876 τὴν
986 2812 1148 2879 ἐμήν.
1192 2810 1399 2861 Ἐκεῖνο
1426 2809 1485 2861 τὺ
1525 2803 1667 2877 αἷμα
1700 2808 1817 2871 ἐξε-

241 2905 381 2974 χύθη
423 2906 500 2966 είς
534 2903 811 2972 σωτηρίαν
840 2902 948 2955 τῶν
977 2902 1359 2970 πρωτοτόκων,
1388 2900 1543 2954 10510
1584 2902 1663 2963 εἰς
1688 2901 1818 2965 ἄφιε-

240 3011 323 3046 σιν
346 2993 648 3063 ἁμαρτιῶν.
693 3012 709 3043 ι
738 2994 847 3045 Kal
872 2991 1121 3061 καθάπερ
1152 2993 1391 3061 Μωῦσῆς
1415 3008 1567 3059 φησι,
1595 3009 1614 3042 ι
1647 2990 1819 3043 T0510

245 3088 591 3157 μνημόσυνον
623 3086 750 3154 ὑμῖν
796 3084 1036 3146 αἰώνιον,
1074 3083 1216 3138 οὓτω
1248 3085 1341 3138 καὶ
1384 3085 1450 3137 αύ
1464 3083 1566 3148 τὸς,
1599 3085 1687 3145 Εἰς
1721 3082 1816 3153 τὴν

243 3179 384 3248 ἐμὴν
416 3178 742 3247 ἀνάμνησιν,
778 3176 882 3237 ἓως
911 3176 976 3228 ἃν
1018 3177 1452 3245 παραγένωμαι·
1490 3176 1679 3243 Πάσχα
1712 3176 1817 3242 γὰρ

244 3271 609 3341 παραδίδωμι,
629 3269 695 3321 δι’
713 3263 773 3319 οὗ
801 3269 977 3335 μέλλω
998 3270 1402 3335 πνευματικῶς
1425 3269 1569 3335 ὑμᾶς
1587 3269 1785 3320 ποιεῖν.
1803 3285 1821 3315 ι

242 3363 519 3425 Ἤκουσας
542 3361 593 3414 τί
622 3360 780 3413 10510
820 3360 969 3428 δηλοῖ
1000 3360 1081 3421 τὸ,
1129 3377 1148 3410 ι
1189 3359 1275 3427 ἐφ’
1325 3361 1516 3428 ἑτέραν
1545 3358 1822 3428 τράπεζαν

240 3455 759 3527 φρικωδεστάτην;ο
790 3453 915 3504 ’Ότι
936 3454 1119 3505 ἐκεῖνα
1170 3452 1541 3521 μὲνζσαρκικᾶι
1593 3454 1685 3504 καὶ
1730 3451 1827 3517 τῆς

235 3546 517 3620 τραπέζης
535 3545 748 3612 ἐκείνης
771 3545 1033 3613 ὑπῆρχον,
1051 3543 1223 3597 ταῦτα
1239 3545 1293 3597 δὲ
1310 3546 1668 3614 πνευματικά·
1691 3550 1829 3601 ἐκεῖ·

238 3660 311 3696 να
356 3640 549 3710 ὁρατὰ,
588 3637 759 3692 ταῦτα
799 3638 1005 3702 ἀόρατα
1031 3640 1121 3691 καὶ
1156 3638 1398 3707 άχραντα
1425 3642 1737 3711 μυστήρια’
1775 3641 1826 3695 εἰ

237 3736 335 3791 καὶ
355 3731 542 3803 χερσὶν
564 3733 751 3801 ἱερέων
767 3730 832 3783 δι’
854 3731 1031 3799 ἄκραν
1049 3732 1211 3786 αὐτοῦ
1237 3732 1548 3803 ἀγαθότητα
1574 3751 1827 3806 μεταχει-

238 3826 506 3899 τίζονται.
540 3826 644 3878 Kal
668 3826 748 3878 ὅτι
787 3828 989 3888 ἐκεῖνα,
1026 3827 1087 3879 ού
1126 3830 1422 3895 μυστήρια,
1469 3828 1605 3880 ἀλλὰ
1655 3829 1825 3889 τύπος

242 3920 409 3991 μόνον
430 3935 443 3947 °
468 3920 695 3989 ὅτιὸπερ
721 3918 1313 3988 όφθαλμοῖςὲϐλέπετο,
1336 3922 1511 3972 ἐκεῖνο
1545 3921 1704 3987 μόνον
1733 3916 1821 3988 ἧν.

237 4015 427 4068 Ταῦτα
455 4014 535 4079 δὲ,
572 4012 850 4082 μυστήρια
879 4015 971 4065 καὶ
993 4013 1053 4065 ού
1082 4011 1269 4073 τύπος,
1304 4012 1417 4064 ἀλλ’
1445 4013 1581 4082 αὐτὴ
1609 4013 1642 4079 ή
1694 4013 1827 4081 ἀλής

238 4104 381 4158 θεια.
440 4104 546 4155 Kal
580 4102 661 4155 ὃτι
717 4102 844 4155 ἄλλο
877 4102 937 4151 τὸ
968 4097 1105 4165 εἶδος
1137 4101 1195 4155 τὸ
1224 4102 1442 4170 ὁρατὸν,
1470 4105 1565 4154 καὶ
1601 4101 1727 4155 ἄλλο
1762 4103 1822 4153 τὸ

238 4194 535 4263 νοούμενον
600 4196 659 4246 ὲν
720 4194 924 4255 αὐτοῖς.
969 4194 1057 4244 Ἐν
1118 4192 1228 4261 γὰρ
1285 4193 1360 4263 τῷ
1417 4193 1598 4264 ὁρατῷ
1648 4193 1819 4263 ἄρτῳ,

244 4288 639 4358 ἐμπεριέχεται
670 4288 729 4339 τὸ
780 4286 981 4355 ἀληθὲς
1015 4286 1109 4339 τοῦ
1146 4286 1352 4354 Κυρίου
1402 4288 1584 4356 σῶμα,
1620 4287 1681 4339 τὸ
1729 4288 1820 4340 καὶ

241 4380 498 4445 ἀγγέλοις
522 4380 703 4435 αὐτοῖς
728 4379 1091 4447 περίϐλεπτόν
1110 4397 1169 4431 τε
1189 4379 1284 4431 καὶ
1312 4379 1511 4447 τίμιον.
1541 4380 1639 4433 Διὰ
1664 4378 1820 4433 10510

1918 1900 2064 1940 nem.
2098 1885 2235 1940 Hinc
2265 1887 2425 1941 etiam
2444 1886 2588 1956 quod
2623 1888 2923 1941 moriturus
2940 1897 3022 1942 est
3050 1887 3332 1956 patefacit,
3370 1886 3493 1940 ideo

1917 1986 1971 2031 et
2002 1978 2337 2033 Testamenti
2367 1978 2650 2043 meminit;
2680 1980 2961 2047 antiquum
2982 1980 3143 2033 etiam
3199 1980 3253 2032 in
3288 1994 3493 2032 memon

1921 2072 2051 2125 riam
2104 2082 2342 2135 revocat,
2376 2072 2500 2141 quia
2528 2080 2584 2125 et
2635 2072 2688 2125 id
2738 2088 2833 2140 per
2866 2073 3189 2143 sanguinem
3262 2072 3493 2126 innova-

1922 2176 2034 2220 tum
2102 2178 2202 2220 est.
2246 2186 2264 2218 ι
2320 2166 2385 2221 Ει
2456 2182 2645 2221 rursus
2712 2181 2929 2220 causam
3003 2168 3194 2221 mortis
3247 2166 3492 2235 exponit,

1924 2258 2106 2324 «Quod
2142 2274 2235 2327 pro
2291 2258 2474 2311 multis
2498 2257 2812 2311 eﬂ'undetur
2845 2257 2898 2309 in
2932 2256 3308 2310 remissionem
3366 2272 3490 2325 pec-

1920 2358 2184 2413 catorum,
2222 2369 2239 2399 ι
2278 2349 2419 2419 quod
2458 2349 2658 2402 docens
2688 2349 2939 2402 diccbat:
2994 2366 3011 2397 ι
3046 2346 3158 2401 Hoc
3211 2346 3370 2402 facite
3438 2348 3492 2401 in

1923 2457 2096 2493 meam
2132 2440 2752 2494 commemorationem:
2793 2450 2847 2495 ut
2886 2441 3014 2494 illud
3078 2441 3129 2492 in
3166 2455 3499 2493 commemo-

1922 2533 2183 2585 rationem
2212 2532 2429 2603 IEgypti
2457 2533 2841 2587 miraculorum
2871 2532 3053 2592 ﬁebat.
3079 2533 3158 2586 sic
3185 2539 3240 2585 et
3298 2533 3397 2585 boc
3438 2531 3496 2585 in

1921 2639 2118 2687 meam,
2157 2626 2201 2679 is
2242 2626 2463 2694 sanguis
2494 2626 2545 2678 in
2581 2626 3066 2696 primogenitorum
3120 2625 3349 2679 salutem
3410 2624 3495 2678 ef-

1919 2716 2073 2769 fusus
2092 2727 2193 2778 est,
2227 2718 2314 2770 hic
2343 2719 2397 2771 in
2431 2718 2808 2772 remissionem
2841 2726 3210 2786 peccatorum.
3250 2736 3266 2768 ο
3303 2717 3401 2771 Ac'
3439 2725 3499 2770 ut

1921 2807 2131 2877 Moyses
2161 2808 2311 2873 dicit,
2346 2827 2363 2859 ι
2403 2808 2516 2862 Hoc
2545 2809 2649 2863 erit
2688 2808 2842 2863 vobis
2870 2808 2923 2861 in
2952 2808 3270 2863 memoriam
3298 2807 3501 2876 sempi-

1923 2905 2128 2950 ternam
2159 2916 2171 2949 :
2216 2914 2232 2945 ι
2262 2897 2340 2951 sic
2374 2906 2429 2952 et
2457 2898 2590 2965 ipse,
2628 2898 2684 2951 in
2727 2914 2899 2952 meam
2933 2898 3498 2952 commemorationem

1919 2989 2093 3042 donec
2127 2990 2362 3053 veniam;
2438 2989 2644 3053 Pascha
2676 2991 2821 3045 enim
2850 2992 3024 3056 trado,
3062 3007 3157 3061 per
3211 2992 3356 3060 quod
3404 3006 3501 3046 vos

1921 3084 2230 3151 spirituales
2267 3084 2510 3137 facturus
2568 3101 2711 3140 sum.
2753 3106 2771 3136 ι
2812 3086 2985 3139 Audis
3029 3087 3161 3154 quid
3191 3088 3295 3141 hoc
3334 3087 3501 3158 signi-

1933 3176 2075 3237 ticat,
2109 3195 2127 3225 ι
2156 3176 2223 3229 ad
2258 3177 2417 3231 aliam
2443 3192 2683 3230 mensam
2706 3178 3291 3245 formidabilissimam;
3330 3199 3347 3229 ι
3376 3181 3503 3249 quia

1929 3281 2120 3319 carnea
2162 3267 2247 3318 illa
2292 3266 2435 3318 illius
2486 3283 2688 3320 mensae
2744 3277 2925 3329 erant,
2986 3269 3099 3322 haec
3149 3271 3499 3337 spiritualia;

1930 3359 2019 3412 illa
2041 3360 2297 3421 visibilia,
2323 3361 2438 3415 haec
2465 3362 2753 3416 invisibilia
2781 3370 2837 3415 et
2869 3364 3197 3417 intemerata
3222 3368 3499 3436 mysteria,

1930 3470 2238 3524 quanquam
2265 3455 2607 3509 sacerdotum
2647 3458 2901 3511 manibus
2970 3468 3190 3526 propter
3235 3474 3504 3515 summam

1931 3546 2049 3613 ejus
2076 3547 2374 3600 bonitatem
2403 3556 2727 3604 tractentur.
2762 3548 2828 3601 Et
2860 3549 2985 3618 quia
3019 3550 3105 3603 illa
3156 3566 3264 3605 non
3301 3561 3503 3621 myste-

1930 3640 2029 3704 ria,
2066 3640 2161 3693 sed
2226 3643 2409 3709 ﬁgura:
2451 3650 2659 3697 tantum
2689 3659 2703 3708 ;
2737 3644 2860 3712 quia
2893 3644 2945 3697 id
2975 3653 3093 3698 erat
3121 3653 3329 3698 tantum
3360 3644 3501 3714 quod

1930 3732 2104 3787 oculis
2141 3733 2485 3789 cernebatur.
2519 3732 2644 3789 Hzec
2679 3750 2808 3790 vero
2845 3737 3122 3806 mysteria,
3154 3752 3261 3789 non
3314 3737 3502 3807 ﬁgura,

1930 3830 2023 3884 sed
2048 3829 2161 3902 ipsa
2196 3832 2415 3888 veritas.
2461 3825 2667 3899 thuia
2690 3828 2832 3882 aliud
2869 3838 2953 3883 est
2985 3827 3213 3881 visibilis
3269 3829 3503 3896 species,

1928 3925 2073 3978 aliud
2105 3925 2247 3994 quod
2277 3939 2373 3993 per
2427 3937 2547 3977 eam
2597 3921 2935 3987 intelligitur.
3011 3918 3143 3973 Nam
3201 3921 3255 3973 in
3308 3920 3505 3974 visibili

1929 4032 2125 4086 panem
2150 4032 2338 4070 verum
2366 4014 2568 4070 Christi
2600 4029 2797 4083 corpus
2821 4015 3153 4079 continetur,
3200 4014 3347 4083 quod
3406 4029 3507 4067 an-

1927 4109 2026 4178 geli
2075 4118 2286 4162 tantum
2334 4108 2522 4162 vident
2554 4115 2607 4159 et
2641 4115 2989 4171 venerantur,
3046 4106 3252 4160 idcirco
3306 4105 3500 4159 formi-

1926 4199 2258 4253 dabilissima
2296 4208 2351 4253 et
2378 4200 2478 4281 alia
2511 4213 2698 4253 mensa
2736 4196 2974 4263 dicitur;
3009 4211 3120 4249 non
3148 4197 3273 4264 quia
3318 4211 3506 4266 azyma

1925 4291 2007 4345 vel
2028 4290 2354 4344 fermentata
2380 4290 2510 4351 sint,
2542 4300 2671 4344 tunc
2693 4289 2836 4343 enim
2858 4289 3105 4346 Christus
3127 4286 3289 4342 Jesus
3314 4288 3381 4341 de
3400 4287 3508 4340 fer-

1927 4385 2168 4431 mentata
2188 4377 2269 4429 vel
2286 4393 2472 4448 azymo
2502 4392 2607 4430 non
2634 4378 2859 4431 curabat
2882 4394 2896 4442 ;
2923 4378 3015 4430 sed
3041 4375 3364 4445 simpliciter
3390 4387 3509 4427 tan-

245 4471 663 4540 φρικωδεστίτη
694 4470 932 4537 λέγεται,
968 4471 1059 4523 καὶ
1098 4470 1259 4540 ἑτέρα
1296 4472 1546 4541 τράπεζα
1573 4486 1589 4502 ⁸
1626 4473 1719 4524 καὶ
1753 4473 1811 4524 ού

1926 4482 2037 4527 tum
2057 4472 2125 4525 de
2146 4487 2305 4541 pane,
2333 4483 2389 4526 ut
2411 4486 2569 4526 suum
2589 4471 2902 4541 mysterium
2926 4469 3184 4524 traderet.
3216 4467 3504 4535 Percipite,

241 4563 335 4616 διά
370 4564 438 4615 τὰ
506 4564 697 4631 ἄζυμα
731 4564 762 4631 ἦ
792 4562 1002 4631 ενζυμα
1037 4564 1305 4632 ὑπάρχειν
1331 4580 1344 4595 ·
1376 4563 1495 4615 οὐδὲ
1522 4564 1632 4633 γὰρ
1664 4582 1825 4633 φρον-

1925 4567 2147 4631 fratres,
2185 4564 2468 4634 percipite,
2495 4571 2550 4617 at
2587 4577 2870 4631 nunquam
2902 4562 3150 4630 poteritis
3186 4560 3290 4614 nisi
3320 4560 3495 4629 etipsi

242 4656 332 4715 τὶς
385 4649 453 4723 ἦν
516 4653 693 4720 Ἰησοῦ
733 4653 811 4723 τῷ
854 4654 1077 4723 Χριστῷ
1132 4655 1254 4707 τότε
1299 4656 1422 4722 περὶ
1478 4654 1731 4720 ζυμωτοῦ
1788 4656 1816 4723 ἢ

1926 4656 2289 4712 credideritis.
2358 4672 2378 4706 ι
2418 4654 2475 4708 Si
2550 4668 2659 4707 non
2724 4653 3091 4713 credideritis.
3156 4653 3503 4720 inquit,non

198 4743 558 4813 ’ἁζυμώτου,
636 4745 775 4800 ἀλλὰ
829 4747 959 4815 περὶ
1015 4748 1180 4815 άρτου
1240 4747 1401 4815 μόνον
1460 4747 1684 4809 ἁπλῶς·
1740 4748 1816 4801 τνσ

1926 4745 2265 4814 intelligetis,
2304 4762 2322 4796 ι
2370 4743 2495 4813 quia
2529 4751 2709 4813 etnos
2730 4758 2854 4797 cum
2912 4741 3267 4805 credidimus,
3340 4742 3507 4794 intel-

239 4835 544 4907 παραδὼσῃ
569 4836 735 4890 αύτοῢ
762 4837 822 4890 τὸ
858 4840 1178 4909 μυστήριον.
1220 4838 1816 4907 Ἑννοήσατε,ἁδελφοὶ,

1929 4837 2198 4891 lcximus:
2231 4836 2575 4904 dicimusque
2601 4835 2717 4889 haec
2746 4850 2867 4903 qua:
2908 4848 3006 4890 vos
3037 4834 3233 4889 videtis
3273 4845 3326 4887 ct
3351 4836 3509 4889 audi-

241 4928 562 4996 ὲννοήσατε.
590 4928 755 4985 ,“Αλλ’
802 4928 901 4981 ούκ
954 4928 1020 4982 άν
1075 4946 1205 4981 ποτε
1254 4929 1597 4999 δυνηθείητε,
1636 4934 1702 4984 ἂν
1751 4932 1816 5002 μὴ

1929 4929 2038 4993 tis;
2087 4943 2192 4983 non
2223 4929 2367 4981 enim
2397 4943 2459 4980 ex
2520 4927 2791 4993 doctrina,
2834 4928 2931 4982 sed
2994 4943 3063 4982 ex
3115 4928 3221 4982 ﬁde
3274 4929 3507 4981 dicimus

245 5020 343 5070 καὶ
376 5018 534 5071 αὐτοὶ
552 5018 881 5086 πιστεύσητε
911 5034 925 5050 ·
964 5037 983 5069 ‹
1023 5018 1147 5071 Ἐάν
1168 5020 1241 5087 μὴ
1269 5018 1615 5089 πιστεύσητε,
1643 5022 1827 5088 φησὶν,

243 5110 357 5163 οὐδ’
388 5110 448 5162 ού
489 5110 563 5179 μὴ
590 5113 809 5180 συνῆτε.
856 5127 873 5160 ι
920 5112 1029 5163 Καὶ
1064 5110 1173 5181 γάρ
1196 5112 1289 5163 καὶ
1314 5112 1475 5179 ἡμεῖς
1502 5112 1829 5165 πιστεύσαν-

244 5216 362 5263 τις,
393 5201 720 5269 ὲνοήσαμεν,
770 5202 864 5253 καὶ
919 5201 1155 5270 λέγομεν
1192 5201 1365 5256 ταῦτα
1414 5204 1557 5274 ἅπερ
1603 5203 1829 5273 βλέπετε

246 5291 347 5342 καὶ
378 5291 625 5345 ἀκούετε.
660 5292 735 5345 Οὐ
768 5292 876 5361 γὰρ
910 5293 974 5345 ὲκ
1011 5293 1331 5363 μαθήσεως,
1355 5294 1471 5346 ἀλλ’
1498 5296 1562 5347 ἐκ
1596 5295 1830 5356 πίστεως

249 5382 482 5451 λέγομεν
510 5384 612 5436 ὅσα
654 5384 718 5453 δὴ
750 5385 844 5438 καὶ
880 5385 1134 5455 λέγομεν.
1170 5386 1291 5439 Ἵνα
1333 5387 1390 5439 δὲ
1439 5386 1617 5455 γνῶτε
1667 5386 1741 5449 ὡς
1770 5389 1831 5439 οὗ

1926 5036 2269 5089 quaecunque
2299 5019 2555 5074 dicimus.
2610 5018 2679 5073 Ut
2725 5030 2904 5075 autem
2970 5023 3336 5085 cognoscatis.
3399 5037 3504 5073 non

1932 5120 2099 5167 totam
2170 5112 2342 5181 legem
2368 5120 2609 5166 veterem
2641 5127 2739 5166 suo
2763 5112 2997 5166 adventu
3051 5111 3328 5164 Christum
3388 5126 3507 5164 sus-

1932 5206 2155 5270 tulisse;
2217 5204 2311 5259 sed
2358 5204 2463 5258 alia
2524 5203 2591 5258 ad
2655 5205 2846 5259 mitius
2903 5202 3235 5266 traduxisse,
3269 5204 3375 5257 alia
3409 5205 3501 5256 ab-

1935 5296 2188 5360 scidisse,
2221 5296 2325 5349 alia
2363 5296 2683 5350 immutasse
2715 5296 2775 5350 in
2802 5296 2963 5349 aliam
3000 5294 3252 5360 formam,
3285 5308 3338 5351 et
3400 5296 3503 5349 hoc

1943 5389 2330 5457 adiungamus.

253 5473 435 5526 πάντα
472 5474 540 5526 τὰ
566 5474 661 5527 105
693 5474 927 5527 παλαιοῦ
980 5475 1145 5545 νόμου
1180 5476 1530 5529 κατέπαυσεν
1567 5477 1595 5529 ό
1624 5475 1830 5543 Κύριος
1874 5456 2065 5545 ἐλθὼν,
2096 5456 2211 5533 ἀλλ’
2241 5482 2377 5536 άλλα
2411 5483 2509 5552 μὲν
2548 5480 2856 5551 ἡμέρωσιν,
2911 5478 3045 5533 ἄλλα
3107 5479 3165 5532 δὲ
3230 5456 3502 5551 ηύξησεν,

253 5567 391 5624 ἄλλα
432 5569 479 5623 δ’
513 5568 788 5637 ἀπέκοψεν
812 5604 831 5636 ,
863 5568 999 5625 ἄλλα
1028 5571 1074 5624 δ’
1114 5570 1436 5642 ὲμόρφωσεν
1463 5610 1479 5637 ,
1522 5572 1616 5626 καὶ
1656 5573 1827 5627 ταῦτα
1858 5576 2204 5647 προσθῶμεν.

998 5667 1075 5723 ις’.

326 5757 584 5831 Τέσσαρα
633 5761 742 5836 γάρ
795 5780 925 5821 τινα
950 5763 1225 5836 περιεῖχεν
1269 5764 1306 5847 ,ό
1363 5761 1593 5828 παλαιὸς
1641 5763 1825 5876 νόμοξ,

2691 5670 2752 5726 ν.

2006 5766 2139 5821 Nam
2193 5774 2427 5837 quatuor
2456 5764 2817 5838 qumdamlcx
2874 5767 3095 5840 antiqua
3158 5766 3495 5835 continebat,
