3978 6204
233 275 377 345 1209

231 410 352 463 ραις
379 408 395 425 °

226 485 533 556 διαρρήδην
581 486 701 558 βοᾷ.
744 487 905 542 Ἀλλὰ
938 490 1097 546 τοῦτο
1133 493 1233 563 μὲν
1278 494 1377 549 οὐκ
1411 493 1588 552 εἷπον.
1625 501 1723 553 Διὰ
1754 502 1808 554 τί

229 577 288 631 δέ
314 594 330 645 ;
362 578 506 631 Διότι
535 579 636 631 οὐκ
666 575 816 650 εἶχον
840 584 1036 637 εἰπεῖν.
1068 584 1128 636 El
1157 584 1249 638 οὖν
1283 588 1530 657 ἀπείρων
1565 580 1806 663 πρωερσ

234 670 482 740 χομένων
514 670 1006 741 ψευδομαρτύρων,
1039 679 1095 729 ἐν
1127 678 1307 741 ἄλλοις
1335 680 1433 747 μὲν
1473 686 1810 753 μαρτυρούν-

232 779 363 825 των,
410 765 501 815 καὶ
549 764 721 817 ταῦτα
757 765 1032 834 ψευδέσιν,
1071 763 1145 822 ὧν
1184 770 1274 839 ἴση
1308 774 1338 839 ἡ
1384 777 1657 844 μαρτυρία
1708 778 1809 831 οὐκ

230 849 321 922 ἦν,
354 853 440 906 διὰ
479 855 531 907 τί
580 856 735 909 τοῦτο
770 858 871 910 οὐκ
909 856 1062 913 εἶπον
1116 862 1148 929 ἦ
1205 863 1625 934 ἐμαρτύρησαν,
1671 870 1808 938 ὅπερ

234 945 622 1012 ἀναμφιϐόλως
662 947 893 1001 θάνατον
943 951 1157 1004 ἀπειλεῖ
1184 956 1296 1016 τοῖς
1348 956 1690 1023 παραϐάταις
1725 959 1812 1011 αί-

235 1038 554 1109 σχρότατον.
580 1040 857 1107 Θαυμάζω
880 1038 972 1094 οὖν
1002 1043 1069 1095 τὰ
1094 1044 1340 1109 πλεῖστα,
1360 1047 1476 1109 πῶς
1498 1051 1544 1100 oi
1562 1048 1809 1102 Ἰουδαῖοι

232 1130 565 1197 ἐρευνῶντες
614 1132 794 1184 αἰτίαν
822 1134 919 1202 οὐχ
959 1129 1135 1205 εὗρον,
1167 1137 1273 1190 οὐδ’
1309 1141 1335 1190 ό
1378 1139 1600 1203 Ἰούδας,
1639 1142 1811 1194 πολλὰ

232 1223 528 1289 καμόντες,
565 1224 658 1275 καὶ
687 1223 782 1277 νῦν
813 1227 860 1277 oi
892 1228 1153 1298 ἡμέτεροι
1177 1229 1396 1298 ἀδελφοὶ
1430 1233 1809 1302 προχειρίζου-

234 1330 318 1367 σιν
346 1314 528 1367 αἰτίαν
568 1317 661 1368 καὶ
706 1318 980 1384 πρόφασιν
1009 1320 1359 1390 δικαιοτάτην
1403 1324 1575 1393 Ἰούδα
1624 1343 1682 1377 τε
1714 1326 1809 1379 καὶ

232 1407 347 1468 τοῖς
394 1406 692 1469 Ἰουδαίοις.
740 1409 968 1463 Ἐκεῖνοι
1003 1411 1102 1479 μὲν
1134 1412 1242 1482 γὰρ
1268 1412 1615 1481 ἐρωτώμενοι
1660 1418 1810 1485 παρά

232 1494 326 1547 τοῦ
352 1496 605 1557 Πιλάτου.
638 1498 757 1550 τίνα
780 1499 1004 1570 φέρουσι
1069 1503 1212 1554 κατὰ
1247 1502 1340 1555 τοῦ
1370 1504 1581 1560 δικαίου
1609 1507 1808 1573 αἰτίαν,

233 1585 362 1641 ἄλλο
388 1586 560 1639 εἰπεῖν
589 1590 691 1642 οὐκ
738 1585 907 1659 εἶχον,
941 1592 972 1659 ἢ
1010 1594 1091 1645 ὅτι
1147 1594 1280 1646 Θεὸν
1326 1595 1517 1649 ἑαυτὸν
1555 1599 1648 1650 καὶ
1684 1600 1813 1653 Υίδν

234 1675 371 1729 Θεοῦ
409 1677 665 1745 ὀνομάζει
690 1696 704 1711 ·
739 1682 835 1733 καὶ
866 1681 1076 1734 πολλῶν
1122 1685 1213 1735 ἐπὶ
1245 1685 1400 1739 τοῦτο
1434 1688 1811 1759 ψευδομαρτύ-

232 1783 345 1834 ρων
388 1767 673 1833 ἐλθόντων,
724 1772 819 1841 οὐχ
862 1772 1021 1843 εὗρον
1065 1777 1241 1829 εἰπεῖν
1267 1792 1285 1810 ο
1326 1778 1419 1831 νῦν
1453 1781 1495 1830 δ’
1527 1781 1673 1834 οὖτοι
1709 1801 1810 1834 πα·-

236 1857 482 1929 ραῦάτην
508 1861 788 1932 προδήλως
815 1865 1026 1918 ποιοῦσι
1054 1868 1147 1919 τὸν
1171 1867 1404 1937 Χριστόν
1432 1888 1445 1902 ’
1474 1875 1563 1925 καὶ
1586 1874 1810 1935 δικαίως

236 1952 403 2008 αὐτὸν
434 1957 836 2025 κατακριθέντα
867 1960 1017 2027 παρὰ
1040 1961 1148 2015 τῶν
1195 1962 1484 2026 Ἰουδαίων,
1511 1967 1733 2031 ἄκοντές
1755 1986 1811 2021 τε

233 2046 330 2097 καὶ
376 2045 452 2113 μὴ
488 2044 822 2115 βουλόμενοι,
870 2049 1015 2117 μάλα
1044 2054 1308 2117 γενναίως
1336 2055 1835 2111 ἀποδεικνύουσινυ

239 2137 447 2199 Ὄντως
484 2140 682 2210 θρήνου
717 2144 855 2194 είσὶν
890 2142 1029 2208 ἄξιοι
1073 2148 1163 2197 καὶ
1198 2145 1381 2208 ἐλέους
1410 2148 1459 2199 οἱ
1491 2150 1557 2201 τὰ
1587 2150 1813 2203 τοιαῦτα

234 2236 564 2301 φάσκοντες.
613 2237 753 2289 Ἀλλ’
790 2239 837 2289 εί
880 2240 973 2291 καὶ
1014 2240 1157 2294 κατὰ
1186 2241 1277 2292 τὸν
1309 2243 1575 2313 ὑμέτερον
1612 2247 1815 2299 σκοπὸν

238 2328 470 2395 ἐνζυμος
502 2324 591 2397 ἦν,
654 2330 762 2381 οὐδ’
787 2330 930 2383 οὕτω
962 2332 1187 2395 δικαίως
1235 2334 1407 2403 ἔχοιτε
1457 2336 1522 2388 ἂν
1560 2337 1816 2402 ἐγκαλεῖν

237 2421 301 2489 τῇ
368 2420 650 2490 Ῥωμαῖκῇ
720 2423 1051 2495 Ἐκκλησία,
1111 2426 1196 2477 διὰ
1290 2427 1350 2479 τὸ
1402 2427 1590 2497 ἄζυμα
1645 2431 1813 2490 θύειν,

239 2514 429 2584 ἅσπερ
469 2516 588 2566 οὐδὲ
617 2516 800 2585 ἐκείνη
843 2519 1119 2587 μέμφεται
1156 2520 1255 2588 τὴν
1287 2522 1613 2585 ἀνατολικὴν
1644 2524 1728 2575 διὰ
1759 2526 1819 2578 τὸ

238 2608 447 2676 ἐνζυμα
496 2608 666 2662 θύειν.
708 2611 901 2662 Καίτοι
930 2628 992 2677 γε
1038 2612 1250 2685 κεφαλὴ
1280 2610 1413 2667 οὖσα
1443 2614 1541 2683 τῆς
1593 2617 1823 2677 Ἐκκλη-

243 2700 386 2763 σίας,
446 2701 679 2771 ἠδύνατο
734 2704 984 2771 ἐγκαλεῖν
1028 2707 1123 2757 καὶ
1174 2708 1527 2776 κατακρίνειν
1584 2708 1710 2772 τοὺς
1747 2708 1820 2778 μὴ

241 2795 531 2859 ποιοῦντας
585 2797 660 2859 ὡς
706 2798 888 2868 ἐκείνη
939 2801 1114 2852 ποιεῖ’
1164 2801 1350 2870 ἐπειδὴ
1403 2801 1635 2868 βεϐαίως
1686 2801 1822 2870 αὐτὴ

242 2885 384 2945 οἶδεν
416 2888 625 2956 ἄζυμον
658 2890 823 2958 ἄρτον
854 2892 1288 2960 ίερουργήσαντα
1323 2894 1415 2945 τὸν
1446 2894 1701 2961 Χριστὸν.
1735 2895 1823 2945 ὅτε

243 2981 304 3033 ἐν
328 2980 406 3050 τῷ
451 2980 686 3052 ὑπερῴῳ
718 2982 1056 3036 συνεδείπνει
1096 2986 1209 3046 τοῖς
1251 2985 1523 3055 μαθηταῖς
1548 3003 1563 3018 ο
1610 2987 1703 3039 καὶ
1736 2985 1824 3038 οὖ·-

730 278 880 341 rao
919 238 1528 347 CONC.‘FLORENT
1593 290 1757 354 CAP.
1800 293 1813 349 ι

1930 295 2022 355 DE
2065 299 2316 362 ΛΖῩΜΟ
2352 304 2448 365 ΕΤ
2491 305 3033 367 FERMENTATO.

453 393 513 447 δν
543 394 768 493 ὀᾼνομος
820 396 1269 469 ὲξολοθρευθῆναι
1316 405 1374 469 ἐξ
1425 407 1558 458 υἱῶν
1599 409 1815 481 Ἰσραὴλ

1930 418 2138 473 clamat.
2177 421 2245 475 At
2273 422 2607 493 hocquidem
2640 440 2746 479 non
2770 425 3048 482 dixerunt.
3105 424 3349 493 Quanam
3412 430 3479 486 de

3343 313 3490 378 1910'

1911 514 2113 566 causa?
2164 514 2301 580 Quia
2335 516 2518 571 dicere
2548 532 2651 569 non
2682 526 2999 585 potuerunt.
3035 518 3089 573 Si
3151 520 3312 588 igitur
3358 536 3479 575 cum

1912 605 2064 657 multi
2100 604 2219 658 falsi
2255 614 2421 660 testes
2464 608 2824 660 accessissent
2864 609 2931 662 de
2984 608 3103 662 aliis
3153 608 3481 664 criminibus

1915 696 2283 758 testiﬁcantes,
2345 706 2399 749 et
2452 707 2712 765 prazterea
2746 698 2915 762 falsis,
2952 714 3183 767 quorum
3240 701 3484 754 testimo-

1911 789 2062 841 nium
2119 804 2226 841 non
2268 799 2388 842 erat
2416 790 2774 853 conveniens,
2826 804 2922 842 cur
2968 791 3018 843 id
3071 805 3175 842 non
3202 789 3479 855 dixerunt,

1911 880 1996 935 vel
2066 882 2443 935 testimonium
2503 896 2605 934 non
2669 882 2928 945 tulerunt,
2978 881 3123 949 quod
3174 880 3292 933 sine
3317 880 3483 933 dubio

1914 972 2279 1040 turpissimam
2314 975 2553 1026 minatur
2588 982 2818 1027 mortem
2850 974 2915 1026 iis
2936 974 3028 1039 qui
3074 972 3485 1041 transgrediun-

1915 1064 2041 1116 tur?
2069 1064 2322 1117 Admiror
2347 1066 2507 1134 igitur
2526 1065 2819 1119 admodum
2856 1065 3126 1129 quomodo
3154 1064 3325 1117 Judrei
3358 1078 3486 1117 cau-

1913 1173 2027 1211 sam
2070 1157 2261 1210 scdulo
2292 1168 2621 1225 quzerentes,
2662 1173 2770 1210 non
2802 1157 3146 1220 invenerunt,
3195 1172 3314 1210 cum
3347 1155 3487 1208 mul—

1914 1257 2026 1302 tum
2079 1250 2444 1312 insudassent,
2489 1264 2664 1315 neque
2718 1247 2906 1302 Judas.
2972 1249 3036 1301 Et
3083 1262 3229 1301 nunc
3285 1247 3484 1300 fratres

1914 1340 2084 1393 nostri
2108 1354 2327 1392 causam
2359 1351 2410 1392 et
2443 1349 2762 1408 praetextum
2788 1340 3154 1407 justissimum
3179 1336 3330 1391 Judae
3359 1337 3523 1405 ειιὶμ,

1915 1432 2247 1491 ministrant.
2300 1431 2460 1485 simul
2516 1446 2579 1485 ac
2631 1430 2851 1485 Judaeis.
2918 1432 3131 1485 Etenim
3185 1431 3217 1482 ii
3249 1446 3275 1481 τι
3313 1428 3486 1484 Pilato

1914 1523 2232 1592 interrogati
2265 1538 2425 1592 quam
2490 1538 2715 1577 causam
2768 1538 2893 1589 erga
2950 1523 3156 1591 justum
3209 1521 3484 1574 hominem

1914 1614 2194 1679 all‘errent,
2264 1614 2409 1668 aliud
2456 1614 2637 1667 dicere
2689 1629 2799 1666 non
2827 1621 3126 1682 potuerunt
3154 1627 3313 1680 quam
3343 1611 3487 1680 quod
3551 1601 3557 1607 ’

1917 1705 2082 1760 Deum
2130 1705 2368 1774 seipsum
2412 1715 2466 1758 et
2494 1705 2584 1758 Dei
2637 1704 2834 1757 Filium
2892 1704 3215 1772 appellaret,
3255 1715 3487 1770 cumque

1915 1800 1980 1853 ad
2014 1799 2116 1853 hoc
2151 1796 2542 1851 testiﬁcandum
2576 1796 2727 1849 multi
2766 1795 2879 1850 falsi
2918 1804 3084 1849 testes
3108 1793 3488 1855 accessissent,

1915 1892 1966 1947 id
2000 1907 2105 1945 non
2143 1891 2488 1944 invenerunt.
2547 1887 2650 1956 Ipsi
2684 1902 2813 1941 vero
2860 1902 3004 1940 nunc
3057 1896 3490 1953 trangressorem

1912 1982 2190 2036 Christum
2232 1989 2422 2049 aperte
2497 1979 2725 2042 faciunt,
2766 1980 2998 2046 iureque
3058 1980 3242 2047 ipsum
3296 1992 3327 2031 a
3375 1976 3476 2031 Ju-

1916 2074 2047 2128 dzeis
2068 2074 2406 2137 damnatum,
2428 2072 2674 2126 volentes
2706 2070 2952 2123 nolentes
2987 2070 3203 2139 egregie
3234 2080 3491 2136 compro-

1916 2166 2070 2219 bant.
2111 2165 2174 2217 Hi
2207 2164 2454 2233 profecto
2492 2161 2620 2216 ﬂetu
2665 2172 2719 2216 et
2751 2160 3126 2215 misericordia
3164 2159 3310 2229 digni
3340 2167 3491 2217 sunt,

1916 2259 2007 2328 qui
2063 2260 2177 2311 haec
2208 2258 2419 2310 dicunt.
2484 2256 2752 2309 Praeterea
2824 2251 2870 2306 si
2906 2252 3207 2306 secundum
3254 2257 3492 2304 vestram

1918 2352 2276 2405 intentionem
2310 2349 2665 2402 fermentatus
2687 2356 2825 2411 erat,
2860 2361 3037 2414 neque
3073 2345 3153 2398 sic
3182 2344 3303 2411 jure
3338 2350 3492 2409 pote-

1920 2446 2018 2498 stis
2037 2445 2335 2497 Romanam
2366 2441 2681 2495 insimulare
2702 2439 3022 2497 Eeclesiam,
3043 2438 3185 2506 quod
3222 2438 3275 2489 in
3299 2448 3491 2504 azymo

1922 2536 2225 2601 sacrificat;
2278 2532 2733 2603 quemadmodum
2784 2540 2836 2583 et
2885 2547 2945 2583 ea
2995 2527 3326 2582 Orientalem
3383 2540 3494 2579 non

1921 2629 2291 2697 reprehendit,
2322 2627 2366 2681 si
2410 2626 2461 2680 in
2500 2624 2824 2679 fermentata
2852 2621 3149 2676 sacriﬁcat.
3178 2620 3340 2688 Atqui
3369 2632 3492 2671 cum

1923 2730 2087 2790 caput
2139 2719 2395 2775 Ecclesiae
2430 2720 2525 2782 sit,
2562 2719 2813 2772 incusare
2848 2724 3106 2785 poterat.-
3133 2722 3187 2766 et
3224 2714 3488 2764 damnare

1925 2814 2014 2881 qui
2047 2828 2167 2865 eam
2215 2827 2323 2865 non
2357 2818 2662 2879 sequuntur
2695 2824 2708 2859 :
2744 2824 2870 2866 nam
2924 2809 3041 2877 ipsa
3081 2805 3308 2859 ﬁrmiter
3345 2802 3497 2856 novit

1928 2904 1979 2955 in
2003 2916 2194 2973 azymo
2228 2900 2508 2954 Christum
2538 2898 2898 2962 sacriﬁcasse,
2937 2911 3060 2949 tum
3109 2897 3163 2949 in
3212 2892 3496 2948 caenaculo

1930 3011 2036 3048 una
2071 3011 2189 3047 cum
2224 2994 2338 3048 suis
2380 2992 2661 3061 discipulis
2710 2990 2947 3044 cmnavit
2976 3030 2991 3054 ,
3028 2998 3081 3042 et
3114 2978 3366 3041 similiter
3397 3000 3494 3040 eos

245 3091 354 3134 τως
407 3076 583 3126 ποιεῖν
637 3075 836 3134 αὐτοὺς
891 3077 973 3139 εἰς
1028 3078 1252 3145 μνήμην
1292 3077 1456 3129 αὐτοῦ
1508 3078 1818 3135 ἐκέλευσεν,

1930 3089 1979 3140 in
2008 3102 2161 3142 suam
2196 3084 2771 3139 commemorationem
2797 3082 2963 3151 jussit
2991 3080 3190 3135 facere.
3222 3078 3381 3145 Quod
3403 3093 3503 3132 au-

249 3166 373 3219 Ὅτι
400 3166 458 3220 δὲ
486 3167 580 3222 καὶ
618 3169 676 3221 ὲν
706 3168 846 3221 ἑπτὰ
874 3170 1112 3238 ἡμέραις
1150 3170 1242 3222 τοῦ
1287 3171 1498 3239 Πάσχα,
1528 3168 1704 3224 οὔδεϊ
1738 3173 1824 3224 εὑ-

252 3262 475 3332 ρεθῆναι
529 3262 784 3330 ἔνζυμον,
837 3264 931 3315 τοῦ
966 3264 1354 3332 Χρυσοστόμου
1415 3266 1576 3317 πάλιν
1612 3266 1827 3334 Πατρδς

247 3352 600 3420 ἀκούσωμεν,
626 3354 684 3405 ἰν
710 3354 775 3420 τῇ
808 3352 943 3420 πρὸς
971 3353 1294 3421 Κορινθίους
1318 3354 1513 3424 πρώτῃ
1544 3354 1823 3421 ἐπιστολῇ·

249 3449 387 3515 φησὶ
417 3447 521 3515 γάρ
547 3462 562 3476 ·
598 3463 617 3496 ι
657 3444 929 3513 Πρότερον
953 3444 1218 3513 εἴπωμεν,
1245 3445 1331 3498 διὰ
1358 3446 1412 3498 τί
1438 3448 1501 3499 ὲκ
1533 3449 1640 3500 τῶν
1664 3447 1829 3514 ὁρίων

250 3537 474 3592 πάντων
519 3536 880 3589 ἀπελαύνεται
920 3537 953 3605 ή
1006 3535 1175 3606 ζύμη.
1232 3536 1298 3588 Τί
1340 3534 1433 3591 οὖν
1484 3540 1602 3592 ἐστι
1640 3540 1700 3591 τὸ
1748 3541 1831 3593 αῖ-

252 3648 422 3698 νιγμα
450 3646 464 3695 ;
495 3630 677 3698 πάσης
704 3630 971 3700 πονηρίας
1001 3629 1347 3698 ἀπηλλάχθαι
1384 3630 1465 3684 δεῖ
1490 3632 1582 3684 τὸν
1611 3633 1828 3687 πιστόν.

256 3724 471 3791 Ὠσπερ
501 3722 608 3791 γὰρ
643 3724 852 3785 ἐκεῖνος
880 3722 1176 3775 ἀπόλλυται
1226 3724 1361 3777 ὅπου
1394 3724 1460 3776 ἂν
1490 3724 1690 3794 εὑρεθῇ
1726 3742 1830 3777 πα-

252 3817 383 3870 λαιὰ
416 3817 584 3884 ζύμη,
632 3814 777 3868 οὕτω
811 3815 904 3867 καὶ
961 3815 1092 3883 παρ’
1139 3817 1297 3884 ἡμῖν,
1345 3816 1475 3869 ἔνθα
1524 3816 1591 3868 ἂν
1630 3818 1829 3888 εὑρεθῇ

254 3912 493 3980 πονηρία
515 3924 528 3939 ⁸
568 3910 628 3963 οὐ
663 3910 767 3980 γὰρ
815 3910 988 3977 δήπου
1021 3911 1114 3960 ἐπὶ
1144 3911 1243 3977 μὲν
1274 3911 1371 3979 τῆς
1405 3912 1565 3972 σκιᾶς
1592 3911 1762 3979 πολλὴ
1795 3913 1827 3979 ἡ

254 4002 497 4064 κόλασις,
542 4001 634 4052 ἐπὶ
672 4000 729 4052 δὲ
782 3999 965 4067 ἡμῶν,
1011 3999 1073 4052 οὐ
1130 3998 1309 4066 πολλῷ
1347 3999 1572 4067 μείζων.
1623 3999 1687 4051 Εἰ
1724 3999 1831 4065 γὰρ

256 4094 356 4156 τὰς
384 4093 562 4149 οἰκίας
609 4092 751 4146 οὕτω
804 4091 1183 4156 καθαίρουσιν,
1218 4090 1291 4151 ὡς
1343 4090 1437 4142 καὶ
1489 4089 1648 4157 μυῶν
1694 4089 1834 4149 ὀπὰς

256 4184 705 4254 περιεργάζεται,
740 4174 921 4251 πολλῷ
951 4182 1152 4249 μᾶλλον
1191 4184 1341 4249 ἡμᾶς
1380 4181 1478 4251 τὴν
1514 4180 1694 4251 ψυχὴν
1726 4182 1834 4232 διε-

260 4276 553 4348 ρευνᾶσθαι
601 4277 703 4328 δεῖ.
755 4294 773 4327 ι
834 4276 986 4327 Ἐπεὶ
1020 4270 1115 4329 οὖν
1154 4274 1303 4341 μυῶν
1338 4274 1479 4334 ὀπὰς
1531 4273 1835 4341 περιεργά-

260 4369 465 4434 ζονται,
503 4367 680 4434 πολλῷ
714 4367 915 4435 μᾶλλον
940 4367 1399 4434 περιεργάσαιντο
1440 4366 1525 4429 ἂν,
1566 4367 1614 4417 εί
1652 4365 1679 4416 ὁ
1704 4367 1835 4432 Χρι-

1930 3186 2035 3231 tem
2064 3177 2118 3230 in
2154 3176 2217 3230 iis
2255 3185 2462 3244 septem
2496 3174 2719 3229 Pascha:
2750 3174 2960 3234 diebus,
2989 3172 3375 3227 fermentatum
3406 3182 3501 3225 es-

1929 3275 2011 3319 set
2035 3265 2284 3328 vetitum,
2328 3262 2784 3330 Chrysostomum
2825 3258 3037 3311 Patrem
3073 3272 3263 3311 rursus
3303 3254 3502 3309 audia-

1929 3368 2072 3416 mus,
2120 3354 2173 3407 in
2233 3352 2462 3421 primam
2514 3351 2581 3403 ad
2622 3347 2934 3403 Corinthios
2980 3345 3320 3414 Epistolam;
3371 3342 3505 3397 dicit

1930 3447 2072 3500 enim
2102 3463 2115 3498 :
2148 3461 2168 3494 ι
2198 3443 2369 3496 Antea
2404 3440 2761 3510 exposuimus
2789 3453 2887 3492 cur
2921 3437 2988 3491 ab
3018 3434 3273 3490 omnibus
3298 3433 3501 3487 ﬁnibus

1930 3537 2163 3607 pellatur
2206 3535 2562 3589 fermentum.
2617 3530 2872 3597 Enigma
2910 3530 3013 3583 hoc
3048 3528 3179 3601 quid
3213 3523 3500 3580 ostendit?

1932 3628 2014 3681 Ah
2043 3626 2192 3681 omni
2229 3624 2495 3695 pravitate
2520 3630 2738 3692 oportet
2770 3618 2979 3672 ﬁdelem
3004 3612 3283 3670 discedere
3326 3629 3339 3666 :
3374 3624 3501 3663 nam

1934 3718 2389 3787 quemadmodum
2414 3723 2586 3769 morte
2626 3711 2858 3767 moritur
2889 3710 2958 3771 is,
2980 3705 3119 3776 apud
3150 3718 3313 3772 quem
3352 3708 3508 3755 vetus

1936 3809 2262 3864 fermentum
2290 3818 2565 3875 repertum
2599 3804 2781 3866 fuerit,
2816 3800 2895 3857 sic
2924 3807 2978 3854 et
3011 3812 3134 3861 nos,
3159 3795 3250 3848 ubi
3297 3790 3505 3847 malitia

1935 3910 2148 3970 reperta
2181 3914 2289 3955 est.
2330 3899 2448 3952 Non
2481 3899 2628 3952 enim
2680 3909 2873 3963 magna
2923 3906 3082 3960 poena
3141 3886 3397 3943 statuitur
3449 3882 3507 3937 in

1938 3995 2151 4055 umbra,
2196 3993 2249 4045 in
2303 3990 2463 4044 nobis
2491 4003 2621 4042 vero
2659 4001 2766 4039 non
2812 3984 2985 4038 multo
3034 3980 3231 4049 major.
3270 3976 3326 4031 Si
3359 3974 3507 4029 enim

1937 4087 2130 4137 dumos
2162 4083 2233 4136 ita
2277 4087 2637 4151 perpurgant,
2679 4087 2735 4130 ut
2762 4078 2813 4129 in
2869 4074 3104 4128 murium
3151 4065 3511 4124 foraminibus

1937 4175 2097 4230 anxie
2124 4181 2425 4234 versentur,
2458 4172 2625 4222 multo
2660 4166 2833 4234 magis
2862 4181 2959 4218 nos
2991 4163 3226 4217 animam
3253 4167 3510 4211 excutere

1939 4275 2174 4335 Oportet.
2194 4264 2328 4318 Cum
2357 4265 2531 4330 igitur
2549 4261 2785 4313 murium
2816 4257 3084 4309 foramina
3110 4253 3270 4305 anxie
3298 4248 3511 4315 disqui-

1942 4364 2110 4416 rant,
2147 4352 2316 4406 multo
2384 4351 2459 4403 illi
2492 4348 2665 4417 magis
2710 4345 2936 4402 solliciti
2987 4344 3052 4397 ad
3112 4337 3501 4395 excutiendum

262 4462 387 4522 στὸς
416 4458 633 4529 ἑνζύμῳ
666 4461 944 4528 ἐχρήσατο
969 4461 1034 4528 τῇ
1069 4460 1224 4511 νυκτὶ
1249 4459 1454 4527 ἐκείνῃ.
1482 4458 1559 4520 ὡς
1585 4458 1825 4510 ἐναντίον

1943 4445 2196 4507 fuissent,
2244 4460 2310 4496 an
2358 4442 2607 4498 Christus
2662 4455 2725 4493 ea
2787 4446 2945 4491 nocte
2996 4435 3260 4489 fermento
3316 4429 3513 4483 fuisset

267 4552 357 4607 τοῦ
390 4553 554 4619 νόμου
581 4554 836 4620 ποιήσας.
874 4550 931 4602 Ὀ
955 4551 1011 4604 δὲ
1040 4553 1446 4621 χρυσοῤῥήμων
1475 4553 1619 4611 θεῖος
1654 4552 1835 4604 Ἰωάν-

265 4660 360 4712 νης
389 4645 447 4695 ἐν
476 4645 540 4711 τῇ
581 4642 918 4710 ὀγδοηκοστῇ
954 4642 1145 4711 πρώτῃ
1192 4642 1379 4709 ὁμιλία
1414 4641 1509 4693 τοῦ
1554 4642 1837 4708 εὐαγγελι-

266 4736 392 4790 στοῦ
444 4735 729 4789 Μιτθαίου
788 4736 977 4801 φησιν,
1026 4736 1108 4787 ὅτι
1154 4755 1172 4786 ι
1228 4737 1406 4803 Μέχρι
1447 4736 1545 4802 τῆς
1580 4722 1839 4800 Ὶὲσχάτης

269 4828 502 4896 ἡμέρας.
545 4827 632 4878 ἴνα
689 4827 762 4895 μὴ
821 4825 1062 4888 ἐναντίος
1121 4827 1342 4894 γένηται
1391 4824 1485 4876 τοῦ
1537 4826 1725 4893 νόμου,
1781 4824 1842 4875 τὸ

271 4920 458 4989 Πάσχα
511 4917 777 4969 ἐπετέλει.
823 4918 889 4968 Ἢ
923 4917 977 4969 δὲ
1014 4918 1217 4985 ἐσχάτη
1273 4917 1479 4985 ἡμέρα.
1532 4919 1564 4983 ἡ
1622 4917 1713 4967 ἰπὶ
1747 4916 1842 4968 τοῦ

271 5009 512 5064 σταυοοῦ
538 5005 629 5080 ἦν,
662 5011 717 5061 ὲν
835 5012 985 5077 φωνῇ
1039 5008 1250 5078 μεγάλῃ
1288 5003 1433 5070 εἷπε,
1476 5007 1801 5060 Τετέλεσται
1828 5022 1842 5040 ο

278 5102 580 5155 τετέλεσται
632 5101 835 5171 δηλαδὴ
867 5102 1063 5165 λέγων,
1108 5102 1209 5153 ὅσα
1266 5101 1647 5169 οἱοπροθρῆται
1688 5100 1785 5153 καὶ
1818 5100 1845 5151 ὁ

277 5197 437 5263 νόμος
465 5194 826 5262 προέγραψάν
857 5211 917 5245 τε
949 5194 1045 5246 καὶ
1079 5188 1256 5245 εἷπον.
1305 5211 1322 5243 ι
1370 5195 1434 5244 Ὀ
1465 5194 1514 5243 εἰ
1543 5193 1643 5243 οὐκ
1674 5191 1850 5243 ἐτέλε-

279 5306 373 5339 σεν
396 5288 469 5350 ὥς
499 5306 684 5354 φασιν,
713 5287 954 5347 ἐναντίος
996 5285 1196 5351 μᾶλλον
1219 5286 1497 5338 δείκνυται
1528 5282 1623 5335 τοῦ
1647 5283 1811 5349 νόμου
1831 5296 1845 5309 ⁸

278 5380 339 5431 το
374 5381 563 5447 Πάσχα
598 5380 658 5431 τὸ
683 5378 906 5447 νομικὸν
925 5377 1096 5429 τελῶν
1123 5377 1183 5427 οὐ
1214 5375 1355 5428 κατὰ
1385 5375 1475 5427 τὸν
1496 5374 1680 5439 νόμον,
1712 5371 1848 5425 ἀλλὰ

280 5472 443 5538 ἄρτον
502 5471 733 5538 ἕνζυμον
791 5469 1113 5535 φυλάττων·
1172 5468 1268 5518 καὶ
1316 5464 1490 5517 ταῦτα
1538 5466 1633 5516 τοῦ
1680 5463 1851 5516 Ἰούδα

283 5563 553 5632 παρόντος
613 5566 747 5625 ἐκεῖ,
798 5570 892 5614 καὶ
941 5559 1231 5628 ζητοῦντος
1287 5558 1487 5623 τρόπον
1540 5556 1851 5622 προδοσίας,

282 5653 426 5707 ὥστε
485 5654 778 5724 προδοῦναι
834 5654 997 5706 αὐτὸν
1050 5654 1160 5712 τοῖς
1222 5648 1520 5710 Ἰουδαίοις.
1584 5646 1721 5697 Ἀλλ’
1755 5646 1853 5698 οὐκ

286 5745 403 5798 εστι
457 5747 636 5813 τοῦτο,
685 5745 783 5799 οὐκ
829 5745 965 5799 ἔστι.
1005 5739 1301 5812 Πληρωτὴς
1350 5739 1407 5791 δὲ
1436 5737 1510 5790 ὢν
1560 5730 1653 5791 τοῦ
1688 5744 1852 5807 νόμου

1946 4555 2100 4603 usus,
2155 4546 2211 4591 ut
2254 4535 2355 4604 legi
2410 4536 2688 4587 adversus.
2728 4547 2746 4580 ι
2795 4529 2974 4581 Aurea
3012 4527 3177 4580 verba
3226 4520 3517 4576 eﬂ'undens

1942 4629 2184 4683 Joannes
2217 4627 2270 4679 in
2316 4625 2378 4678 81
2422 4622 2643 4677 homilia
2683 4620 2737 4673 in
2792 4618 2994 4683 Evang.
3042 4612 3277 4668 Matthxi
3329 4610 3512 4664 dicit:

1955 4741 1973 4773 ι
2013 4721 2167 4785 Quod
2203 4735 2376 4786 usque
2419 4726 2715 4770 extremam
2760 4712 2899 4765 diem
2934 4724 3003 4762 ne
3055 4705 3155 4777 legi
3205 4702 3517 4760 contrarius

1952 4814 2243 4876 videretur,
2293 4810 2497 4863 Pascha
2546 4808 2769 4877 peregit.
2822 4803 3028 4860 Ultima
3069 4815 3198 4854 vero
3225 4798 3341 4851 dies
3374 4794 3520 4853 fuit,

1949 4905 2166 4974 quando
2195 4904 2347 4957 cruci
2381 4901 2571 4955 allixus
2595 4909 2701 4963 cst,
2730 4898 2783 4951 in
2810 4912 2916 4966 qua
2958 4908 3088 4948 voce
3117 4906 3310 4960 magna
3340 4886 3476 4940 dixit
3500 4923 3517 4961 ,

1950 4998 2406 5057 Consummatum
2444 5006 2550 5050 est.
2586 4995 2973 5050 Cousummata
3012 4996 3162 5051 sunt,
3196 4984 3409 5039 scilicet
3438 4978 3526 5031 in-

1953 5093 2199 5161 telligens
2222 5103 2560 5158 quaecunque
2580 5086 2857 5156 prophetae
2881 5090 2934 5134 et
2960 5081 3041 5134 lex
3067 5074 3524 5146 praescripserunt

1952 5194 2008 5239 et
2038 5184 2311 5237 dixerunt.
2356 5199 2374 5230 ι
2415 5179 2570 5245 Quod
2596 5180 2640 5233 si
2672 5191 2777 5231 non
2802 5173 3041 5233 fecisset,
3076 5177 3136 5221 ut
3167 5166 3255 5219 isti
3284 5162 3473 5217 dicunt
3502 5199 3520 5224 ,

1955 5278 2128 5347 magis
2158 5275 2256 5344 legi
2305 5274 2569 5327 adversus
2623 5266 3023 5324 ostenderetur,
3055 5273 3166 5313 non
3218 5253 3519 5311 secundum

1954 5371 2128 5439 legem
2157 5367 2364 5421 Pascha
2393 5365 2563 5434 legale
2586 5354 2916 5430 peragenda,
2939 5351 3033 5407 sed
3059 5363 3252 5419 panem
3284 5346 3552 5439 fermen-'

1961 5435 2131 5517 talum
2166 5458 2431 5514 servando
2465 5471 2483 5509 :
2521 5449 2819 5523 praesertim
2852 5460 2976 5500 cum
3003 5441 3173 5496 Judas
3200 5450 3330 5492 tunc
3362 5435 3526 5489 ades-

1960 5561 2062 5616 set,
2094 5558 2148 5609 et
2177 5551 2442 5602 rationem
2482 5538 2747 5611 prodendi
2776 5534 3140 5605 perquireret,
3174 5536 3235 5583 ut
3263 5542 3388 5582 eum
3423 5523 3526 5578 Ju-

1961 5643 2094 5695 dmis
2126 5639 2435 5710 proderet.»
2475 5637 2545 5687 At
2582 5634 2685 5685 hoc
2733 5629 2882 5682 nullo
2923 5632 3081 5695 pacto
3118 5631 3241 5689 est;
3269 5618 3361 5673 sed
3394 5631 3517 5670 cum

1965 5709 2157 5793 auctor
2190 5733 2325 5801 legis
2353 5739 2497 5787 esset
2527 5724 2885 5797 adimplendae
2912 5729 2965 5778 et
2999 5716 3279 5776 servanda:
3307 5755 3320 5782 ,
3348 5718 3401 5768 ut
3436 5709 3521 5766 di-
