3978 6204
251 339 395 408 1213

751 340 903 402 PRO
936 340 1158 402 CONC.
1197 332 1581 400 FLORENT.
1619 338 1780 400 CAP.
1835 338 1912 399 II.
1945 338 2042 398 DE
2079 338 2332 398 AZYMO
2362 335 3027 401 ET‘FERMENTATO.

3347 339 3484 407 ιειι

253 456 333 519 είς
359 449 807 523 τδπραιτώριον,
849 451 940 504 ἵνα
971 451 1046 522 μὴ
1089 449 1412 521 μιανθῶσιν,
1448 449 1566 502 ἀλλ’
1603 450 1690 502 ἵνα
1728 450 1828 516 φάο
1855 455 1874 513 1

1980 459 1990 504 ι
2028 450 2310 519 cupiditati
2346 467 2456 522 qua
2485 451 2750 505 ardebant
2773 437 3099 507 inservirent
3127 450 3326 508 caedem
3354 452 3497 509 hanc

255 562 394 616 γωσι
419 545 480 598 τὸ
499 543 712 614 Πάσχα.
747 562 765 595 ι
791 545 859 598 Τί
887 543 982 597 οὖν
1011 543 1156 596 ἔστιν
1175 544 1350 595 εἰπεῖν
1375 558 1390 608 ;
1418 542 1543 595 Ὀτι
1579 543 1637 594 ὲν
1668 543 1830 612 ἑτέρᾳ

257 638 482 706 ἔφαγον,
522 638 616 690 καὶ
667 636 758 688 τδν
807 636 971 702 νόμον
1015 634 1211 688 ἔλυσαν
1262 633 1351 687 διὰ
1388 633 1487 703 τὴν
1530 632 1831 701 ἐπιθυμίαν

257 729 358 797 τὴν
389 729 519 799 περὶ
542 730 640 796 τὴν
662 727 878 796 σφαγὴν
904 725 1128 794 ταύτην.
1162 725 1295 779 Οὐδὲ
1322 725 1430 795 γὰρ
1461 724 1528 778 ἂν
1551 727 1576 776 ὁ
1596 724 1832 793 Χριστὸς

260 821 479 891 παρέϐη
532 821 624 874 τδν
674 819 867 889 καιρὸν
900 817 993 872 τοῦ
1043 819 1236 887 Πάσχα
1290 817 1478 887 φαγὼν
1537 815 1668 869 αὐτὸ
1697 814 1832 882 πρὸς

262 909 502 978 ἑσπέραν
521 926 535 941 ·
565 909 679 963 ἀλλ’
709 911 904 962 ἐκεῖνοι
941 908 992 961 oi
1032 908 1210 961 πάντα
1241 907 1574 974 τολμῶντες,
1605 907 1700 959 καὶ
1734 922 1836 973 μυ-

265 1004 416 1073 ρίους
463 1000 905 1064 καταπατοῦντες
958 1001 1190 1069 νόμους’
1229 998 1415 1068 ἐπειδὴ
1467 999 1576 1068 γὰρ
1631 997 1837 1066 σφόδρα

263 1096 414 1160 ἔξεον
440 1095 519 1165 τῷ
557 1094 736 1164 Θυμῷ,
766 1095 863 1147 καὶ
911 1093 1172 1155 πολλάκις
1222 1092 1678 1161 ἐπιχειρήσαντες
1715 1094 1838 1142 ἁνε-

266 1189 401 1252 λεῖν,
437 1187 535 1240 οὐκ
566 1187 815 1257 ἴσχυσαν,
849 1189 969 1242 τότε
998 1189 1256 1247 λαϐόντες
1289 1186 1447 1240 αὐτὸν
1488 1185 1836 1256 ἀπροσδοκή·

268 1297 396 1344 τως,
444 1281 759 1347 προείλοντο
805 1281 898 1333 καὶ
946 1279 1006 1332 τδ
1055 1281 1247 1349 Πάσχα
1295 1280 1534 1346 ἀφεῖναι,
1572 1278 1710 1348 ὑπὲρ
1741 1276 1835 1331 τοῦ

1937 544 2305 611 perpetrandi,
2343 559 2467 597 nam
2512 551 2727 610 tempus
2761 542 3017 599 Christus
3057 559 3162 597 non
3198 552 3500 610 transgres-

1933 651 2026 691 sus
2057 645 2140 691 est
2173 635 2474 703 Pasehatis,
2507 649 2632 688 cum
2663 650 2888 704 vespere
2923 635 2971 688 id
3008 635 3354 689 comedisset.
3389 633 3502 689 Sed

1934 728 1969 783 ii
1998 736 2192 782 cuncta
2229 727 2521 792 audebant,
2549 740 2860 794 omnesque
2895 726 3038 793 leges
3061 725 3458 780 conculcabant
3480 741 3501 781 :

1937 834 2061 872 nam
2095 819 2222 887 quia
2259 819 2608 872 vehementer
2641 819 2724 871 ira
2751 816 3086 877 asstuabant,
3129 832 3229 870 nec
3268 830 3391 869 eum
3422 816 3490 869 in-

1939 910 2184 964 terﬁcere
2211 918 2480 979 poterant,
2508 911 2758 978 quamvis
2785 909 2835 962 id
2871 925 3011 977 saepe
3033 908 3272 978 aggressi
3299 917 3507 971 essent,

1939 1007 2070 1054 tunc
2105 1016 2226 1054 cum
2271 1002 2446 1069 ipsum
2488 1001 2764 1068 inopinato
2795 1000 3353 1071 comprehendissent,
3387 1014 3503 1053 ma-

1937 1094 2153 1149 luerunt
2187 1095 2394 1150 Pascha
2430 1095 2704 1157 omittere,
2733 1102 2791 1147 ut
2824 1095 3173 1163 cupiditatem
3197 1105 3321 1145 cum
3347 1091 3512 1160 jugu-

1940 1187 2084 1241 landi
2110 1187 2445 1256 explerent.»
2481 1187 2652 1241 Audis
2672 1201 2766 1241 eos
2799 1197 3009 1254 tempus
3038 1194 3091 1239 et
3125 1185 3292 1253 legem
3333 1193 3513 1238 trans-

1939 1293 2156 1345 grcssos
2213 1294 2364 1341 esse,
2416 1278 2703 1332 Christum
2749 1293 2853 1331 non
2902 1288 3307 1346 transgressum
3355 1276 3518 1332 esse?

270 1375 370 1446 τὴν
405 1375 631 1444 φονικὴν
655 1373 834 1427 αὐτῶν
860 1365 1479 1442 έμπλῆσαιέπιουμίαν.
1513 1388 1528 1421 ι
1603 1368 1848 1430 Ἀκούεις

1982 1369 2030 1421 hi
2062 1379 2186 1422 sunt
2212 1372 2302 1437 qui
2336 1370 2524 1422 dicunt
2559 1384 2679 1422 eum
2715 1367 3091 1437 anticipasse?

273 1468 357 1521 ὅτι
388 1469 582 1519 ἐκεῖνοι
611 1467 707 1536 μὲν
737 1465 1057 1536 παρέϐησαν
1085 1467 1176 1518 τὸν
1203 1465 1393 1534 καιρὶν
1420 1464 1514 1516 καὶ
1538 1461 1625 1516 τδν
1653 1461 1840 1528 νόμον,
1875 1461 1902 1513 ὁ
1937 1460 1992 1513 δὲ
2024 1461 2260 1530 Χριστὸς
2291 1461 2351 1513 οὐ
2387 1463 2606 1533 παρέϐη
2633 1478 2648 1528 ;
2680 1461 2789 1514 Ποῦ
2841 1462 2978 1514 εἰσιν
3024 1463 3072 1515 οἱ
3135 1461 3389 1530 λέγοντες
3435 1460 3519 1520 δτι

276 1561 562 1630 προλαϐὼν
586 1561 843 1627 ἐποίησεν
871 1576 886 1625 ;

346 1653 564 1706 Τούτων
591 1657 772 1707 τοίνυν
803 1653 976 1716 οὕτως
1018 1654 1273 1723 ἐχόντων,
1307 1652 1402 1706 καὶ
1448 1648 1843 1717 ἀποδεικνυμέη

277 1765 383 1800 νων
418 1746 666 1815 φανερῶς
695 1745 889 1807 οὕτως,
928 1747 1009 1798 ὅτι
1056 1746 1262 1812 ἄζυμον
1298 1743 1618 1812 παρέδωκεν
1642 1743 1666 1792 ὁ
1713 1741 1846 1804 Χρι-

2024 1645 2119 1701 His
2145 1646 2314 1715 igitur
2347 1647 2418 1700 ita
2451 1661 2508 1701 se
2544 1647 2902 1709 habentibus,
2936 1654 2988 1700 et
3019 1645 3091 1700 ita
3129 1645 3334 1716 liquido
3373 1655 3522 1701 com'

1953 1738 2214 1806 probatis.
2240 1737 2522 1791 Christum
2553 1738 2729 1792 sacris
2766 1738 3026 1806 apostolis
3062 1753 3308 1808 azymum
3349 1738 3403 1792 in
3440 1737 3526 1792 die

280 1839 404 1897 στδς
433 1841 544 1901 τοῖς
576 1841 742 1909 ίεροῖς
771 1838 930 1891 αὑτοῦ
967 1838 1231 1907 μαθηταῖς
1267 1839 1320 1889 έν
1349 1840 1411 1904 τῇ
1443 1835 1551 1887 τῶν
1595 1830 1848 1898 Ἀζύμων

1980 1841 2278 1898 tzymorum
2321 1831 2608 1885 tradidisse
2669 1831 2945 1896 (existimo
2977 1831 3117 1884 enim
3146 1831 3288 1901 quod
3321 1831 3365 1885 si
3401 1839 3528 1886 tunc

279 1931 508 2002 ἡμέων
561 1927 717 1998 οἶμαι
764 1933 893 1999 γάρ,
929 1927 1105 1998 οἶμαι,
1152 1931 1223 1991 ὡς
1253 1929 1420 1981 είούκ
1476 1925 1749 1980 ἐνεστῶσα
1785 1919 1851 1990 ἦν

280 2025 404 2076 τότε
435 2027 467 2090 ἡ
519 2023 627 2075 τῶν
675 2023 926 2088 Ἀζύμων
963 2024 1170 2092 ἡμέρα,
1202 2023 1260 2073 ἐν
1301 2019 1517 2088 ὲνζύμῳ
1563 2015 1852 2084 παρεδίδου

287 2115 353 2167 ἂν
389 2114 448 2165 τὸ
479 2114 803 2183 μυστήριον,
842 2112 1166 2182 βουλόμενος
1198 2113 1336 2173 ὅλως
1375 2108 1536 2162 τοῦτο
1581 2106 1854 2174 παραδοῦ-

289 2225 420 2261 ναιο
458 2205 724 2276 μηδαμῶς
773 2205 932 2270 λόγον
989 2204 1312 2271 ποιούμενος
1364 2199 1598 2268 ὲνζύμου
1656 2216 1714 2250 τε
1765 2198 1858 2248 καὶ

289 2299 522 2368 ἁζύμου,
559 2300 630 2360 ὡς
662 2297 815 2360 εἰδὼς
851 2296 948 2364 τὴν
977 2296 1110 2364 ὕλην
1136 2313 1195 2347 τε
1229 2295 1322 2346 καὶ
1349 2291 1537 2345 οὐσίαν
1567 2289 1658 2343 τοῦ
1690 2290 1855 2359 ἄρτου

289 2394 427 2450 εἶναι
458 2397 519 2447 ἐκ
550 2393 721 2456 σίτου,
762 2390 876 2453 πῶς
906 2389 1373 2458 κατηγορήσωμεν
1399 2385 1524 2446 τοὺς
1560 2383 1697 2452 μετὰ
1724 2381 1860 2445 ἀζύ-

293 2505 409 2559 μων
441 2486 538 2552 τὴν
569 2485 758 2536 θυσίαν
818 2481 1104 2542 ποιοῦντας
1133 2494 1146 2544 ;
1193 2477 1225 2547 ἦ
1257 2477 1371 2537 πῶς
1420 2472 1858 2541 ὲναντιιυοῶμεν,

291 2582 387 2647 τῆς
423 2577 576 2647 ἱερᾶς
604 2574 823 2628 συνόδου
860 2570 1193 2640 κελευούσης
1227 2571 1283 2622 ὲν
1313 2567 1391 2636 τῷ
1422 2567 1590 2634 αὐτῆς
1617 2567 1749 2635 ὅρῳ,
1781 2565 1861 2616 δτι

292 2673 350 2724 έν
403 2669 736 2738 ἀμφοτέροις
772 2669 881 2728 τοῖς
919 2669 1111 2733 μέρεσι
1172 2661 1231 2715 τὸ
1276 2659 1368 2714 τοῦ
1415 2659 1652 2730 Χριστοῦ
1704 2659 1866 2726 σῶμα

267 2757 550 2821 τελεῖται,
584 2761 673 2812 καὶ
707 2760 766 2811 ἐν
812 2757 1006 2825 ἀζύμῳ
1039 2757 1132 2808 καὶ
1163 2754 1220 2806 ὲν
1266 2751 1520 2822 ὲνζύμῳς
1563 2750 1592 2803 ὃ
1623 2748 1865 2815 παρέλα-

298 2855 389 2906 ϐεν
420 2855 590 2913 δντως
622 2853 653 2919 ἡ
706 2849 828 2918 ίερίι
871 2845 1173 2915 Ἐκκλησία
1217 2845 1367 2914 παρὰ
1407 2841 1513 2895 τῶν
1544 2840 1704 2910 ἱερῶν
1735 2839 1868 2890 ἁπο-

302 2945 520 2999 στόλων.
571 2943 634 2997 Οἱ
666 2943 772 3008 γὰρ
813 2941 948 3010 ἱεροὶ
997 2937 1307 2998 ἀπόστολοι,
1343 2935 1429 2987 ὅτε
1463 2933 1562 2985 οὐκ
1593 2927 1660 3001 ἦν
1710 2932 1736 2983 ὁ
1763 2929 1869 2980 τῶν

312 3034 560 3104 Ἀζύμων
615 3032 827 3101 καιρὶς,
864 3027 988 3082 κατ’
1038 3022 1186 3080 οἷκον
1230 3026 1403 3086 ὄντες,
1437 3021 1674 3082 κλῶντές
1707 3019 1870 3088 ἄρτον

1957 1925 2288 1993 Azymorum
2326 1925 2457 1978 hora
2493 1941 2597 1976 non
2654 1924 2964 1988 institisset,
3008 1924 3062 1978 iu
3110 1923 3378 1979 fermento
3409 1940 3531 1996 my-

1959 2017 2182 2069 sterium
2239 2017 2577 2076 tradidisset,
2606 2017 2795 2070 volens
2830 2019 3056 2070 omnino
3108 2016 3238 2068 illud
3293 2015 3529 2078 tradere,

1960 2107 2115 2161 nihili
2161 2105 2366 2160 faciens
2403 2116 2586 2160 utrum
2623 2109 2676 2161 in
2715 2106 2980 2161 fermento
3013 2107 3095 2160 vel
3131 2122 3320 2177 azymo
3351 2106 3403 2160 id
3447 2105 3533 2160 fa—

1960 2213 2143 2265 ceret,
2186 2201 2365 2254 sciens
2400 2200 2678 2252 materiam
2715 2207 2768 2251 ct
2798 2197 3159 2253 substantiam
3201 2212 3321 2250 esse
3376 2195 3533 2264 panis

1961 2308 2026 2346 ex
2061 2293 2244 2345 tritico
2281 2290 2631 2354 constantis),
2681 2304 2790 2358 quo
2854 2299 3014 2357 pacto
3071 2287 3536 2356 reprehendemus

1963 2399 2056 2438 cos
2099 2384 2188 2451 qui
2226 2383 2277 2435 in
2315 2397 2507 2452 azymo
2549 2381 2901 2434 sacrificant?
2935 2395 3036 2449 qua
3087 2380 3296 2432 ratione
3346 2378 3538 2430 adver-

1965 2478 2230 2536 sabimur,
2269 2490 2391 2528 cum
2428 2489 2582 2527 sacra
2613 2473 2851 2543 synodus
2879 2472 2932 2525 in
2966 2487 3066 2526 suo
3098 2471 3319 2525 decreto
3348 2469 3541 2536 iubeat

1966 2581 2198 2638 utroque
2237 2567 2397 2620 modo
2423 2565 2623 2621 Christi
2657 2581 2856 2630 corpus
2887 2565 3078 2618 contici
3111 2575 3291 2631 posse,
3319 2562 3372 2613 in
3413 2574 3536 2631 azy-

1968 2675 2056 2712 mo
2085 2658 2292 2712 scilicet
2323 2667 2376 2711 et
2407 2655 2930 2723 fermentato?quod
2960 2651 3200 2708 Ecclesia
3223 2664 3379 2704 sacra
3417 2663 3544 2717 pro-

1972 2752 2110 2805 fecto
2134 2766 2162 2804 a
2186 2750 2360 2805 sacris
2389 2749 2595 2816 accepit
2630 2747 2924 2813 apostolis;
2949 2745 3086 2798 sacri
3119 2743 3268 2798 enim
3303 2739 3534 2810 apostoli

1971 2850 2123 2894 extra
2165 2851 2377 2907 tempus
2426 2839 2752 2907 Azymorum
2793 2835 2967 2888 fracto
3018 2848 3155 2902 pane
3204 2829 3537 2885 sacriﬁcium

1973 2933 2327 3004 peragebant,
2359 2947 2458 2985 nec
2487 2929 2636 2983 ullihi
2669 2935 2891 2997 apparet
2940 2941 3033 2981 cos
3074 2939 3326 2994 azymum
3357 2930 3548 2992 postu-

1973 3026 2139 3079 lasse.
2177 3023 2239 3076 Et
2266 3037 2459 3077 rursus
2490 3022 2542 3075 in
2575 3020 2765 3076 diebus
2793 3021 3139 3088 Azymorum,
3168 3029 3290 3067 cum
3322 3012 3543 3068 Jerusa-

302 3130 399 3196 τὴν
423 3127 613 3179 Θυσίαν
636 3123 946 3184 ἐπετέλουν,
977 3120 1068 3173 καὶ
1097 3115 1332 3186 οὐδαμοῦ
1361 3115 1609 3183 φαίνεται
1643 3110 1868 3171 τούτους

1980 3118 2080 3171 Ictu
2121 3117 2497 3170 fermentatum
2528 3130 2632 3169 non
2672 3111 3026 3181 reperiretur,
3054 3111 3258 3162 omisso
3289 3105 3531 3159 fermen—

305 3221 473 3273 αἰτεῖν
503 3219 730 3286 ἄζυμον.
760 3218 870 3268 Καὶ
896 3215 1059 3265 πάλιν
1084 3213 1137 3262 ὲν
1159 3212 1278 3270 ταῖς
1307 3208 1542 3274 ἡμέραις
1573 3204 1682 3255 τῶν
1715 3202 1874 3266 Ἀζύ-

304 3327 442 3381 μων,
477 3309 533 3360 ὲν
567 3303 928 3374 Ἰερουσαλὴμ
965 3300 1039 3368 μὴ
1069 3295 1464 3366 εὑρισκομένου
1489 3291 1745 3359 ένζύμου,
1773 3290 1875 3340 οὐκ

306 3405 540 3473 ἐπιζυμον
571 3399 848 3459 αἰτοῦντες
883 3397 981 3464 τὴν
1016 3394 1208 3447 θυσίαν
1244 3390 1590 3459 εἰργάζοντο..
1615 3386 1876 3456 ’ῌδεισαν

304 3497 414 3561 γὰρ
449 3490 690 3559 ἀκριϐῶς
729 3489 810 3540 ὅτι
843 3487 1006 3557 ἀρκεῖ
1035 3483 1172 3553 πρὸς
1205 3480 1386 3542 τοῦτο,
1421 3481 1484 3530 ἐκ
1533 3476 1680 3528 σίτου
1713 3469 1874 3525 εἶναι.

307 3586 383 3640 0'3
416 3584 517 3653 γὰρ
549 3583 636 3635 διὰ
672 3581 736 3633 τὺ
764 3579 836 3650 μὴ
864 3578 1008 3646 ἔχειν
1042 3574 1242 3644 μικρὰν
1277 3572 1478 3638 ζύμην,
1508 3565 1575 3640 ἦν
1601 3568 1779 3620 πάντα
1811 3566 1881 3618 τὰ

308 3676 606 3744 τελούμενα
647 3671 790 3742 ἀργοὶ
813 3688 828 3702 ο
866 3672 960 3723 καὶ
1004 3668 1238 3736 μάλιστα
1269 3665 1338 3716 τὰ
1370 3662 1462 3716 τοῦ
1493 3661 1747 3728 Σωτῆρος
1780 3658 1846 3729 ρή
1867 3688 1880 3698 -

316 3787 461 3840 ματα
487 3785 501 3798 ⁸
531 3767 566 3821 ἆ
594 3785 710 3820 τινα
745 3762 1106 3832 μεταποιοῦσι
1155 3761 1245 3812 τὸν
1280 3759 1444 3828 ἄρτον
1477 3757 1569 3808 καὶ
1618 3753 1709 3807 τὸν
1741 3747 1884 3806 οἶνον

315 3865 412 3918 σὺν
440 3860 518 3929 τῷ
550 3860 724 3921 ὕδατι,
760 3859 843 3920 εἰς
874 3855 1031 3923 σῶμα
1064 3853 1159 3906 καὶ
1203 3847 1342 3920 αἷμα
1373 3846 1539 3901 αὐτοῦ
1565 3861 1580 3876 ο
1618 3844 1754 3897 ἀλλὰ
1789 3842 1886 3895 καὶ

315 3955 473 4011 τοῦτο
507 3955 556 4008 οι
587 3953 661 4024 μὴ
687 3954 750 4021 τῇ
783 3949 984 4018 συνόδῳ
1015 3946 1293 4014 ἑπόμενοι,
1323 3939 1617 4011 ἀρνοῦνται
1643 3954 1658 3969 ο
1693 3936 1788 3988 καὶ
1821 3933 1884 3986 οὐ

319 4048 594 4102 πείθονται
632 4041 908 4107 πιστεύειν
954 4040 1026 4099 ὡς
1060 4040 1093 4103 ἡ
1137 4033 1436 4103 Ἐκκλησία
1472 4029 1774 4101 νομοθετεῖ,
1804 4026 1888 4078 ὅτι

320 4143 380 4194 ὲν
409 4143 474 4209 τῇ
513 4139 764 4208 Κυριακῇ
800 4135 947 4202 φωνῇ
977 4131 1179 4201 ἐκείνῃ,
1208 4131 1274 4196 τῇ
1309 4124 1541 4194 λεγούσῃ
1561 4137 1576 4154 ο
1611 4140 1628 4172 ι
1656 4119 1887 4209 Λάϐετες

323 4234 549 4302 φάγετε,
585 4231 742 4283 τοῦτό
773 4227 872 4298 μού
925 4228 1040 4278 ἐστι
1091 4225 1152 4275 τὸ
1206 4219 1387 4289 σῶμα,
1427 4217 1523 4270 καὶ.
1571 4213 1730 4267 τοῦτό
1787 4208 1888 4282 μού

323 4301 438 4379 ἐστι
471 4325 529 4376 τὶ
552 4318 713 4391 αἷμα,
754 4339 771 4371 ι
804 4321 864 4370 τὸ
889 4319 1189 4386 μυστήριον
1215 4308 1518 4364 τελειοῦται
1543 4321 1558 4337 ·
1590 4305 1725 4359 ἀλλὰ
1755 4301 1894 4373 μετὰ

320 4417 514 4478 ταῦτα,
548 4415 604 4466 έν
637 4412 712 4481 τῷ
763 4411 964 4477 λέγειν,
999 4407 1152 4474 φασὶ,
1196 4423 1214 4455 ι
1244 4405 1353 4457 Καὶ
1408 4401 1634 4464 ποίησον
1670 4397 1763 4450 τὸν
1796 4395 1896 4466 μὲν

1979 3218 2092 3263 tato
2123 3208 2459 3262 sacriﬁcium
2507 3205 2888 3273 peragebant:
2937 3216 3062 3253 nam
3108 3208 3260 3254 certo
3309 3197 3556 3252 sciebant

1987 3298 2124 3352 satis
2165 3310 2283 3350 esse
2323 3295 2368 3348 si
2406 3309 2472 3348 ex
2505 3293 2690 3346 tritico
2718 3298 2994 3344 constaret
3023 3326 3039 3349 .
3072 3303 3172 3341 nec
3203 3288 3328 3354 quia
3361 3303 3550 3356 parum

1980 3385 2234 3441 fermenti
2257 3387 2541 3446 haberent,
2573 3396 2692 3450 qua:
2722 3381 2923 3434 ﬂebant
2959 3379 3162 3432 idcirco
3189 3377 3556 3431 fuissentom—

1983 3479 2072 3531 nia
2101 3477 2276 3536 irrita,
2312 3476 2650 3544 potissimum
2683 3487 2808 3548 vero
2837 3469 3047 3524 Domini
3083 3469 3271 3532 verba,
3304 3484 3425 3536 quae
3455 3482 3554 3536 pa-

1986 3587 2108 3626 nem
2141 3581 2193 3625 et
2227 3569 2416 3622 viuum
2477 3581 2596 3620 cum
2633 3578 2771 3631 aqua
2817 3561 2870 3615 in
2901 3574 3097 3628 corpus
3137 3570 3190 3612 et
3235 3557 3556 3624 sanguinem

1985 3665 2101 3734 ejus
2143 3667 2538 3716 transumtaut.
2588 3657 2853 3711 Caeterum
2900 3650 3088 3706 ethoc
3145 3649 3417 3715 abuegant
3466 3646 3559 3716 qui

1991 3755 2260 3828 synodum
2299 3768 2404 3806 non
2439 3757 2744 3818 sequuntur
2780 3762 2795 3799 :
2831 3759 2931 3799 nec
2957 3741 3172 3797 suaderi
3209 3739 3426 3804 volunt,
3463 3754 3564 3793 nec

1993 3849 2213 3903 credere
2245 3844 2390 3912 quod
2427 3842 2604 3896 sancit
2641 3837 2910 3900 Ecclesia,
2941 3832 3088 3903 quod
3111 3832 3166 3886 in
3201 3831 3479 3886 Dominica
3501 3847 3564 3886 ea

1991 3953 2146 4001 voce,
2181 3950 2302 4004 quae
2330 3934 2486 3989 dicit.
2529 3949 2548 3981 ι
2584 3929 2852 3998 Accipite,
2883 3925 3176 3987 comedite,
3202 3923 3305 3979 hoc
3325 3931 3408 3977 est
3437 3935 3565 3976 cor—
3663 3964 3665 3967 .

1994 4044 2095 4097 pus
2125 4040 2361 4088 meum,»
2389 4032 2443 4076 et
2469 4019 2604 4074 «Hic
2635 4028 2718 4072 est
2744 4016 2968 4086 sanguis
2998 4029 3205 4079 meus,»
3245 4009 3566 4083 mysterium

1995 4118 2271 4189 peragitur
2299 4131 2313 4182 ;
2344 4114 2434 4167 sed
2464 4119 2585 4180 post
2617 4112 2756 4169 haec,
2786 4123 2911 4162 cum
2940 4105 3146 4161 dicitur
3179 4104 3400 4173 (aiunt),
3442 4119 3463 4154 ι
3502 4102 3570 4156 Et

2000 4224 2192 4280 panem
2241 4208 2384 4260 hunc
2417 4203 2565 4258 ellice
2593 4200 2902 4256 venerabile
2935 4213 3137 4266 corpus
3161 4195 3365 4250 Christi
3398 4196 3513 4258 tui,
3544 4211 3564 4246 ι

1998 4317 2105 4356 non
2141 4298 2524 4369 percipientes,
2561 4293 2710 4364 quod
2742 4294 2844 4346 hoc
2865 4290 3038 4344 sancti
3076 4287 3330 4343 sacriﬁcii
3355 4293 3562 4355 myste-

1999 4393 2142 4446 rium
2190 4391 2445 4444 Christus
2480 4385 2702 4439 tradidit
2734 4399 2749 4436 :
2783 4397 2883 4437 nec
2930 4380 3035 4434 alia
3073 4386 3272 4448 praeter
3305 4391 3367 4429 ea
3399 4375 3566 4428 verba

323 4507 487 4578 ἄρτον
515 4505 722 4566 τοῦτον,
753 4503 936 4571 τίμιον
974 4499 1133 4566 σῶμα
1175 4495 1270 4548 τοῦ
1304 4490 1550 4564 Χριστοῦ
1585 4507 1678 4543 σου
1708 4503 1724 4518 ⁸
1768 4505 1786 4538 ι
1823 4487 1874 4556 μί

2007 4483 2162 4545 dixit,
2198 4480 2329 4544 nisi,
2359 4496 2379 4530 ι
2419 4474 2686 4545 Accipite,
2716 4473 3006 4536 comedite,
3037 4480 3092 4526 et
3125 4468 3295 4536 bibite
3321 4480 3567 4527 omnes,»

329 4601 602 4660 συνιέντες
632 4599 713 4659 ὅτι
744 4594 804 4647 τδ
832 4591 1134 4661 μυστήριον
1161 4587 1320 4639 τοῦτο
1345 4585 1443 4654 τῆς
1475 4583 1627 4651 ίερᾶς
1653 4578 1894 4648 τελετῆς,

330 4694 356 4745 ὁ
389 4689 625 4760 Χριστὸς
652 4686 934 4754 παρέδωκε
959 4697 976 4714 ⁶
1011 4683 1107 4733 καὶ
1141 4679 1334 4738 ἄλλους
1364 4675 1555 4741 λόγους
1597 4671 1697 4724 οὐκ
1723 4665 1900 4729 εἶπεν,

332 4782 364 4852 ἢ
400 4757 612 4841 τούτοις
659 4777 754 4829 καὶ
807 4775 987 4844 μόνον,
1037 4771 1121 4829 τὸ.
1157 4789 1175 4821 ι
1212 4767 1446 4826 Λάϐετε,
1471 4764 1674 4832 φάγετε
1701 4776 1716 4792 ⁸
1757 4778 1776 4812 ι
1808 4757 1905 4812 καὶ

335 4872 414 4936 τὺ,
458 4889 476 4921 ι
526 4871 683 4923 Πίετε
719 4869 939 4926 πάντες.
984 4883 1001 4915 ι
1038 4863 1143 4915 Καὶ
1175 4858 1296 4912 οὗτε
1322 4857 1548 4924 ποίησον
1577 4848 1753 4916 εἶπεν,
1782 4848 1907 4902 οὔτε

333 4965 502 5018 τᾶλλα
537 4964 636 5015 ὅσα
683 4962 843 5029 ἡμεῖς
875 4958 1130 5024 λέγομεν.
1187 4946 1346 5004 Οὗτοι
1391 4946 1500 5016 γὰρ
1527 4947 1575 4998 οῖ
1625 4942 1776 5010 λόγοι
1812 4940 1907 4992 καὶ

341 5058 491 5124 μόνοι
515 5052 614 5122 τὴν
645 5051 825 5118 ’ίσχὺν
859 5048 1040 5118 έχουσι
1066 5061 1083 5078 ο
1115 5044 1182 5097 τὰ
1207 5042 1251 5095 δ’
1281 5039 1415 5095 ἄλλα
1444 5038 1624 5090 πάντα
1649 5035 1748 5086 ὅσα
1772 5033 1908 5100 δῆτα

339 5147 432 5200 καὶ
467 5147 699 5214 λέγομεν
731 5141 1041 5209 εὐχόμενοι,
1073 5135 1212 5204 ὑπὲρ
1237 5132 1392 5204 ἡμῶν
1415 5127 1591 5182 ταῦτα
1622 5124 1910 5192 λέγονται·

340 5240 409 5291 ἵν’
444 5240 590 5298 ὃπως
637 5231 959 5301 ἀξιωθῶμεν
991 5227 1231 5280 τοιούτου
1281 5223 1515 5293 αἵματος
1557 5215 1909 5284 κοινωνῆσαι,

341 5329 435 5380 καὶ
461 5325 710 5378 τοιούτου
744 5321 994 5388 σώματος
1041 5314 1306 5384 ἅψασθαι.
1344 5313 1558 5378 ’Ὠσπερ
1591 5306 1702 5378 γὰρ
1753 5307 1813 5357 έν
1843 5306 1909 5372 τῇ

343 5419 638 5488 παραδόσει
662 5413 754 5467 τοῦ
784 5409 1051 5479 σωτηρίου
1080 5407 1480 5478 βαπτίσματος,
1505 5399 1699 5461 ἄλλους
1720 5397 1915 5463 λόγους

346 5511 446 5562 οὐκ
496 5505 670 5566 εἶπεν,
721 5505 777 5575 ἢ,
826 5521 843 5553 ι
889 5497 1257 5570 Πορευθέντες
1307 5490 1684 5563 μαθητεύσατε
1738 5488 1916 5540 πάντα

345 5601 414 5654 τὰ
447 5600 598 5670 ἔθνη,
653 5597 1004 5668 βαπτίζοντες
1027 5589 1223 5650 αὐτοὺς
1256 5590 1336 5647 εἰς
1365 5583 1424 5636 τὸ
1475 5583 1645 5649 ὄνομα
1672 5577 1768 5632 τοῦ
1806 5582 1919 5632 Πα-

348 5693 496 5761 τρὺς,
529 5668 622 5744 καὶ
654 5690 745 5742 τοῦ
784 5686 939 5751 Υίοῦ⁹
971 5680 1183 5735 καὶτοῦ
1210 5679 1368 5741 ἁγίου
1402 5673 1714 5742 ηνεύματος
1737 5686 1787 5720 ο»
1825 5668 1919 5720 καὶ

349 5784 494 5838 οὗτοι
524 5783 573 5836 οἱ
599 5781 747 5852 λόγοι
775 5779 1134 5849 ἐναπέμειναν
1158 5771 1328 5833 τύπος
1359 5767 1455 5822 τοῦ
1492 5763 1814 5838 μυστηρίου,
1843 5761 1917 5824 ὡς

2005 4590 2115 4629 non
2165 4572 2315 4626 eﬂice
2359 4570 2516 4631 dixit,
2562 4582 2736 4635 neque
2770 4572 2964 4618 cratera
3014 4576 3136 4630 qua:
3175 4573 3276 4614 nos
3319 4556 3574 4620 dicimus,

2007 4667 2206 4738 quippe
2255 4678 2378 4719 cum
2416 4666 2529 4717 haec
2560 4668 2769 4714 tantum
2801 4656 2964 4710 verba
2998 4655 3103 4706 vim
3137 4651 3402 4706 haberent
3428 4663 3445 4716 ;
3471 4661 3576 4702 ca:-

2008 4769 2124 4814 tcra
2158 4757 2341 4813 omnia
2380 4772 2500 4825 qua;
2535 4755 2798 4817 dicimus,
2837 4767 2936 4822 pro
2983 4749 3144 4804 nobis
3177 4761 3396 4804 orantes
3430 4744 3576 4800 dici-

2011 4865 2156 4912 mus,
2198 4857 2259 4901 ut
2302 4847 2431 4900 huic
2475 4845 2728 4913 sanguini
2781 4841 3190 4897 communicare
3240 4847 3404 4908 atque
3464 4836 3571 4890 hoc

2010 4954 2212 5009 corpus
2264 4947 2489 5007 tangere
2524 4949 2859 4990 mereantur.
2909 4930 3378 4998 Quemadmodum
3433 4927 3576 4982 enim

2015 5045 2138 5083 cum
2173 5029 2440 5099 baptisma
2468 5025 2700 5080 traderet
2734 5023 2994 5087 salutare,
3029 5021 3134 5074 alia
3161 5021 3326 5074 verba
3363 5032 3468 5072 non
3499 5016 3583 5069 di-

2013 5119 2092 5172 xit
2124 5133 2307 5187 quam,
2335 5135 2355 5168 ι
2387 5115 2590 5170 Euutes
2615 5115 2804 5168 docete
2831 5126 3023 5165 omnes
3050 5117 3260 5179 gentes,
3297 5108 3581 5176 baptizan-

2015 5219 2098 5267 tes
2136 5226 2232 5266 eos
2259 5211 2316 5263 iu
2345 5208 2568 5263 nomine
2597 5207 2804 5267 Patris,
2832 5213 2888 5256 et
2920 5199 3080 5265 Filii,
3104 5207 3158 5254 et
3188 5199 3420 5268 Spiritus
3453 5212 3582 5250 sau-

2017 5309 2088 5359 cti
2125 5320 2139 5356 :
2171 5321 2190 5352 ι
2223 5309 2280 5354 et
2309 5313 2374 5356 ea
2407 5298 2570 5354 verba
2619 5301 2937 5350 manserunt
2985 5290 3158 5347 forma
3209 5287 3584 5352 sacramenti,

2019 5394 2222 5462 quippe
2244 5392 2446 5460 quibus
2463 5387 2687 5458 prolatis
2703 5382 2970 5452 baptisma
2993 5378 3584 5452 perﬁciatur.‘_reliqua,

2018 5501 2142 5555 qua:
2166 5485 2405 5539 dicimus
2432 5496 2529 5548 pro
2562 5478 2743 5540 nobis,
2774 5490 2872 5546 pro
2903 5474 3179 5544 baptizato
3213 5471 3379 5527 simul
3405 5477 3462 5526 et
3490 5487 3588 5540 pro

2020 5580 2340 5642 susceptore
2379 5568 2635 5630 dicimus,
2669 5565 2744 5620 ita
2789 5575 2860 5620 et~
2889 5564 2962 5619 ibi
3010 5561 3146 5616 dicit
3189 5561 3256 5616 ad
3287 5560 3587 5629 discipulos

2017 5662 2292 5724 Christus,
2356 5677 2376 5710 ι
2443 5656 2702 5724 Accipite,
2763 5653 3052 5715 comedite,
3091 5661 3227 5716 ctc.,
3266 5649 3372 5703 hoc
3427 5648 3590 5704 facite

2022 5755 2075 5810 in
2109 5767 2281 5811 meam
2307 5746 2918 5807 commemorationem:
2949 5763 2967 5798 ι
2989 5743 3234 5814 nihilque
3253 5741 3401 5802 aliud
3423 5739 3582 5804 dixit.

3585 1568 3598 1624 ἰ
