3978 6204
466 290 605 357 1215

1594 297 1917 361 JOSEPHI
1936 302 2007 362 'M
2022 302 2278 364 ETHON
2292 304 2515 366 ENSIS

3582 305 3733 372 1216

466 419 639 477 eaque
673 413 802 463 sunt
830 421 949 476 quae
981 421 1171 478 panem
1192 409 1253 487 in
1286 408 1489 465 Christi
1530 424 1727 481 corpus
1758 421 2032 466 transmu-

2153 414 2342 469 :oti'ctov
2372 416 2713 485 λεγομένων,
2750 415 2813 471 τδ
2844 416 3135 488 βάπτισμα
3162 415 3500 471 τελειοῦσθαι
3521 434 3537 449 ο
3567 419 3644 472 τὰ
3670 420 3732 473 at

468 506 584 552 tant
610 506 665 552 et
699 500 881 553 viuum
914 499 965 551 itt
1002 500 1347 567 sanguinem.
1393 500 1447 555 ld
1488 517 1700 557 mecum
1735 520 1925 558 rursus
1960 514 2036 558 te-

2136 508 2301 559 λοιπὰ
2329 508 2429 560 ὅσα
2478 508 2733 576 λέγομεν,
2766 509 2910 580 ὑπὲρ
2937 509 3094 580 ἡμῶν
3122 510 3215 563 καὶ
3260 510 3350 563 τοῦ
3383 510 3731 579 βαπτιζομέο

469 590 704 646 stabitur
734 606 896 644 aurea
935 591 1113 660 lingua
1145 592 1401 656 praeditus
1433 590 1691 659 Joannes,
1725 594 1945 648 homilia
1981 596 2035 649 in

2153 615 2228 650 .ou
2262 598 2379 667 ἅμα
2410 599 2506 652 καὶ
2550 602 2819 669 ἅναδόχου
2853 602 3027 654 ταῦτα
3069 602 3324 669 λέγομεν,
3361 602 3505 655 οὕτω
3555 604 3737 655 κὰκεῖ

470 683 749 752 mysticam
785 681 1083 737 Salvatoris
1134 700 1370 747 comam,
1431 694 1486 738 et
1534 686 1589 740 in
1643 688 2030 758 mysteriorum

469 775 809 833 traditionem
840 792 851 826 :
886 774 937 828 in
964 790 1093 839 quo.
1126 784 1177 829 et
1208 787 1397 831 contra
1427 776 1671 839 Iudaeos,
1694 780 2027 847 principium

467 866 754 931 sermonis,
782 884 799 916 ι
825 866 1020 926 Pauca.
1061 868 1259 936 inquit,
1294 868 1453 923 hodie
1492 872 1798 925 necessaria
1834 880 1985 933 sunt,
2012 890 2031 921 ›

469 956 518 1007 in
560 954 660 1008 hae
700 954 921 1007 homilia
959 968 1080 1019 post
1114 957 1281 1010 nmlta
1316 957 1445 1011 dicit
1487 976 1500 1012 :
1550 978 1566 1009 t
1608 958 1861 1015 Christus
1915 959 2031 1027 ipse

466 1046 637 1106 adest,
671 1046 761 1115 qui
792 1063 1032 1101 mensam
1064 1047 1202 1099 hanc
1228 1058 1475 1102 exornat.
1505 1047 1635 1102 Nam
1661 1050 1753 1118 qui
1792 1064 2036 1105 mensam

468 1141 609 1195 illam
647 1143 882 1203 ornavit,
919 1143 1057 1196 idem
1094 1158 1239 1197 nunc
1271 1144 1431 1197 etiam
1462 1145 1599 1198 hanc
1621 1154 1871 1209 exornat,
1904 1146 2036 1214 quia

465 1233 629 1287 homo
662 1248 767 1284 non
800 1243 899 1291 est.
933 1233 1024 1302 qui
1055 1248 1115 1287 ea
1150 1249 1272 1302 qua:
1318 1245 1696 1303 proponuntur
1723 1235 1884 1305 eﬂicjt
1913 1252 2043 1291 san-

466 1326 680 1393 guinem
723 1335 775 1379 et
810 1342 1009 1397 corpus
1050 1326 1250 1380 Christi
1282 1367 1296 1386 ,
1344 1326 1439 1381 sed
1490 1328 1608 1395 ipse
1657 1329 1909 1384 Christus
1940 1345 2042 1398 pro

467 1418 622 1485 nobis
637 1417 951 1472 cruciﬁxus.
977 1419 1129 1472 Astat
1160 1419 1415 1473 sacerdos
1444 1420 1669 1487 ﬁgurant
1706 1430 1912 1475 tantum
1947 1424 2044 1475 ad-

468 1505 720 1575 implens,
749 1507 1077 1575 adhibetque
1119 1523 1329 1577 preces,
1364 1494 1425 1562 ea
1452 1510 1617 1563 verba
1660 1511 1993 1579 proloquens
2023 1526 2040 1576 ;

468 1600 639 1669 gratia
673 1608 726 1651 et
755 1599 835 1653 vis
870 1598 963 1652 Dei
994 1607 1077 1653 est
1102 1640 1117 1663 ,
1147 1615 1267 1666 qua:
1304 1610 1498 1655 cuncta
1542 1610 1823 1669 operatur.
1867 1620 1884 1653 ι
1930 1600 2044 1655 Hoc

470 1699 553 1747 est
580 1705 782 1757 corpus
814 1707 1052 1757 meum,»
1079 1692 1231 1747 dicit.
1263 1692 1375 1748 [loc
1394 1694 1617 1747 verbum
1640 1696 1832 1759 quain
1870 1695 2043 1749 mani-

2140 707 2306 759 φησιν
2334 692 2363 742 ὁ
2391 690 2625 759 Χριστὸς
2661 691 2799 760 πρὸς
2831 693 2957 753 τοὺς
2988 692 3259 759 μαθητὰς,
3298 710 3319 743 t
3355 693 3586 751 Λάϐετε,
3621 692 3736 757 φά-

2140 798 2288 849 γετε,
2331 798 2349 831 ι
2386 781 2481 833 καὶ
2534 781 2601 833 τὰ
2638 781 2766 849 ἑξῆς
2792 797 2806 813 ι
2850 800 2871 833 ι
2909 781 3066 835 τοῦτο
3099 786 3306 836 ποιεῖτε
3348 783 3427 844 είς
3450 783 3553 851 τὴν
3580 782 3740 849 ἐμὴν

2139 875 2450 944 ἀνάμνησιν
2476 890 2491 905 ο
2527 893 2544 925 ι
2580 875 2673 926 καὶ
2703 875 2857 927 ούδὲν
2882 876 3011 929 ἄλλο
3030 875 3132 945 ἔφη
3160 892 3173 906 ’
3209 876 3305 927 καὶ
3324 876 3371 927 οἱ
3402 875 3551 941 λόγοι
3580 875 3742 927 εἰσὶν

2139 964 2284 1017 οὗτοι
2315 966 2364 1017 οἱ
2396 966 2929 1035 μεταρῤυθμίζοντες
2959 967 3047 1018 τὸν
3075 966 3237 1033 ἄρτον
3271 968 3353 1027 είς
3388 966 3549 1032 σῶμα
3582 964 3739 1034 Χριο

2144 1055 2291 1119 στοῦ,
2330 1058 2425 1111 καὶ
2467 1059 2555 1109 τδν
2588 1054 2730 1110 οἶνον
2760 1059 2839 1119 είς
2864 1054 3025 1125 αἷμα.
3061 1055 3233 1109 Τοῦτο
3273 1056 3318 1108 δ’
3351 1057 3419 1110 αὖ
3461 1074 3736 1126 συμμαρ-

2140 1151 2365 1217 τυρήσει
2403 1168 2492 1218 μοι
2536 1151 2630 1201 καὶ
2658 1154 2684 1201 ὁ
2731 1151 2832 1219 τὴν
2881 1150 3129 1216 γλῶτταν
3168 1149 3406 1219 χρυσοῦς
3445 1150 3743 1217 Ἰωάννης,

2143 1244 2200 1295 ὲν
2230 1246 2295 1312 τῇ
2326 1242 2514 1314 ὁμιλίᾳ
2541 1244 2707 1296 αὑτοῦ
2740 1245 2804 1312 τῇ
2840 1245 2920 1305 είς
2960 1243 3050 1295 τὸν
3089 1242 3351 1313 μυστικὸν
3379 1243 3598 1294 δεῖπνον
3639 1242 3740 1293 τοῦ

2144 1330 2420 1401 Σωτῆρος.
2455 1332 2549 1385 καὶ
2578 1333 2657 1394 είς
2686 1332 2786 1401 τὴν
2817 1332 3118 1400 παράδοσιν
3144 1335 3254 1386 τῶν
3282 1332 3605 1401 μυστηρίων
3637 1350 3652 1363 ο
3684 1333 3743 1383 ὲν

2143 1415 2294 1490 ᾧκαὶ
2315 1423 2456 1475 κατά
2482 1422 2755 1476 Ἰουδαίων
2779 1439 2795 1455 ·
2817 1424 2850 1491 ἡ
2878 1424 2933 1476 δὲ
2959 1424 3104 1494 ἀρχὴ
3130 1422 3225 1476 τοῦ
3258 1423 3441 1488 λόγου,
3476 1442 3495 1473 ι
3541 1422 3742 1489 Ὀλίγσ

2145 1516 2311 1583 φησιν
2338 1515 2554 1583 ἀνάγκη
2579 1515 2844 1584 σήμερονο
2860 1534 2878 1566 ι
2917 1518 2974 1567 ὲν
2994 1515 3167 1586 ταύτῃ
3190 1516 3246 1566 δὲ
3270 1518 3334 1583 τῇ
3354 1514 3564 1586 ὁμιλία,
3586 1518 3742 1581 μετὰ

2146 1606 2323 1661 πολλά
2377 1623 2539 1677 φησι,
2578 1624 2595 1660 t
2655 1608 2894 1677 Πάρεστι
2942 1608 3178 1676 Χριστὸς
3216 1609 3425 1668 ἐκεῖνος
3462 1608 3565 1675 τὴν
3598 1608 3738 1677 τρά-

2147 1699 2319 1764 πεζαν
2348 1698 2553 1768 ταύτην
2582 1699 2827 1776 κοσμῶν.
2864 1697 2922 1752 Ὀ
2945 1699 3051 1767 γὰρ
3075 1699 3173 1766 τὴν
3197 1698 3479 1767 τράπεζαν
3508 1699 3739 1773 ἐκείνην

474 1784 572 1838 bus
610 1784 874 1841 habemus
903 1795 1253 1841 transmutat.
1289 1787 1369 1841 Ae
1398 1796 1457 1841 ut
1485 1802 1547 1842 ea
1582 1802 1683 1841 rex
1716 1803 1838 1857 quae
1865 1786 1997 1842 dicit
2028 1829 2043 1852 ,

2153 1794 2455 1861 κοσμήσας,
2490 1782 2646 1853 οὗτος
2680 1791 2777 1845 καὶ
2805 1790 3013 1860 ταύτην
3040 1790 3324 1859 διακοσμεῖ
3353 1790 3471 1842 νῦν.
3510 1791 3587 1843 Οὐ
3621 1792 3739 1858 γὰρ

478 1893 496 1925 ι
538 1876 799 1939 Crescite,
835 1887 887 1931 et
924 1878 1387 1945 multiplicamini,
1419 1890 1474 1933 et
1504 1881 1707 1949 replete
1750 1892 1974 1945 terram,
2019 1899 2038 1932 ι

472 1968 638 2022 semel
672 1970 901 2037 prolata.
941 1971 993 2025 in
1026 1986 1188 2024 omne
1221 1980 1402 2025 tamen
1430 1986 1604 2026 aaan
1640 1974 1941 2041 peragitur,
1969 1973 2033 2026 ad

474 2057 707 2113 ﬁliorum
745 2062 1179 2129 procreationem
1222 2072 1424 2116 nostra:
1469 2073 1675 2118 natura:
1718 2066 1864 2119 vires
1913 2065 2046 2119 sub-

472 2150 794 2207 ministrans
828 2169 842 2206 :
882 2153 951 2207 ita
987 2164 1040 2207 et
1077 2155 1191 2208 haec
1225 2170 1328 2209 vox
1376 2155 1443 2209 ab
1494 2170 1556 2211 ea
1614 2156 1794 2208 divina
1856 2158 2041 2225 lingua

473 2241 639 2293 semel
679 2243 910 2307 prolata,
949 2244 999 2297 id
1027 2255 1131 2304 est.
1172 2263 1190 2295 ι
1222 2244 1329 2299 lloc
1363 2255 1443 2300 est
1467 2262 1667 2315 corpus
1698 2263 1900 2311 meum,
1933 2267 1951 2300 ι
1989 2250 2039 2302 in

473 2330 704 2401 singulis
739 2332 993 2388 Ecclesia
1033 2336 1294 2390 altaribus
1333 2339 1477 2394 illius
1512 2340 1665 2394 verbi
1708 2343 1790 2395 vis
1817 2380 1832 2404 ,
1868 2357 2041 2409 usque

472 2439 536 2480 ac
562 2425 704 2480 hanc
733 2427 873 2492 diem
916 2437 969 2482 et
1010 2429 1302 2484 adventum
1342 2430 1515 2498 ipsius
1546 2432 1877 2485 sacrificium
1918 2448 2043 2500 per-

470 2517 671 2572 fectum
728 2531 1004 2588 operatur.
1052 2538 1071 2570 ι
1109 2521 1165 2575 Si
1212 2522 1318 2577 hoc
1365 2524 1590 2577 verbum
1628 2524 1791 2593 igitur
1823 2539 1884 2576 ea
1920 2538 2041 2591 quae

469 2614 747 2681 proposita
792 2623 923 2668 sunt
973 2614 1026 2669 in
1086 2631 1287 2684 corpus
1343 2628 1396 2672 et
1451 2618 1772 2685 sanguinem
1831 2617 2038 2671 Christi

470 2712 822 2769 transmutat,
846 2718 898 2761 et
924 2707 1200 2761 tremenda
1234 2712 1486 2779 mysteria
1517 2709 1701 2770 eﬂicit.
1730 2708 2039 2763 mirandum

478 2796 668 2864 utique
697 2797 825 2860 erit,
859 2798 905 2852 si
941 2813 1047 2852 non
1071 2809 1301 2869 possunt
1351 2816 1412 2853 ea
1446 2816 1565 2855 esse
1621 2800 1863 2870 perfecta
1915 2802 2043 2869 quia

470 2887 669 2956 exiguo
701 2887 968 2943 fermento
1000 2901 1210 2956 carent,
1246 2894 1548 2961 praesertim
1579 2909 1701 2948 cunt
1739 2894 1841 2948 hac
1870 2900 2046 2947 mate-

471 2974 552 3028 ria
579 2973 829 3029 Christus
859 2978 1175 3047 mysterium
1205 2982 1495 3050 peregerit,
1525 2991 1583 3037 ut
1604 2993 1729 3037 ante
1754 2982 2043 3053 probatum

471 3081 529 3121 es
537 3074 575 3121 ι.

2147 1880 2435 1949 ἄνθρωπός
2491 1881 2639 1933 ἐστιν
2690 1880 2919 1933 ὀποιῶν
2959 1879 3027 1932 τὰ
3077 1879 3416 1949 προκείμενα
3466 1881 3739 1946 γενέσθαι

2150 1971 2308 2039 σῶμα
2337 1972 2432 2024 καὶ
2486 1967 2626 2039 αἷμα
2662 1954 2923 2040 Χριστοῦ,
2974 1970 3091 2023 ἀλλ’
3126 1971 3285 2033 αὐτὸς
3320 1974 3347 2023 ὁ
3390 1972 3739 2041 σταυρωθεὶς

2148 2062 2288 2130 ὑπὲρ
2318 2062 2475 2130 ἡμῶν
2505 2062 2763 2131 Χριστός.
2801 2063 2997 2131 Σχῆμα
3026 2063 3252 2130 πληρῶν
3280 2066 3463 2132 μόνον,
3494 2065 3739 2133 ἕστηκεν

2146 2155 2173 2206 ὁ
2208 2154 2388 2221 ἱερεὺς
2446 2154 2538 2205 καὶ
2592 2153 2898 2221 προσφέρει
2949 2153 3048 2223 τὴν
3102 2153 3316 2222 δέησιν,
3377 2157 3448 2208 τὰ
3500 2157 3736 2225 ῥήματα

2148 2244 2523 2315 φθεγγόμενος
2554 2245 2738 2295 ἐκεῖνα
2758 2260 2773 2274 ’
2808 2245 2841 2313 ἡ
2868 2243 2922 2296 δὲ
2960 2245 3120 2315 χάρις
3152 2248 3246 2298 καὶ
3274 2249 3307 2316 ἡ
3343 2246 3578 2315 δύναμίς
3610 2251 3733 2299 ἐστι

2145 2337 2239 2390 τοῦ
2277 2336 2437 2401 Θεοῦ,
2474 2338 2504 2405 ἡ
2545 2337 2720 2388 πάντα
2753 2338 3122 2407 ἐργαζομένη.
3159 2338 3331 2391 Τοῦτὸ
3367 2340 3469 2407 μού
3502 2343 3620 2391 ἐστι
3671 2340 3737 2392 τὺ

2149 2428 2333 2494 σῶμα,
2385 2430 2520 2497 φησί
2541 2443 2554 2457 ³
2592 2426 2749 2480 τοῦτο
2775 2429 2833 2479 τὸ
2873 2431 3045 2498 ῥῆμα,
3074 2428 3143 2481 τὰ
3170 2430 3503 2500 προκείμενα
3526 2433 3734 2502 μετειρσ

2149 2520 2425 2589 ῥυθμίζει.
2462 2520 2570 2572 Καὶ
2599 2519 2854 2588 καθάπερ
2885 2520 3065 2589 ἐκείνη
3121 2523 3152 2589 ἡ
3193 2520 3345 2590 φωνὴ
3391 2524 3425 2589 ἡ
3463 2521 3727 2588 λέγουσι,

2154 2610 2485 2675 «Λύξᾶνεσθε
2511 2610 2606 2662 καὶ
2624 2609 2960 2679 πληθύνεσθε
2990 2615 3081 2665 καὶ
3104 2614 3431 2683 πληρώσατε
3450 2615 3551 2684 τὴν
3568 2615 3692 2682 γῆν,
3706 2634 3726 2668 ι

2147 2705 2348 2775 ἐρρέθη
2391 2703 2490 2772 μὲν
2525 2702 2695 2767 ἅπαξ,
2721 2702 2809 2755 sis
2837 2705 3040 2767 παντὸς
3068 2704 3126 2757 δὲ
3170 2706 3261 2758 τοῦ
3292 2708 3489 2776 χρόνου
3523 2706 3733 2773 γίνεται

2149 2798 2331 2868 ἔργον,
2363 2799 2491 2851 δυνα
2504 2796 2678 2868 μοῦσα
2694 2797 2792 2867 τὴν
2814 2799 2976 2866 φύσιν
3002 2798 3097 2867 τὴν
3123 2800 3405 2869 ἡμετέραν
3438 2800 3579 2869 πρὸς
3602 2816 3729 2852 παι-

2148 2889 2412 2955 δοποιῖαν,
2438 2890 2580 2945 οὕτω
2605 2894 2695 2945 καὶ
2714 2892 2851 2963 αὓτη
2875 2893 2906 2961 ἡ
2930 2892 3103 2961 φωνὴ,
3120 2891 3268 2956 ἅπαξ
3299 2891 3553 2960 λεχθεῖσα
3581 2892 3731 2961 παρὰ

2149 2980 2248 3048 τῆς
2290 2982 2433 3045 θείας
2468 2982 2711 3053 γλώττης
2748 2985 2989 3053 ἐκείνης,
3012 2983 3091 3045 τὸ,
3128 3002 3144 3033 ι
3180 2982 3351 3034 Τοῦτό
3392 2982 3495 3051 μού
3523 2986 3635 3035 ἐστι
3668 2983 3730 3035 τὸ

2153 3073 2333 3141 σῶμα,
2371 3094 2389 3124 ι
2416 3076 2536 3128 καθ’
2579 3078 2818 3146 ἑκάστην
2836 3076 3114 3147 τράπεζαν
3153 3078 3209 3127 ἐν
3239 3078 3359 3137 ταῖς
3412 3074 3724 3142 ἐκκλησίαις

471 3162 685 3215 ἐκείνου
709 3161 802 3216 τοῦ
834 3164 1085 3233 ῥήματος
1114 3167 1143 3235 ἠ
1176 3163 1427 3230 δύναμις,
1458 3164 1621 3234 μέχρι
1652 3164 1751 3232 τῆς
1779 3164 2041 3232 σήμερον,
2087 3166 2182 3218 καὶ
2212 3165 2341 3234 ἄχρι
2392 3168 2495 3236 τῆς
2528 3168 2694 3221 αὐτοῦ
2733 3170 3059 3238 παρουσίας,
3107 3169 3208 3240 τὴν
3261 3170 3458 3224 θυσίαν
3536 3173 3727 3239 ἀπηρ-

469 3258 735 3327 τισμένην
787 3258 1102 3327 ιργάζεται.
1149 3277 1167 3311 ι
1199 3259 1263 3311 Εἰ
1294 3253 1385 3311 οὖν
1437 3256 1596 3311 τοῦτο
1646 3258 1706 3311 τὶ
1761 3259 1913 3328 ῥῆμα
1974 3260 2056 3322 εἰς
2102 3259 2261 3327 σῶμα
2292 3259 2531 3328 Χριστοῦ
2564 3264 2658 3316 καὶ
2696 3259 2838 3332 αἷμα
2877 3263 2945 3314 τά
3012 3263 3352 3331 προκείμενα
3423 3265 3729 3331 μεταποιεῖ,

471 3354 566 3405 καὶ
622 3352 830 3422 φρικτά
886 3353 1161 3423 μυστήρια
1217 3353 1617 3421 ἀπεργάζεται,
1684 3354 1937 3405 ἀδυνατεῖ
1984 3354 2248 3410 δὲταῦτα
2285 3353 2426 3409 εἶναι
2458 3356 2660 3415 τέλεια,
2700 3357 2787 3408 διὰ
2846 3354 2907 3407 τδ
2972 3354 3048 3424 μὴ
3079 3354 3224 3423 ἔχειν
3264 3358 3474 3425 μικρὰν
3514 3357 3717 3425 ζύμην,

474 3448 660 3517 θαῦμα
683 3447 750 3501 ἂν
776 3451 861 3518 είη
892 3465 905 3479 ·
935 3448 1029 3502 καὶ
1056 3446 1232 3500 ταῦτα
1256 3451 1321 3515 τῇ
1349 3448 1451 3519 ὕλῃ
1479 3449 1652 3519 ταύτῃ
1680 3446 1773 3501 τοῦ
1809 3448 2055 3518 Χριστοῦ
2099 3452 2419 3513 τελέσαντος
2447 3451 2505 3502 τὸ
2552 3450 2851 3520 μυστήριον
2880 3450 2957 3512 ὡς
2990 3451 3503 3520 προαποδέδεικται.

1208 3542 1325 3597 VII.

551 3637 613 3692 Ut
646 3645 829 3690 autem
869 3634 1179 3704 intelligant
1207 3651 1329 3703 quze
1368 3635 1431 3688 ad
1463 3637 1567 3690 hoc
1601 3636 1919 3705 mysterium
1961 3653 2053 3687 ne-

473 3727 715 3783 cessaria
744 3735 890 3788 sunt,
920 3725 1133 3795 etquid
1167 3728 1543 3781 necessarium
1596 3727 1669 3781 ad
1701 3728 1802 3783 hoc
1834 3730 2052 3783 sacriﬁ-

474 3822 618 3876 cium
658 3822 751 3883 sit,
786 3836 853 3874 ne
880 3821 933 3873 in
972 3818 1337 3881 disquirenilo
1360 3819 1427 3871 de
1459 3835 1648 3889 azytno
1680 3820 1766 3872 vel
1803 3820 2052 3875 fermen-

475 3925 592 3970 tato
638 3916 932 3979 laborent,
982 3913 1297 3969 etiamth
1346 3911 1728 3981 adiungemus.
1769 3912 2047 3967 Materiam

473 4008 709 4075 primum
743 4007 901 4073 panis
933 4021 999 4061 ex
1031 4006 1242 4069 tritico,
1270 4014 1325 4060 et
1350 4005 1535 4059 vinum
1574 4004 1787 4059 scilicet
1824 4020 1889 4058 ex
1919 4006 2051 4058 vite.

477 4098 813 4162 Secundum.
840 4098 1043 4153 Christi
1073 4098 1260 4161 verba,
1291 4097 1345 4151 id
1386 4106 1489 4152 est:
1525 4113 1544 4147 ι
1593 4094 1707 4151 Hoc
1738 4106 1823 4150 est
1849 4110 2052 4166 corpus

479 4212 685 4260 meum,
719 4215 738 4247 ι
777 4206 853 4260 et,
890 4212 913 4248 ι
956 4194 1057 4248 Hie
1100 4202 1186 4248 est
1229 4193 1453 4262 sanguis
1478 4207 1653 4246 meus.
1704 4210 1723 4244 ι
1762 4191 2005 4245 Tertium
2036 4232 2050 4254 ,

475 4291 779 4346 sacerdos:
823 4304 944 4343 nam
993 4288 1086 4357 qui
1130 4287 1389 4342 sacerdos
1433 4300 1540 4340 non
1582 4294 1685 4345 est.
1718 4283 1771 4336 id
1807 4291 1916 4347 est,
1955 4281 2049 4350 qui

477 4384 704 4453 gradum
741 4380 1137 4435 sacerdotalem
1173 4393 1279 4431 non
1306 4377 1501 4439 habet,
1540 4375 1875 4431 saerilieium
1909 4387 2055 4426 nunu

476 4487 639 4541 quam
672 4474 946 4525 conﬁciet.
981 4471 1271 4535 Quartum,
1300 4467 1549 4527 scientia,
1580 4465 1631 4518 id
1662 4473 1767 4527 est,
1796 4464 2054 4518 sacerdo-

475 4570 585 4617 tem
618 4562 672 4614 in
706 4560 897 4630 primis
926 4558 1287 4613 intentionem
1326 4558 1531 4613 habere
1570 4556 1636 4608 ad
1670 4571 1730 4607 ea
1762 4554 1907 4608 dona
1934 4565 2079 4616 qua?

478 4662 885 4722 proponuntur,
924 4665 1027 4703 non
1064 4650 1170 4702 alio
1202 4658 1442 4702 mentem
1493 4644 1808 4700 deﬂectere.
1872 4642 2051 4707 Quin-

482 4754 626 4805 tum,
658 4743 851 4807 altare,
886 4741 939 4795 id
976 4749 1080 4799 est.
1122 4754 1311 4793 mensa
1347 4754 1377 4792 a
1413 4740 1668 4806 pontitice
1708 4741 2051 4789 consecrata.

485 4835 609 4890 llaec
642 4833 954 4888 necessaria
986 4842 1113 4885 sunt
1137 4841 1189 4885 et
1211 4831 1351 4895 sola,
1379 4829 1633 4899 quamvis
1659 4827 1911 4882 ultimum
1947 4840 2053 4880 non

2903 3539 2979 3598 Z'.

2231 3636 2351 3689 ’Ὶνα
2385 3636 2442 3689 δὲ
2488 3636 2733 3705 μάθωσιν
2768 3634 2804 3689 ἆ
2852 3635 2992 3687 εἰσιν
3026 3633 3303 3701 ἀναγκαῖα
3338 3636 3475 3703 πρὸς
3521 3634 3583 3687 τὸ
3629 3653 3730 3703 μυ-

2160 3730 2406 3798 στήριον,
2458 3729 2553 3781 καὶ
2579 3728 2632 3780 τί
2682 3727 2980 3794 ἀναγκαῖον
3026 3726 3165 3793 προς
3199 3726 3299 3795 τὴν
3351 3726 3542 3779 θυσίαν
3590 3727 3729 3786 ἐστὶ.

2157 3820 2251 3872 καὶ
2306 3818 2380 3888 μὴ
2435 3819 2660 3888 ἐρευνᾷν
2695 3817 2892 3887 ἔχωσιν
2949 3818 3156 3887 ἄζυμον
3205 3820 3303 3870 καὶ
3353 3818 3606 3886 ἔνζυμον,
3639 3821 3730 3870 καὶ

2157 3909 2330 3964 ταῦτα
2377 3911 2782 3979 προσθήσομεν.
2818 3910 2985 3962 Πέντε
3020 3911 3225 3978 ὀφείλει
3267 3904 3409 3962 εἶναι
3455 3911 3514 3962 ὲν
3543 3912 3612 3978 τῇ
3640 3910 3730 3961 θυ-

2161 4005 2272 4073 σίᾳ.
2306 4004 2527 4072 Πρῶτον
2557 4005 2589 4070 ἠ
2624 4001 2748 4073 ὕλη,
2780 4003 2942 4070 ἄρτος
2974 4004 3037 4055 ὲκ
3086 4002 3233 4055 σίτου
3262 4020 3275 4033 υ
3311 4002 3405 4054 καὶ
3435 3996 3600 4064 οἶνος,
3633 4002 3729 4070 Sq-

2159 4095 2292 4163 λαδὴ
2325 4095 2384 4158 ἐξ
2416 4093 2694 4162 ἀμπέλου.
2748 4094 3035 4163 Δεύτερον,
3063 4094 3114 4146 oi
3141 4093 3237 4146 τοῦ
3272 4092 3511 4160 Χριστοῦ
3540 4094 3687 4162 λόγοι
3714 4109 3729 4122 ’

2157 4186 2239 4246 τὸ,
2272 4204 2289 4235 ι
2320 4184 2489 4238 Τοῦτό
2520 4186 2619 4253 μού
2649 4188 2764 4237 ἐστι
2791 4186 2851 4236 τὸ
2881 4185 3037 4252 σῶμα
3061 4200 3105 4236 ἰ
3135 4186 3263 4246 καὶ(
3289 4204 3306 4236 ι
3344 4185 3515 4239 Τοῦτό
3536 4188 3650 4238 ἐστι
3670 4184 3731 4235 τὸ

2159 4272 2298 4343 αἷμά
2328 4294 2453 4343 μου.
2487 4295 2505 4328 ι
2532 4278 2748 4343 Τρίτον,
2782 4279 2808 4329 ὁ
2829 4277 3105 4345 ἱερεὺς,ού
3129 4277 3236 4345 γὰρ
3268 4277 3510 4345 ἀνίερος,
3539 4276 3730 4330 θυσίαν

2162 4369 2383 4437 ποιήσει
2411 4370 2540 4421 ποτέ
2566 4386 2578 4399 ·
2603 4369 2874 4431 τουτέστι,
2908 4368 2983 4437 μὴ
3009 4368 3145 4437 ἔχων
3172 4367 3383 4438 βαθμὸν
3414 4371 3724 4440 ἱερωσύνης.

2128 4460 2459 4537 ΛΤέταρτον,
2512 4460 2714 4528 είδησις
2740 4472 2752 4485 ·
2789 4459 3065 4521 τουτέστι,
3118 4460 3549 4529 προηγουμένως
3591 4461 3726 4528 ἔχειν

2158 4551 2253 4606 τὸν
2289 4551 2492 4604 σκοπὸν
2521 4552 2614 4602 τὸν
2644 4551 2795 4620 ἱερέα
2822 4550 2959 4620 πρὸς
2986 4552 3051 4605 τά
3079 4552 3418 4621 προκείμενα
3447 4552 3615 4622 δῶρα,
3640 4551 3724 4604 καὶ

2163 4644 2238 4715 μὴ
2272 4644 2508 4712 ἀλλαχοῦ
2562 4644 2652 4696 τὸν
2693 4643 2820 4697 νοῦν
2852 4645 3173 4715 ἀναφέρειν.
3220 4647 3499 4713 Πέμπτον,
3537 4646 3595 4698 τὸ
3635 4644 3721 4695 θυ-

2164 4739 2506 4807 σιαστήριον,
2556 4738 2831 4799 τουτέστι,
2863 4736 3245 4807 καθιερωμένη
3284 4737 3532 4807 τράπεζα
3580 4737 3718 4804 παρὰ

2163 4830 2467 4898 ἀρχιερέως
2497 4845 2509 4859 ·
2545 4830 2717 4883 ταῦτα
2743 4829 2852 4897 γάρ
2882 4830 3019 4880 εἰσιν
3056 4831 3333 4895 ἀναγκαῖα
3370 4830 3467 4881 καὶ
3505 4829 3653 4898 μόνα,
3676 4826 3720 4878 εί

480 4928 554 4983 sit
587 4935 648 4981 ut
693 4934 890 4980 cetera
924 4923 1321 4977 necessarium.
1360 4924 1456 4976 Sin
1496 4930 1681 4975 autem
1721 4920 1835 4973 haec
1863 4919 2047 4975 omnia

2163 4925 2256 4976 καὶ
2292 4923 2365 4991 μὴ
2407 4921 2578 4979 οὕτως
2627 4922 2927 4988 ἀναγκαῖον
2974 4921 3034 4972 τὸ
3072 4920 3305 4988 ἔσχατον
3345 4920 3423 4983 ὡς
3461 4922 3530 4974 τὰ
3576 4920 3719 4973 ἄλλα.

478 5020 653 5074 otiosa
681 5025 812 5072 sunt
835 5016 964 5086 quia
996 5017 1217 5083 exiguo,
1251 5015 1343 5069 sed
1368 5014 1528 5068 acido
1560 5014 1826 5067 fermento
1848 5022 2058 5074 carent,

424 5134 427 5137 -
482 5111 720 5164 maxima
757 5109 945 5177 utique
977 5106 1341 5161 admiratione
1365 5103 1590 5172 dignum
1629 5113 1735 5164 est.
1761 5119 1886 5157 eum
1917 5103 2054 5156 alta-

482 5216 564 5268 re,
596 5200 852 5262 intentin,
886 5198 1164 5263 sacerdos,
1218 5196 1482 5259 materia,
1535 5194 1780 5265 etquod
1833 5195 2057 5248 maximi

416 5332 421 5337 ρ
485 5291 758 5361 praecipue
787 5289 1045 5346 momenti
1078 5296 1162 5343 est
1184 5326 1201 5352 ,
1250 5285 1453 5340 Christi
1490 5284 1681 5349 verba,
1713 5298 1837 5353 qua:
1861 5296 2062 5352 propo-

485 5386 589 5439 sita
620 5383 675 5438 in
706 5383 1029 5451 sanguinein
1057 5391 1111 5435 et
1151 5394 1351 5448 corpus
1380 5385 1772 5437 transmittant,
1809 5389 1905 5442 per
1938 5388 2062 5442 qua:

484 5479 689 5531 celum
740 5484 1117 5529 constructum
1170 5482 1276 5535 est,
1315 5479 1455 5526 terra
1511 5470 1735 5524 fundata
1775 5477 1831 5521 et
1881 5467 2063 5520 omnia

488 5568 806 5631 constituta,
832 5567 950 5622 sine
978 5554 1259 5621 fermento
1277 5564 1411 5618 nihil
1437 5564 1674 5634 possint,
1701 5562 1806 5615 hoc
1828 5574 1937 5613 nou
1958 5567 2062 5624 est,

495 5670 645 5711 sanae
673 5658 871 5712 mentis
901 5665 1303 5719 commentum,
1356 5656 1450 5710 sed
1483 5655 1685 5709 mentis
1717 5666 1946 5723 prorsus
1974 5650 2069 5705 de—

494 5750 720 5803 mentis.
775 5750 1033 5806 Admiror
1081 5749 1243 5806 etiam
1276 5763 1383 5819 qua
1414 5748 1481 5803 de
1513 5762 1677 5803 causa
1723 5746 1909 5803 vinum
1959 5746 2087 5800 nou’

2162 5014 2223 5065 Εί
2253 5013 2311 5065 δὲ
2367 5011 2542 5066 ταῦτα
2594 5012 2774 5064 πάντα
2813 5011 2980 5081 ἀργὰ,
3014 5010 3103 5063 διά
3140 5012 3201 5063 τὸ
3252 5013 3329 5081 μὴ
3390 5013 3536 5083 ἔχειν
3563 5011 3721 5078 ὀξώδη

2165 5105 2369 5173 μικρὰν
2408 5104 2612 5173 ζύμην,
2671 5102 2860 5172 θαῦμα
2887 5101 2953 5156 ἂν
2994 5103 3080 5171 εῐη
3116 5104 3371 5172 μέγιστον
3394 5117 3410 5135 ·
3445 5105 3527 5157 ὅτι
3555 5105 3644 5156 καὶ
3669 5103 3723 5153 τὸ

2159 5196 2571 5264 θυσιαστήριον,
2634 5195 2729 5248 καὶ
2765 5195 2792 5246 ὁ
2840 5194 3063 5258 σκοπὸς,
3121 5195 3272 5247 καὶὸ
3321 5195 3529 5265 ἱερεὺς,
3580 5192 3725 5261 καὶὴ

2162 5287 2286 5355 ὕλη,
2334 5286 2431 5339 καὶ
2472 5286 2710 5355 μάλιστα
2743 5285 2807 5338 τὸ
2848 5285 3232 5355 καιριώτερον,
3284 5287 3334 5338 oi
3380 5286 3477 5339 τοῦ
3509 5282 3727 5357 Χριστῶ

2162 5366 2335 5445 λόγοῖ,
2366 5377 2563 5437 οἵτινες
2601 5376 2956 5446 μεταποιοῦσι
2995 5377 3064 5429 τά
3101 5378 3445 5447 προκείμενα
3475 5381 3554 5442 είς
3582 5377 3732 5445 σῶμα

2162 5469 2257 5523 καὶ
2286 5463 2447 5538 αἷμα,
2471 5468 2541 5521 δι’
2565 5463 2641 5523 ὧν
2666 5470 2695 5522 ὁ
2717 5468 2943 5535 οὐρανὸς
2966 5468 3257 5539 ἧδρασται,
3286 5469 3360 5538 γῆ
3381 5468 3730 5539 ὲθεμελιὼθη,

2164 5561 2260 5613 καὶ
2292 5561 2364 5613 τὰ
2402 5560 2584 5614 πάντα
2635 5560 3009 5623 συνίστανται,
3053 5560 3207 5614 οὐδὲν
3253 5561 3540 5631 ἰσχύουσιν
3585 5561 3736 5623 ὲκτδς

2165 5654 2264 5722 τῆς
2295 5651 2474 5722 ζύμης
2500 5670 2515 5684 ·
2550 5652 2711 5706 τοῦτο
2744 5652 2806 5706 ού
2835 5652 3074 5715 διανοίας
3108 5653 3256 5706 ἐστὶν
3283 5652 3473 5722 ὑγιοῦς
3501 5654 3731 5725 εὕρημα,

2169 5746 2306 5800 ἀλλὰ
2333 5744 2599 5813 διανοίας,
2634 5743 2817 5816 πάσης
2847 5744 3055 5808 ἀνοίας.
3098 5743 3223 5809 Πῶς
3243 5744 3300 5798 δὲ
3327 5746 3432 5800 οὐκ
3461 5744 3734 5817 ἐγκαλεῖτε
