3978 6204
256 301 396 368 1217

758 303 909 363 PRO
952 303 1163 366 CONC.
1212 303 1599 367 FLORENT.
1634 303 1793 365 CAP.
1815 302 1896 365 II.
1945 304 2044 365 DE
2084 302 2339 365 AZYMO
2379 305 2472 363 ET
2515 302 3051 364 FERMENTATO.

3376 304 3514 370 1218

249 423 383 491 ἡμῖν
430 419 528 473 καὶ
561 418 650 473 διὰ
681 418 773 471 τδν
802 414 971 481 οἶνον,
1012 418 1303 487 θαυμάζω,
1338 417 1421 471 ὅτι
1452 417 1682 489 ἐρυθρὸν
1710 418 1821 472 πολ-

1948 418 2292 486 improbatis.
2323 434 2449 472 cum
2483 419 2709 472 rubrum
2760 435 2904 488 stepe
2942 418 3266 483 oll'cramus,
3302 432 3399 480 aut
3429 424 3513 480 al-

249 513 409 574 ).άκις
452 510 859 581 προσφέρομεν,
884 511 919 581 ἦ
949 510 1162 577 λευκὸν,
1201 510 1233 581 ἢ
1272 511 1427 580 ἡδὺν,
1455 510 1488 579 ἢ
1522 510 1827 578 αὐστηρὸν,

252 607 391 661 ἀλλά
421 606 582 674 μόνον
615 606 746 676 περὶ
793 605 887 659 τοῦ
931 606 1119 676 ἄρτου.
1156 606 1367 676 Ὠσπερ
1419 605 1528 674 γάρ
1583 605 1826 675 εἴρηκεν.

248 701 313 751 ἐκ
343 699 438 751 τοῦ
473 699 810 767 γεννήματος
835 701 933 767 τῆς
974 699 1245 766 ἀμπέλου,
1272 700 1367 753 καὶ
1395 700 1456 752 ού
1493 698 1659 752 διεῖλε
1706 698 1829 751 λευ-

248 793 367 855 κδν,
397 792 431 860 ἢ
460 791 714 860 ἐρυθρὸν,
761 790 903 845 οὕτω
942 791 1037 845 καὶ
1077 793 1203 861 περὶ
1251 792 1344 846 τοῦ
1376 793 1546 862 ἄρτου
1575 809 1590 825 ο
1652 790 1829 845 εἰπὼν

248 882 433 948 ἄρτον,
469 881 528 933 οὑ
574 880 790 942 διεῖλεν.
842 879 1136 950 ἐνζυμονῆ
1184 880 1416 949 ἄζυμον,
1472 880 1506 949 ἢ
1564 877 1828 948 λευκδνῆ

251 974 475 1042 μέλανα,
527 973 560 1040 ἢ
592 972 723 1042 ἡδὺν
768 971 801 1042 ἢ
844 962 1051 1040 ὀξώδηο
1089 973 1178 1023 διά
1228 971 1388 1025 τοῦτο
1418 973 1451 1041 ἡ
1523 969 1829 1040 Ἐκκλησία

248 1063 470 1131 στέργει
519 1062 826 1131 ἀδιαφόρως
876 1062 1165 1132 ἀμφότεραι⁸
1193 1078 1208 1094 ’
1260 1064 1443 1117 ἰδοῦσα
1488 1064 1597 1134 γάρ
1634 1067 1665 1134 ἡ
1703 1064 1831 1135 ἱερά

252 1154 471 1216 σύνοδος
500 1154 767 1224 ἀκριϐῶς,
799 1156 897 1207 ὅτι.
918 1155 1084 1223 ἄρτος
1118 1155 1263 1208 ἐστὶν
1289 1156 1625 1226 ἀμφότερον,
1652 1156 1845 1225 chap:

250 1246 490 1315 φιϐόλως
526 1248 838 1317 ίερουργεῖ·
883 1247 978 1299 καὶ
1017 1248 1076 1299 ού
1124 1247 1399 1315 μέμφεται
1434 1247 1697 1317 θάτερον·
1731 1249 1828 1301 καὶ

248 1338 421 1391 ταῦτα
454 1338 656 1405 μᾶλλον
685 1337 764 1400 ῶς
793 1336 1306 1404 προαποδέδεικται,
1341 1338 1437 1390 τοῦ
1467 1338 1707 1409 Χριστοῦ
1740 1357 1828 1392 τε·

248 1430 511 1492 λὲσαντος
560 1430 796 1497 ἄζυμον.
831 1430 1044 1483 Οὐκοῦν
1080 1430 1283 1492 ἀδίκως
1321 1430 1604 1497 ἐγκαλεῖτε
1632 1435 1698 1501 τῇ
1747 1434 1829 1485 οί-

250 1525 546 1593 κουμενικῇ
578 1523 800 1593 συνόδῳ,
830 1526 895 1592 τῇ
924 1522 1095 1585 οὕτως
1120 1522 1429 1593 κελευσάσῃ
1456 1539 1470 1553 ·
1497 1524 1591 1574 καὶ
1620 1523 1825 1585 ἀδίκως

248 1617 398 1686 ἡμᾶς
421 1618 548 1677 τοὺς
581 1615 714 1669 αὐτὸ
762 1617 1091 1685 στέργοντας
1134 1618 1226 1669 καὶ
1257 1615 1683 1685 ὁμολογοῦντας,
1722 1633 1817 1669 συ-

251 1707 571 1774 κοφαντεῖτε
605 1706 700 1758 καὶ
731 1706 1043 1776 διασύρετε.

330 1795 420 1858 Ὠς
438 1796 505 1850 ἂν
524 1796 580 1849 δὲ
600 1796 692 1850 καὶ
720 1797 767 1849 Ν
775 1799 1036 1866 ικηφόρου
1058 1796 1379 1861 Καλλίστου,
1408 1797 1501 1852 τοῦ
1521 1798 1821 1853 Ξανθοπού-

2009 1793 2077 1848 Ut
2181 1802 2363 1850 autem
2471 1797 2768 1867 Nicephori

245 1888 341 1945 λου
377 1889 623 1958 μνησθῶ,
670 1888 846 1941 ἔπεισί
891 1907 980 1958 μοι
1013 1890 1107 1942 καὶ
1139 1892 1348 1958 σφόδρα
1388 1892 1555 1962 γελᾷν
1582 1907 1595 1923 ο
1623 1891 1682 1954 ὃς
1709 1891 1826 1958 ἐφι-

247 1978 517 2050 λοτιμήθη
572 1980 672 2049 μὶν
730 1982 1046 2051 συγγράψαι
1101 1984 1170 2037 τὰ
1210 1984 1268 2036 ὲν
1313 1982 1393 2052 τῷ
1425 1983 1677 2054 Τριῳδίῳ
1727 1980 1821 2034 νῦν

248 2070 615 2141 εὑρισκόμενα
644 2071 941 2142 συναξάρια
964 2089 980 2106 ο
1013 2077 1079 2143 τῇ
1117 2075 1265 2146 ῥύμῃ
1288 2076 1343 2128 δὲ
1369 2075 1471 2144 τῆς
1496 2075 1697 2137 κακίας
1724 2072 1823 2127 τοῦ

249 2165 546 2234 σχίσματος
571 2164 829 2232 κινηθεὶς,
862 2165 1068 2235 ἔγραψε
1110 2167 1204 2219 καὶ
1236 2167 1365 2235 περὶ
1398 2168 1495 2236 τῆς
1518 2167 1818 2236 προκειμέ-

246 2273 345 2326 νης
382 2258 516 2327 ἡμῖν
550 2258 880 2319 ὑποθέσεως.
913 2259 1128 2328 μεγάλα
1155 2260 1248 2312 καὶ
1277 2259 1587 2327 θαυμαστά.
1622 2259 1821 2312 "Octob

244 2348 418 2402 ταῦτα
469 2351 528 2402 ὲν
574 2351 1144 2405 Κωνσταντινυυττόλει
1193 2353 1295 2405 οὐκ
1351 2352 1818 2419 ἀνεγινώσκοντο,

246 2439 445 2502 πάντες
479 2441 624 2495 ῐσασι
650 2457 666 2474 ο
706 2444 799 2495 καὶ
820 2444 880 2495 ού
910 2443 992 2497 δεῖ
1028 2460 1093 2510 με
1132 2444 1447 2514 περαιτέρω
1474 2443 1816 2513 προϐαίνεινο

244 2536 304 2586 ἂν
351 2534 521 2604 ταύτῃ
566 2535 729 2603 μόνον
774 2539 839 2606 τῇ
894 2538 1047 2591 πόλει
1089 2539 1233 2601 τινὲς
1289 2540 1594 2603 κατέταξιν
1650 2542 1707 2592 ἐν
1742 2537 1821 2607 τῷ

242 2625 477 2694 τριῳδίῳ
513 2626 589 2688 ώς
628 2626 999 2695 εὑρίσκονται.
1035 2629 1159 2681 Ὅτι
1192 2631 1245 2683 δὲ
1274 2630 1394 2683 λίαν
1421 2631 1819 2697 ἀσυλλόγιστα,

242 2716 271 2767 ό
310 2715 637 2787 βουλόμενος
692 2717 1047 2785 ἀναλεξάσθω
1091 2723 1157 2773 τὰ
1204 2722 1355 2790 αὑτῷ
1400 2722 1690 2791 εἰρημένα,
1724 2721 1822 2775 καὶ

242 2805 468 2876 εὑρήσει
499 2808 661 2861 αὑτὸν
687 2809 744 2862 ὲν
777 2810 993 2874 πολλοῖς
1042 2804 1229 2881 ἑαυτῷ
1251 2814 1622 2881 ἀντιλέγοντα.
1672 2815 1737 2868 Τί
1758 2814 1822 2875 ,δὲ

242 2897 307 2949 τὸ
336 2898 564 2968 φοϐερὸν
614 2901 779 2954 αὐτοῦ
812 2903 1014 2969 λόγιον,
1047 2906 1141 2957 καὶ
1171 2904 1246 2969 ὡς
1275 2906 1424 2975 αὐτῷ
1465 2907 1634 2972 δοκεῖ,
1662 2910 1825 2961 ἀναν-

243 2987 540 3058 τίρῤητονς
568 2990 648 3060 Τῇ
703 2992 917 3064 μεγάλῃ
959 2994 1223 3066 Πέμπτη,
1282 2998 1364 3061 είς
1400 2997 1498 3067 τὴν
1525 2998 1823 3068 παράδοσιν

242 3079 355 3132 τῶν
382 3080 718 3150 μυστηρίων,
746 3085 886 3153 μετὰ
916 3085 1087 3141 πολλά
1111 3088 1209 3142 καὶ
1236 3089 1392 3154 ἄλλα,
1426 3091 1609 3160 φησιν.
1636 3084 1821 3162 Δι”Ορσι

1934 505 2087 571 bum,
2122 509 2203 562 vel
2245 507 2426 573 dulce,
2462 511 2539 561 vel
2569 519 2849 562 austerum
2874 549 2887 573 ,
2922 510 3015 562 sed
3046 520 3239 579 panem
3275 522 3514 569 tantum.

1933 596 2069 650 Nam
2121 601 2582 667 quemadmodum
2633 603 2699 655 de
2736 602 3011 667 getiimine
3061 603 3188 658 vilis
3221 604 3380 667 dixit.
3418 622 3517 662 nec

1932 690 2116 745 album
2153 692 2404 746 distinxit
2439 710 2465 743 a
2497 694 2685 757 rubro,
2715 697 2784 748 ita
2824 706 2877 749 et
2905 694 2972 749 de
3005 711 3145 765 pane
3179 697 3389 763 dicens,
3420 715 3517 770 pa-

1932 799 2055 838 nem
2085 800 2191 839 non
2214 786 2472 847 diSIinxit
2505 786 2890 842 fermentatum
2922 789 2991 841 ab
3024 804 3218 859 azymo
3246 808 3260 845 :
3310 791 3393 845 vel
3430 791 3515 847 al-

1932 876 2082 941 bmn,
2112 878 2194 932 vel
2230 877 2467 948 nigrum,
2488 880 2570 933 vel
2601 881 2841 944 dulcem,
2869 881 2951 935 vel
2972 882 3189 935 acidum
3217 900 3233 947 ;
3260 894 3511 952 propter-

1932 982 1994 1022 ea
2065 977 2297 1038 utraque
2326 970 2444 1025 sine
2472 971 2581 1025 ullo
2610 972 2932 1028 discrimine
2976 974 3381 1042 amplectimur.
3408 973 3516 1032 No-

1932 1075 2087 1115 scens
2101 1062 2244 1114 enim
2262 1063 2418 1130 plane
2434 1079 2587 1116 sacra
2603 1066 2847 1133 synodus
2863 1076 3152 1135 utrumque
3168 1082 3359 1134 panem
3375 1081 3513 1130 esse,

1932 1153 2241 1219 promiscue
2300 1156 2595 1216 sacriﬁcat.
2640 1172 2737 1209 nec
2780 1157 3098 1211 alterutrum
3139 1158 3511 1226 reprehendit,

1932 1245 2227 1313 praesertim
2247 1261 2369 1300 cum
2393 1246 2645 1301 Christus
2664 1248 2714 1300 in
2741 1263 2931 1316 azymo
2951 1250 3266 1313 confecerit,
3286 1260 3336 1303 ut
3356 1260 3514 1304 antea

1930 1346 2209 1390 ostensum
2228 1346 2328 1391 est.
2362 1338 2506 1404 Ergo
2528 1337 3146 1405 injuria'meumenicam
3181 1339 3515 1395 insimulatis

1930 1426 2217 1495 synodum,
2250 1442 2371 1495 qute
2398 1429 2674 1495 sicjubet,
2704 1437 2758 1481 et
2789 1430 2986 1496 injuria
3015 1446 3132 1493 nos,
3158 1430 3249 1497 qui
3274 1445 3514 1505 eam‘se-

1929 1518 2149 1587 quimur
2190 1529 2244 1573 et
2272 1519 2618 1586 conﬁtemur,
2644 1521 3056 1576 calumniamini
3093 1531 3145 1577 et
3170 1524 3508 1592 suggillatis.

2863 1798 3075 1855 Callisti
3174 1800 3509 1872 Xanthopuli

1929 1891 2260 1946 mentionem
2331 1890 2554 1956 faciam,
2625 1894 2774 1947 subit
2837 1894 2970 1948 mihi
3057 1896 3351 1951 admodum
3428 1898 3512 1953 ri-

1925 1982 2100 2036 dere:
2156 1983 2247 2051 qui
2312 1982 2602 2038 ambitiose
2680 1985 2986 2049 contendit,
3034 2001 3095 2040 ea
3152 2001 3274 2055 quae
3361 2002 3509 2041 nunc

1930 2072 1981 2125 in
2040 2070 2265 2127 Triodio
2327 2073 2615 2143 synaxaria
2674 2075 3048 2143 reperiuntur,
3103 2078 3508 2143 conscribere;

1927 2166 2126 2233 impetu
2163 2181 2290 2221 vero
2321 2168 2608 2236 pravitatis
2641 2178 2823 2225 motus
2846 2209 2860 2235 ,
2906 2171 2974 2226 de
3028 2174 3311 2242 proposito
3347 2174 3508 2231 nobis

1924 2270 2247 2325 argumento
2280 2274 2474 2328 magna
2500 2268 2554 2313 et
2579 2262 2923 2316 admirabilia
2962 2265 3205 2334 scripsit.
3230 2264 3333 2320 Sed
3362 2268 3504 2335 quod

1924 2365 1989 2403 ea
2026 2350 2497 2420 Constantinopoli
2553 2368 2662 2406 non
2731 2354 3059 2424 legerentur,
3109 2358 3370 2412 omnibus
3421 2367 3508 2413 cst

1924 2449 2260 2509 compertum
2305 2459 2319 2497 :
2356 2457 2459 2496 nec
2510 2452 2734 2512 oportet
2781 2460 2869 2498 me
2904 2445 3136 2500 ulterius
3183 2448 3498 2516 procedere.

1924 2531 1981 2587 la
2014 2534 2113 2588 hac
2148 2534 2285 2588 urbe
2312 2544 2521 2589 tantum
2549 2536 2772 2601 quidam
2808 2542 2861 2591 in
2886 2537 3111 2593 Triodio
3142 2541 3505 2610 quemadmo-

1923 2622 2052 2677 dum
2106 2625 2464 2679 inveniuntur
2516 2628 2961 2693 collocaverunt,
3018 2645 3139 2684 esse
3193 2638 3373 2686 autem
3437 2646 3501 2686 ea

1926 2715 2080 2771 valde
2111 2716 2506 2773 irrationabilia
2542 2721 2586 2775 si
2637 2721 2760 2788 quis
2811 2722 2955 2775 scire
3006 2721 3298 2784 desiderat,
3358 2724 3505 2790 lgat

1924 2824 2043 2876 quae
2082 2810 2197 2877 ipse
2231 2812 2563 2879 composuit,
2602 2813 2951 2881 reperietque
2976 2829 3099 2866 eum
3128 2815 3180 2866 in
3225 2814 3505 2883 plurisque

1923 2902 2025 2955 sibi
2059 2902 2155 2972 ipsi
2183 2916 2512 2972 pugnantem
2543 2919 2685 2960 esse.
2718 2905 2822 2959 Sed
2849 2907 3122 2975 quodnam
3148 2916 3227 2960 est
3263 2916 3503 2960 tri-men-

1924 2992 2189 3062 dumejus
2220 2996 2526 3060 oraculum,
2553 3004 2628 3060 et,
2664 3004 2724 3050 ut
2753 2996 2856 3050 sibi
2889 2996 3128 3061 videtur,
3163 2997 3501 3053 insolubile?

1925 3087 1983 3139 in
2015 3086 2206 3155 quinta
2240 3102 2438 3156 magna
2471 3087 2605 3141 feria
2631 3088 2685 3142 in
2735 3090 3118 3159 mysteriorum
3151 3090 3499 3147 traditionem

244 3172 390 3235 ὅπως
418 3174 580 3242 ἄρτον
620 3175 770 3243 λέγει
797 3178 857 3229 τὸ
896 3181 1055 3247 σῶμα
1101 3180 1290 3246 αὑτοῦ,
1327 3183 1388 3235 οὐ
1424 3184 1532 3253 μὴν
1562 3185 1773 3254 ἄζυμον
1796 3202 1812 3218 ο

1924 3187 2045 3247 post
2096 3179 2203 3231 alia
2246 3182 2414 3233 multa
2460 3180 2648 3234 dicit:
2698 3200 2715 3232 ι
2762 3181 2920 3245 Vide,
2970 3193 3030 3237 ut
3091 3197 3284 3251 panem
3343 3191 3502 3239 vocet

244 3267 683 3333 αἰσχυνέσθωσαν
704 3269 836 3338 eis?)
864 3268 1024 3339 θυσία
1057 3270 1301 3341 ἀζύμους
1327 3278 1756 3345 προσφέροντες.
1790 3296 1811 3330 ι

242 3358 414 3411 Τοῦτο
439 3360 485 3413 δ’
509 3361 585 3423 ώς
621 3361 983 3431 φοϐερώτατα
1010 3364 1141 3434 παρ’
1166 3365 1338 3418 αὐτοῦ
1363 3370 1672 3437 εἰρημένον,
1704 3371 1818 3424 ἀνω

240 3449 338 3501 καὶ
381 3450 529 3502 κάτω
564 3452 962 3519 προϐάλλονται
989 3456 1037 3507 oi
1068 3457 1265 3527 ἐκείνῳ
1296 3459 1575 3525 ἑπόμενοι,
1608 3462 1815 3525 ἐκεῖνός

240 3558 304 3606 γε
340 3541 447 3609 μὴν
475 3540 622 3593 δοκεῖ
672 3541 853 3610 λέγειν
888 3562 939 3598 τι
966 3560 980 3576 ο
1028 3546 1181 3600 οὐδὲν
1208 3548 1285 3611 δὲ,
1339 3548 1414 3611 ώς
1447 3549 1815 3621 δειχθήσεται.

241 3631 352 3684 Καὶ
384 3635 489 3701 γὰρ
518 3635 677 3702 ἡμεῖς
711 3635 957 3705 μαθηταὶ
991 3636 1143 3701 ὄντες
1186 3639 1281 3691 τοῦ
1320 3642 1623 3710 φήσαντος,
1664 3662 1682 3695 ι
1723 3644 1817 3698 Εἱ-

244 3722 419 3793 ρήνην
460 3722 704 3787 διώκετε,
744 3744 763 3776 ι
799 3726 899 3794 οὐχ
947 3726 1247 3798 ὑϐρίζομεν
1279 3732 1465 3796 αὑτὸν,
1498 3733 1573 3796 ῶς
1608 3736 1816 3801 ἐκεῖνος

241 3813 387 3880 ἡμᾶς
419 3831 432 3845 ο
484 3814 599 3866 ἀλλ’
653 3817 685 3884 ἡ
725 3816 989 3885 ἀπολογία
1023 3819 1090 3889 ἢν
1115 3822 1455 3891 ποιησόμεθα
1512 3826 1650 3894 πρὸς
1687 3828 1817 3891 τοὺς

239 3903 408 3957 αὑτοῦ
444 3903 657 3971 λόγους,
693 3908 830 3978 αὑτὴ
880 3910 975 3962 καὶ
1009 3912 1146 3981 μόνη
1177 3912 1335 3983 ὕϐρις
1374 3915 1509 3985 πρὸς
1536 3917 1701 3970 αὑτὸν
1731 3918 1817 3971 λο-

239 3996 563 4066 γισθήσεται
589 4014 604 4029 ⁸
636 4000 715 4053 ὅτι
747 4001 1071 4066 διδάσκαλος
1105 4005 1352 4074 οἰόμενος
1404 4006 1568 4076 εἶναι,
1602 4010 1819 4081 ἐξελέγ-

239 4103 398 4157 χεται
422 4088 553 4158 παρ’
584 4092 767 4158 ἡμῶν,
803 4094 1031 4163 ἀμαθῶν
1059 4096 1230 4151 ὄντων
1259 4116 1273 4131 ο
1306 4103 1397 4153 καὶ
1423 4102 1484 4173 δή
1512 4121 1716 4172 φαμεν,
1740 4105 1817 4169 ῶς

240 4181 451 4241 ἐκεῖνος
483 4182 603 4235 καθ’
624 4183 819 4237 ἑαυτὸν
841 4186 1198 4257 λογιζόμενος
1226 4194 1543 4263 συγγράψαι
1573 4199 1816 4252 ἐναντίον

240 4274 307 4341 τῇ
364 4273 628 4346 καθολικῇ
692 4277 1013 4350 Ἐκκλησία,
1064 4284 1411 4355 διολισθήσας
1468 4289 1812 4357 ἐπιτηδείως,

240 4368 553 4435 κατωφερεί
582 4366 763 4438 βόθρῳ
789 4371 929 4423 κατά
964 4375 1210 4443 κεφαλῆς
1244 4376 1430 4435 ἔπεσε.
1463 4380 1650 4433 Εἰπὼν
1680 4387 1813 4451 γὰρ,

244 4472 265 4505 ι
290 4454 434 4524 Ὅρα
458 4458 605 4521 ὅπως
634 4460 799 4529 ἄρτον
816 4460 1034 4528 λέγειτὸ
1054 4465 1214 4534 σῶμα
1239 4468 1427 4535 αὐτοῦ,
1461 4473 1521 4524 οὐ
1554 4472 1661 4542 μὴν
1688 4475 1817 4539 ἀζυ-
1848 4501 1891 4556 D

244 4563 368 4613 μον,
397 4567 414 4599 ι
452 4550 749 4604 ἐπελάθετο
782 4554 862 4605 ὅτι
886 4556 979 4607 καὶ
1010 4557 1039 4607 ό
1075 4556 1303 4626 ἄζυμος,
1334 4562 1501 4631 ἄρτος
1544 4565 1814 4621 καλεῖται.

245 4638 432 4702 Ἔδοξε
462 4640 571 4710 γάρ
612 4642 782 4712 αὐτῷ,
816 4646 890 4707 ώς
920 4648 1050 4699 ὅταν
1084 4650 1216 4720 λέγῃ
1265 4668 1347 4714 τις
1376 4654 1561 4721 ἄρτον,
1607 4657 1699 4709 τὸν
1730 4658 1815 4709 ἕνα

239 4726 412 4796 ζυμον
433 4730 517 4782 δεῖ
546 4736 684 4785 νοεῖν
710 4750 723 4764 ο
762 4734 880 4786 ἀλλ’
910 4738 969 4787 οὐ
1020 4737 1246 4793 δύναται
1278 4742 1437 4794 τοῦτο
1480 4744 1656 4809 δείξαι
1683 4764 1699 4780 ο
1735 4749 1816 4800 ὅτι

239 4819 515 4890 πολλαχοῦ
539 4823 637 4890 τῆς
669 4823 914 4894 Γραφῆς,
948 4829 1040 4879 καὶ
1066 4829 1095 4880 ό
1119 4830 1349 4898 ἄζυμος,
1381 4832 1543 4901 ἄρτος
1574 4835 1813 4903 λέγεται.

238 4911 378 4979 Φησὶ
411 4912 519 4981 γὰρ
550 4916 581 4983 ἡ
620 4914 743 4982 ἱερά
780 4917 972 4987 Γραςρή
1001 4934 1014 4947 ·
1054 4938 1072 4971 ι
1115 4921 1222 4972 Kal.
1252 4922 1433 4975 λαϐὼν
1464 4926 1590 4988 τοὺς
1617 4928 1817 4995 ἄρτους

239 5004 367 5065 τοὺς
396 5002 661 5075 ἀζύμους.
697 5026 716 5058 ι
753 5009 862 5061 Καὶ
907 5010 988 5063 ἔτι
1021 5012 1077 5064 ὲν
1107 5016 1173 5082 τῇ
1217 5014 1436 5085 Ἐξὸδιρ,
1471 5035 1489 5069 ι
1522 5018 1681 5088 Anth)
1721 5038 1817 5089 μο-

240 5096 466 5165 σχάριον
507 5100 572 5150 ἐκ
612 5098 750 5168 βοῶν
787 5100 866 5167 ἓν,
906 5105 998 5156 καὶ
1046 5107 1238 5172 κριοὺς
1280 5108 1546 5178 ἀμώμους
1572 5110 1686 5177 δύο,
1724 5113 1819 5166 καὶ

240 5185 442 5256 ἄρτους
486 5188 730 5260 ἀζύμους
767 5196 1195 5264 πεφυραμένους
1236 5199 1421 5268 ἐλαίῳ,
1458 5204 1553 5255 καὶ
1606 5203 1818 5267 λάγανα

239 5277 427 5346 ἄζυμα
456 5284 796 5351 κεχρισμένα
844 5287 903 5338 ἐν
950 5288 1115 5357 ἐλαίῳ
1149 5291 1482 5363 ’.σεμίδαλιν
1514 5296 1579 5346 ἐκ
1625 5296 1817 5365 πυρῶν

240 5370 488 5432 ποιήσεις
513 5372 677 5438 αὐτὰ,
702 5376 795 5427 καὶ
825 5376 1117 5447 ἐπιθήσεις
1142 5380 1283 5433 αὺτά
1317 5384 1411 5434 ἐπὶ
1448 5383 1645 5439 κανοῦν
1675 5386 1754 5440 ἐν.
1787 5404 1807 5440 ι

236 5458 352 5511 Καὶ
387 5459 504 5528 μετ’
536 5462 716 5529 ὀλίγα,
764 5484 783 5515 ι
823 5466 932 5519 Kal
982 5468 1124 5539 λήψῃ
1157 5472 1320 5540 ἄρτον
1368 5473 1464 5526 ἕνα
1498 5474 1557 5538 ἐξ
1600 5476 1810 5543 ἐλαίου,

237 5549 335 5603 καὶ
363 5549 597 5619 λάγανον
622 5553 681 5609 ἓν
704 5556 813 5609 ἀπὸ
836 5557 931 5612 τοῦ
963 5560 1129 5615 κανοῦ
1158 5562 1263 5619 τῶν
1294 5564 1519 5636 ἀζύμων
1544 5568 1653 5624 τῶν
1679 5586 1810 5640 προσ

309 5733 387 5805 (1)
424 5734 633 5807 Contra
658 5738 955 5821 Ephesium

1923 3284 2120 3338 corpus
2146 3286 2335 3334 suum,
2371 3287 2478 3324 non
2513 3282 2694 3326 tamen
2724 3287 3003 3341 azymum.
3032 3275 3371 3329 Erubescant
3403 3279 3499 3343 qui

1922 3362 1980 3414 in
2015 3360 2289 3415 sacriﬁcio
2324 3376 2548 3429 azymos
2575 3361 2854 3415 adhibeat.
2899 3380 2918 3413 ι
2952 3362 3009 3415 ld
3042 3372 3096 3416 ut
3126 3363 3366 3417 terribile
3391 3366 3501 3418 ad-

1921 3452 2141 3505 modum
2168 3452 2235 3504 ab
2267 3468 2332 3504 eo
2360 3453 2588 3513 dictum,
2616 3466 2835 3506 sursum
2876 3453 3135 3517 deorsum
3165 3454 3283 3520 ejus
3319 3465 3499 3509 secta-

1928 3553 2077 3598 tores
2110 3544 2428 3612 objectant;
2462 3552 2626 3613 atque
2676 3545 2724 3597 is
2775 3544 2982 3611 aliquid
3030 3545 3243 3599 videtur
3276 3546 3495 3613 dicere,

1924 3638 1999 3691 nil
2040 3649 2219 3691 autem
2268 3638 2423 3698 dicit.
2490 3648 2547 3691 ut
2600 3638 3087 3692 demonstrabitur.
3139 3638 3351 3692 Etenim
3396 3654 3497 3695 nos

1920 3748 2044 3786 cum
2071 3732 2318 3800 discipuli
2352 3730 2474 3801 ejus
2514 3732 2711 3797 simus,
2742 3732 2834 3800 qui
2868 3731 3021 3796 dicit,
3074 3731 3266 3785 Pacem
3313 3732 3500 3803 sequi-

1924 3825 2081 3886 mini,
2132 3825 2333 3893 injuria
2366 3840 2489 3877 cum
2534 3840 2642 3877 non
2685 3825 2950 3879 allicimus
2990 3824 3092 3893 (l),
3129 3836 3185 3878 ut
3225 3826 3311 3876 ille
3347 3841 3447 3880 nos
3478 3842 3497 3880 :

1921 3917 2012 3971 sed
2048 3918 2328 3985 responsio
2361 3927 2589 3980 tantum,
2626 3932 2791 3983 quam
2827 3916 3094 3970 adversus
3135 3916 3254 3983 ejus
3283 3929 3497 3969 sermo-

1921 4024 2017 4061 nes
2051 4007 2341 4061 aﬂ’eremus
2367 4044 2384 4071 ,
2418 4022 2517 4076 pro
2553 4006 2747 4074 injuria
2802 4006 3144 4074 reputabitur
3188 4024 3201 4059 :
3238 4006 3332 4075 qui
3367 4018 3493 4060 cum

1919 4102 2235 4170 magistrum
2270 4115 2329 4153 se
2364 4115 2485 4154 esse
2514 4100 2791 4168 epinetur,
2823 4114 2851 4151 a
2882 4099 3061 4161 nobis,
3093 4101 3185 4165 qui
3210 4097 3354 4151 docti
3388 4114 3492 4151 nou

1921 4208 2112 4247 sumus
2138 4235 2154 4258 ,
2186 4193 2549 4247 convincitur.
2581 4193 2704 4246 ldeo
2736 4191 2975 4245 dicimus
3002 4191 3150 4258 quod
3185 4190 3273 4243 ille
3305 4203 3493 4242 secum

1920 4302 2144 4340 versans
2190 4285 2468 4340 adversus
2509 4283 2833 4339 catholicam
2872 4281 3170 4336 Ecclesiam
3223 4280 3491 4343 scribere,

1919 4379 2267 4447 apertissime
2304 4377 2487 4445 lapsus
2519 4376 2571 4429 in
2627 4375 2965 4445 praecipitem
3019 4372 3232 4427 foveam
3285 4384 3492 4439 pronus

1920 4469 2134 4522 cecidit.
2170 4468 2304 4521 Nam
2338 4482 2460 4520 cum
2493 4466 2741 4531 dixisset,
2774 4465 2940 4521 «Vide
2965 4466 3109 4533 quod
3143 4476 3334 4533 panem
3367 4476 3491 4516 cor-

1921 4576 2020 4630 pus
2056 4577 2214 4615 suum
2244 4560 2396 4623 dicit,
2426 4575 2535 4613 non
2566 4574 2869 4628 azymumn
2908 4558 3111 4611 oblitus
3140 4564 3225 4609 est
3258 4553 3405 4621 quod
3436 4563 3493 4609 et

1918 4668 2142 4723 azymus
2165 4656 2320 4721 panis
2343 4652 2663 4721 appellatur.
2691 4647 2882 4703 Visum
2912 4657 2996 4702 est
3017 4647 3162 4700 enim
3191 4645 3292 4713 ipsi
3317 4659 3493 4714 opor-

1918 4754 2038 4799 tere
2071 4761 2195 4798 cum
2228 4745 2355 4812 quis
2385 4758 2576 4812 panem
2615 4741 2766 4806 dicit,
2802 4741 2867 4795 de
2916 4738 3245 4793 fermentato
3278 4745 3487 4791 tantum

1917 4838 2185 4905 intelligi;
2219 4849 2273 4891 at
2298 4837 2398 4890 hoc
2428 4834 2658 4904 probare
2691 4849 2800 4887 non
2834 4841 3034 4901 potest,
3061 4829 3189 4898 quia
3216 4828 3270 4883 in
3308 4828 3492 4882 multis

1922 4930 2221 4996 Scriptura:
2256 4928 2391 4981 locis
2421 4941 2648 4996 azymus
2695 4924 2860 4979 etiam
2914 4924 3069 4992 panis
3101 4924 3322 4977 dicitur.
3360 4921 3488 4989 quia

1918 5038 2074 5076 sacra
2111 5022 2394 5091 Scriptura
2426 5021 2583 5085 dicit,
2626 5038 2645 5070 ι
2684 5019 2838 5072 Tolle
2889 5032 3112 5088 azyinos
3163 5030 3348 5083 panes;
3386 5032 3404 5064 ο
3436 5020 3486 5065 ct

1916 5115 1970 5169 in
2016 5112 2225 5178 Exodo,
2268 5130 2286 5163 ι
2326 5113 2479 5167 Tolle
2526 5111 2762 5165 vitulum
2795 5126 2858 5163 ex
2894 5116 3148 5161 armento
3196 5118 3363 5159 unum
3389 5142 3404 5167 ,
3433 5110 3489 5157 et

1918 5210 2121 5260 arietes
2155 5207 2295 5260 duos
2346 5205 2755 5261 immaculatos.
2790 5212 3070 5271 panesque
3118 5212 3340 5266 azymos
3367 5196 3487 5248 oleo

1920 5312 2269 5367 conspersos,
2302 5298 2492 5366 Iogana
2531 5309 2747 5363 quoque
2775 5305 2965 5362 azyma
3004 5290 3125 5343 oleo
3157 5289 3249 5342 lita
3273 5327 3287 5353 ,
3314 5287 3382 5340 de
3410 5286 3487 5341 si-

1920 5391 2048 5444 mila
2113 5390 2322 5444 triticea
2359 5400 2556 5443 cuncta
2604 5386 2805 5447 iacies;
2837 5391 2891 5436 et
2939 5382 3113 5451 posita
3154 5379 3210 5433 in
3246 5377 3511 5433 canistro,

1917 5484 2137 5537 oﬂeres.
2170 5500 2187 5532 ι
2223 5481 2288 5535 Ει
2315 5490 2437 5550 post
2469 5493 2641 5548 pauca
2668 5494 2683 5529 :
2716 5494 2734 5527 ι
2772 5474 2951 5528 Tolles
2984 5473 3143 5542 panis
3169 5469 3332 5525 unius
3359 5484 3486 5523 cru-

1922 5571 2119 5627 stulam
2141 5584 2493 5640 conspersam
2519 5568 2664 5635 oleo,
2693 5565 2945 5635 laganum
2971 5578 3140 5618 unum
3162 5561 3230 5617 de
3245 5560 3484 5617 Canistm
