3978 6204
431 292 569 362 1219

1568 271 1890 336 JOSEPHI
1923 265 2477 331 METHONENSIS

3545 245 3686 312 1220

430 418 709 479 azymum,
736 400 880 473 quod
914 398 1149 472 positum
1181 402 1265 450 est
1295 392 1351 448 in
1384 398 1679 458 conspectu
1720 384 1992 439 Domini.»
2027 394 2041 439 Δ

2151 384 2429 454 ιθειμίνων
2488 379 2673 437 ἔναντι
2711 376 2943 450 Κυρίου.
2982 391 3002 426 ι
3066 371 3177 427 Kal.
3228 367 3563 438 Θεοδώριτος
3607 368 3699 419 δὲ.

437 476 517 555 Ac
548 494 913 552 Theodoritus
964 492 1017 545 in
1050 487 1392 557 expositione
1439 484 1493 538 in
1542 480 1859 551 prophetam
1896 476 2001 529 Da—

434 591 543 647 niel
575 589 727 651 dicit,
763 584 957 638 «Panis
994 580 1197 635 dicitur
1230 578 1609 637 fermentatus,
1634 579 1687 626 et
1716 580 1998 639 azymus.»

434 681 599 737 Vides
631 689 689 733 ut
712 685 768 732 et
802 689 1025 747 azymus
1051 680 1283 727 vocatur
1307 666 1500 738 panis?
1524 662 1809 731 Quomodo
1843 660 2006 727 hujus

436 772 636 827 oblitus
674 783 753 833 es,
786 770 926 821 bone
949 760 1292 833 Nicephore?
1319 758 1449 812 Jure
1473 755 1816 824 Nicephorus
1850 764 2009 804 voca-
2032 748 2039 753 ’

439 878 524 921 tus
558 879 637 925 es,
676 862 803 931 quia
838 860 892 912 in
931 857 1052 912 foro
1082 856 1333 909 sedentes
1366 850 1607 921 plebeios
1639 846 1891 900 homines
1924 842 2003 895 vi-

436 956 556 1012 cisti
589 953 688 1023 (l),
710 968 817 1005 non
847 950 938 1019 qui
958 950 1012 1003 in
1043 947 1261 1002 excelso
1289 943 1480 998 sedent
1505 952 1555 995 et
1584 938 1810 993 rationis
1838 935 2010 1004 parti-

438 1046 586 1113 cipes
608 1050 757 1098 sunt.
784 1041 887 1094 Sed
918 1038 1116 1107 aliquis
1144 1037 1378 1090 fortasse
1400 1035 1565 1095 dicet,
1592 1030 1703 1084 hno
1730 1042 1827 1095 pro
1854 1026 2013 1080 nobis

438 1137 541 1189 hoc
562 1144 647 1189 est
679 1150 692 1185 :
727 1147 851 1185 nam
885 1130 975 1183 ubi
1008 1128 1308 1197 apponitur
1332 1122 1683 1190 adjectirum,
1709 1118 1782 1171 ibi
1813 1130 2015 1185 cogno—

441 1229 614 1283 scitur
649 1234 703 1279 et
732 1242 817 1278 res
852 1239 863 1274 :
913 1222 1005 1275 ubi
1058 1220 1277 1289 quidem
1315 1231 1436 1271 cum
1485 1213 1758 1282 adjective
1788 1210 2013 1279 ponitur

443 1319 624 1389 panis,
660 1317 711 1371 id
749 1325 831 1370 est
859 1327 1103 1382 azymus,
1139 1318 1270 1363 tunc
1301 1316 1383 1361 est
1431 1316 1483 1360 ct
1526 1303 1854 1371 intelligitur
1888 1314 2014 1369 azy-

445 1426 603 1477 tnus;
632 1409 722 1463 ubi
758 1422 887 1460 vero
924 1402 1252 1472 adjectivum
1287 1412 1390 1452 non
1422 1396 1667 1465 ponitur,
1696 1392 1749 1445 id
1781 1402 1866 1445 est
1893 1406 2017 1459 azy-

446 1517 587 1565 mus,
629 1510 755 1553 tunc
788 1494 1099 1551 necessario
1140 1489 1460 1558 intelligitur
1502 1485 1888 1539 fermentatus.
1918 1481 2018 1536 Hic

447 1594 611 1662 igitur
634 1590 884 1645 Christus
924 1601 1048 1639 cum
1080 1582 1153 1637 nil
1180 1580 1326 1634 aliud
1364 1571 1728 1632 nominaverit
1755 1574 1858 1627 nisi
1884 1572 2020 1627 sim-

449 1684 663 1755 pliciter
691 1696 883 1750 panem
906 1717 922 1742 ,
955 1684 1141 1746 aperte
1172 1672 1399 1743 protulit
1441 1684 1563 1724 esse
1601 1666 2016 1722 fermentatum.

2108 482 2168 533 ὲν
2191 482 2259 550 τῇ
2294 478 2553 547 ἐξηγήσει
2577 475 2645 545 τῇ
2678 473 2761 535 είς
2796 470 2887 525 τὸν
2915 470 3205 540 προφήτην
3233 465 3450 533 Δανιὴλ,
3487 463 3703 530 φησίν·

2112 591 2132 625 ι
2173 572 2375 639 Ἀρτος
2391 570 2501 638 γάρ
2519 568 2765 635 λέγεται,
2795 564 2931 617 καὶὸ
2956 562 3190 631 ζυμίτης
3222 559 3317 612 καὶ
3339 558 3369 609 6
3395 555 3643 623 ἄζυμος.
3679 568 3701 601 ι

2119 664 2307 734 Ὀρᾷς,
2341 662 2459 723 πῶς
2486 661 2583 713 xal.
2607 660 2634 711 6
2658 658 2864 725 ἄζυμος
2896 653 3062 724 ἄρτος
3095 650 3377 712 καλεῖται;
3408 644 3537 707 Πῶς
3563 648 3709 697 ἒπε-

2106 757 2274 812 λάθου
2297 753 2515 816 τούτου,
2571 751 2745 819 ἀγαθὲ
2788 746 3116 816 Νικηφόρες
3166 742 3408 800 Εἰκότως
3450 737 3716 805 ἐκλήθης

2111 848 2432 917 Νικηφόρος
2458 863 2472 879 ·
2517 844 2600 897 ὅτι
2639 844 2768 904 τοὺς
2814 838 3161 907 καθημένους
3194 836 3286 887 ἐπὶ
3316 832 3441 894 τοὺς
3468 832 3714 899 φόρους,

2115 942 2329 1001 ἰδιώτας
2358 934 2680 1005 ἀνθρώπους
2716 931 3007 1000 ἐνίκησας,
3066 928 3135 981 οὐ
3174 928 3289 995 μὴν
3311 925 3367 978 δὲ
3401 925 3529 984 τοὺς
3560 938 3719 988 προ·

2117 1032 2465 1100 καθημένους
2496 1031 2553 1080 ὲν
2584 1025 2833 1095 ὑψηλοῖς,
2867 1022 2961 1075 καὶ
2991 1020 3121 1081 τοῦς
3164 1018 3431 1087 μετόχους
3458 1015 3557 1066 τοῦ
3596 1014 3721 1067 A6-

2116 1142 2237 1193 γου.
2277 1121 2418 1174 ’Ἀλλ’
2449 1122 2581 1181 ἴσως
2608 1118 2725 1186 ἐρεῖ
2752 1131 2857 1179 τις,
2890 1114 2971 1165 ὅτι
2994 1111 3134 1181 ὕπὲρ
3162 1108 3321 1179 ήμῶν
3352 1108 3470 1159 ἐστι
3501 1108 3679 1157 τοῦτο
3698 1120 3717 1134 ·

2117 1218 2244 1270 ἔνθα
2274 1216 2382 1283 γὰρ
2427 1213 2635 1265 τίθεται
2665 1211 2761 1263 καὶ
2786 1209 2846 1260 τὸ
2894 1207 3165 1267 ἐπίθετον,
3202 1203 3321 1254 ἐκεῖ
3366 1197 3723 1269 γνωρίζεται

2120 1310 2213 1361 καὶ
2268 1307 2326 1360 τὸ
2368 1306 2627 1375 πρᾶγμα·
2688 1301 2820 1353 ἔνθα
2858 1299 2958 1367 μὲν
2997 1296 3206 1348 τίθεται
3240 1293 3405 1362 ἄρτος
3438 1291 3577 1358 μετὰ
3614 1286 3723 1339 τοῦ

2125 1398 2409 1463 ἐπιθέτου,
2460 1397 2581 1463 ἤτοι
2631 1392 2726 1445 τοῦ
2775 1392 3007 1457 ἄζυμος,
3055 1386 3164 1440 τότ’
3214 1386 3329 1438 ἐστὶ
3378 1384 3474 1435 καὶ
3502 1383 3724 1432 νοεῖται

2122 1494 2333 1561 ἄζυμος
2358 1506 2371 1520 ’
2420 1489 2552 1541 ἔνθα
2593 1488 2649 1539 δὲ
2685 1486 2745 1538 οὗ
2778 1483 2987 1537 τίθεται
3014 1481 3074 1531 τὸ
3104 1478 3380 1538 ἐπίθετον,
3417 1475 3728 1527 τουτέστιν

2122 1582 2352 1650 ἄζυμος,
2380 1579 2491 1633 τότ’
2526 1575 2843 1646 ἀναγκαίως
2870 1576 3078 1628 νοεῖται
3104 1574 3133 1625 6
3167 1569 3423 1639 ἔνζυμος.
3442 1566 3725 1620 Ἐνταῦθα

2125 1674 2310 1728 τοίνυν
2347 1671 2444 1726 καὶ
2490 1671 2520 1722 6
2553 1667 2790 1740 Χριστὸς
2843 1666 2920 1735 μὴ
2971 1661 3320 1731 ἐπονομάσας
3355 1660 3486 1715 ἄλλο
3530 1660 3580 1711 εί
3646 1662 3725 1725 μὴ

447 1743 604 1831 Ξυειο
633 1743 762 1839 ergo
809 1770 953 1839 apud
994 1743 1413 1833 VXanthopulum
1462 1762 1725 1830 scriptum
1760 1766 1846 1812 est
1875 1755 2019 1826 quod

2151 1767 2321 1828 ιπλῶς
2364 1766 2553 1835 ἄρτον,
2601 1760 2901 1833 διαρρήδην
2932 1754 3089 1811 εἶπεν
3140 1756 3215 1818 ὠς
3258 1754 3493 1821 ενζυμός
3540 1754 3725 1805 ἐστιν.

452 1881 645 1935 panem
671 1866 802 1917 dicit
831 1877 1030 1929 corpus
1066 1871 1248 1922 suum,
1286 1872 1392 1909 non
1419 1863 1600 1906 tamen
1634 1863 1911 1922 azymum.
1949 1846 2020 1901 At

451 1974 551 2013 nos
570 1956 727 2010 facile
746 1953 1081 2008 contrarium
1106 1944 1635 2008 demonstrabimus,
1665 1942 1717 1996 id
1742 1949 1850 2003 est,
1874 1937 2020 2008 quod

452 2065 576 2103 cum
604 2046 758 2117 panis
784 2040 1101 2109 simpliciter
1122 2038 1321 2092 dicitur
1345 2036 1463 2101 sine
1486 2032 1776 2102 adjectivo,
1796 2041 2023 2100 azymus

453 2154 573 2195 esse
604 2135 877 2205 reperitur
899 2171 914 2194 ,
951 2147 1048 2185 nec
1078 2129 1316 2197 ellugere
1345 2128 1548 2196 poteris
1578 2121 1986 2192 responsionem
2004 2154 2026 2185 ,

456 2246 581 2287 cum
632 2230 704 2283 sit
755 2225 1119 2296 apertissima.
1155 2221 1281 2274 Dies
1338 2215 1756 2272 resurrectionis
1808 2210 2025 2267 Domini

459 2322 618 2376 tertia
648 2320 763 2373 dies
796 2326 913 2371 erat
943 2315 1128 2385 legalis
1150 2310 1453 2373 Paschatis,
1488 2318 1547 2363 ut
1568 2305 1917 2377 evangelista
1946 2303 2033 2357 di-

459 2415 535 2467 cit
583 2425 706 2465 cum
754 2408 883 2463 Jesu
935 2407 1296 2474 colloquens:
1335 2420 1354 2452 ι
1394 2401 1460 2454 Ει
1496 2413 1640 2454 nunc
1688 2410 1853 2464 super
1907 2394 2024 2449 haec

460 2502 669 2567 omnia,
700 2500 857 2554 tertia
891 2497 1012 2551 dies
1040 2506 1124 2551 est
1152 2495 1310 2547 hodie
1338 2491 1480 2562 quod
1505 2490 1623 2543 haec
1653 2487 1795 2541 facta
1831 2495 1986 2541 sunt.
2006 2502 2025 2536 ι

479 2615 498 2649 ι
536 2595 594 2649 In
627 2597 728 2649 hac
763 2597 926 2662 igitur
958 2592 1046 2646 die
1080 2590 1228 2644 ibant
1260 2588 1367 2642 duo
1397 2602 1461 2640 ex
1507 2582 1791 2653 discipulis
1829 2580 1949 2648 eius
1979 2579 2034 2633 in

464 2688 775 2752 castellum,
807 2685 951 2754 quod
987 2683 1178 2736 aberat
1211 2680 1386 2748 spatio
1417 2676 1720 2733 stadiorum
1753 2672 2035 2739 sexaginta

467 2782 535 2835 ab
552 2779 876 2843 Jerusalem,
903 2775 1124 2829 nomine
1153 2775 1373 2826 Emaus.
1392 2790 1407 2821 ι
1437 2772 1499 2823 Et
1520 2769 1683 2839 paulo
1713 2776 1837 2835 post
1862 2764 2031 2819 dicit:

474 2879 578 2927 «Ac
609 2876 893 2939 coegerunt
926 2882 1073 2930 etim,
1104 2863 1290 2918 Iesum
1321 2862 1547 2923 scilicet,
1587 2860 1857 2919 dicentes,
1880 2855 2038 2909 Mane

471 2964 793 3026 nobiscum;
833 2958 1089 3027 quoniam
1124 2954 1554 3021 advesperascit,
1588 2960 1643 3005 et
1674 2949 1931 3003 inclinata
1957 2954 2041 3000 est

470 3057 581 3129 jam
605 3056 742 3110 dies.
778 3052 978 3104 Eorum
1020 3049 1185 3116 igitur
1215 3046 1467 3115 precibus
1516 3058 1641 3097 cum
1672 3041 1996 3095 assensisset
2022 3076 2039 3103 ,

475 3148 719 3212 intravit,
767 3154 826 3198 ut
860 3151 1105 3197 maneret
1141 3138 1302 3194 simul
1342 3152 1464 3190 cum
1492 3135 1591 3188 eis.
1628 3134 1691 3186 Et
1725 3131 1928 3185 factum
1961 3139 2046 3183 est

477 3240 605 3293 dum
641 3236 984 3292 recumberet
1014 3247 1137 3287 cum
1173 3230 1275 3295 eis,
1303 3228 1511 3295 accepit
1544 3239 1758 3293 panem,
1790 3232 1843 3276 et
1879 3222 2047 3275 henc-

479 3326 637 3395 dixit,
670 3339 723 3383 et
748 3314 929 3397 fregit,
957 3334 1011 3379 et
1038 3320 1364 3394 porrigebat
1395 3318 1557 3372 illis.»
1592 3314 1657 3368 Et
1684 3323 1809 3385 post
1841 3328 2046 3381 pauca:

487 3421 584 3474 «Et
603 3426 1003 3488 cognoverunt,
1035 3416 1131 3474 ait,
1162 3415 1340 3479 ipsum
1370 3410 1421 3462 in
1456 3406 1719 3460 fractione
1751 3406 1906 3471 panis
1938 3401 2003 3464 ιθ,
2026 3418 2044 3453 ι

482 3511 765 3575 Quodnam
794 3506 1080 3560 candidius
1113 3504 1213 3556 hoc
1246 3500 1328 3555 vel
1374 3499 1563 3567 purius
1590 3495 1849 3549 afferetur
1890 3509 2056 3560 argu-

484 3610 726 3655 mentum
771 3599 837 3652 iis
870 3596 961 3665 qui
992 3592 1323 3647 contendere
1371 3590 1584 3649 nolunt,
1637 3600 1734 3639 nec
1785 3582 2052 3637 scandala

487 3688 915 3759 amplectuntur?
936 3686 1135 3740 Panem
1161 3681 1480 3749 simpliciter
1505 3680 1593 3731 hic
1620 3678 1746 3731 dicit
1771 3677 1835 3728 Ο.
1858 3675 2057 3740 Lucas,

486 3798 665 3853 neque
715 3781 1140 3839 fermentatum,
1190 3787 1367 3841 neque
1423 3783 1703 3841 azymum.
1765 3766 2058 3833 Quodnam

487 3875 652 3944 igitur
677 3882 792 3926 erat
826 3869 1151 3938 cogitemus,
1191 3879 1286 3919 nec
1317 3862 1508 3917 oculos
1540 3865 1613 3914 ita
1655 3857 1920 3913 adversus
1952 3857 2061 3909 cla-

488 3968 707 4021 rissima
758 3963 1150 4024 occludamus;
1193 3971 1316 4010 nam
1357 3964 1414 4008 ut
1444 3953 1701 4022 cognitus
1735 3950 1802 4005 ab
1836 3949 1943 4003 illis
1978 3957 2064 4002 est

492 4059 546 4113 in
592 4057 861 4110 fractione
912 4052 1088 4121 panis,
1139 4050 1220 4104 sic
1251 4057 1304 4103 et
1334 4064 1361 4100 a
1394 4047 1554 4101 nobis
1587 4045 1970 4113 dignoscetur,
1992 4042 2062 4095 "si

491 4150 794 4218 disquirere
822 4145 1180 4204 voluerimus,
1210 4142 1337 4210 quia
1366 4154 1474 4193 non
1503 4138 1575 4190 ita
1602 4137 1823 4190 hebetes
1852 4148 2065 4197 sumus,

493 4249 554 4297 ut
582 4241 862 4292 veritatem
898 4250 1008 4289 non
1050 4235 1354 4287 videamus.
1390 4230 1657 4295 Quamvis
1680 4234 1825 4283 enim
1861 4226 1915 4280 in
1949 4225 2070 4294 phi-

494 4334 845 4400 losOphorum
889 4338 941 4381 et
976 4328 1255 4380 rhetorum
1286 4324 1481 4379 litteris
1503 4320 1704 4377 Versati
1736 4336 1840 4374 non
1867 4320 2062 4381 simus,

2139 1859 2352 1915 Οὐκοῦν
2382 1856 2568 1918 καλῶς
2594 1856 2814 1923 εἴρηται
2842 1851 2994 1917 παρὰ
3018 1848 3094 1918 τῷ
3120 1844 3498 1912 Ξανθοπούλῳ,
3516 1843 3599 1894 ὅτι
3623 1842 3731 1908 ἄρ-

2136 1970 2230 2008 τον
2278 1952 2429 2019 λέγει
2460 1948 2521 2001 τι
2571 1946 2734 2015 σῶμα
2773 1943 2961 2008 αὐτοῦ,
3018 1941 3078 1994 οὐ
3117 1939 3225 2009 μὴν
3276 1937 3512 2004 ἄζυμον.
3574 1933 3729 1986 Ἀλλ’

2138 2048 2301 2119 ἡμεῖς
2334 2043 2583 2111 δείξομεν
2626 2038 2827 2110 ῥᾳδίως
2858 2034 2924 2087 τὸ
2957 2031 3198 2087 ἐναντίον
3222 2045 3237 2060 ο
3266 2028 3359 2096 ζὼς
3390 2029 3522 2079 ὅταν
3549 2024 3727 2092 λιγη-

2138 2159 2229 2197 ται
2261 2140 2356 2192 καὶ
2391 2135 2575 2195 ἁπλῶς
2609 2133 2775 2201 ἄρτος
2806 2127 2977 2198 χωρὶς
3012 2123 3107 2177 τοῦ
3153 2121 3431 2181 ἐπιθέτου,
3460 2119 3733 2187 εὑρίσκει

2140 2254 2233 2290 ται
2264 2235 2474 2304 ἄζυμος
2502 2226 2665 2291 εἶναι,
2715 2228 2812 2281 καὶ
2841 2224 2903 2277 οὐ
2931 2222 3137 2291 δυνήσῃ
3170 2219 3366 2286 φυγεῖν
3393 2215 3495 2285 τὴν
3526 2214 3735 2283 ἀπολο-

2143 2330 2295 2398 γίαν,
2314 2321 2709 2395 φανερωτάτην
2733 2318 2927 2371 οὖσαν.
2951 2314 3019 2367 Ἤ
3044 2313 3229 2382 ἡμέρα
3251 2312 3352 2379 τῆς
3369 2306 3736 2367 ἀναστάσεως

2142 2394 2240 2474 τοῦ
2272 2394 2503 2485 κυρίου,
2539 2409 2610 2483 ἦν
2650 2410 2809 2479 τρίτη
2858 2405 3045 2473 ἡμέρα
3083 2401 3177 2454 τοῦ
3221 2399 3414 2467 Πάσχα
3446 2394 3544 2449 τοῦ
3572 2411 3735 2462 νομιο

2147 2510 2270 2573 κοῦ,
2410 2521 2574 2573 φησιν
2620 2502 2649 2554 6
2692 2493 3109 2563 εὐαγγελιστὴς,
3157 2488 3543 2557 διαλεγόμενος
3592 2484 3735 2552 μετὰ

2149 2600 2244 2655 τοῦ
2285 2596 2483 2667 Ἰησοῦ,
2515 2594 2597 2661 τὸ,
2632 2611 2650 2645 ι
2700 2591 2862 2644 ’Δλλά
2890 2605 2957 2655 γε
2986 2587 3083 2639 σὺν
3114 2585 3248 2637 πᾶσι
3270 2580 3501 2645 τούτου,
3536 2578 3736 2645 τρὶτην

2151 2693 2357 2754 ταῦτην
2374 2690 2585 2759 ἡμέραν
2607 2687 2733 2754 ἄγει
2757 2684 3019 2751 σήμερον,
3042 2679 3137 2746 ἀφ’
3159 2673 3221 2729 οὗ
3242 2674 3417 2728 ταῦτα
3445 2672 3690 2737 ἐγένετο.
3709 2687 3728 2720 ι

2163 2786 2254 2838 Ἐν
2283 2784 2423 2852 αὐτῇ
2465 2777 2559 2835 οὖν
2590 2782 2656 2848 τῇ
2707 2776 2890 2846 ἡμέρα
2936 2770 3079 2843 ἦσαν
3127 2768 3490 2835 πορευόμενοι
3544 2762 3640 2814 δύο
3671 2762 3736 2813 ἑκ

2152 2877 2264 2930 τῶν
2302 2872 2559 2945 μαθητῶν
2593 2870 2782 2933 αὐτοῦ,
2815 2869 2897 2930 είς
2924 2866 3117 2933 κώμην
3141 2861 3459 2929 ἀπέχουσαν
3483 2854 3737 2913 σταδίους

2155 2970 2421 3036 ἐξήκοντα
2450 2964 2556 3018 ἀπ’)
2586 2952 3207 3030 Ἰερουσαλὴμ,ᾖὸνομα
3237 2948 3539 3020 Ἐμμαούς.
3574 2964 3595 2999 ι
3621 2945 3735 2999 Καὶ

2161 3061 2299 3130 μετὰ
2340 3059 2539 3128 μικρόν
2573 3072 2709 3124 φησι
2738 3069 2751 3083 ⁸
2797 3072 2815 3104 ‹
2858 3052 2970 3104 Kal.
3004 3046 3418 3115 παρεϐιάσαντο
3442 3038 3735 3105 etrivva

2151 3154 2328 3207 λονότι
2355 3150 2448 3202 τὸν
2492 3149 2724 3219 Ἰησοῦν,
2756 3146 3030 3210 λέγοντες,
3068 3143 3264 3194 Μεῖνον
3294 3136 3417 3205 μεθ’
3451 3133 3629 3203 ἡμῶν,
3648 3131 3739 3182 ὅτι

2154 3247 2293 3306 ποῖις
2330 3242 2574 3311 ἑσπέραν
2613 3239 2749 3297 ἐστὶ.
2786 3239 2882 3291 καὶ
2913 3236 3165 3288 κέκλικεν
3200 3235 3233 3301 ἡ
3265 3224 3737 3299 ήμέρα.Ὲπινεύ-

2161 3355 2260 3396 σοις
2295 3335 2389 3387 οὖν
2437 3337 2501 3403 τῇ
2539 3332 2756 3399 αἰτήσει
2789 3328 2988 3389 αὐτῶν,
3024 3324 3241 3392 είσῆλθε
3287 3319 3384 3373 τοῦ
3425 3320 3608 3386 μεῖναι
3643 3315 3737 3366 σῦν

2155 3432 2359 3488 αὐτοῖς.
2394 3427 2505 3478 Kal.
2539 3425 2757 3491 ἐγένετο
2787 3423 2844 3472 ὲν
2874 3420 2955 3488 τῷ
2986 3414 3384 3481 κατακλιθῆναι
3420 3407 3592 3463 αὑτὸν
3625 3420 3737 3474 μετ’

2157 3521 2357 3583 αὐτῶν,
2392 3518 2576 3571 λαϐὼν
2602 3518 2692 3570 τὸν
2722 3516 2888 3583 ἄρτον
2920 3514 3184 3577 εὐλόγησε
3209 3524 3226 3539 ·
3259 3509 3352 3558 καὶ
3379 3504 3593 3561 κλάσας
3620 3500 3741 3549 ἑπε-

2158 3614 2301 3667 δίδου
2351 3612 2556 3670 αὐτοῖς.
2600 3627 2617 3659 ι
2655 3608 2767 3660 Καὶ
2806 3605 2925 3672 μετ’
2958 3602 3137 3668 ὀλίγα,
3172 3617 3190 3649 ι
3220 3598 3330 3650 Καὶ
3360 3595 3439 3655 ὡς
3472 3589 3740 3658 ἐγνώσθη,

2162 3704 2353 3772 φησιν,
2391 3702 2575 3762 αὐτοῖς
2610 3701 2666 3749 ἐν
2699 3699 2764 3765 τῇ
2797 3695 2989 3748 κλάσει
3035 3692 3130 3743 τοῦ
3163 3691 3353 3757 ἄρτου.
3396 3704 3414 3737 ι
3458 3684 3663 3735 Τούτου
3692 3678 3742 3733 τί

2166 3796 2231 3849 ἂν
2269 3796 2481 3857 γένοιτο
2528 3790 2852 3857 λευκότεμιν
2907 3787 2940 3855 ἦ
2993 3782 3381 3850 καθαρώτερον
3428 3775 3740 3842 γνώρισμα,

2162 3889 2276 3948 τοῖς
2310 3887 2382 3954 μὴ
2411 3884 2743 3953 φιλονεικεῖν
2784 3880 3046 3942 ἐθέλουσι,
3093 3876 3188 3927 καὶ
3230 3874 3346 3934 τοῖς
3374 3872 3441 3923 τὰ
3471 3866 3741 3922 σκάνδαλα

2169 3978 2243 4047 μὴ
2281 3976 2571 4044 ἀγαπῶσιν
2601 3990 2615 4040 ;
2659 3971 2875 4032 ’Λπλῶς
2906 3970 3071 4038 ἄρτον
3106 3966 3257 4034 λέγει
3288 3961 3524 4015 ἐνταῦθα
3553 3961 3583 4012 6
3608 3958 3744 4019 θεῖος

2166 4070 2383 4131 Λουκᾶς
2410 4085 2423 4099 ·
2457 4066 2554 4120 καὶ
2596 4064 2721 4119 οὔτε
2768 4063 3005 4131 ἐνζυμον
3052 4060 3225 4126 λέγει,
3258 4055 3374 4110 οὒτ’
3409 4055 3643 4123 ἄζυμον.
3684 4051 3746 4106 Τί

2168 4165 2276 4233 ἄρα
2306 4159 2397 4235 ἦν,
2450 4161 2820 4228 ἐννοήσωμεν,
2854 4157 2949 4210 καὶ
2988 4157 3063 4223 μὴ
3094 4153 3221 4216 τοὺς
3261 4150 3583 4220 ὀφθαλμοὺς
3609 4164 3749 4216 καμ-

2172 4255 2432 4326 μύσωμεν
2454 4251 2597 4304 οὕτω
2616 4250 2752 4319 πρὸς
2777 4250 2846 4301 τά
2869 4249 3145 4315 φανοτατα
3169 4263 3183 4275 ·
3213 4244 3310 4299 καὶ
3335 4243 3447 4314 γάρ
3479 4242 3555 4304 ὡς
3584 4240 3744 4305 ἐγνώ-

2172 4345 2274 4412 σθη
2310 4345 2497 4404 αὐτοῖς
2531 4343 2589 4393 ὲν
2614 4342 2678 4407 τῇ
2718 4337 2910 4390 κλάσει
2941 4333 3036 4387 τοῦ
3087 4336 3276 4401 ἄρτου,
3313 4330 3460 4383 οὕτω
3494 4330 3594 4382 καὶ
3620 4327 3744 4396 ἡμῖν

495 4434 550 4477 at
576 4435 824 4476 naturam
854 4420 1025 4487 ipsam
1051 4432 1147 4485 pro
1164 4417 1388 4471 doctore
1419 4414 1577 4469 nobis
1606 4410 2041 4481 comparavimns

2176 4410 2574 4503 γνωσθήσεται,
2608 4430 2656 4481 εἰ
2696 4427 3001 4496 θελήσομεν
3031 4424 3289 4487 ἐξετάσαι
3313 4440 3325 4452 ·
3359 4420 3421 4473 οὗ
3452 4421 3560 4487 γάρ
3591 4421 3745 4483 ἐσμεν

496 4532 617 4588 quas
644 4516 845 4583 optime
882 4511 1165 4565 veritatem
1198 4510 1521 4578 dignoscere
1567 4514 1745 4573 potest
1777 4514 1828 4557 et
1864 4503 2063 4557 falsum

497 4622 816 4677 coarguere,
854 4614 909 4657 et
936 4603 1081 4672 quod
1119 4603 1311 4653 melius
1342 4610 1426 4653 est
1457 4615 1485 4651 a
1515 4598 1697 4667 pejure
1729 4596 2067 4651 discernere.

499 4699 637 4764 Quid
662 4711 791 4765 ergo
807 4692 1094 4749 dicemus?
1116 4691 1532 4744 Fermentatuan
1557 4703 1694 4741 erat.
1726 4686 1906 4741 Absit.
1932 4686 2073 4751 Quo-

501 4804 629 4844 nam
668 4786 863 4840 modo?
893 4785 1077 4838 Tertia
1113 4793 1234 4837 erat
1264 4783 1378 4837 dies
1410 4781 1593 4848 legalis
1631 4779 1933 4843 Paschalis,
1975 4792 2074 4832 nec

505 4886 752 4951 poterant
774 4876 867 4938 qui
905 4890 1030 4927 cum
1054 4874 1180 4927 Jesu
1205 4875 1367 4927 simul
1399 4874 1552 4927 ibunt
1579 4870 1853 4939 CleOphas
1881 4880 1932 4924 et
1959 4869 2065 4923 Lu-

503 4987 620 5036 cas,
662 4969 765 5023 nisi
806 4982 1054 5037 azymum
1100 4964 1241 5018 ferre
1281 4964 1349 5017 ab
1379 4966 1513 5018 urbe
1548 4962 1849 5018 Jerusalem
1888 4959 2072 5030 profe-

505 5063 601 5120 cti.
638 5080 657 5114 ι
695 5059 914 5131 Septem
946 5056 1164 5119 diebus,
1195 5054 1369 5122 inquit
1394 5054 1499 5115 lex,
1526 5068 1716 5122 azyma
1749 5050 2070 5113 comedetis,

504 5163 561 5209 et
599 5164 945 5222 nequaquam
998 5148 1341 5202 fermentata.
1391 5164 1411 5196 ι
1448 5145 1586 5198 Nam
1626 5144 1847 5205 subdit,
1889 5159 1908 5192 ι
1944 5140 2078 5205 Qui-

506 5259 745 5314 cumque
773 5241 1069 5297 comederit
1098 5235 1730 5304 fer.mentatutn,perihit
1762 5234 1943 5287 anima
1978 5233 2071 5286 illa

507 5352 574 5391 ex
605 5334 793 5392 Israel.
831 5352 848 5383 ι
882 5332 940 5387 Si
974 5346 1103 5402 ergo
1144 5330 1259 5385 lucc
1294 5344 1420 5385 vera
1465 5337 1631 5389 sunt,
1663 5340 1771 5394 quo
1805 5337 1965 5394 pacto
2001 5323 2075 5378 ibi

511 5427 688 5498 potuit
714 5424 1038 5480 fermentum
1068 5420 1316 5491 reperiri,
1346 5421 1462 5488 lege
1496 5426 1710 5472 vetante
1736 5416 1789 5469 id
1820 5415 2011 5470 confici
2045 5430 2076 5469 a

510 5517 919 5589 quartadecima
979 5514 1066 5568 die
1128 5527 1302 5581 usque
1354 5511 1421 5565 ad
1475 5508 1788 5565 vicesimam
1847 5507 2077 5561 primam

618 5652 665 5683 “
710 5651 844 5705 Luc.
876 5665 1028 5714 χειν,
1053 5647 1119 5700 ‘21
1161 5663 1321 5718 seqq.

589 5764 667 5837 (Ι)
687 5763 1055 5835 Nicephorus,
1083 5779 1241 5837 quas:
1269 5763 1473 5818 vincens
1502 5761 1700 5831 forum.

2176 4524 2430 4579 τοσοῦτον
2464 4521 2751 4583 ἀσύνετί,
2787 4519 2930 4572 ὥστε
2963 4518 3035 4584 μὴ
3082 4516 3211 4568 ἰδεῖν
3241 4515 3343 4583 τὴν
3372 4512 3653 4583 ἀλήθειαν.
3686 4508 3743 4560 ει

2178 4615 2285 4683 γὰρ
2322 4614 2418 4666 καὶ
2467 4612 2543 4679 μὴ
2589 4606 2962 4677 φιλοσόφοιςῆ
2997 4605 3253 4673 ῥήτορσιν
3301 4602 3743 4671 ἔνετρυφήσαμιν

2177 4705 2377 4774 λόγοις,
2413 4701 2555 4757 ἀλλὰ
2590 4700 2691 4770 τὴν
2728 4698 2894 4766 φύσιν
2926 4697 3094 4764 αὐτὴν
3125 4693 3448 4747 διδάσκαλον
3494 4688 3745 4755 ἐπλουτή-

2183 4810 2399 4864 σαμεν⁶
2453 4794 2535 4847 ὅτι
2575 4791 2812 4860 μάλιστα
2866 4788 3098 4854 ξυνιδεῖν
3147 4783 3385 4852 τάληθὲς
3430 4784 3741 4850 δυναμένην.

2181 4888 2278 4942 καὶ
2310 4884 2588 4952 διελέγξαι
2622 4883 2683 4935 τὸ
2725 4881 2945 4950 ψεῦδος,
2980 4879 3073 4932 καὶ
3103 4878 3383 4947 διακρῖναι
3420 4876 3482 4928 τὸ
3512 4876 3746 4941 κρεῖττον

2180 4979 2291 5043 ἀπὸ
2335 4978 2430 5031 τοῦ
2483 4976 2751 5047 χείρονος.
2800 4973 2866 5026 Τί
2910 4968 3004 5024 οὖν
3039 4969 3316 5040 ἐροῦμεν;
3350 4967 3627 5036 Ἐνζυμον
3667 4961 3748 5033 ἦν.

2182 5074 2385 5140 ἄπαγε.
2434 5070 2557 5131 Πῶς
2592 5068 2740 5136 γάρ;
2777 5065 2947 5134 Τρίτη
2983 5060 3049 5132 ἦν
3070 5061 3255 5132 ἡμέρα
3276 5060 3371 5114 τοῦ
3404 5057 3632 5127 νομικοῦ
3654 5057 3753 5109 ﬂio

2188 5180 2316 5233 σχα,
2349 5161 2448 5214 καὶ
2476 5159 2579 5211 οὐκ
2606 5158 2872 5228 ἠδύναντο
2918 5155 2969 5206 oi
3008 5149 3645 5219 συμπαραποριυὸμενοι
3681 5141 3755 5212 τῷ

2194 5252 2399 5323 Ἰησοῦ,
2428 5249 2702 5311 Κλεὼπας
2732 5263 2815 5315 τε,
2843 5247 2938 5300 καὶ
2979 5244 3217 5305 Λουκᾶς,
3253 5238 3575 5310 βαστάζειν,
3605 5236 3655 5289 τι
3688 5233 3757 5302 μὴ

2184 5347 2414 5415 ἄζυμον,
2433 5338 2845 5413 ἐρχόμενοιοάπδ
2871 5334 3236 5406 Ἰερουσαλήμ
3256 5372 3269 5387 .
3301 5350 3319 5382 ι
3341 5328 3757 5399 Ἐπτὰήμέραε,

2187 5438 2354 5508 φησὶν
2378 5439 2407 5490 6
2426 5436 2612 5504 νόμος,
2642 5432 2823 5485 ἔδεσθε
2854 5429 3063 5496 ἄζυμα,
3088 5426 3183 5479 καὶ
3205 5424 3473 5494 μηδαμῶς
3500 5420 3753 5488 ενζνμιω

2187 5529 2299 5584 Kal.
2322 5527 2429 5598 γὰρ
2454 5526 2655 5593 ἐπάγει
2681 5538 2696 5554 ⁶
2722 5540 2745 5575 ι
2773 5522 2869 5585 Ὃς
2895 5518 2961 5573 ἂν
2988 5516 3140 5589 φάγῃ
3158 5514 3428 5586 ζυμωτδν,
3458 5508 3761 5578 ἔξολοθρεν-
