3978 6204
244 322 371 385 1‘221

742 321 893 383 PRO
929 320 1138 383 CONC.
1180 317 1554 383 FLORENT.
1586 318 1754 383 CAP.
1800 319 1878 380 II.
1922 318 2021 379 DE
2063 314 2315 376 AZYMO
2340 316 2435 375 ET
2478 313 3015 376 FERMENTATO.

3342 316 3479 383 1'22!

233 434 458 493 θῇσεται
476 428 668 500 ἡψυχὴ
693 431 875 500 ἐκείνη
894 432 958 483 ἐκ
991 430 1313 498 συναγωγῆς
1331 429 1467 481 υίῶν
1504 430 1750 498 Ἰσραήλ.
1782 447 1802 481 ι

1933 425 2155 480 neusis?
2185 425 2368 492 Itaque
2399 434 2519 478 erat
2551 440 2797 496 azymus.
2830 425 2888 481 Si
2914 426 3061 481 enim
3099 426 3479 493 fermentatus.

235 524 299 576 Εί
334 518 427 575 οὖν
472 520 626 575 ταῦτ’
675 520 875 591 ἀληθῆ,
913 523 1030 584 πῶς
1081 520 1314 588 ὤφειλεν
1346 520 1463 572 ἐκεῖ
1514 519 1805 589 εὑρεθῆναι

234 615 492 682 ἐνςυμον,
527 610 620 665 τοῦ
654 612 828 682 νόμου
856 611 1191 675 κελεύοντος,
1220 612 1342 681 μηδ’
1374 611 1515 675 ὅλως
1549 612 1802 683 εὑρίσκε-

234 704 359 754 σθαι
400 700 508 753 ἀπὸ
539 701 641 771 τῆς
668 702 1297 771 τεσσαρεσκαιδεκάτης,
1325 702 1430 765 ἕως
1462 703 1563 770 τῆς
1588 705 1806 767 εἰκάδος

234 792 331 844 καὶ
364 796 513 859 μιᾶς.
542 792 635 844 τοῦ
676 794 842 861 μηνός
870 810 887 861 ;
926 794 1087 846 Ὥστε
1115 793 1321 862 ἄζυμος
1364 790 1452 863 ἦν.
1485 796 1546 847 Ei
1576 795 1676 862 μὲν
1709 797 1815 865 γὰρ

236 884 489 952 ἑνζυμος,
528 885 771 936 κάκεῖνοι
806 885 1143 954 παρανόμως
1172 886 1436 955 ἐποίησαν
1469 885 1813 955 προσφέρονο

237 992 326 1036 τες
351 975 584 1044 ἒνζυμον
619 979 685 1046 τῇ
718 976 829 1029 τῶν
876 976 1128 1044 Ἀζύμων
1151 978 1335 1046 ἡμέρᾳ
1355 991 1370 1006 ο
1399 977 1492 1028 καὶ
1522 979 1550 1030 6
1577 977 1812 1048 Χριστὸς

240 1066 571 1135 παραϐάτης
610 1067 906 1130 ἐδείκνυτο,
947 1069 1152 1129 κλάσας
1181 1068 1436 1137 ἔνζυμον,
1476 1069 1566 1120 καὶ¹
1595 1068 1812 1130 ἐπιδοὺς

240 1159 453 1221 αὐτοῖς·
476 1160 525 1212 εί
554 1159 599 1212 δ’
620 1159 849 1229 ἄζυμος,
870 1159 1059 1231 ὥσπερ
1093 1161 1186 1213 καὶ
1211 1156 1300 1229 ἦν,
1332 1162 1509 1231 μάτην
1530 1162 1811 1227 ἐγκαλεῖτε

241 1249 374 1317 ἡμῖν
406 1248 593 1303 λοιπόν
617 1267 633 1281 ’
664 1252 759 1304 καὶ
781 1250 891 1319 γὰρ
921 1251 1214 1320 πληρωτὴς
1240 1252 1334 1304 τοῦ
1360 1252 1525 1321 νόμου
1553 1252 1815 1322 ὑπάρχων

240 1339 269 1390 6
300 1340 552 1408 Χριστὸς,
584 1341 685 1393 οὐκ
719 1343 785 1393 ἂν
824 1342 1055 1394 ἔκλασεν
1086 1343 1274 1406 αὑτὸν,
1304 1345 1353 1395 εί
1386 1344 1508 1414 ᾔδει
1543 1344 1625 1396 ὅτι
1659 1342 1814 1407 ivgu-

246 1448 346 1501 μσς
374 1428 442 1502 ἦν
460 1447 474 1461 ·
510 1434 633 1486 ἐπεὶ
659 1434 717 1484 ὲν
745 1436 865 1495 ταῖς
893 1435 1381 1504 ἀπηγορευμέναις
1407 1436 1640 1506 ἡμέραις
1667 1436 1816 1505 παρὰ

242 1524 338 1577 τοῦ
372 1514 535 1592 νόμου
581 1525 759 1578 ἐποίει
806 1523 986 1579 τοῦτο.
1031 1526 1296 1579 Κάκεῖνοι
1355 1526 1411 1579 δὲ
1435 1530 1504 1581 τὰ
1552 1526 1817 1581 Ἰουδαϊκὰ

1912 516 1948 569 ii
1981 516 2150 585 legem
2186 516 2480 570 violassent
2511 518 2897 570 fermentatum
2930 515 2983 571 in
3030 516 3118 570 die
3152 518 3476 588 Azymorum

1910 607 2210 671 oderendo,
2258 617 2312 662 et
2358 608 2617 663 Christus
2661 617 3037 678 transgressor
3089 611 3383 677 evaderet,
3434 613 3482 668 si

1918 699 2307 754 fermentatum
2358 684 2606 769 fregisset
2646 714 2714 753 ac
2764 700 3100 753 tradidisset.
3154 698 3211 753 Si
3257 716 3485 770 azymus

1919 795 2003 860 (ut
2037 792 2199 860 erat),
2242 801 2445 845 temere
2478 794 2694 844 tandem
2732 805 2831 844 nos
2860 790 3126 845 iucusatis
3158 806 3179 843 :
3207 807 3331 845 nam
3359 808 3483 846 cum

1919 893 2108 938 auctor
2147 882 2281 951 legis
2314 882 2674 951 adimplenda:
2703 881 2956 935 Christus
2997 892 3168 947 esset,
3214 898 3340 937 eum
3376 900 3483 938 non

1918 975 2187 1046 fregisset,
2211 976 2253 1028 si
2274 974 2655 1029 fermentatum
2678 989 2800 1029 esse
2821 975 3036 1037 scisset.
3065 990 3190 1028 nam
3218 976 3271 1028 in
3293 975 3487 1029 diebus

1920 1083 1947 1121 a
1981 1068 2097 1137 lege
2124 1067 2303 1121 vetitis
2332 1066 2383 1120 id
2419 1066 2727 1135 effecisset;
2762 1069 2795 1121 ii
2825 1082 2952 1122 vero
2986 1068 3128 1122 sicut
3150 1066 3325 1121 Judaei
3358 1083 3483 1123 seu-

1918 1160 2148 1224 tiebant,
2180 1166 2234 1212 et
2260 1158 2457 1229 legem,
2493 1169 2551 1211 ut
2591 1159 2895 1228 oportebat,
2940 1158 3251 1225 servabant,
3283 1174 3389 1214 non
3423 1175 3489 1214 eo

1920 1264 2163 1322 tempore
2189 1262 2420 1317 tantum,
2452 1252 2547 1305 sed
2569 1262 2623 1305 et
2656 1262 2778 1321 post
2803 1253 3268 1308 resurrectionem
3298 1261 3355 1307 et
3388 1253 3491 1307 Do-

1920 1345 2051 1399 mini
2076 1343 2533 1412 assumptionem.
2559 1342 2703 1411 Ergo
2727 1358 2790 1397 ex
2822 1344 2904 1398 his
2929 1345 3183 1397 omnibus
3210 1344 3486 1413 sequitur,

1919 1450 2168 1505 azymum
2205 1434 2507 1498 exstitisse,
2542 1436 2635 1503 qui
2672 1448 2701 1487 a
2734 1431 2865 1488 Jesu
2900 1433 3106 1489 fractus
3125 1434 3339 1489 duobus
3400 1433 3488 1488 di-

1929 1524 2155 1595 scipulis
2192 1527 2425 1580 traditus
2457 1534 2559 1580 est.

244 1618 325 1673 ἔτι
375 1618 657 1688 ἐφρόνουν,
694 1620 789 1671 καὶ
833 1620 927 1674 τὸν
956 1619 1146 1689 νόμον,
1180 1621 1255 1684 ὡς
1310 1620 1417 1675 ἔδει
1473 1623 1724 1693 ἐτήρουν,
1757 1623 1818 1675 οὺ
1848 1623 2006 1693 μόνον
2034 1623 2180 1686 τότε,
2212 1623 2347 1675 ἀλλὰ
2392 1622 2489 1675 καὶ
2522 1623 2662 1692 μετά
2693 1622 2794 1693 τὴν
2843 1621 3174 1690 ἀνάστασιν,
3233 1623 3332 1676 καὶ
3390 1623 3495 1693 τὴν

244 1714 335 1768 τοῦ
386 1714 589 1783 Κυρίου
625 1714 915 1785 ἀνάληψιν.
961 1715 1172 1769 οὐκοῦν
1224 1716 1419 1770 ἕπεται
1466 1718 1555 1773 διὰ
1608 1720 1815 1773 τούτων
1848 1718 2104 1775 ἀπάντων
2151 1718 2362 1790 ἄζυμον
2395 1716 2536 1774 εἶναι
2612 1719 2706 1773 τὸν
2748 1720 2901 1790 παρά
2966 1720 3061 1774 τοῦ
3138 1720 3316 1791 Ἰησοῦ
3357 1722 3492 1775 κλα-

248 1809 443 1863 σθέντα
469 1810 561 1862 καὶ
584 1808 805 1862 δοθέντα
842 1811 955 1873 τοῖς
994 1810 1118 1863 δυσὶ
1154 1810 1453 1882 μαθηταῖς.

989 1910 1074 1964 H'.

318 2001 381 2053 Εἰ
411 2000 467 2052 δέ
494 2016 577 2063 τις
626 2000 871 2070 ἀνοήτως
909 2000 1003 2054 καὶ
1034 2000 1197 2073 τοῦτο¹
1237 2003 1391 2074 εῐπῃ,
1445 2003 1526 2055 ὅτι
1576 2002 1681 2069 ἔξω
1715 2003 1817 2071 τῆς

256 2090 621 2161 Ἰερουσαλὴμ
675 2086 837 2159 ἦσαν,
894 2090 988 2142 καὶ
1053 2090 1318 2159 ἠδύναντο
1352 2092 1585 2161 ἐνζυμον
1624 2094 1819 2160 φαγεῖν

251 2186 438 2253 ἄρτον,
474 2182 836 2252 ἐνθυμηθήτω
864 2182 947 2235 ὅτι
972 2183 1000 2234 6
1028 2185 1189 2251 νόμος
1221 2184 1411 2251 φησὶν,
1445 2201 1466 2233 ι
1486 2183 1579 2237 Ἐν
1618 2184 1820 2247 πάσαις

251 2278 373 2339 ταῖς
402 2274 666 2344 γειώραις
697 2275 791 2327 καὶ
827 2272 1115 2343 αὐτόχθοσι
1142 2274 1240 2341 τῆς
1266 2273 1370 2342 γῆς
1396 2289 1412 2305 ⁸
1446 2274 1542 2327 καὶ
1570 2274 1626 2324 ἐν
1657 2273 1821 2326 παντὶ

252 2366 663 2435 κατοικητηρίῳ
694 2366 869 2433 ὑμῶν,
901 2365 1082 2417 ἐδεσθε
1114 2365 1300 2431 ἄζυμα
1330 2365 1425 2417 καὶ
1448 2365 1507 2417 οὐ
1534 2364 1816 2431 ζυμωτόν·

251 2463 309 2525 δς
323 2460 372 2515 δ’
386 2461 450 2513 ἂν
474 2461 649 2531 φάγῃ,
676 2458 1194 2528 ἐξολοθρευθήσεται
1215 2456 1275 2520 ἐξ
1310 2457 1527 2527 Ἰσραήλ
1555 2472 1601 2507 ἰ
1632 2455 1822 2525 ὥσπερ

252 2556 360 2624 γὰρ
390 2555 448 2606 ἐν
479 2552 556 2621 τῷ
580 2552 782 2620 δείπνῳ
810 2552 866 2602 ἐν
895 2552 962 2619 τῇ
990 2549 1201 2620 ἑσπέρᾳ
1240 2549 1333 2602 τοῦ
1366 2548 1691 2617 μυστηρίου,
1726 2546 1823 2598 λα-

253 2647 364 2699 ϐὼν
392 2646 482 2698 τὸν
516 2644 723 2713 ἄζυμον
752 2644 960 2695 ἐκεῖνον
989 2643 1174 2711 ἄρτον,
1206 2643 1299 2695 καὶ
1342 2641 1549 2704 κλάσας
1577 2641 1821 2694 ἐπεδίδου

253 2738 371 2799 τοῖς
422 2734 711 2804 μαθηταῖς,
766 2730 960 2795 εἰπὼν,
1002 2749 1021 2782 ι
1075 2729 1305 2792 Λάϐετε,
1355 2731 1580 2798 φάγετε,
1626 2747 1644 2779 ι
1682 2727 1825 2781 οὕτω

256 2827 535 2882 κάνταῦθα
589 2827 815 2897 ἔπραξε.
853 2825 955 2878 Διά
1003 2822 1168 2876 τοῦτο
1216 2823 1310 2875 καὶ
1348 2821 1592 2889 ἔγνωσαν
1636 2820 1823 2883 αὐτὸν,

261 2920 601 2990 μεμνημένοι
637 2919 730 2971 τοῦ
763 2918 884 2970 τότε
917 2917 1253 2987 πραχθέντος
1279 2932 1292 2945 ·
1325 2915 1527 2967 ὡσανεὶ
1560 2913 1830 2983 μελετῶν-

256 3030 349 3075 τες
386 3013 593 3082 ἡρέμα,
642 3011 699 3062 '0
732 3008 1052 3072 διδάσκαλός
1105 3010 1273 3070 ἐστιν,
1312 3009 1339 3059 6
1390 3006 1485 3060 καὶ
1514 3010 1578 3076 τῇ
1623 3006 1828 3073 προλα-

259 3101 431 3171 ϐούοῃ
460 3101 550 3153 τὸν
568 3100 733 3169 ἄρτον
756 3098 958 3161 κλάσας
981 3096 1433 3166 τοιουτοτρόπως,
1462 3096 1558 3149 καὶ⁵
1580 3094 1829 3157 δεδωκὼς

261 3198 370 3258 τοῖς
396 3195 663 3262 ἀδελφοῖς.
703 3192 1023 3258 Βουλόμενοι
1055 3191 1110 3242 δὲ
1149 3189 1391 3258 ἅψασθαι
1424 3188 1611 3250 αὖτοῦ,
1662 3188 1830 3253 ἄφαν-

1843 1915 1892 1973 Β

2585 1910 2726 1967 VIII.

1993 2003 2051 2057 Si
2084 2017 2210 2057 vero
2238 2001 2432 2056 stolide
2455 2001 2579 2070 quis
2623 2000 2850 2066 dixerit,
2886 2015 2981 2056 eos
3006 2009 3160 2057 extra
3186 2001 3487 2057 Jerusalem

1930 2095 2123 2160 fuisse,
2166 2103 2219 2148 et
2256 2094 2327 2147 ita
2381 2093 2766 2148 fermentatum
2803 2095 3087 2148 comedere
3143 2108 3335 2163 panem
3391 2110 3493 2164 po-

1931 2188 2125 2250 tuisse,
2152 2193 2366 2255 reputet
2398 2186 2541 2255 quod
2572 2186 2655 2239 lex
2693 2184 2823 2238 dicit
2855 2200 2868 2236 :
2906 2201 2926 2235 ι
2963 2184 3021 2238 In
3047 2183 3305 2240 omnibus
3329 2185 3492 2239 adve-

1924 2280 2012 2335 nis
2037 2278 2383 2348 etimligenis
2417 2288 2594 2348 terrae.
2621 2286 2674 2331 et
2709 2277 2762 2331 in
2795 2276 2943 2330 omni
2964 2276 3279 2332 babitaculo
3312 2285 3493 2333 vestro

1923 2372 2230 2440 comedetis,
2278 2384 2490 2440 azyma,
2568 2384 2674 2422 non
2728 2369 3133 2423 fermentatum.
3180 2368 3501 2437 Quicunque

1925 2464 2248 2527 comederit,
2286 2463 2483 2533 peribit
2514 2476 2580 2515 ex
2602 2461 2791 2517 Israel.
2840 2479 2856 2512 ι
2895 2460 3028 2515 Nam
3056 2462 3221 2516 veluti
3255 2462 3307 2515 in
3337 2476 3497 2515 cmna

1925 2555 2135 2623 vesperi
2176 2553 2423 2623 mystcrii
2486 2564 2727 2621 tempore
2789 2566 2979 2622 azytno
3013 2562 3230 2621 sumpto
3263 2566 3400 2619 pane
3446 2562 3500 2606 et

1928 2650 2101 2703 fracto
2134 2647 2436 2710 discubuit,
2466 2645 2753 2713 discipulis
2779 2645 2991 2706 dicens,
3030 2663 3048 2695 ι
3094 2644 3356 2712 Accipite,
3401 2656 3497 2697 co-

1927 2740 2149 2805 medite,
2182 2757 2201 2791 ›
2236 2740 2315 2794 sic
2365 2748 2416 2792 et
2461 2738 2566 2791 hoc
2619 2737 2740 2789 loco
2782 2736 2928 2790 fecit.
2962 2735 3169 2790 Idcirco
3220 2748 3495 2804 cognove-

1926 2842 2053 2886 runt
2077 2845 2225 2896 eum,
2251 2831 2302 2883 in
2348 2830 2661 2883 memoriam
2698 2831 3003 2883 revocando
3036 2842 3154 2896 qua:
3206 2837 3319 2879 tum
3350 2835 3503 2894 gesta

1932 2933 2079 2989 sunt,
2114 2923 2271 2992 quasi
2303 2922 2463 2974 tacite
2511 2934 2695 2973 secum
2732 2918 3079 2982 meditantes,
3114 2916 3211 2972 Hic
3244 2918 3503 2986 magister

1931 3026 2013 3070 est
2041 3016 2131 3085 qui
2161 3015 2245 3065 die
2276 3012 2546 3081 superiori
2584 3026 2775 3079 panem
2809 3012 2991 3081 fregit,
3025 3011 3217 3065 eodem
3254 3011 3416 3064 modo
3446 3018 3501 3064 et

1936 3096 2197 3159 fratribus
2229 3104 2469 3167 tradidit,
2510 3112 2561 3155 ct
2616 3117 2738 3155 cum
2774 3103 3077 3157 voluissent
3110 3118 3234 3156 eum
3285 3114 3506 3170 tangere

1934 3198 2175 3252 evanuit.
2241 3192 2343 3248 Sed
2396 3194 2673 3263 quomodo
2732 3194 3104 3259 intelligamus
3157 3193 3223 3246 de
3275 3194 3508 3261 panibus

258 3302 348 3348 τος
387 3283 481 3337 ἀπ’
524 3282 704 3337 αὐτῶν
758 3280 994 3346 ἐγένετο.
1032 3278 1101 3328 "II
1159 3278 1275 3337 πῶς
1316 3279 1663 3343 ἐννοήσωμεν
1704 3277 1826 3337 τοὺς

1937 3288 2353 3355 propositionis,
2392 3288 2456 3338 de
2483 3284 2683 3352 quibus
2738 3283 2871 3337 dicit
2931 3284 3185 3338 Christus
3214 3284 3391 3353 capite
3418 3300 3509 3338 se-

258 3375 458 3443 ἄρτους
482 3374 581 3441 τῆς
611 3368 945 3437 προθέσεως,
974 3366 1103 3433 περὶ
1137 3359 1211 3417 ῶν
1239 3366 1266 3415 6
1301 3364 1537 3433 Χριστὸς
1570 3362 1741 3427 λέγει,
1772 3363 1829 3413 ἐν

261 3466 543 3534 κεφαλαίῳ
571 3458 804 3529 είκοστῷ
832 3457 1083 3525 τετάρτῳ
1113 3457 1207 3509 τοῦ
1256 3452 1643 3522 εὐαγγελιστοῦ
1677 3454 1833 3521 Μάρ-

260 3574 359 3611 κου
378 3571 394 3622 ;
420 3555 558 3622 Φησὶ
580 3553 688 3622 γὰρ
714 3553 850 3622 πρὸς
872 3552 997 3615 τοὺς
1015 3549 1319 3612 Ἰουδαίους,
1337 3547 1690 3609 ὀνειδίζοντας
1707 3546 1833 3605 τοὺς

269 3646 610 3709 ἀποστόλους
629 3645 909 3707 τίλλοντας
931 3643 1060 3705 τοὺς
1093 3642 1355 3711 στάχυας,
1384 3639 1529 3691 «Οὐκ
1562 3639 1830 3703 ἀνέγνωτε

260 3741 317 3793 τί
340 3740 562 3809 ἐποίησε
580 3736 765 3801 Δαόὶδ,
786 3737 872 3789 ὅτε
906 3735 1095 3805 χρείαν
1127 3733 1248 3802 ἔσχε
1272 3748 1287 3765 σ
1320 3736 1411 3783 καὶ
1434 3729 1719 3782 ἐπείνασεν
1738 3729 1833 3779 αὺ-

260 3832 353 3894 τδς
382 3831 472 3882 καὶ
500 3830 550 3881 οἱ
595 3830 710 3897 μετ’
740 3826 948 3892 αὐτοῦ,
988 3824 1110 3886 Πῶς
1142 3823 1391 3891 εἰσῆλθεν
1436 3822 1513 3883 είς
1563 3820 1653 3871 τὸν
1684 3816 1832 3871 οἷκον

259 3919 359 3974 τοῦ
386 3918 523 3971 Θεοῦ
554 3918 649 3970 ἐπὶ
687 3915 956 3985 Ἀϐιάθαρ
988 3912 1314 3983 ἀρχιερέως,
1350 3910 1446 3965 καὶ
1474 3912 1596 3971 τοὺς
1636 3909 1834 3979 ἄρτους

260 4012 364 4081 τῆς
405 4009 716 4081 προθέσεως
740 4008 967 4076 ἔφαγεν,
993 4004 1085 4068 οὓς
1122 4005 1220 4056 οὐκ
1249 4004 1426 4067 ἔξεστι
1456 4003 1652 4069 φαγεῖν
1683 4002 1730 4052 εί
1760 4000 1834 4069 μὴ

261 4106 374 4167 τοῖς
405 4102 609 4174 ἱερεῦσι
665 4101 870 4168 μόνοις,
905 4100 1001 4152 καὶ
1043 4099 1213 4151 ἔδωκε
1253 4096 1346 4149 καὶ
1398 4096 1511 4156 τοῖς
1540 4095 1638 4145 σὺν
1684 4091 1833 4160 αὐτῷ

263 4192 457 4259 οὖσιν;
500 4213 522 4247 ι
573 4194 899 4264 Ἐρωτῶμεν
937 4191 1031 4244 οὖν
1077 4191 1222 4259 ὑμᾶς
1251 4205 1263 4217 '
1300 4188 1349 4241 οί
1398 4187 1554 4255 ἄρτοι
1602 4184 1748 4237 οὗτοι
1785 4186 1834 4237 οἱ

262 4289 362 4360 τῆς
394 4289 730 4359 προθέσεως,
759 4287 985 4354 ἐνζυμοι
1019 4286 1284 4353 ὑπῆρχον,
1313 4281 1345 4349 ἢ
1374 4280 1571 4347 ἄζυμοι
1598 4295 1613 4342 ;
1645 4279 1705 4329 Ei
1738 4277 1835 4347 μὲν

267 4382 508 4451 ἔνζυμοι,
548 4380 889 4447 ίουδαῖζομεν
915 4378 1009 4430 καὶ
1036 4377 1194 4444 ἡμεῖς
1228 4373 1347 4425 καθ’
1376 4373 1515 4440 ὑμᾶς
1547 4368 1821 4438 ἐνξύμους

265 4477 461 4543 ἄρτους
500 4471 691 4525 θυσίαν
739 4468 1056 4528 ποιοῦντες·
1100 4468 1148 4518 εί
1201 4466 1246 4517 δ’
1285 4463 1485 4533 ἄζυμοι
1527 4458 1687 4533 ἦσαν,
1730 4462 1837 4530 ἄρα

1934 3378 2114 3431 ειιιιάυ
2146 3379 2287 3444 apud
2314 3376 2554 3430 Marcum
2591 3376 3017 3444 evangelistam;
3052 3376 3185 3429 dicit
3236 3376 3384 3430 enim
3431 3377 3498 3429 ad

1935 3466 2154 3521 Judaros
2187 3467 2541 3535 obiurgantes
2576 3467 2855 3533 apostolos
2896 3466 3039 3535 quod
3097 3466 3278 3533 Spicas
3339 3465 3503 3520 velle-

1935 3559 2065 3613 bant
2104 3575 2119 3612 :
2159 3557 2445 3625 Nunquam
2480 3558 2691 3623 legistis
2722 3557 2850 3624 quid
2886 3556 3074 3610 fecerit
3108 3556 3271 3610 David
3288 3557 3503 3626 quando

1936 3652 2317 3705 necessitatem
2357 3650 2569 3710 habuit,
2594 3658 2646 3702 et
2674 3647 2865 3702 esuriit
2899 3647 3033 3717 ipse,
3069 3655 3123 3700 et
3146 3646 3237 3715 qui
3273 3660 3397 3700 eum
3437 3660 3502 3701 eo

1934 3739 2431 3807 erantiquomodo
2456 3720 2703 3792 introivit
2731 3738 2785 3791 iu
2825 3737 3044 3791 domum
3081 3736 3174 3789 Dei
3212 3736 3312 3789 sub
3340 3736 3506 3789 Abia-

1944 3834 2067 3886 thar
2099 3830 2342 3898 principe
2396 3830 2762 3891 sacerdotum,
2813 3835 2865 3881 et
2902 3840 3070 3897 panes
3117 3824 3506 3894 propositionis

1941 3920 2315 3981 manducavit,
2351 3933 2491 3986 quos
2520 3934 2623 3970 non
2664 3917 2786 3970 licet
2825 3916 2930 3970 nisi
2957 3916 3336 3970 sacerdotibus
3355 3929 3506 3968 man-

1938 4014 2163 4077 ducare,
2191 4023 2243 4064 et
2284 4010 2432 4064 dedit
2463 4008 2543 4062 eis
2575 4008 2667 4075 qui
2695 4022 2819 4060 cum
2864 4022 2929 4061 eo
2964 4008 3158 4060 erant?
3209 4008 3505 4060 Perconta-

1940 4120 2062 4159 mur
2099 4103 2265 4172 igitur
2306 4118 2434 4164 vos,
2485 4092 3087 4169 panespropositionis
3128 4099 3507 4152 fermentatiue

1941 4205 2096 4251 erant
2127 4211 2193 4247 an
2232 4192 2449 4263 azymi?
2479 4192 2533 4246 Si
2570 4190 2901 4252 fermentati,
2936 4205 3033 4243 nos
3062 4190 3227 4243 etiam
3254 4190 3504 4258 jutlaiza-

1940 4304 2084 4351 mus,
2117 4296 2177 4339 ut
2231 4302 2326 4339 vos
2378 4282 2730 4346 existimatis,
2772 4283 2827 4335 iu
2880 4282 3224 4337 fermentatis
3269 4280 3506 4351 panibus

1941 4380 2339 4435 sacrificantes.
2368 4378 2423 4431 Si
2462 4392 2590 4429 vero
2630 4376 2827 4447 azymi,
2864 4390 2992 4444 ergo
3045 4383 3098 4429 et
3142 4373 3316 4444 azymi
3343 4387 3509 4441 panes

1942 4482 2226 4526 vocantur.
2261 4471 2525 4524 Praeterea
2555 4468 2600 4521 si
2640 4468 2944 4521 fermentati
2999 4475 3157 4519 erant
3220 4479 3387 4533 panes
3432 4464 3506 4517 illi

266 4566 362 4619 καὶ
400 4566 448 4617 οί
499 4562 720 4632 ἄζυμοι,
754 4559 908 4630 ἄρτοι
954 4556 1272 4612 καλοῦνται.
1318 4557 1439 4607 Ἔτι
1474 4555 1521 4606 εί
1557 4554 1656 4625 μὲν
1687 4552 1826 4616 ἐνζυ·

1944 4563 2351 4636 propositionis,
2386 4560 2711 4615 sacrificium
2766 4559 2818 4610 in
2873 4557 3199 4610 fermentato
3232 4554 3507 4607 Christum

268 4672 361 4725 μοι
395 4651 535 4725 ἦσαν
568 4653 616 4705 ni
648 4652 806 4722 ἄρτοι
840 4652 1039 4705 ἐκεῖνοι
1077 4650 1177 4718 τῆς
1220 4647 1553 4717 προθέσεως,
1598 4647 1707 4699 ἔδει
1747 4648 1837 4698 τὸν

264 4746 501 4818 Χριστὸν
543 4744 751 4798 παῦσαι
800 4742 899 4812 τὴν
955 4741 1147 4794 θυσίαν
1200 4738 1300 4810 τὴν
1355 4739 1425 4791 δι’
1452 4738 1729 4806 ἐνζύμων,
1764 4737 1840 4799 ὡς

267 4839 503 4890 παλαιάν
532 4850 591 4889 τε
626 4837 718 4889 καὶ
751 4835 1011 4903 νόμιμον,
1039 4832 1125 4884 ἵνα
1152 4830 1227 4901 μὴ
1260 4830 1327 4883 τὰ
1357 4830 1521 4899 ὃμοια
1555 4832 1667 4891 τοῖς
1710 4829 1841 4881 ‘Iou-

267 4930 438 4993 δαίοις
490 4928 756 4997 ποιῶμεν,
810 4927 906 4979 καὶ
952 4923 1158 4995 ταύτην
1215 4922 1426 4989 διδάξαι
1488 4919 1735 4989 γίνεσθαι
1771 4918 1839 4971 δι’

268 5020 530 5089 ἀζύμων·
573 5021 621 5071 εί
665 5017 709 5070 δ’
742 5018 941 5086 ἄζυμοι
983 5011 1152 5085 ἦσαν,
1209 5016 1302 5066 καὶ
1332 5014 1360 5065 6
1408 5012 1640 5079 ἄζυμος,
1675 5010 1838 5079 ἄρτος

269 5114 541 5167 καλεῖται.
582 5110 827 5180 Εδείχθη
843 5105 936 5162 οὖν
965 5108 1190 5171 ἱκανῶς,
1220 5107 1391 5173 ἀγαθέ
1421 5104 1733 5174 Νικηφόρι,
1758 5103 1840 5155 ὅτι

270 5207 366 5259 καὶ
396 5206 423 5257 6
453 5205 663 5273 ἄζυμος
727 5202 890 5273 ἄρτος
923 5202 1166 5268 λέγεται,
1197 5200 1293 5253 καὶ
1322 5198 1461 5263 ἐστι,
1492 5198 1585 5249 καὶ
1616 5198 1836 5259 νοεῖται,

272 5304 441 5370 χωρὶς
470 5299 561 5352 τοῦ
592 5298 868 5351 ἐπιθέτου.
897 5296 1059 5348 Ὥστε
1101 5293 1275 5356 οὐδεὶς
1311 5292 1375 5345 ἂν
1420 5287 1478 5343 εὖ
1516 5289 1729 5359 φρονῶν
1762 5287 1841 5339 εί-

272 5408 387 5455 ποι,
423 5392 496 5453 ὡς
551 5391 611 5443 οὐ
644 5389 923 5455 δυνάμεθα
971 5386 1221 5454 ἐννοῆσαι
1281 5386 1489 5452 ἄζυμον
1529 5380 1597 5433 δι’
1644 5375 1704 5434 οὗ
1742 5380 1841 5448 τὴν

276 5483 466 5537 θυσίαν
493 5482 748 5553 ἐποίησεν
776 5484 803 5535 6
838 5482 1095 5550 Χριστὸς,
1130 5479 1215 5531 διὰ
1242 5477 1301 5529 τὸ
1324 5477 1416 5528 τὸν
1445 5473 1839 5542 εὐαγγελιστὴν

276 5576 452 5629 εἰπεῖν
484 5576 652 5645 χωρὶς
701 5572 796 5627 τοῦ
850 5571 1129 5633 ἐπιθέτου,
1172 5570 1339 5638 ἄρτον
1371 5565 1554 5619 λαϐεῖν
1584 5566 1673 5617 τὸν
1711 5562 1841 5634 Χρι-

277 5668 401 5721 στὸν
437 5669 504 5738 τῇ
550 5666 659 5719 τῶν
704 5663 954 5734 ’Δζύμων
1000 5662 1187 5733 ἡμέρᾳ
1224 5661 1317 5712 καὶ
1364 5662 1429 5728 τῇ
1460 5656 1576 5727 ὥρῃ
1604 5655 1695 5709 τοῦ
1727 5655 1839 5707 Πά-

278 5776 401 5830 σχα.
437 5759 680 5831 Ἀζυμος
704 5755 773 5831 ἦν
798 5758 907 5829 ἄρα
934 5758 1008 5822 ὡς
1040 5754 1276 5823 ἐδείχθη,
1322 5753 1415 5805 καὶ
1450 5750 1658 5819 ἄζυμον
1688 5750 1834 5803 ἐννο-

1944 4659 2137 4712 tollere
2168 4656 2473 4726 oportebat,
2505 4662 2770 4721 tanquam
2807 4659 3043 4704 veterem
3074 4660 3127 4703 et
3163 4647 3409 4717 legalem,
3442 4660 3511 4700 ne

1940 4751 2155 4805 Iudaeos
2196 4747 2561 4809 imitaremur,
2596 4745 2728 4798 etin
2774 4756 2965 4812 azymo
2999 4740 3330 4795 sacrificium
3352 4736 3511 4793 iusti-

1941 4850 2091 4893 tuere
2126 4848 2181 4893 et
2231 4839 2545 4906 praecipere.
2607 4834 2664 4887 Si
2724 4834 2900 4905 azymi
2959 4841 3137 4895 erant,
3182 4844 3313 4901 ergo
3354 4828 3510 4902 panis

1939 4935 2100 4985 etiam
2117 4944 2339 4998 azymus
2352 4927 2670 4996 appellatur.
2689 4924 3031 4979 Sullicienter
3050 4922 3215 4991 igitur
3226 4929 3506 4975 ostensum

1934 5031 2043 5089 est,
2079 5036 2111 5074 ο
2140 5021 2277 5073 bone
2308 5016 2635 5085 Nieephore,
2671 5015 2815 5085 quod
2869 5022 2923 5067 et
2973 5011 3129 5082 panis
3156 5008 3359 5063 dicitur
3383 5021 3509 5076 asy-

1946 5130 2095 5175 mus,
2123 5122 2176 5166 et
2204 5120 2309 5178 est,
2346 5109 2669 5178 intelligitur
2700 5107 2817 5161 sine
2841 5102 3130 5172 adjectivo.
3147 5097 3505 5165 Quamobrem

1943 5212 2105 5253 nemo
2164 5196 2405 5266 prudens
2446 5208 2685 5263 unquam
2745 5190 2947 5245 dixerit
3018 5202 3120 5240 nos
3166 5196 3508 5253 nequaquam

1946 5302 2104 5356 posse
2136 5284 2440 5354 intelligere
2464 5296 2739 5354 azytuum,
2782 5280 2834 5333 in
2882 5292 2989 5347 quo
3031 5275 3355 5330 sacrificium
3386 5272 3512 5329 fecit

1943 5377 2238 5441 Christus;
2272 5388 2326 5431 et
2351 5377 2491 5444 quod
2524 5376 2641 5428 sine
2685 5370 2953 5438 adjectivo
2993 5368 3129 5422 dixit
3157 5366 3508 5435 evangelista,

1947 5486 2141 5540 panem
2169 5471 2444 5537 accepisse
2491 5466 2766 5520 Christum
2811 5464 2867 5517 iu
2920 5462 3009 5517 die
3052 5461 3405 5532 Azymorum,
3458 5465 3511 5513 et

1948 5561 2231 5617 Paschatis
2265 5569 2531 5626 tempore.
2577 5558 2819 5624 Azymus
2845 5568 2973 5623 ergo
3003 5560 3147 5616 erat,
3180 5560 3233 5607 et
3262 5556 3509 5621 aiymum

1949 5654 2324 5725 intelligimus,
2354 5660 2408 5705 ut
2466 5651 2576 5719 jam
2618 5656 2900 5703 ostensum
2947 5654 3051 5702 est.
3103 5642 3199 5699 His
3226 5643 3388 5712 igitur
3436 5640 3512 5696 ita

1949 5746 2234 5819 expositis,
2264 5740 2834 5813 argumentatiuncula
2859 5755 2888 5795 a
2910 5748 2961 5794 te
2983 5734 3393 5807 adducta,quod
3413 5748 3509 5789 oa-
