3978 6204
248 233 397 320 1209

188 347 193 356 ”
243 367 372 420 ραις
398 365 414 383 ·
471 351 532 405 ὀν

239 442 550 514 διαρρήδην
599 445 720 517 βοᾷ.
763 447 924 502 Ἀλλὰ
957 451 1116 508 τοῦτο
1151 455 1252 524 μὲν
1297 457 1396 513 οὐκ
1429 456 1606 517 εἷπον.
1643 465 1742 518 Διά
1773 442 1828 520 σὲι

240 534 348 603 δέ;
381 537 524 589 Διότι
553 537 654 590 οὐκ
685 534 835 610 εἶχον
859 544 1054 598 είπεῖν.
1087 546 1147 598 Εί
1175 546 1268 600 οὖν
1301 551 1549 621 ἀπείρων
1584 533 1825 628 προστερ-

243 628 499 698 χομένων
531 629 1024 702 ψευδομαρτύρων,
1056 640 1113 691 ἐν
1145 640 1325 704 ἄλλοις
1353 643 1452 710 μὲν
1490 651 1828 718 μαρτυρούν-

242 736 380 782 των,
426 723 518 774 καὶ
565 723 738 776 ταῦτα
774 725 1050 794 ψευδέσιν,
1089 724 1163 784 ὧν
1203 732 1356 803 ἴσηή
1401 741 1675 809 μαρτυρία
1725 743 1826 797 οὐκ

240 805 337 904 ἦν,
369 811 456 864 διὰ
495 813 547 866 τί
595 815 752 868 τοῦτο
787 819 888 870 οὐκ
925 816 1079 874 εἶπον
1132 823 1164 891 ἥ
1221 805 1642 897 ἐμαρτύρησαν,
1688 835 1825 904 ὅπερ

244 902 638 970 ἀναμφιϐόλως
678 907 910 961 θάνατον
959 911 1174 966 ἀπειλεῖ
1201 919 1313 978 τοῖς
1364 920 1707 986 παραϐάταις
1741 902 1828 977 αἰή-

245 996 569 1066 σχρότατον.
596 999 871 1067 Θαυμάζω
896 998 988 1054 οὖν
1017 1004 1084 1057 τὰ
1108 1006 1356 1071 πλεῖστα,
1376 1010 1492 1073 πῶς
1514 1016 1560 1064 οἱ
1578 1013 1824 1068 Ἰουδαῖοι

241 1086 581 1154 ἐρευνῶντες
628 1090 809 1143 αἰτίαν
837 1094 934 1162 οὐχ
973 1090 1150 1166 εὗρον,
1181 1100 1289 1152 οὐδ’
1324 1103 1351 1153 ὀ
1393 1101 1615 1166 Ἰούδας,
1654 1107 1826 1159 πολλά

241 1180 542 1246 καμόντες,
579 1183 672 1234 καὶ
701 1182 797 1237 νῦν
827 1187 875 1237 οί
906 1189 1168 1260 ἡμέτεροι
1191 1191 1410 1261 ἀδελφοὶ
1445 1198 1824 1267 προχειρίζου-

244 1287 332 1324 σιν
360 1272 542 1325 αἰτίαν
581 1275 675 1327 καὶ¹
720 1278 994 1344 πρόφασιν
1023 1281 1374 1353 δικαιοτάτην
1417 1287 1590 1357 Ἰούδᾳ
1638 1307 1696 1342 τε
1728 1292 1823 1344 καὶ

240 1364 361 1425 τοῖς
407 1363 706 1428 Ἰουδαίοις.
753 1369 981 1423 Ἐκεῖνοι
1017 1372 1116 1440 μὲν
1148 1374 1255 1444 γὰρ
1281 1376 1629 1445 ἐρωτώμενοι
1673 1383 1824 1450 παρὰ

240 1451 340 1504 τοῦ
365 1453 618 1516 Πιλάτου,
651 1456 770 1510 τίνα
793 1459 1018 1530 φέρουσι
1082 1464 1225 1516 κατά
1260 1464 1353 1517 τοῦ
1383 1467 1594 1524 δικαίου
1622 1472 1820 1539 αἰτίαν,

242 1542 375 1597 ἄλλο
400 1544 572 1598 εἰπεῖν
601 1548 703 1600 οὐκ
749 1544 919 1619 εἶχον,
953 1553 984 1620 ἢ
1022 1555 1104 1606 ὄτι
1159 1556 1293 1609 Θεὸν
1338 1559 1529 1612 ἑαυτὸν
1567 1564 1661 1614 καὶ
1696 1565 1825 1619 Υίδν

243 1631 383 1686 Θεοῦ
420 1635 677 1704 ὀνομάζει
701 1655 717 1670 θ
751 1642 848 1693 καὶ
878 1642 1088 1695 πολλῶν
1133 1646 1226 1697 ἐπὶ
1257 1647 1412 1702 τοῦτο
1446 1651 1823 1724 ψευδομαρτύ-

240 1740 357 1791 ρων
399 1725 685 1792 ἐλθόντων,
735 1732 830 1801 οὐχ
873 1733 1033 1803 εὖρον
1076 1738 1253 1790 εἰπεῖν
1279 1754 1296 1773 ο
1337 1741 1430 1794 νῦν
1464 1744 1506 1794 δ’
1538 1745 1685 1799 οὗτοι
1721 1766 1822 1799 πα·
1850 1710 1896 1769 Β

244 1814 493 1887 ραδάτην
518 1820 799 1890 προδήλως
825 1825 1036 1878 ποιοῦσι
1065 1828 1157 1880 τὸν
1182 1829 1416 1899 Χριστόν
1443 1852 1457 1864 ·
1484 1838 1574 1889 καὶ
1597 1837 1822 1901 δικαίως

243 1909 414 1964 αὐτὸν
444 1915 846 1983 κατακριθέντα
877 1921 1028 1988 παρὰ
1050 1923 1159 1976 τῶν
1205 1924 1494 1990 Ἰουδαίων,
1521 1931 1744 1996 ἄκοντές
1765 1951 1822 1986 τε

239 2003 341 2054 καὶ
387 2003 462 2070 μὴ
498 2003 832 2073 βουλόμενοι,
879 2010 1024 2077 μάλα
1055 2016 1318 2078 γενναίως
1345 2018 1845 2077 ἀποδεικνύουσινυ

246 2094 457 2156 Ὄντως
493 2098 690 2168 θρήνου
726 2103 865 2154 είσ¹ιν
900 2102 1038 2168 ἄξιοι
1082 2109 1172 2159 καὶ
1207 2107 1390 2170 ἐλέους
1420 2111 1468 2162 οἱ
1500 2113 1566 2165 τὰ
1597 2116 1822 2169 τοιαῦτα

241 2192 573 2258 φάσκοντες.
622 2196 762 2249 Ἀλλ’
799 2199 846 2250 εί
888 2201 982 2252 καὶ
1023 2201 1166 2256 κατὰ
1195 2203 1285 2254 τὸν
1316 2205 1583 2276 ὑμέτερον
1621 2212 1824 2265 σκοπὸν

245 2284 478 2353 ἐνζυμος
509 2282 600 2356 ἦν,
662 2289 771 2341 οὐδ’
795 2289 939 2343 οὕτω
970 2293 1196 2357 δικαίως
1243 2296 1415 2365 ἔχοιτε
1465 2299 1530 2351 ἂν
1568 2301 1824 2367 ἐγκαλεῖν

244 2378 310 2446 τῇ
376 2377 658 2449 Ῥωμαϊκῇ
727 2382 1058 2456 Ἐκκλησία,
1117 2387 1204 2438 διὰ
1298 2389 1358 2441 τὸ
1409 2391 1598 2462 ἄζυμα
1653 2395 1820 2455 θύειν.

246 2471 437 2542 ὥσπερ
476 2475 595 2525 οὐδὲ
623 2475 808 2544 ἐκείνη
849 2479 1127 2548 μέμφεται
1163 2482 1262 2550 τὴν
1294 2484 1620 2549 ἀνατολικὴν
1651 2489 1735 2540 διὰ
1766 2491 1826 2543 τὸ

246 2565 454 2634 ἔνζυμα
503 2566 672 2621 θύειν.
714 2569 908 2623 Καίτοι
937 2588 998 2638 γε
1043 2574 1256 2647 κεφαλὴ
1286 2573 1420 2630 οὖσα
1449 2578 1548 2646 τῆς
1599 2581 1828 2644 Ἐκκλη-

249 2657 392 2721 σίας,
452 2659 685 2728 ἠδύνατο
740 2664 990 2730 ἐγκαλεῖν
1035 2669 1128 2719 καὶ
1179 2671 1534 2740 κατακρίνειν
1589 2673 1716 2737 τοὺς
1752 2674 1826 2744 μὴ

247 2753 537 2817 ποιοῦντας
590 2757 666 2819 ὡς
711 2759 893 2828 ἐκείνη
944 2762 1120 2814 ποιεῖ·
1169 2763 1355 2834 ἐπειδή
1407 2765 1641 2832 βεϐαίως
1691 2767 1826 2836 αὐτὴ

248 2842 389 2900 οἶδεν
421 2846 631 2915 ἄζυμον
663 2849 828 2918 ἄρτον
858 2852 1292 2922 ίερουργὴσαντα
1327 2857 1420 2908 τὸν
1451 2859 1705 2925 Χριστὸν.
1740 2860 1827 2911 ὅτε

249 2938 308 2990 ἐν
333 2938 410 3008 τῷ
456 2939 690 3011 ὑπερῴῳ
723 2942 1061 2996 συνεδείπνει
1101 2947 1213 3008 τοῖς
1255 2947 1528 3018 μαθηταῖς
1552 2966 1568 2981 ·
1615 2951 1707 3003 καὶ
1739 2951 1829 3004 οὓ-

751 238 901 301 PRO
939 243 1147 308 CONC.
1188 248 1549 311 FLORENT
1609 254 1776 319 CAP.
1821 201 2043 322 li.\DE
2085 266 2337 330 AZYMO
2373 273 2469 334 ET
2511 276 3052 340 FERMENTATO.

561 352 788 467 ὀονομος
825 356 1289 467 ςέξολοθρευθῆναι
1336 367 1394 432 ἐξ
1445 370 1578 423 υίῶν
1619 373 1829 446 Ἰσραὴλ

1939 384 2158 440 clamat.
2197 389 2265 443 At
2293 391 2627 462 hocquidem
2659 410 2766 450 non
2789 397 3068 455 dixerunt.
3124 397 3368 467 Quanam
3431 405 3499 462 de

3362 288 3510 354 1210·

1930 481 2132 534 causa?
2183 482 2320 548 Quia
2353 485 2537 540 dicere
2567 502 2670 540 non
2701 498 3018 556 potuerunt.
3054 491 3108 546 Si
3170 493 3332 562 igitur
3377 511 3497 550 cum

1929 571 2083 623 multi
2118 572 2237 626 falsi
2273 583 2439 630 testes
2483 579 2842 632 accessissent
2882 581 2949 634 de
3002 580 3121 635 aliis
3171 582 3499 638 criminibus

1933 663 2300 727 testificantes,
2362 675 2416 718 et
2470 677 2730 734 praeterea
2763 669 2933 734 falsis,
2969 687 3200 740 quorum
3257 676 3502 729 testium-

1929 755 2080 808 ninm
2136 771 2243 809 non
2285 768 2405 812 erat
2433 761 2792 824 conveniens,
2842 777 2939 815 cur
2985 763 3035 816 id
3087 779 3192 815 non
3219 763 3496 830 dixerunt,

1928 847 2012 901 vel
2083 849 2460 903 testimonium
2520 866 2622 905 non
2685 854 2944 918 tulerunt,
2994 855 3139 923 quod
3191 855 3309 908 sine
3334 855 3500 908 dubio

1929 939 2296 1007 turpissimam
2331 944 2568 996 minatur
2604 953 2834 998 mortem
2865 946 2931 999 iis
2951 947 3044 1013 qui
3089 947 3501 1015 transgrediun-

1931 1031 2057 1083 tur?
2085 1032 2338 1086 Admiror
2363 1034 2523 1102 igitur
2541 1036 2834 1090 admodum
2871 1038 3141 1103 quomodo
3170 1037 3340 1091 Juda-i
3373 1054 3502 1093 eau-

1928 1139 2042 1178 sam
2085 1124 2276 1178 sedulo
2307 1137 2637 1194 querentes,
2677 1144 2784 1181 non
2816 1129 3160 1194 invenerunt,
3209 1146 3329 1185 cum
3362 1131 3501 1184 Inul-

1929 1224 2041 1269 tum
2093 1217 2458 1282 insudassent,
2503 1234 2678 1285 neque
2733 1219 2921 1275 Judas.
2986 1222 3050 1274 Et
3097 1237 3243 1275 nunc
3299 1221 3498 1276 fratres

1928 1308 2097 1360 nostri
2122 1322 2341 1360 causam
2373 1320 2423 1361 et
2457 1319 2776 1378 praetextum
2802 1312 3168 1378 jnstissimum
3192 1311 3344 1366 Juda:
3372 1313 3536 1382 διώ-δ

1927 1398 2261 1459 ministrant,
2313 1400 2474 1453 simul
2529 1416 2592 1456 ac
2643 1401 2865 1456 Iudaeis.
2933 1404 3144 1457 Etenim
3198 1405 3230 1456 ii
3262 1421 3288 1455 a
3326 1403 3500 1460 Pilato

1927 1489 2245 1560 interrogati
2277 1507 2438 1560 quam
2503 1507 2727 1548 causam
2781 1510 2907 1561 erga
2963 1495 3169 1564 justum
3221 1496 3497 1550 hominem

1927 1581 2206 1647 afferrent,
2276 1583 2421 1637 aliud
2467 1583 2650 1638 dicere
2702 1600 2812 1638 non
2839 1595 3138 1654 potuerunt
3167 1601 3326 1654 quam
3355 1587 3499 1655 quod
3563 1576 3569 1585 ’

1929 1671 2094 1727 Deum
2141 1673 2379 1742 seipsum
2424 1685 2478 1728 et
2505 1675 2596 1728 Dei
2648 1675 2846 1728 Filium
2904 1677 3226 1745 appellaret,
3267 1691 3499 1746 cumque

1926 1765 1991 1820 ad
2024 1767 2127 1820 hoc
2161 1765 2553 1820 testificandum
2586 1767 2738 1820 multi
2778 1767 2891 1822 falsi
2930 1777 3096 1822 testes
3119 1767 3499 1832 accessissent,

1926 1859 1977 1914 id
2010 1874 2115 1912 non
2153 1858 2498 1913 invenerunt.
2557 1857 2661 1927 Ipsi
2695 1873 2824 1912 vero
2870 1875 3014 1913 nunc
3067 1869 3500 1927 trangressorem

1923 1948 2200 2003 Christum
2243 1957 2432 2017 aperte
2506 1949 2735 2013 faciunt,
2776 1951 3008 2019 jureque
3067 1952 3252 2020 ipsum
3305 1967 3337 2006 a
3385 1951 3486 2006 Ju-

1925 2040 2057 2094 dacis
2077 2042 2415 2107 damnatum,
2438 2042 2683 2096 volentes
2715 2042 2962 2096 nolentes
2997 2044 3212 2112 egregie
3243 2055 3501 2112 compro-

1926 2132 2079 2186 bant.
2119 2133 2184 2185 ili
2216 2132 2463 2202 profecto
2501 2131 2630 2186 fletu
2673 2142 2728 2187 et
2760 2133 3135 2187 misericordia
3173 2133 3318 2203 digni
3348 2142 3499 2193 sunt,

1925 2226 2016 2295 qui
2071 2227 2185 2278 haec
2216 2226 2427 2279 dicunt.
2492 2226 2761 2279 Praeterea
2833 2222 2878 2278 si
2914 2226 3216 2279 secundum
3262 2232 3500 2279 vestram

1926 2319 2284 2372 intentionem
2318 2318 2672 2373 fermentatus
2695 2328 2833 2383 erat,
2868 2333 3045 2387 neque
3080 2318 3160 2372 sic
3189 2317 3311 2385 jure
3345 2325 3500 2384 pote-

1927 2412 2025 2465 stis
2045 2411 2342 2466 Romanam
2373 2411 2688 2465 insimulare
2709 2412 3030 2470 Ecclesiam,
3051 2411 3192 2479 quod
3229 2412 3282 2464 in
3306 2424 3498 2479 azymo

1929 2503 2232 2569 sacrificat;
2285 2503 2739 2571 quemadmodum
2791 2512 2842 2555 et
2891 2519 2952 2555 ea
3001 2501 3332 2555 Orientalem
3389 2515 3501 2555 non

1927 2596 2297 2664 reprehendit,
2328 2596 2372 2650 si
2417 2595 2468 2648 in
2507 2594 2830 2650 fermentata
2858 2595 3155 2648 sacrificat.
3183 2594 3346 2662 Atqui
3375 2608 3498 2647 cum

1929 2697 2092 2757 caput
2144 2687 2401 2743 Ecclesia:
2435 2689 2531 2752 sit,
2567 2689 2819 2742 incusare
2853 2697 3112 2756 poterat,-
3138 2696 3192 2740 et
3230 2688 3494 2739 damnare

1930 2780 2020 2847 qui
2052 2794 2172 2832 eam
2220 2795 2328 2833 non
2362 2788 2668 2848 sequuntur
2700 2795 2714 2830 :
2749 2795 2875 2838 nam
2929 2781 3046 2850 ipsa
3086 2779 3314 2832 firmiter
3350 2777 3502 2831 novit

1933 2870 1984 2921 in
2007 2884 2199 2940 azymo
2233 2868 2512 2922 Christum
2542 2869 2902 2934 sacrificasse,
2941 2883 3065 2922 tum
3113 2871 3168 2922 in
3216 2867 3500 2922 caenaculo

1935 2977 2041 3016 una
2075 2979 2193 3014 rum
2227 2963 2342 3016 suis
2384 2962 2664 3030 discipulis
2715 2962 2952 3016 emnavit
2980 3002 2995 3027 ,
3031 2971 3085 3016 et
3118 2953 3370 3015 similiter
3401 2976 3498 3016 eos

250 3048 357 3092 τως
411 3034 588 3084 ποιεῖν
641 3034 841 3094 αὐτοὺς
895 3037 978 3098 είς
1031 3039 1256 3107 μνήμην
1296 3039 1460 3092 αὐτοῦ
1512 3042 1822 3100 ἐκέλευσεν.

1934 3055 1982 3107 in
2011 3069 2165 3109 suam
2199 3055 2774 3108 commemorationem
2800 3054 2966 3122 jussit
2994 3053 3192 3108 facere.
3226 3053 3384 3119 Quod
3406 3068 3506 3107 au-

254 3123 376 3176 Ὅτι
403 3124 462 3178 δὲ
489 3126 584 3180 καὶ
621 3127 680 3180 ἐν
709 3127 850 3180 ἐπτὰ
878 3130 1115 3198 ἡμέραις
1153 3131 1245 3184 τοῦ
1290 3133 1502 3202 Πάσχα,
1531 3130 1707 3189 offas!
1741 3137 1827 3190 εὕ-

257 3219 478 3289 ρεθῆναι
532 3221 787 3290 ἔνζυμον,
840 3225 934 3276 τοῦ
968 3226 1356 3296 Χρυσοστόμου
1417 3229 1578 3282 πάλιν
1614 3232 1829 3300 Πατρὸς

251 3309 602 3378 ἀκούσωμεν,
628 3313 686 3365 ἐν
711 3315 777 3382 τῇ
810 3314 945 3383 πρὸς
973 3316 1296 3385 Κορινθίους
1319 3319 1514 3389 πρώτῃ
1545 3321 1825 3387 ἐπιστολῇ·

254 3405 389 3474 φησὶ
418 3405 524 3474 γάρ
549 3421 564 3436 ·
601 3423 619 3456 ι
659 3406 931 3475 Πρότερον
954 3407 1220 3476 εἴπωμεν,
1246 3409 1332 3463 διὰ
1359 3411 1413 3463 τί
1439 3413 1502 3464 ἐκ
1534 3415 1641 3467 τῶν
1664 3414 1830 3481 ὁρίων

254 3495 477 3550 πάντων
522 3497 881 3550 ἀπελαύνεται
921 3500 954 3568 ὴ
1007 3498 1176 3569 ζύμη.
1233 3501 1298 3554 Τί
1339 3498 1434 3556 οὖν
1485 3505 1602 3558 ἐστι
1641 3506 1701 3558 τὸ
1748 3508 1832 3561 αῖ-

255 3605 424 3656 νιγμα
450 3605 465 3654 ;
495 3589 678 3658 πάσης
705 3592 971 3662 πονηρίας
1001 3592 1347 3662 ἀπηλλάχθαι
1385 3595 1466 3649 δεῖ
1490 3598 1582 3650 τὸν
1611 3600 1828 3655 πιστόν.

259 3681 472 3750 Ὥσπερ
500 3682 608 3752 γὰρ
643 3684 852 3747 ἐκεῖνος
880 3685 1176 3738 ἀπόλλυται
1226 3688 1361 3741 ὅπου
1393 3689 1460 3742 ἂν
1490 3690 1689 3761 εὑρεθῇ
1726 3709 1831 3745 πα-

255 3774 382 3828 λαιὰ
416 3776 584 3844 ζύμη.
632 3775 776 3830 οὕτω
811 3778 904 3830 καὶ
961 3779 1092 3846 παρ’
1138 3781 1296 3848 ἡμῖν,
1345 3780 1475 3835 ἔνθα
1523 3782 1590 3834 ἂν
1629 3785 1829 3855 εὑρεθῇ

255 3871 493 3938 πονηρία
514 3885 528 3900 ⁸
567 3870 627 3923 οὐ
661 3871 767 3942 γὰρ
815 3871 987 3941 δήπου
1021 3874 1114 3924 ἐπὶ
1144 3875 1242 3941 μὲν
1273 3875 1371 3943 τῆς
1404 3877 1564 3938 σκιᾶς
1591 3877 1762 3946 πολλὴ
1794 3881 1826 3946 ἠ

255 3960 495 4023 κόλασις,
541 3961 632 4012 ἐπὶ
671 3961 728 4014 δὲ
781 3961 964 4030 ἡμῶν,
1010 3962 1072 4015 οὐ
1129 3962 1308 4032 πολλῷ
1345 3963 1570 4032 μείζων.
1621 3965 1685 4017 Εἰ
1722 3966 1830 4033 γὰρ

257 4052 354 4115 τὰς
381 4053 561 4110 οἰκίας
607 4053 749 4107 οὕτω
801 4053 1181 4119 καθαίρουσιν.
1216 4055 1290 4115 ὡς
1341 4056 1436 4107 καὶ⁹
1487 4055 1646 4122 μυῶν
1692 4056 1832 4117 ὀπὰς

257 4144 704 4214 περιεργάζεται,
739 4145 919 4213 πολλῷ
949 4146 1150 4212 μᾶλλον
1188 4148 1340 4215 ἡμᾶς
1377 4145 1476 4216 τὴν
1513 4146 1692 4216 ψυχὴν
1724 4148 1832 4199 διε-

259 4236 550 4306 ρευνᾶσθαι
599 4237 700 4289 δεῖ.
751 4255 771 4288 ι
831 4237 984 4290 Ἐπεὶ⁴
1017 4234 1112 4292 οὖν
1151 4238 1300 4305 μυῶν
1335 4238 1477 4299 ὀπὰς
1528 4240 1832 4308 περιεργά-

259 4327 461 4392 ζονται,
498 4328 677 4395 πολλῷ
710 4329 912 4396 μᾶλλον
936 4330 1396 4397 περιεργάσαιντο
1437 4332 1522 4395 ἂν,
1563 4333 1611 4383 εί
1649 4331 1676 4382 ὀ
1702 4333 1831 4399 Χρι-

1933 3151 2038 3199 tem
2068 3144 2121 3197 in
2157 3144 2220 3198 iis
2257 3153 2464 3213 septem
2498 3143 2722 3199 Pascha:
2752 3146 2963 3206 diebus,
2992 3145 3378 3200 fermentatum
3409 3157 3503 3199 es-

1931 3241 2014 3286 set
2038 3232 2287 3297 vetitum,
2330 3231 2786 3300 Chrysostomum
2828 3230 3039 3284 Patrem
3075 3245 3265 3285 rursus
3305 3229 3504 3284 audia-

1931 3336 2074 3384 mus,
2122 3322 2175 3376 in
2235 3322 2464 3390 primam
2515 3323 2582 3374 ad
2624 3319 2936 3374 Corinthios
2982 3318 3322 3388 Epistolam;
3373 3318 3507 3373 dicit

1931 3415 2073 3468 enim
2103 3432 2116 3467 :
2149 3431 2169 3463 ι
2199 3412 2370 3466 Antea
2405 3411 2762 3480 exposuimus
2790 3425 2888 3465 cur
2921 3410 2990 3464 ab
3019 3409 3274 3464 omnibus
3299 3408 3501 3463 ﬁnibus

1930 3505 2165 3575 pellatur
2207 3503 2562 3559 fermentum.
2617 3501 2872 3569 Enigma
2911 3503 3013 3556 hoc
3048 3502 3179 3576 quid
3213 3499 3501 3555 ostendit?

1931 3595 2015 3649 Ah
2043 3595 2192 3650 omni
2229 3594 2495 3664 pravitate
2520 3601 2739 3663 oportet
2770 3590 2979 3646 fidelem
3004 3587 3283 3644 discedere
3325 3604 3340 3641 :
3373 3599 3501 3639 nam

1933 3687 2390 3756 quemadmodum
2415 3694 2587 3740 morte
2625 3683 2858 3739 moritur
2888 3683 2958 3744 is,
2980 3679 3119 3749 apud
3150 3693 3313 3746 quem
3351 3684 3507 3731 vetus

1936 3777 2262 3832 fermentum
2290 3788 2564 3845 repertum
2599 3775 2780 3838 fuerit,
2815 3773 2895 3829 sic
2923 3780 2977 3827 et
3011 3785 3134 3836 nos,
3159 3769 3249 3822 ubi
3296 3765 3504 3822 malitia

1935 3879 2147 3938 reperta
2181 3882 2289 3924 est.
2330 3868 2447 3922 Non
2480 3871 2626 3923 enim
2679 3881 2872 3936 magna
2922 3880 3081 3933 pmna
3140 3861 3396 3918 statuitur
3448 3858 3505 3913 in

1936 3963 2150 4024 umbra,
2194 3962 2247 4015 in
2301 3960 2462 4014 nobis
2490 3973 2620 4013 vero
2657 3973 2764 4011 non
2811 3956 2984 4010 multo
3032 3954 3230 4023 major.
3268 3951 3324 4006 Si
3357 3949 3506 4005 enim

1935 4055 2128 4107 domos
2160 4051 2231 4106 ita
2275 4058 2635 4121 perpurgant.
2677 4058 2733 4102 ut
2759 4049 2811 4101 in
2867 4046 3102 4100 murium
3149 4041 3508 4098 foraminibus

1934 4143 2094 4198 anxie
2121 4151 2423 4204 versentur,
2455 4143 2623 4193 multo
2657 4138 2830 4205 magis
2859 4153 2956 4190 nos
2988 4136 3223 4190 animam
3250 4142 3507 4186 excutere

1936 4243 2171 4303 Oportet.
2192 4233 2326 4288 Cum
2353 4232 2782 4300 igiturmnrium
2813 4229 3080 4281 foramina
3107 4226 3267 4280 anxie
3295 4223 3507 4290 disqui-

1939 4331 2061 4376 rant
2092 4360 2107 4385 ,
2143 4321 2313 4374 inulto
2381 4321 2456 4373 illi
2488 4319 2662 4387 magis
2707 4317 2932 4372 solliciti
2983 4317 3048 4370 ad
3108 4312 3497 4369 excutiendum

261 4421 383 4482 στος
411 4419 629 4490 ἐνξύμῳ
663 4423 940 4490 ἐχρήσατο
965 4423 1030 4491 τῇ
1065 4424 1220 4475 νυκτὶ
1245 4423 1450 4493 ἐκείνῃ.
1479 4424 1555 4486 ὡς
1581 4425 1826 4477 ἐναντίον

1939 4413 2192 4477 fuissent,
2240 4429 2306 4466 an
2355 4412 2604 4467 Christus
2658 4425 2722 4464 ea
2782 4418 2941 4463 nocte
2991 4407 3256 4461 fermento
3311 4403 3508 4458 fuisset

265 4511 352 4566 τοῦ
385 4513 551 4579 νόμον
577 4515 832 4580 ποιήσας.
870 4513 927 4565 Ὀ
950 4514 1006 4567 δὲ
1035 4517 1313 4585 χρυσορῤή
1325 4535 1442 4583 μων
1471 4519 1616 4578 θεῖος
1650 4518 1832 4572 ’ῐωὰν-

262 4619 355 4671 φης
385 4605 442 4655 ἐν
471 4605 535 4672 τῇ
575 4603 913 4672 ὀγδοηκοστῇ
949 4604 1140 4675 πρώτῃ
1187 4607 1374 4674 ὁμιλία
1409 4607 1504 4659 τοῦ
1549 4609 1833 4675 εὐαγγελι-

261 4686 387 4749 στοῦ
438 4695 724 4750 Ματθαίου
783 4698 971 4763 φησιν,
1021 4699 1102 4751 ὅτι
1149 4719 1167 4749 ι
1223 4701 1400 4768 Μέχρι
1442 4702 1540 4768 τῆς
1573 4689 1833 4768 ’ἐσχάτης

265 4787 496 4855 ἡμέρας,
539 4787 626 4839 ἵνα
683 4787 757 4856 μὴ
815 4788 1056 4851 ἐναντίος
1115 4790 1337 4859 γένηται
1385 4789 1480 4842 τοῦ
1531 4792 1719 4859 νόμον,
1776 4792 1836 4843 τὸ

266 4879 452 4948 Πάσχα
505 4878 771 4930 ἐπετέλει.
816 4879 882 4930 Ἦ
915 4879 970 4932 δὲ
1008 4882 1210 4949 ἐσχάτη
1267 4881 1473 4949 ἡμέρα.
1526 4884 1558 4949 ἠ
1616 4883 1707 4934 ἐπὶ
1741 4883 1836 4936 τοῦ

265 4969 506 5024 σταυοοῦ
531 4965 622 5039 ἦν,
654 4971 711 5024 ἐν
829 4974 978 5040 φωνῇ
1033 4972 1244 5042 μεγάλῃ
1282 4967 1426 5035 εἷπε,
1469 4973 1794 5027 Τετέλεσται
1822 4989 1836 5008 ο

271 5061 573 5115 τετέλεσται
625 5063 828 5133 δηλαδὴ
859 5064 1055 5128 λέγων,
1102 5066 1203 5116 ὅσα
1259 5066 1640 5134 οἱ.προφῆται
1681 5067 1778 5119 καὶ
1811 5067 1839 5118 ὁ

270 5155 429 5221 νόμος
457 5155 818 5222 προέγραψάν
848 5172 909 5208 τε
940 5157 1037 5208 καὶ
1071 5151 1249 5209 εἶπον.
1297 5175 1315 5208 ι
1362 5159 1428 5209 Ὃ
1458 5159 1506 5210 εί
1535 5159 1635 5210 οὐκ
1667 5157 1843 5210 ἐτέλε-

271 5264 364 5298 σεν
387 5247 462 5309 ὣς
490 5265 676 5314 φασιν,
704 5249 946 5310 ἐναντίος
987 5249 1189 5314 μᾶλλον
1211 5249 1489 5302 δείκνυται
1520 5248 1616 5301 τοῦ
1640 5249 1804 5316 νόμου
1823 5263 1837 5277 ⁶

269 5339 330 5390 τὸ
365 5340 555 5407 Πάσχα
589 5340 649 5392 τὸ
674 5340 896 5409 νομικὸν
915 5339 1088 5392 τελῶν
1115 5340 1175 5391 οὐ
1206 5339 1348 5392 κατὰ
1376 5341 1467 5392 τὸν
1487 5340 1673 5406 νόμον,
1704 5338 1840 5392 ἀλλὰ

272 5430 434 5497 ἄρτον
493 5430 724 5498 ἔνζυμον
781 5431 1106 5497 φυλάττων·
1163 5432 1260 5482 καὶ
1307 5429 1482 5482 ταῦτα
1529 5431 1624 5482 τοῦ
1671 5429 1843 5482 Ἰούδα

274 5521 544 5591 παρόντος
602 5526 737 5585 ἐκεῖ,
787 5531 883 5576 καὶ
931 5522 1222 5591 ζητοῦντος
1278 5523 1478 5588 τρόπον
1531 5521 1842 5588 προδοσίας,

271 5611 416 5666 ὥστε
475 5613 768 5684 προδοῦναι
824 5615 988 5668 αὐτὸν
1041 5617 1150 5676 τοῖς
1213 5613 1511 5675 Ἰουδαίοις.
1574 5613 1712 5664 Ἀλλ’
1745 5613 1844 5664 οὐκ

275 5703 392 5757 ἐστι
446 5706 625 5773 τοῦτο,
674 5705 773 5759 οὐκ
818 5705 955 5762 ἔστι.
995 5704 1292 5776 Πληρωτὴς
1340 5704 1398 5756 δὲ
1425 5703 1501 5756 ὢν
1550 5695 1644 5758 τοῦ
1679 5703 1843 5775 νόμον

1942 4523 2096 4572 usus,
2151 4515 2207 4559 ut
2250 4505 2351 4574 legi
2406 4507 2684 4557 adversus.
2723 4519 2742 4552 ι
2790 4501 2969 4553 Aurea
3007 4501 3172 4553 verba
3221 4494 3512 4550 effundens

1937 4597 2179 4652 Joannes
2212 4597 2266 4648 in
2311 4595 2374 4648 81
2416 4593 2639 4648 homilia
2678 4591 2732 4644 in
2787 4589 2989 4656 Evang.
3037 4585 3273 4641 Matthmi
3324 4585 3508 4638 dicit:

1950 4709 1968 4741 ι
2007 4689 2372 4756 Οιιοιιιιιειιυθ
2413 4697 2710 4740 extremam
2755 4684 2894 4737 diem
2927 4697 2998 4735 ne
3050 4679 3149 4751 legi
3199 4677 3512 4734 contrarius

1946 4782 2238 4845 videretur,
2286 4781 2490 4832 Pascha
2540 4780 2764 4849 peregit.
2815 4776 3022 4832 Ultima
3063 4789 3192 4828 vero
3220 4773 3336 4826 dies
3368 4768 3516 4829 fuit,

1943 4873 2160 4942 quando
2187 4873 2342 4926 cruci
2374 4871 2565 4925 aﬂixus
2589 4880 2694 4934 est,
2724 4870 2777 4922 in
2804 4885 2911 4939 qua
2952 4882 3082 4922 Voce
3111 4879 3304 4935 magna
3334 4861 3470 4915 dixit
3495 4899 3512 4925 ,

1943 4966 2400 5024 Consunimatum
2437 4976 2544 5020 est.
2579 4967 2967 5022 Consummata
3005 4970 3155 5026 sunt,
3189 4959 3402 5013 scilicet
3432 4953 3520 5006 in-

1946 5061 2193 5130 telligens
2215 5073 2554 5127 quaecunque
2573 5058 2851 5126 prepheta:
2874 5063 2927 5107 et
2953 5053 3034 5107 lex
3060 5048 3518 5120 prmscripseruut

1945 5162 2001 5207 et
2031 5152 2304 5206 dixerunt.
2349 5169 2367 5200 ι
2408 5149 2563 5215 Quod
2589 5151 2633 5204 si
2665 5162 2770 5202 non
2795 5145 3034 5206 fecisset,
3069 5150 3129 5194 ut
3159 5141 3248 5193 isti
3276 5137 3466 5192 dicunt
3495 5175 3513 5200 ,

1947 5246 2120 5315 magis
2150 5244 2249 5313 legi
2297 5243 2562 5297 adversus
2615 5237 3016 5295 ostenderetur,
3047 5247 3158 5287 non
3210 5227 3512 5286 secundum

1947 5339 2120 5408 legem
2148 5336 2356 5390 Pascha
2386 5335 2555 5404 legale
2577 5326 2908 5401 peragenda,
2931 5324 3024 5380 sed
3051 5337 3244 5392 panem
3275 5320 3544 5375 fermen-.'

1953 5440 2122 5485 talum
2157 5427 2422 5483 servando
2457 5441 2474 5480 :
2512 5421 2810 5493 praesertim
2843 5432 2968 5472 cum
2993 5414 3165 5469 Judas
3190 5423 3321 5466 tunc
3354 5409 3518 5465 ades-

1951 5529 2053 5585 set,
2085 5527 2139 5579 et
2168 5521 2432 5572 rationem
2473 5509 2736 5582 prodendi
2767 5507 3132 5577 perquireret,
3165 5509 3226 5556 ut
3253 5516 3380 5556 eum
3413 5497 3517 5553 Ju-

1952 5611 2085 5665 daeis
2117 5609 2426 5679 proderet.»
2465 5606 2535 5657 At
2572 5604 2676 5656 hoc
2724 5601 2872 5654 nullo
2913 5606 3071 5668 pacto
3108 5604 3230 5662 est;
3259 5592 3352 5648 sed
3383 5606 3508 5646 cum

1955 5714 2148 5762 auctor
2181 5703 2315 5772 legis
2343 5708 2488 5758 esset
2517 5695 2874 5768 adimplenda:
2901 5702 2955 5750 et
2989 5689 3269 5750 servanda:
3296 5729 3310 5757 ,
3338 5693 3392 5743 ut
3426 5685 3512 5742 di-
