3978 6204
477 286 606 353 1211
1201 308 1207 315 ·
1626 283 1942 345 JOSEPHI
1964 281 2536 361 ΓΜΕΤΙῙΟᾸῘΕΝΞΙΞ

3585 276 3736 344 ῙἋΞ

471 412 619 458 ctum
651 407 732 455 est
762 406 942 465 antea,
977 396 1274 454 secundum
1301 397 1474 468 legem
1502 398 1707 467 peregit
1736 398 1939 459 omnia,
1972 412 2037 451 ac
2068 440 2072 455 ι

2181 396 2235 450 αἱ
2266 397 2497 467 ποιητὴς
2520 394 2596 457 ὥς
2627 390 2977 465 προείρηται,
3012 390 3153 446 κατὰ
3175 388 3270 445 τδν
3289 388 3454 460 νόμον
3477 390 3737 445 ἐτέλεσεν

471 510 537 548 ex
561 493 884 548 necessitate
916 490 1134 545 fuerunt
1165 490 1394 561 Azyma,
1427 499 1480 544 et
1512 505 1761 560 azymnm
1791 490 2041 559 praebuit.

2177 504 2403 542 ιπαντα·
2437 486 2531 540 καὶ
2576 485 2762 555 ἄζυμα
2801 480 2945 556 ἦσαν
2993 484 3332 553 ἀναγκαίως,
3380 484 3477 536 καὶ
3513 484 3736 554 ἄζυμον

473 588 612 655 Quid
645 588 807 656 igitur
835 585 1047 655 petitis?
1085 586 1495 653 [interrogamus
1528 601 1541 639 :
1573 600 1895 654 azymumne
1929 594 2046 638 erat

2177 582 2486 651 ταρέδωκεν.
2536 578 2603 633 Τί
2661 578 2754 632 οὖν
2806 578 2967 648 ὑμεῖς
3040 576 3339 647 βούλεσθες
3402 575 3734 648 ἐρωτῶμεν.

474 681 615 749 quod
640 679 885 732 Christus
914 677 1171 745 prsebuit,
1199 694 1265 730 an
1302 676 1660 731 fermentum?
1682 677 1737 729 Si
1770 692 2044 747 :tzymum,

2177 678 2395 745 Αςυμον
2429 670 2497 746 ἦν
2526 673 2554 727 ὃ
2583 674 2903 743 παρέδωκεν
2934 673 2963 725 6
2997 673 3254 741 Χριστὸς.
3274 670 3322 740 ’ἢ
3358 668 3604 739 ἐνξυμον
3632 686 3648 731 ς
3689 670 3738 723 εί

480 787 575 839 pro
610 771 766 825 nobis
805 768 857 823 id
893 780 1015 835 est;
1055 771 1098 824 si
1143 770 1515 834 fermentum,
1570 770 1850 825 Christum
1914 769 2046 837 legis

2177 771 2251 823 ιὲν
2285 770 2514 839 ἄζυμον,
2547 766 2685 837 πρὸς
2718 765 2873 835 ὑμῶν
2905 767 2933 818 6
2965 766 3121 834 λόγος
3142 781 3155 795 ·
3184 765 3233 817 εί
3253 763 3299 817 δ’
3337 761 3600 832 ἔνξυμον,
3634 781 3743 815 πα-

475 874 935 931 transgressorem
988 879 1111 919 esse
1162 864 1244 918 vel
1278 864 1433 917 inviti
1479 862 1789 926 ostenditis,
1832 879 1955 918 cum
1994 864 2047 918 in

2177 861 2399 925 ιαόἀτην
2442 859 2538 912 τοῦ
2590 858 2756 927 νόμου
2786 859 2877 910 τὸν
2924 858 3162 927 Χριστὸν
3199 854 3599 924 ἀποφαίνεσθε,
3636 855 3742 907 κᾶν

472 959 798 1027 Ληιιιοτυιιι
828 957 914 1011 die
944 958 1325 1011 fermentatum
1362 971 1556 1025 panem
1587 966 1884 1011 servasset.

2177 948 2228 1017 ιὴ
2265 948 2529 1017 βούλησθε
2556 965 2572 982 ·
2605 948 2688 1000 ὃτι
2720 950 2788 1018 τῇ
2820 948 2927 1000 τῶν
2968 945 3227 1014 Ἀζύμων
3257 947 3440 1017 ἡμέρα
3496 946 3744 1015 ἐφύλατο

2151 1058 2241 1093 τεν
2277 1040 2509 1108 ξνζυμον
2544 1038 2736 1107 ἄρτον.

1221 1127 1307 1180 Vl.
2889 1133 2982 1199 qv.

550 1221 655 1277 Sed
688 1223 815 1291 quid
847 1222 977 1276 dicit
1018 1221 1403 1291 Xanthopulus
1435 1222 1555 1291 (1)?
1587 1220 1915 1275 Praecedenti
1965 1218 2053 1273 die

2224 1224 2290 1276 Τί
2325 1224 2382 1277 δέ
2428 1241 2594 1291 φησιν
2636 1226 2665 1277 6
2716 1222 3137 1290 Ξανθόπουλος;
3188 1224 3510 1293 Προλαδὼν,
3564 1223 3750 1292 ἤγουν

477 1310 530 1366 id
562 1310 707 1367 fecit.
736 1311 844 1366 Hoc
875 1312 1014 1380 apud
1053 1328 1147 1367 eos
1195 1313 1287 1381 qui
1335 1312 1529 1366 mentis
1576 1320 1863 1379 compotes
1921 1322 2049 1365 sunt

2177 1316 2260 1386 τρὸ
2297 1318 2424 1386 μιᾶς
2455 1317 2668 1385 ἡμέρας
2721 1317 2969 1383 ἐποίησε.
3004 1316 3177 1369 Τοῦτο
3225 1314 3321 1369 οὖν
3366 1317 3477 1378 τοῖς
3507 1309 3567 1369 εὖ
3609 1333 3751 1384 3:90-

478 1406 702 1459 stultum
740 1416 791 1459 et
822 1408 939 1459 sine
972 1421 1136 1459 sensu
1168 1405 1607 1467 existimabitur;
1658 1421 1781 1459 nam
1829 1407 1871 1458 si
1914 1420 2053 1474 prm-

2177 1402 2329 1467 νοῦσι,
2372 1404 2600 1471 μάταιον
2656 1405 2751 1457 καὶ
2800 1406 3157 1471 ἀδιανόητον·
3204 1407 3252 1458 εἰ
3297 1405 3407 1474 γὰρ
3460 1408 3569 1474 πρὸ
3612 1408 3749 1474 μιᾶς

478 1500 687 1554 cedenti
742 1498 829 1553 die
880 1497 1120 1561 fecisset,
1176 1498 1232 1551 in
1285 1508 1527 1567 tempore
1559 1514 1665 1553 non
1709 1499 1969 1565 fecisset;
2008 1497 2051 1551 si

2177 1497 2370 1564 jpépac
2396 1496 2676 1563 ἐποίησεν,
2708 1498 2811 1550 οὐκ
2844 1499 2899 1550 ὲν
2928 1497 3006 1566 τῷ
3043 1498 3219 1568 καιρῷ
3267 1500 3523 1568 ἐποίησεν
3546 1517 3559 1529 ν
3603 1502 3659 1551 εξ
3694 1499 3747 1551 δὲ

480 1606 608 1647 vero
652 1606 755 1644 non
811 1591 864 1644 in
925 1600 1209 1658 tempore,
1261 1606 1364 1644 nec
1416 1591 1504 1643 illa
1562 1590 1695 1644 hora
1739 1590 2049 1653 effecisset,

2177 1588 2256 1640 ιύκ
2291 1588 2348 1640 ὲν
2376 1589 2453 1656 τῷ
2500 1588 2676 1657 καιρῷ
2710 1590 2806 1641 καὶ
2839 1593 2904 1659 τῇ
2947 1589 3068 1662 ὥρᾳ
3133 1592 3378 1660 ἐποίησε,
3413 1593 3749 1660 παράνομος

492 1690 863 1754 transgressor
895 1682 1031 1750 legis
1063 1698 1124 1734 ex
1148 1683 1475 1737 necessitate
1499 1682 1750 1736 Christus
1777 1680 2055 1735 convinci-

2177 1681 2217 1745 ιξ
2264 1681 2511 1749 ἀνάγκης
2555 1682 2830 1735 δείκνυται
2861 1682 2888 1733 6
2934 1684 3191 1753 Χριστός.
3232 1686 3293 1737 '0
3326 1685 3432 1754 γὰρ
3471 1686 3649 1754 νόμος
3682 1688 3749 1757 τῇ

485 1787 592 1837 ιω,
625 1776 750 1844 quia
777 1776 860 1827 lex
895 1773 1310 1844 quartadecima
1367 1774 1454 1828 die
1490 1774 1695 1828 mensis
1723 1772 2055 1842 vespereju-

2177 1774 2725 1844 εεσσαρεσκαιδεκάτῃ
2754 1774 2847 1826 τοῦ
2880 1776 3047 1843 μηνδς
3078 1777 3211 1845 πρὸς
3243 1777 3487 1845 ἑσπέραν
3520 1777 3750 1829 κελεύει

482 1868 574 1922 bet
602 1868 809 1921 Pascha
840 1867 1136 1921 immolari.
1170 1866 1323 1931 Quod
1374 1866 1420 1920 si
1480 1865 1568 1919 die
1608 1864 1960 1934 przecedenti,
1991 1872 2050 1918 ut

2177 1866 2216 1918 εδ
2267 1866 2460 1935 Πάσχα
2516 1865 2760 1922 θύεσθαι.
2797 1867 2861 1920 Ei
2910 1868 2966 1920 δὲ
3020 1867 3125 1936 πρὸ
3160 1868 3289 1938 μιᾶς
3341 1869 3558 1938 ἡμέρας
3621 1870 3753 1921 καθ’

485 1975 586 2016 vos
614 1959 815 2023 dicitis,
848 1958 1049 2021 etfecit,
1085 1959 1452 2012 tertiadecima
1508 1957 1597 2011 die
1653 1965 1880 2025 apparet
1930 1954 2059 2010 eﬂe-

2177 1957 2303 2022 5μᾶς
2333 1957 2579 2025 ἐποίησε,
2619 1962 2684 2027 τῇ
2712 1959 3145 2032 τρισκαιδεκάτῃ
3180 1961 3432 2028 φαίνεται
3476 1962 3751 2030 ποιήσας.

485 2052 654 2107 cisse.
698 2052 752 2105 Si
788 2067 912 2105 vero
944 2052 1338 2116 tertiadecima,
1383 2052 1640 2105 adversus
1674 2049 1807 2118 legis
1836 2048 2061 2103 manda-

2177 2051 2221 2102 Ξὶ
2249 2050 2305 2102 δὲ
2342 2054 2407 2120 τῇ
2445 2053 2899 2122 τρισκαιδεκάτῃ.
2937 2053 3196 2115 ἐναντίως
3228 2053 3504 2107 δείκνυται
3533 2054 3615 2121 τῷ
3652 2053 3751 2107 τοῦ

2159 2140 2324 2210 νόμου
2357 2141 2764 2210 προστάγματι,
2792 2144 3225 2211 προστάττοντος
3252 2144 3317 2212 τῇ
3342 2159 3754 2209 τεσσαρεσκαι-

2161 2232 2364 2303 δεκάτῃ
2397 2236 2594 2286 ποιεῖν.
2654 2232 2718 2284 Εί
2771 2233 2825 2284 δὲ
2868 2234 3133 2297 ἐναντίος,
3170 2235 3264 2287 καὶ
3315 2235 3639 2303 παράνομος
3693 2236 3757 2299 ἐξ

2161 2325 2426 2391 ἀνάγκης.
2460 2324 2659 2376 Λοιπὸν
2683 2326 2764 2377 δεῖ
2796 2324 3072 2377 πιστεύειν
3099 2326 3243 2394 ὑμᾶς
3305 2328 3385 2379 ὅτι
3415 2327 3475 2380 οὐ
3511 2327 3761 2395 προέλα-

2163 2415 2278 2479 ϐεν,
2308 2415 2442 2467 ἀλλὰ
2477 2416 2616 2468 κατὰ
2642 2416 2731 2468 τὸν
2764 2416 2953 2483 καιρὸν
2986 2419 3264 2486 ἐποίησεν.
3299 2419 3417 2470 Ἔτι
3443 2420 3492 2471 εί
3524 2420 3551 2471 6
3575 2419 3758 2486 νόμος

2163 2509 2297 2575 φησὶ
2336 2507 2470 2574 πρδλς
2502 2507 2743 2574 ἑσπέραν
2790 2506 2848 2559 τὸ
2882 2507 3074 2575 Πάσχα
3105 2508 3372 2574 γίνεσθαι,
3405 2508 3502 2563 καὶ
3544 2510 3574 2561 6
3602 2509 3757 2577 Χρι-

2164 2600 2286 2659 στὸς
2322 2600 2558 2669 ἑσπέρας
2592 2602 2893 2669 γενομένης
2930 2599 3199 2661 ἐτέλεσεν,
3231 2600 3289 2651 οὗ
3324 2599 3564 2669 παρέϐη,
3598 2602 3758 2654 κατὰ

2162 2694 2254 2745 τὸν
2287 2694 2680 2761 εὐαγγελιστὴν
2715 2695 2955 2756 Λουκᾶν,
2984 2694 3214 2761 λέγοντα
3239 2710 3253 2723 ·
3290 2715 3309 2745 ι
3347 2694 3456 2746 Καὶ
3489 2694 3583 2746 ὅτε
3627 2695 3759 2761 ἐγι-

2164 2802 2303 2847 νετο,
2326 2784 2492 2855 ήῶρα
2510 2784 2824 2839 ἀνέπεσεν.»
2854 2786 3044 2855 Είγὰρ
3075 2784 3277 2853 ἔπραξε
3310 2787 3477 2855 μέσης
3502 2788 3756 2855 ἡμέρας,

492 2896 655 2951 passe
684 2884 765 2935 vel
800 2892 1033 2950 tempus,
1068 2883 1146 2935 vel
1195 2883 1407 2943 horam,
1435 2890 1487 2933 et
1532 2880 1652 2933 ideo
1678 2878 2064 2931 fermentatum

2177 2876 2291 2945 ἐξῆν
2318 2877 2385 2929 ἂν
2421 2879 2596 2929 εἰπεῖν
2623 2879 2704 2929 ὄτι
2744 2877 3045 2946 προέλαϐεν
3073 2878 3104 2948 ἦ
3145 2877 3338 2943 καιρὸν
3364 2878 3395 2947 ἢ
3425 2878 3579 2946 ὥραν
3606 2892 3623 2906 ⁵
3651 2879 3756 2931 καὶ

492 2974 687 3031 fuisse.
721 2975 791 3028 At
822 2988 928 3027 non
964 2974 1036 3027 ita
1074 2974 1274 3027 factum
1310 2981 1411 3025 est.
1439 2970 1701 3038 Discipuli
1752 2979 2015 3038 praetcrea
2047 3004 2061 3029 ,

2177 2970 2253 3022 5ιά
2302 2968 2465 3022 τοῦτο
2512 2969 2606 3022 καὶ
2635 2969 2889 3038 ἔνζυμον.
2949 2969 3091 3021 Ἀλλ’
3138 2971 3237 3039 οὐχ
3280 2970 3452 3032 οὕτως
3500 2971 3755 3036 ἐγένετο.

498 3076 558 3124 ιιι
586 3081 727 3136 saepe
754 3061 957 3121 dictum
988 3074 1092 3129 est,
1121 3079 1243 3118 cum
1271 3062 1444 3117 Judaei
1476 3071 1679 3125 essent,
1712 3060 1870 3114 aliter
1896 3074 2058 3128 quam

2177 3056 2299 3113 Εἶτα
2329 3062 2423 3112 καὶ
2456 3065 2503 3115 οἱ
2541 3060 2901 3130 gemmanti);
2938 3060 3198 3123 πολλάκις
3226 3060 3463 3131 εἴρηται.
3499 3061 3756 3115 Ἰουδαῖοι

494 3160 798 3229 praestituto
839 3168 1084 3227 tempore
1117 3173 1277 3225 agere
1318 3171 1427 3210 non
1478 3155 1804 3209 debuerunt.
1839 3154 2062 3207 Przesti-

2177 3153 2341 3213 5ντες,
2372 3154 2469 3207 οὐκ
2518 3153 2751 3223 ὤφειλον
2794 3155 2991 3220 ἄλλως,
3022 3154 3054 3224 ἢ
3090 3156 3147 3207 ἐν
3189 3154 3267 3224 τῷ
3310 3155 3755 3225 ἀποδεδειγμένῳ

495 3259 609 3305 tuta
642 3251 802 3318 igitur
826 3265 855 3303 a
884 3249 998 3317 lege
1025 3248 1113 3302 die
1140 3248 1287 3313 fecit,
1322 3256 1376 3302 et
1399 3247 1620 3317 quando
1658 3248 1861 3319 Azyma
1888 3245 2063 3310 erant,

496 3354 554 3399 ut
578 3345 797 3399 divinus
824 3344 959 3399 dixit
991 3343 1186 3410 Lucas,
1218 3344 1267 3397 id
1302 3353 1380 3399 est
1401 3345 1571 3412 prima
1597 3343 1686 3398 die
1712 3343 2063 3414 Azymorum,

496 3452 609 3507 quo
647 3437 854 3493 Pascha
902 3436 1172 3491 immolari
1198 3438 1508 3505 oportebat.
1558 3435 1847 3501 Quomodo
1901 3435 2066 3502 igitur

498 3529 850 3597 anticipavit,
902 3529 946 3583 si
984 3530 1157 3597 prima
1188 3529 1274 3583 die
1307 3532 1637 3599 Azymorum
1671 3527 1929 3595 discipuli
1978 3543 2069 3582 ac-

498 3629 809 3685 cesserunt,
839 3629 1080 3687 petentes
1103 3622 1190 3673 ubi
1213 3622 1369 3674 vellet
1402 3622 1579 3690 parari
1609 3620 1844 3675 Pascha?
1873 3620 2068 3675 Osten-

499 3727 619 3766 sum
652 3712 797 3765 enim
834 3721 916 3766 est
949 3714 1091 3781 quod
1135 3713 1304 3780 legale
1336 3724 1448 3766 tutu
1501 3713 1708 3769 Pascha
1758 3714 2023 3781 parabant
2054 3752 2070 3775 ,

500 3812 554 3857 et
584 3803 669 3857 die
697 3804 1003 3872 praestituta
1037 3814 1399 3872 peregerunt;
1439 3820 1561 3857 nam
1610 3806 1702 3873 qni
1764 3805 1845 3859 vel
1916 3806 2071 3873 prius

503 3897 583 3950 vel
615 3906 736 3965 post
761 3896 963 3961 eifecit,
1002 3898 1416 3968 transgreditur.
1454 3898 1839 3965 Quamobrem,
1869 3900 1945 3953 uti
1976 3914 2071 3955 vos

499 3988 851 4050 existimatis.
906 3997 975 4043 et
1026 3988 1275 4046 Christus
1327 3991 1750 4061 transgreditur,
1814 3995 2070 4062 qttoniam

500 4090 713 4150 tempus
753 4080 1088 4148 anticipavit.
1147 4081 1251 4137 Sed
1306 4099 1461 4138 nemo
1512 4085 1709 4139 mentis
1745 4099 1969 4152 compos
2023 4086 2076 4140 id

502 4186 740 4242 unquam
770 4173 1055 4242 percipiet,
1097 4174 1177 4227 vel
1210 4173 1409 4230 dixerit
1455 4191 1693 4243 unquam
1724 4194 1739 4241 ;
1772 4177 1867 4231 sed
1898 4192 2076 4231 unus-

502 4262 735 4331 quisque
784 4263 956 4331 magis
985 4262 1038 4315 in
1072 4271 1318 4331 tempore
1346 4274 1402 4318 et
1440 4266 1743 4319 secundum
1786 4266 1959 4336 legem
2000 4266 2079 4322 fe-

503 4354 646 4409 cisse
671 4354 835 4408 dicet.
872 4354 927 4408 ld
967 4354 1255 4409 testabitur
1285 4370 1449 4410 aurea
1481 4356 1692 4425 lingua.
1736 4357 1841 4411 Sed
1890 4359 2072 4413 omnia

2189 4355 2408 4425 μᾶλλον,
2446 4356 2505 4407 ὲν
2536 4353 2612 4423 τῷ
2654 4354 2830 4423 καιρῷ
2860 4354 2955 4409 καὶ
2999 4356 3143 4409 κατὰ
3180 4356 3272 4409 τὸν
3312 4355 3476 4426 νόμον
3504 4356 3759 4423 ἐποίησε,

504 4446 765 4500 audentes
791 4445 990 4511 Judaei,
1024 4455 1237 4515 tempus
1274 4456 1709 4516 praeverterunt;
1763 4448 1895 4503 dicit
1931 4448 2072 4502 enim

2183 4413 2290 4509 πᾶς
2319 4413 2404 4509 τις
2432 4447 2498 4499 ἂν
2531 4413 2684 4518 εἴπῃ.
2721 4413 2831 4503 Ιξαλ
2862 4446 3021 4501 τοῦτο
3070 4413 3415 4519 μαρτυρήσει
3446 4450 3474 4501 6
3516 4413 3760 4518 χρυσρῦέ

508 4539 597 4593 hic
638 4554 869 4609 magnus
915 4537 1075 4592 Pater
1108 4538 1176 4593 86
1209 4539 1431 4593 homilia
1474 4542 1527 4593 in
1568 4538 1799 4594 Joannis
1832 4539 2072 4610 Evange-

2179 4540 2278 4609 τὴν
2310 4538 2577 4606 γλῶτταν.
2624 4539 2688 4592 Οί
2724 4538 2780 4591 δὲ
2838 4539 2907 4590 τὰ
2945 4537 3125 4591 πάντα
3165 4538 3475 4609 τολμῶντες
3514 4539 3762 4591 Ἰουδαῖοι

506 4626 636 4681 lium
665 4644 829 4697 super
864 4643 925 4682 ca
954 4629 1115 4684 verba
1152 4647 1165 4683 :
1201 4647 1219 4681 ι
1258 4629 1550 4682 Adducunt
1578 4626 1775 4691 Jesum
1804 4644 1832 4683 a
1862 4629 2069 4699 Caipha

2182 4632 2503 4703 παρέϐησαν
2534 4631 2626 4684 τὸν
2653 4631 2862 4701 καιρόν.
2892 4633 3030 4701 Φησὶ
3054 4634 3163 4701 γὰρ
3193 4634 3221 4684 6
3260 4634 3437 4700 μέγας
3467 4622 3620 4693 οὗτος
3654 4633 3763 4683 Πα-

2085 1738 2129 1794 Β

487 2143 561 2197 tis
611 2143 937 2207 ostenditur,
985 2159 1106 2212 quze
1154 2144 1308 2207 jubet
1361 2142 1769 2211 quartadecima
1824 2140 1963 2194 fieri.
2000 2139 2056 2193 Si

498 2236 795 2298 adversus,
853 2250 982 2303 ergo
1034 2238 1099 2287 et'
1140 2236 1274 2303 legis
1325 2243 1716 2301 transgressor.
1770 2230 2057 2299 Reliquum

490 2329 657 2398 igitur
686 2338 770 2382 est
814 2338 870 2382 ut
903 2329 1140 2381 credatis
1181 2343 1303 2380 eum
1340 2343 1447 2380 non
1495 2328 1841 2393 anticipasse,
1878 2324 1972 2378 sed
2007 2324 2059 2377 in

489 2428 729 2483 tempore
757 2419 971 2474 fecisse.
1007 2420 1272 2475 Prmterea
1304 2419 1346 2473 si
1380 2422 1506 2473 dicit
1535 2420 1642 2484 lex,
1680 2432 1904 2487 vespere
1962 2418 2060 2472 Pa-

489 2513 619 2567 scha
639 2513 904 2567 celebrari
929 2520 1198 2583 oportere,
1226 2522 1277 2564 et
1300 2511 1551 2564 Christus
1583 2526 1806 2577 vespere
1830 2510 2062 2578 peregit,

492 2620 599 2659 non
637 2616 1006 2675 transgressus
1051 2614 1133 2657 est
1187 2606 1484 2661 secundum
1536 2602 1924 2672 evangelistam
1961 2600 2069 2654 Lu-

488 2714 631 2761 cam,
658 2700 746 2766 qui
776 2698 929 2763 dicit,
962 2718 980 2750 ι
1012 2698 1075 2752 Et
1109 2698 1326 2766 quando
1352 2698 1499 2750 venit
1533 2694 1974 2760 hora,discuhuit
2008 2710 2057 2758 ;›

494 2806 617 2844 nam
660 2792 704 2844 si
735 2791 909 2843 media
950 2790 1037 2843 die
1076 2789 1438 2855 fecisset,dici
1472 2796 1683 2857 poterat
1706 2802 1830 2841 eum
1872 2786 2067 2841 antici-

2169 3247 2369 3315 καιρῷ,
2421 3246 2668 3316 ποιῆσαι.
2717 3246 3026 3314 Ἐνδέχεται
3082 3245 3175 3300 οὖν
3208 3248 3264 3299 ὲν
3292 3247 3370 3316 τῷ
3419 3250 3751 3318 τεταγμένῳ

2168 3336 2262 3392 τοῦ
2292 3338 2455 3407 νόμου
2488 3337 2665 3406 καιρῷ
2688 3338 2782 3390 καὶ
2814 3341 2880 3407 τῇ
2906 3338 3023 3409 ὥρᾳ
3052 3337 3280 3408 ἔπραξε,
3313 3340 3406 3391 καὶ
3429 3340 3497 3391 τὰ
3521 3340 3752 3409 Ἀζυμα

2168 3426 2329 3499 ἦσαν,
2366 3429 2440 3492 ὡς
2468 3431 2495 3483 6
2517 3429 2778 3499 οεηγόρος
2801 3429 2905 3499 ἔφη
2934 3431 3172 3497 Λουκᾶς,
3203 3432 3286 3483 ὄτι
3315 3432 3381 3502 τῇ
3414 3432 3607 3503 πρώτῃ
3635 3432 3751 3485 τῶν

2184 3522 2457 3591 Ἀρτύψον,
2512 3523 2569 3575 ἐν
2703 3523 2809 3576 ἔδει
2844 3523 3067 3577 Θύεσθαι
3122 3524 3184 3578 τὸ
3235 3525 3445 3594 Πάσχα.
3501 3526 3625 3589 Πῶς
3650 3522 3751 3580 οὖν

2175 3614 2462 3683 προλαϐὼν
2520 3616 2794 3687 ἐποίησεν,
2849 3619 2899 3669 εί
2952 3620 3018 3687 τῇ
3072 3616 3266 3688 πρώτῃ
3318 3619 3428 3670 τῶν
3490 3618 3746 3688 Ἀζύμων

2174 3707 2477 3777 προσῆλθον
2505 3711 2550 3759 οἱ
2582 3710 2822 3776 μαθηταὶ
2849 3708 3148 3776 αἰτοῦντες,
3172 3709 3255 3778 Πῆ
3282 3707 3532 3775 βούλειτδ
3550 3710 3743 3778 Πάσχα

2175 3802 2318 3869 ἡμᾶς
2354 3802 2640 3870 ἑτοιμάσαι
2670 3816 2684 3865 ;
2714 3802 2996 3855 Δέδεικται
3024 3803 3135 3872 γὰρ
3172 3804 3255 3856 ὅτι
3291 3803 3390 3855 καὶ
3428 3803 3487 3855 τὸ
3522 3804 3750 3873 νομικὸν

2176 3895 2481 3963 ἡτοίμασαν
2502 3894 2622 3946 τότε
2652 3895 2862 3963 Πάσχα,
2896 3895 2991 3949 καὶ
3019 3896 3077 3949 ὲν
3103 3894 3182 3965 τῷ
3211 3897 3529 3965 τεταγμένῳ
3572 3898 3752 3966 καιρῷ

2177 3984 2433 4037 ἐτέλεσαν
2452 4002 2468 4019 ο
2499 3988 2593 4039 καὶ
2619 3987 2728 4054 γὰρ
2753 3987 2844 4039 καὶ
2875 3988 2903 4039 6
2937 3986 3249 4057 προλαϐὼν,
3285 3988 3379 4040 καὶ
3421 3988 3451 4040 6
3482 3989 3753 4056 μεταϐὰς,

2178 4077 2514 4146 παράνομος.
2552 4078 2715 4130 Ὥστε
2752 4076 2876 4130 καθ’
2911 4078 3055 4147 ὑμᾶς
3096 4079 3189 4132 καὶ
3218 4080 3246 4132 6
3274 4080 3510 4146 Χριστὸς
3556 4081 3751 4149 παράι-

2178 4185 2363 4239 νομος,
2400 4170 2523 4222 ἐπεὶ
2557 4168 2829 4237 προέλαϐε
2886 4169 2981 4223 τὸν
3007 4171 3224 4242 καιρόν.
3274 4171 3434 4225 Ἀλλὰ
3473 4170 3632 4225 τοῦτο
3655 4171 3758 4223 οὗ-

2179 4261 2288 4324 δεὶς
2322 4263 2430 4314 τῶν
2476 4258 2535 4315 εὖ
2573 4262 2916 4332 φρονούντων
2968 4264 3243 4334 νοήσει,ἢ
3290 4263 3434 4318 εῐποι
3479 4264 3576 4318 ἄν’
3618 4263 3762 4317 ἀλλὰ

507 4717 561 4770 in
632 4718 947 4787 praetorium
990 4736 1005 4771 :
1046 4738 1065 4769 ι
1130 4719 1241 4772 Cur
1315 4734 1381 4773 eo
1457 4719 1633 4788 ipsum
1694 4719 2077 4785 abduxerunt,

507 4810 599 4863 ubi
654 4824 842 4862 omnes
889 4820 1045 4863 erant
1103 4812 1452 4882 congregati?
1508 4810 1577 4867 Ut
1627 4829 1691 4867 ex
1757 4814 2077 4883 pontificum

508 4902 777 4963 sententia
802 4912 997 4957 cuncta
1028 4917 1342 4974 peragerent
1368 4922 1383 4971 ;
1422 4921 1548 4961 nam
1571 4907 1616 4961 is
1647 4917 1785 4962 tuuc'
1806 4919 1924 4964 erat
1952 4925 2089 4979 pon-

510 4991 663 5057 tifex,
689 5003 741 5048 et
769 5008 961 5049 omnes
990 5010 1114 5047 eum
1151 4998 1571 5065 exspectabant.
1618 5000 1692 5053 lta
1723 5000 1794 5056 ob
1826 5001 1930 5056 hoc
1967 5017 2089 5070 per-

510 5086 802 5140 noctabant
829 5094 883 5139 et
910 5084 1231 5154 vigilabant,
1258 5088 1386 5155 quia
1414 5098 1527 5143 tum
1552 5090 1758 5145 Pascha
1796 5107 1903 5145 non
1935 5107 2087 5146 com-

510 5178 787 5243 ederant,-
823 5178 1019 5249 inquit,
1074 5181 1166 5235 sed
1218 5170 1501 5249 prepterea
1538 5182 1849 5252 vigilabant.
1885 5183 2088 5238 Dicens

510 5269 656 5322 enim
694 5270 865 5339 «quod
901 5286 1059 5325 mane
1090 5281 1258 5331 erat,»
1293 5271 1534 5325 Joannes
1568 5273 1872 5341 subjunxit,
1905 5292 1925 5326 ι
1960 5274 2082 5329 Non

440 5368 443 5375 ‘
512 5372 640 5416 sunt
682 5361 913 5430 ingressi
951 5368 1263 5432 praetorium
1300 5374 1359 5418 ut
1405 5379 1514 5419 tton
1548 5364 2084 5431 contaminarentur,

514 5451 607 5505 sed
647 5460 706 5504 ut
734 5450 937 5506 Pascha
972 5455 1417 5511 manducareut.»
1448 5455 1591 5522 Quid
1620 5457 1785 5525 igitur
1819 5458 2088 5513 dicemus?

516 5543 661 5615 quod
700 5544 869 5599 altera
900 5545 989 5601 die
1018 5548 1397 5614 comederunt,
1422 5561 1478 5604 et
1512 5549 1684 5620 legem
1716 5549 2085 5616 violaverunt,

2182 4723 2287 4793 τὴρ
2347 4724 2403 4775 ὲν
2448 4725 2515 4792 τῇ
2563 4723 2898 4792 ὀγδοηκοστῇ
2957 4728 3193 4793 τετάρτῃ
3225 4722 3417 4795 ὁμιλίᾳ
3471 4723 3566 4779 τοῦ
3621 4726 3765 4777 κατὰ

2196 4815 2452 4883 Ἰωάννην
2484 4815 2847 4885 Εὑαγγελίου,
2876 4818 2955 4878 εἰς
2980 4816 3059 4877 τὸ,
3098 4834 3117 4867 ι
3161 4817 3392 4884 ’Δγουσι
3418 4818 3509 4869 τὸν
3551 4817 3764 4886 Ἰησοῦν

2186 4907 2295 4961 ἀπὸ
2320 4906 2416 4961 τοῦ
2450 4908 2675 4974 Καϊάφα
2704 4909 2781 4970 εἰς
2814 4907 2874 4960 τὸ
2906 4906 3261 4976 πραιτώριον·
3324 4926 3344 4959 ι
3406 4909 3505 4961 Διὰ
3562 4910 3619 4961 τί
3648 4910 3767 4961 ἐκεῖ

2186 5001 2474 5069 ἀπήγαγον
2523 4999 2706 5065 αὐτὸν,
2744 4999 2875 5053 ἔνθα
2924 5000 3164 5062 ἅπαντες
3203 4995 3344 5070 ἦσαν
3392 5002 3769 5069 «Uir-rituum;

2189 5092 2307 5145 Ἵνα
2337 5092 2477 5161 μετὰ
2509 5090 2736 5160 γνώμης
2769 5090 2947 5144 πάντα
2986 5091 3256 5159 ποιήσωσι
3280 5091 3393 5145 τῶν
3427 5093 3766 5163 ἀρχιερέων·

2188 5182 2394 5245 ἐκεῖνος
2442 5182 2550 5252 γὰρ
2579 5177 2647 5253 ἦν
2697 5181 2820 5235 τότε
2869 5182 3185 5253 ἀρχιερεὺς,
3239 5184 3334 5235 καὶ
3381 5184 3583 5246 πάντες
3622 5179 3772 5253 ἦσαν

2196 5273 2360 5328 αὐτὸν
2399 5274 2792 5342 ἀναμένοντες·
2847 5272 2990 5326 οὕτω
3032 5273 3444 5343 διενυκτέρευον
3478 5274 3569 5327 καὶ
3596 5272 3774 5342 ἠγρύ-

2195 5382 2360 5420 ¹πνουν
2405 5366 2497 5418 ἐπὶ
2543 5367 2718 5436 τούτῳ
2742 5379 2758 5395 ο
2788 5364 2849 5418 οὗ
2902 5364 3008 5431 γὰρ
3037 5364 3240 5433 ἔφαγον
3272 5364 3393 5417 τότε
3436 5364 3497 5416 τὸ
3552 5362 3771 5432 Πάσχα,

2197 5460 2381 5528 φησιν,
2409 5457 2547 5510 ἀλλὰ
2573 5457 2661 5510 διὰ
2689 5455 2847 5509 τοῦτο
2870 5456 3211 5527 ὴγρύπνουν.
3286 5454 3477 5527 Εἰπὼν
3541 5455 3653 5524 γὰρ
3684 5456 3771 5508 ὅτι

2199 5566 2218 5600 ι
2258 5548 2438 5619 πρωῑα
2460 5547 2658 5613 tactv,»
2685 5550 2713 5604 ὁ
2752 5546 3002 5619 Ἰωάννης
3019 5548 3315 5619 ἐπήγαγεν,
3343 5563 3364 5600 ι
3394 5545 3511 5602 Οὐκ
3524 5545 3774 5618 εἰσῆλθον

591 5721 669 5791 (ί)
700 5721 1035 5795 Nicephorus
1056 5723 1457 5802 Xanthopulus,
1488 5740 1681 5790 auctor
1709 5728 1970 5786 liiuoriw
1998 5718 2397 5785 ecclesiasticae.
