3978 6204
257 331 402 400 1213

759 331 910 394 PRO
943 331 1166 393 CONC.
1205 323 1588 391 FLORENT-
1627 329 1788 391 CAP.
1842 329 1918 390 II.
1952 329 2049 389 DE
2085 329 2340 390 AZYMO
2369 329 2467 390 ET
2497 327 3035 393 FERMENTATO.

3354 331 3492 398 1211
3530 381 3532 383 .

258 447 340 511 είς
367 442 814 514 τδπραιτὼριον,
855 443 946 496 ἵνα
979 442 1053 513 μὴ
1097 441 1420 512 μιανθῶσιν,
1456 440 1574 493 ἀλλ’
1610 441 1698 494 τνα
1735 441 1835 508 φάο
1862 446 1882 504 Λ

1988 451 1998 495 ι
2035 441 2317 510 cupiditati
2354 458 2464 514 qua
2492 443 2757 497 ardebant
2781 429 3107 499 inservirent
3135 441 3333 500 caedem
3362 443 3504 500 hanc

261 554 401 608 γωσι
425 537 486 590 τὸ
505 535 720 606 Πᾶσχα.
754 553 773 588 ι
798 536 866 590 Τί
894 535 989 589 οῦν
1018 535 1164 588 ἔστιν
1182 535 1358 587 εἰπεῖν
1383 549 1397 600 ;
1426 534 1551 586 Ὀτι
1586 535 1644 586 ἐν
1675 534 1837 604 ἑτέρᾳ

263 631 488 698 ἔφαγον,
528 630 622 682 καὶ
673 627 765 680 τδν
814 627 979 694 νόμον
1022 625 1218 680 ἔλυσαν
1270 625 1358 678 διὰ
1396 625 1494 695 τὴν
1538 623 1838 692 ἐπιθυμίαν

262 721 365 789 τὴν
396 721 526 790 περὶ
549 721 647 788 τὴν
669 718 884 788 σφαγὴν
912 717 1135 786 ταύτην.
1169 717 1303 770 osse
1329 717 1438 786 γὰρ
1467 716 1535 770 ἂν
1557 718 1584 768 ό
1602 716 1839 784 Χριστος

265 813 486 883 παρέϐη
539 814 630 866 τὸν
680 811 874 881 καιρὸν
907 809 1000 864 τοῦ
1051 809 1244 878 Πάσχα
1297 808 1485 878 φαγὼν
1544 807 1674 860 αὐτὸ
1704 806 1839 874 πρὸς

267 901 542 969 ἑσπέρανο
571 900 685 954 ἀλλ’
715 903 910 954 ἐκεῖνοι
949 899 999 952 οἱ
1040 899 1217 952 πάντα
1249 899 1582 964 τολμῶντες,
1613 898 1707 950 καὶ
1741 914 1843 964 μυ-

271 995 422 1064 ρίους
469 992 912 1055 καταπατοῦντες
965 992 1198 1061 νόμους·
1237 989 1422 1060 ἐπειδὴ
1474 990 1583 1060 γὰρ
1638 989 1845 1057 σφόδρα

268 1088 420 1152 ἔξεον
446 1086 526 1156 τῷ
564 1086 744 1155 θυμῷ,
773 1087 870 1138 καὶ
918 1084 1180 1146 πολλάκις
1229 1084 1685 1152 ἐπιχειρήσαντες
1723 1085 1845 1134 ἁνεο

271 1181 408 1244 λεῖν,
444 1179 542 1231 ούκ
573 1178 822 1248 ἴσχυσαν,
856 1180 977 1234 τότε
1005 1179 1263 1238 λαϐόντες
1296 1177 1455 1230 αὐτὸν
1496 1177 1844 1247 ἀπροσδοκή-

273 1289 402 1336 τως,
451 1273 766 1338 προείλοντο
811 1273 905 1324 καὶ
953 1271 1013 1324 τὸ
1061 1272 1255 1341 Πάσχα
1303 1271 1541 1338 ἀφεῖναι,
1580 1269 1717 1338 ὑπὲρ
1748 1268 1842 1322 τοῦ

1943 535 2313 602 perpetrandi,
2351 551 2475 589 nam
2519 543 2734 601 tempus
2769 534 3025 591 Christus
3063 550 3170 589 non
3205 543 3508 602 transgres-

1941 643 2034 683 sus
2065 637 2148 682 est
2180 627 2481 694 Paschalis,
2514 642 2639 680 cum
2669 641 2895 696 vespere
2930 627 2979 680 id
3016 627 3361 681 comedisset.
3397 625 3510 681 Sed

1942 719 1976 774 ii
2005 728 2200 773 cuncta
2236 719 2529 784 audebant,
2557 732 2867 785 omnesque
2902 717 3045 785 leges
3069 716 3465 771 conculcabant
3488 733 3508 773 :

1945 826 2069 864 nam
2103 810 2230 878 quia
2266 811 2616 864 vehementer
2648 809 2731 863 ira
2757 807 3092 869 aestuabant.
3137 824 3236 862 nec
3275 821 3398 861 eum
3429 808 3497 861 in-

1947 902 2192 955 terﬁcere
2218 910 2488 971 poterant,
2516 902 2764 970 quamvis
2793 901 2842 954 id
2878 917 3018 969 saepe
3039 900 3278 970 aggressi
3306 908 3514 964 essent,

1946 999 2078 1046 tunc
2113 1008 2234 1045 cum
2279 993 2454 1060 ipsum
2495 992 2771 1060 inopinato
2802 993 3360 1062 comprehendissent,
3394 1006 3510 1045 ma-

1943 1085 2161 1140 luerunt
2195 1086 2401 1142 Pascha
2437 1087 2711 1149 omittere,
2740 1094 2798 1139 ut
2831 1086 3180 1154 cupiditatem
3205 1097 3328 1137 eum
3355 1083 3519 1152 jugu—

1947 1178 2092 1232 landi
2118 1179 2452 1248 explerent.»
2489 1178 2660 1232 Audis
2679 1193 2773 1232 eos
2806 1187 3016 1246 tempus
3045 1186 3099 1231 et
3132 1177 3299 1245 legem
3341 1185 3519 1230 trans-

1947 1285 2164 1336 gressos
2221 1285 2371 1333 csse,
2423 1270 2710 1323 Christum
2756 1284 2860 1323 non
2910 1280 3315 1337 transgressum
3363 1268 3525 1323 esse?

275 1367 377 1437 τὴν
412 1366 638 1436 φονικὴν
662 1365 842 1418 αὐτῶν
867 1356 1486 1434 ἐμπλῆσαιὲπιθυμίαν.
1521 1380 1535 1412 ι
1611 1360 1856 1421 Ἀκούεις

1989 1360 2036 1412 hi
2070 1371 2194 1414 sunt
2219 1363 2310 1429 qui
2344 1362 2532 1413 dicunt
2555 1361 2686 1413 eum
2723 1359 3098 1430 anticipasse?

279 1461 364 1513 ὅτι
395 1461 590 1511 ἐκεῖνοι
617 1458 714 1528 μὲν
744 1457 1064 1527 παρέϐησαν
1093 1457 1183 1510 τὸν
1210 1457 1400 1525 καιρὶν
1427 1456 1521 1508 καὶ
1546 1453 1632 1507 τὸν
1661 1453 1848 1520 νόμον,
1883 1452 1909 1504 ὁ
1945 1451 2000 1504 δὲ
2032 1453 2268 1522 Χριστὸς
2299 1453 2359 1505 ού
2394 1454 2613 1524 παρέϐη
2641 1470 2655 1520 ;
2687 1453 2797 1506 Ποῦ
2849 1453 2986 1506 εἰσιν
3031 1455 3080 1506 οἱ
3142 1453 3396 1522 λέγοντες
3442 1451 3526 1512 ὅτι

282 1553 569 1622 προλαῦὼν
593 1553 850 1619 ἐποίησεν
879 1568 894 1617 ;

353 1644 571 1698 Τούτων
598 1648 779 1699 τοίνυν
810 1645 984 1708 οῦτως
1025 1646 1281 1715 ἐχόντων,
1315 1643 1410 1697 καὶ
1456 1640 1850 1708 ἀποδεικνυμέ-

283 1757 390 1792 νων
425 1738 674 1806 φανερῶς
703 1737 896 1799 οὖτως,
935 1739 1016 1790 ὅτι
1063 1738 1270 1804 ἄζυμον
1306 1734 1674 1804 παρέδωκενό
1719 1733 1854 1796 Χρι-

2031 1636 2126 1692 liis
2153 1638 2321 1707 igitur
2355 1639 2426 1692 ita
2457 1653 2516 1693 se
2551 1638 2909 1701 habentibus,
2943 1646 2996 1692 et
3026 1637 3098 1692 ita
3135 1637 3341 1708 liquido
3380 1647 3530 1692 com‘

1960 1730 2222 1797 probatis.
2247 1729 2529 1783 Christum
2561 1730 2736 1784 sacris
2773 1730 3034 1798 apostolis
3069 1745 3315 1801 azymum
3356 1729 3410 1783 in
3447 1729 3533 1784 dic

287 1831 410 1889 στδς
439 1833 551 1893 τοῖς
583 1833 749 1900 ἱεροῖς
778 1830 937 1882 αὑτοῦ
974 1830 1238 1899 μαθηταῖς
1273 1830 1326 1881 ἐν
1356 1831 1418 1895 τῇ
1451 1827 1558 1879 τῶν
1602 1822 1729 1886 Ἀζύ
1742 1840 1856 1890 μων

1988 1835 2285 1890 tzymorum
2328 1824 2616 1877 tradidisse
2676 1823 2952 1887 (existimo
2983 1823 3124 1876 enim
3153 1822 3295 1893 quod
3329 1822 3372 1877 si
3407 1831 3535 1877 tunc

285 1923 516 1993 ἡμέρᾳο
569 1919 724 1990 οἶμαι
771 1925 900 1990 γὰρ,
936 1918 1112 1990 οἶμαι,
1159 1922 1231 1983 ὡς
1261 1920 1427 1973 είοῦκ
1483 1917 1757 1970 ἐνεστῶσα
1793 1910 1859 1981 ἦν

287 2016 410 2068 τότε
442 2018 474 2082 ή
527 2015 634 2067 τῶν
681 2014 933 2080 Ἀζύμων
971 2015 1178 2084 ἡμέρα,
1209 2015 1267 2064 ὲν
1309 2009 1524 2079 ὲνζύμῳ
1571 2007 1860 2076 παρεδίδου

295 2105 360 2159 ἂν
395 2105 455 2157 τὸ
487 2105 810 2175 μυστήριον,
849 2104 1174 2174 βουλόμενος
1205 2103 1343 2164 ὅλως
1382 2100 1544 2153 τοῦτο
1589 2097 1862 2164 παραδοῦ-

296 2217 426 2252 ναι·
466 2197 732 2268 μηδαμῶς
781 2197 939 2262 λόγον
997 2195 1319 2262 ποιούμενος
1371 2191 1606 2259 ἒνζύμου
1663 2207 1722 2240 τε
1772 2189 1866 2240 καὶ⁹

297 2291 530 2360 ἀζύμου,
566 2292 636 2352 ὡς
670 2288 822 2352 εἰδὼς
858 2288 955 2355 τὴν
984 2288 1116 2355 ’ύλην
1143 2304 1202 2338 τε
1237 2286 1328 2338 καὶ
1357 2283 1544 2336 οὐσίαν
1575 2281 1666 2334 τοῦ
1697 2281 1863 2350 ἄρτου

297 2385 435 2441 εἶναι
465 2388 527 2438 ἐκ
558 2385 728 2446 σίτου,
770 2382 884 2444 πῶς
913 2380 1380 2449 κατηγορήσωμεν
1407 2376 1532 2438 τοὺς
1568 2375 1704 2443 μετὰ
1731 2372 1867 2436 ἀζύ-

301 2497 417 2550 μων
448 2477 546 2544 τὴν
576 2477 765 2528 θυσίαν
824 2472 1111 2533 ποιοῦντας
1139 2486 1154 2534 ;
1201 2469 1233 2538 ἢ
1265 2469 1378 2528 πῶς
1427 2463 1865 2532 ἐναντιωοῶμεν,

298 2573 395 2639 τῆς
431 2569 583 2638 ἱερᾶς
612 2565 830 2620 συνόδου
867 2561 1200 2632 κελευούσης
1234 2563 1290 2613 ὲν
1321 2558 1399 2627 τῷ
1430 2559 1598 2625 αὐτῆς
1625 2559 1756 2626 ὅρῳ,
1788 2556 1868 2607 ὅτι

299 2665 359 2716 ἐν
409 2661 743 2730 ἀμφοτέροις
779 2661 889 2719 τοῖς
926 2659 1118 2724 μέρεσι
1179 2653 1238 2706 τὸ
1284 2651 1376 2705 τοῦ
1422 2650 1659 2721 Χριστοῦ
1712 2649 1874 2717 σῶμα

273 2747 558 2813 διελεῖται,
591 2753 681 2804 καὶ
715 2751 774 2802 ὲν
819 2748 1014 2816 ἀξύμῳ
1047 2749 1139 2799 καὶ
1171 2745 1228 2797 ὲν
1274 2742 1528 2813 ἐνζύμῳς
1571 2741 1600 2793 δ
1631 2739 1872 2806 παρέλα-

305 2847 397 2898 ϐεν
428 2845 598 2904 ὅντως
630 2845 661 2910 ἠ
713 2840 836 2910 ἱερὰ
878 2836 1180 2906 Ἐκκλησία
1224 2836 1374 2905 παρὰ
1414 2833 1520 2886 τῶν
1552 2831 1712 2901 ἱερῶν
1742 2830 1876 2881 ἁπο-

309 2937 529 2990 στόλων.
579 2935 642 2988 Οἱ
674 2934 780 3000 γὰρ
821 2932 955 3001 ἱεροὶ
1005 2928 1315 2989 ἀπόστολοι,
1351 2926 1437 2978 ὅτε
1471 2924 1570 2976 οὐκ
1600 2918 1668 2991 ἦν
1717 2922 1743 2973 ὁ
1771 2920 1876 2971 τῶν

319 3025 568 3095 ’Δζύμων
623 3023 835 3092 καιρλς,
873 3018 996 3072 κατ’
1045 3013 1194 3070 οἷκον
1238 3016 1411 3077 ὄντες,
1445 3013 1682 3073 κλῶντες
1715 3009 1878 3079 ἄρτον

1965 1916 2295 1984 Azymorum
2334 1917 2465 1970 hora
2500 1932 2605 1968 non
2661 1916 2970 1979 institisset,
3015 1916 3068 1970 in
3117 1915 3386 1970 fermento
3415 1932 3538 1987 my-

1967 2008 2189 2061 sterium
2247 2009 2584 2068 tradidisset.
2614 2008 2802 2061 volens
2837 2010 3063 2062 omnino
3115 2008 3245 2061 illud
3299 2007 3536 2070 tradere,

1968 2099 2122 2152 nihili
2169 2097 2374 2152 iaciens
2411 2107 2593 2152 utrtnn
2631 2100 2683 2152 in
2721 2097 2986 2152 fermento
3021 2098 3102 2151 vel
3139 2114 3327 2168 azymo
3358 2098 3410 2151 id
3455 2097 3540 2152 l'a-

1967 2204 2151 2257 ceret,
2194 2193 2373 2246 sciens
2408 2191 2685 2244 materiam
2722 2199 2775 2242 et
2805 2189 3166 2244 substantiam
3207 2203 3328 2242 esse
3383 2187 3540 2256 panis

1969 2299 2034 2338 ex
2068 2284 2252 2336 tritico
2289 2282 2637 2346 constantis),
2687 2295 2797 2350 quo
2861 2291 3021 2349 pacto
3077 2278 3543 2347 reprehendemus

1971 2390 2064 2429 eos
2107 2375 2195 2442 qui
2233 2374 2285 2427 in
2323 2388 2514 2444 azymo
2556 2372 2908 2426 sacriﬁcant?
2941 2387 3043 2440 qua
3094 2371 3303 2423 ratione
3353 2369 3545 2421 adver-

1973 2468 2238 2527 sabimur.
2277 2481 2398 2519 cum
2435 2480 2588 2518 sacra
2619 2464 2858 2534 synodus
2886 2463 2938 2515 in
2972 2477 3073 2516 suo
3105 2461 3326 2516 decreto
3355 2460 3548 2527 iubeat

1973 2572 2206 2629 utroque
2245 2557 2404 2612 modo
2430 2556 2629 2612 Christi
2664 2572 2862 2622 corpus
2894 2555 3084 2608 confici
3117 2567 3298 2622 posse,
3326 2553 3379 2604 in
3420 2565 3544 2622 azy-

1975 2667 2064 2703 mo
2092 2649 2299 2703 scilicet
2330 2657 2382 2702 et
2414 2646 2936 2713 fermentato?quod
2967 2642 3208 2698 Ecclesia
3230 2655 3385 2695 sacra
3424 2653 3551 2708 pro-

1980 2743 2117 2795 l‘ecto
2141 2757 2170 2794 a
2194 2741 2367 2796 sacris
2396 2739 2601 2807 accepit
2637 2737 2930 2804 apostolis;
2957 2736 3094 2789 sacri
3125 2734 3274 2790 enim
3309 2730 3540 2801 apostoli

1978 2841 2130 2885 extra
2172 2841 2384 2898 tempus
2433 2830 2759 2897 Azymorum
2801 2827 2973 2879 fracto
3025 2840 3162 2893 pane
3211 2821 3544 2876 sacrificium

1981 2924 2334 2994 peragebant,
2365 2937 2465 2975 nec
2495 2919 2642 2974 ullibi
2676 2927 2898 2987 apparet
2947 2933 3040 2972 eos
3081 2931 3333 2985 azymum
3363 2921 3554 2983 postu-

1981 3016 2146 3069 lasse.
2185 3014 2246 3067 Et
2274 3028 2466 3068 rursus
2497 3012 2549 3065 in
2581 3011 2772 3066 diebus
2800 3012 3146 3079 Azymorum,
3175 3020 3297 3059 cum
3329 3003 3550 3058 Jerusa-

308 3121 407 3188 τὴν
431 3118 621 3170 θυσίαν
645 3114 954 3174 ἐπετέλουν,
985 3110 1076 3164 καὶ
1105 3105 1340 3176 οὐδαμοῦ
1368 3105 1617 3174 φαίνεται
1650 3101 1876 3162 τούτους

1988 3108 2087 3162 lein
2128 3107 2504 3161 fermentatum
2535 3121 2639 3159 non
2679 3102 3033 3171 reperiretur,
3061 3103 3265 3152 omisso
3295 3096 3538 3150 fermen-

312 3213 481 3265 αἰτεῖν
511 3210 738 3278 ἄζυμον.
769 3209 878 3259 Καὶ
904 3205 1067 3256 πάλιν
1091 3203 1144 3254 ὲν
1167 3202 1285 3261 ταῖς
1315 3199 1550 3266 ἡμέραις
1581 3195 1690 3246 τῶν
1723 3192 1881 3256 Ἀζύ·

312 3319 451 3372 μων,
485 3300 542 3352 ἐν
576 3295 936 3366 Ἰερουσαλὴμ
972 3292 1047 3361 μὴ
1076 3287 1472 3359 εὑρισκομένου
1497 3283 1753 3352 ἐνζύμου,
1781 3281 1882 3332 οὐκ

314 3396 548 3464 ἔιλζυμον
578 3391 855 3452 αἰτοῦντες
890 3389 988 3458 τὴν
1023 3387 1215 3440 Θυσίαν
1251 3382 1586 3452 εἰργάζοντο.
1623 3379 1883 3464 ’ῌδεισαν

313 3489 423 3553 γὰρ
457 3484 698 3552 ἀκριϐῶς
736 3482 817 3534 ὅτι
850 3480 1013 3550 ἀρκεῖ
1042 3475 1179 3547 πρὸς
1213 3473 1394 3535 τοῦτο,
1428 3474 1491 3523 ἐκ
1540 3469 1688 3520 σίτου
1721 3462 1882 3518 εἶναι.

317 3578 392 3632 ού
425 3577 526 3646 γὰρ
558 3575 644 3628 διΞι
681 3574 744 3626 τὸ
771 3572 843 3643 μὴ
871 3571 1015 3639 ἔχειν
1049 3567 1250 3638 μικρὰν
1285 3565 1486 3631 ζύμην,
1515 3558 1583 3633 ἦν
1609 3561 1786 3614 πάντα
1819 3559 1888 3611 τὰ

316 3669 614 3736 τελούμενα
655 3665 797 3736 ἀργά
820 3681 834 3695 ·
873 3665 967 3716 καὶ
1011 3661 1245 3730 μάλιστα
1276 3657 1345 3710 τὰ
1378 3655 1470 3709 τοῦ
1501 3654 1754 3721 Σωτῆρος
1788 3651 1888 3721 pi;-

323 3780 470 3833 ματα
495 3777 509 3791 ⁶
538 3759 574 3814 ἆ
601 3778 718 3812 τινα
754 3755 1114 3825 μεταποιοῦσι
1163 3754 1252 3805 τδν
1287 3752 1452 3821 ἄρτον
1485 3749 1578 3800 καὶ
1627 3746 1717 3800 τὸν
1749 3740 1891 3798 οἶνον

323 3858 420 3910 σῦν
449 3853 525 3921 τῷ
558 3853 731 3914 ὕδατι,
768 3853 851 3913 εἰς
882 3849 1039 3916 σῶμα
1072 3847 1167 3899 καὶ
1210 3840 1350 3913 αἷμα
1381 3839 1547 3894 αὐτοῦ
1573 3855 1588 3869 ·
1625 3837 1762 3890 ἀλλὰ
1797 3834 1894 3887 καὶ

322 3948 480 4003 τοῦτο
515 3948 564 4000 οἱ
594 3946 669 4017 μὴ
695 3948 759 4014 τῇ
791 3942 992 4012 συνόδῳ
1023 3939 1301 4007 ἑπόμενοι,
1331 3932 1624 4004 ἀρνοῦνται
1651 3947 1666 3962 ·
1700 3928 1796 3980 καὶ
1828 3925 1891 3978 οὐ

326 4041 602 4094 πείθονται
639 4035 916 4100 πιστεύειν
962 4033 1033 4093 ὡς
1068 4033 1101 4096 ἠ
1145 4027 1444 4096 Ἐκκλησία
1479 4021 1782 4094 νομοθετεῖ,
1812 4018 1896 4071 ὅτι

328 4136 388 4187 ὲν
417 4136 482 4202 τῇ
521 4133 772 4201 κυριακῇ
808 4128 955 4195 φωνῇ
986 4123 1187 4194 ἐκείνῃ,
1216 4124 1282 4190 τῇ
1317 4117 1549 4187 λεγούσῃ
1569 4131 1584 4146 ·
1619 4132 1636 4164 ι
1663 4112 1895 4202 Λάϐετε,

331 4227 557 4296 φάγετε,
593 4223 750 4276 τοῦτό
781 4220 880 4291 μού
932 4221 1048 4271 ἐστι
1099 4218 1160 4268 τὸ
1214 4213 1395 4281 σῶμα,
1435 4210 1531 4262 καὶ
1579 4205 1738 4260 τοῦτό
1795 4201 1897 4274 μού

331 4294 446 4371 έστι
478 4318 537 4370 τὸ
560 4311 721 4384 αἷμα,
762 4333 779 4364 ι
812 4315 872 4364 τὸ
897 4312 1197 4380 μυστήριον
1223 4301 1566 4358 τελειοῦται·
1598 4297 1733 4352 ἀλλὰ
1764 4294 1902 4365 μετὰ

328 4410 522 4471 ταῦτα,
556 4408 612 4460 ἐν
646 4405 720 4474 τῷ
771 4404 972 4470 λέγειν,
1007 4401 1160 4467 φασὶ,
1204 4416 1221 4448 ι
1252 4399 1361 4450 Καὶ
1417 4394 1643 4458 ποίησον
1677 4390 1771 4442 τὸν
1805 4387 1904 4458 μὲν

1987 3209 2099 3254 tato
2130 3199 2466 3253 sacriﬁcium
2514 3195 2895 3264 peragebant:
2944 3207 3068 3244 nam
3115 3199 3266 3245 certo
3316 3187 3561 3243 sciebant

1993 3289 2131 3344 satis
2171 3301 2290 3342 esse
2331 3286 2375 3340 si
2413 3301 2478 3340 ex
2512 3285 2696 3337 tritico
2725 3289 3001 3336 constaret
3030 3317 3046 3340 .
3079 3294 3178 3333 nec
3211 3279 3334 3346 quia
3367 3294 3557 3347 parum

1987 3378 2240 3433 fermenti
2264 3378 2548 3438 baberent,
2580 3388 2698 3442 quae
2729 3372 2929 3426 ﬂebant
2967 3370 3170 3423 idcirco
3196 3368 3426 3422 fuissent
3445 3384 3562 3421 om-

1990 3471 2079 3524 nia
2107 3469 2283 3528 irrita,
2319 3467 2657 3535 potissimum
2689 3479 2814 3540 vero
2843 3461 3053 3517 Domini
3091 3461 3278 3523 verba,
3311 3475 3432 3528 qua:
3461 3473 3561 3528 pa—

1993 3580 2116 3618 nem
2148 3573 2200 3617 et
2233 3562 2423 3614 vinum
2483 3573 2603 3612 cum
2640 3571 2778 3623 aqua
2824 3553 2876 3606 in
2908 3566 3103 3619 corpus
3144 3561 3197 3604 et
3241 3548 3562 3616 sanguinem

1991 3658 2108 3726 ejus
2151 3659 2544 3708 transmittant.
2595 3649 2860 3703 Caeterum
2907 3642 3094 3698 ethoc
3152 3641 3424 3707 abnegant
3473 3637 3566 3707 qui

1998 3747 2268 3820 synodum
2305 3760 2411 3798 non
2447 3749 2752 3810 sequuntur
2788 3754 2802 3791 :
2837 3751 2938 3791 nec
2964 3733 3180 3790 suaderi
3217 3731 3433 3794 volunt,
3469 3745 3571 3784 nec

2001 3841 2220 3895 credere
2253 3836 2397 3904 quod
2434 3834 2610 3888 sancit
2648 3829 2918 3893 Ecclesia,
2949 3824 3172 3896 quodin
3207 3823 3486 3878 Dominica
3508 3838 3570 3877 ea

1998 3945 2153 3994 voce,
2189 3942 2310 3996 quae
2338 3926 2494 3981 dicit,
2536 3941 2554 3973 ι
2592 3921 2859 3990 Accipite,
2891 3917 3182 3978 comedite,
3210 3915 3312 3970 hoc
3331 3921 3415 3968 est
3444 3926 3572 3967 cor-

2002 4037 2103 4090 pus
2132 4033 2368 4080 meum,»
2397 4024 2450 4068 et
2476 4011 2611 4066 «ilic
2642 4021 2725 4064 est
2751 4008 2975 4078 sanguis
3005 4021 3212 4071 meus,»
3252 4001 3573 4075 mysterium

2003 4111 2279 4181 peragitur
2306 4123 2320 4174 ;
2351 4107 2441 4159 sed
2471 4111 2593 4173 post
2625 4104 2763 4162 haec.
2793 4114 2918 4154 cum
2948 4097 3153 4152 dicitur
3185 4095 3408 4164 (aiunt),
3450 4111 3470 4146 ι
3509 4093 3577 4147 Et

2007 4217 2199 4272 panem
2249 4201 2392 4252 hunc
2424 4195 2572 4250 etiice
2600 4191 2910 4248 venerabile
2942 4204 3144 4258 corpus
3168 4187 3372 4242 Christi
3405 4188 3480 4239 tui
3504 4224 3520 4250 ,
3551 4202 3571 4236 ι

2005 4309 2113 4348 non
2149 4290 2531 4361 percipientes,
2569 4285 2717 4356 quod
2749 4286 2851 4338 hoc
2872 4282 3046 4336 sancti
3083 4278 3337 4334 sacrificii
3363 4283 3569 4346 myste-

2007 4387 2150 4438 rium
2197 4383 2453 4436 Christus
2488 4377 2710 4432 tradidit
2742 4391 2756 4427 :
2790 4389 2891 4428 nec
2938 4372 3043 4426 alia
3080 4377 3279 4439 praeter
3312 4382 3374 4420 ea
3405 4365 3573 4419 verba

331 4501 495 4570 ἄρτον
523 4497 730 4560 τοῦτον,
761 4496 944 4565 τίμιον
983 4492 1141 4559 σῶμα
1183 4488 1278 4541 τοῦ
1313 4483 1558 4556 Χριστοῦ
1593 4499 1686 4536 σου
1717 4496 1732 4511 ·
1776 4498 1794 4531 ι
1831 4480 1882 4548 μὶ

2015 4476 2171 4538 dixit,
2206 4472 2336 4536 nisi,
2367 4489 2388 4522 ι
2427 4466 2694 4537 Accipite,
2723 4464 3014 4528 comedite,
3044 4471 3100 4516 et
3133 4459 3303 4530 bibite
3329 4471 3574 4517 omnes,»

2213 4564 2254 4570 _
2385 4562 2416 4570 ..
2466 4561 2476 4570 .
2860 4564 2871 4570 -
2913 4569 2932 4570 ί
3031 4567 3137 4570 μέμ
3182 4564 3279 4570 ___
3332 4546 3556 4570 32-2-“...

337 4593 610 4652 συνιέντες
640 4592 721 4650 ὅτι
752 4587 812 4640 τὸ
841 4585 1141 4654 μυστήριον
1169 4579 1328 4632 τοῦτο
1353 4579 1452 4646 τῆς
1482 4578 1526 4628 ίε
1538 4577 1636 4644 ρᾶς
1661 4571 1902 4640 τελετῆς,

338 4687 364 4738 ό
397 4682 634 4753 Χριστὸς
660 4679 942 4747 παρέδωκε
967 4691 984 4708 ο
1019 4675 1115 4726 καὶ
1149 4673 1342 4730 ἄλλους
1372 4668 1563 4735 λόγους
1605 4664 1706 4717 οὐκ
1732 4658 1909 4721 εἶπεν,

339 4775 372 4845 ἢ
408 4750 620 4834 τούτοις
667 4771 762 4823 καὶ
815 4768 996 4837 μόνον,
1045 4765 1129 4823 τὸ.
1165 4783 1182 4814 ι
1221 4761 1454 4819 Λάϐετε,
1480 4757 1682 4845 φάγετε
1709 4769 1724 4784 ⁶
1766 4771 1785 4805 ι
1816 4750 1914 4804 καὶ

343 4866 423 4930 τὸ,
467 4883 485 4914 ι
534 4864 692 4916 Πίετε
727 4863 948 4920 πάντες.
992 4877 1010 4908 ι
1046 4856 1152 4908 Καὶ
1183 4851 1304 4905 οὔτε
1330 4850 1556 4917 ποίησον
1586 4841 1762 4908 εἶπεν,
1790 4841 1915 4894 οὕτε

341 4957 510 5011 τᾶλλα
545 4957 645 5008 ὅσα
691 4955 852 5022 ἡμεῖς
884 4951 1138 5017 λέγομεν.
1195 4939 1355 4998 Οὗτοι
1399 4939 1508 5008 γὰρ
1536 4940 1583 4990 οἱ
1633 4935 1784 5002 λόγοι
1819 4932 1915 4984 καὶ

349 5050 499 5117 μόνοι
524 5045 622 5114 τὴν
652 5044 833 5111 ’ἰσχὺν
867 5041 1048 5111 ἔχουσι
1074 5055 1091 5072 ⁶
1123 5037 1191 5090 τὰ
1215 5035 1259 5088 δ’
1289 5032 1423 5088 ἄλλα
1453 5030 1633 5083 πάντα
1658 5028 1756 5079 ὅσα
1780 5025 1917 5092 δῆτα

347 5139 441 5192 καὶ
476 5139 708 5206 λέγομεν
740 5133 1050 5202 εὐχόμενοι,
1081 5129 1220 5197 ὑπὲρ
1245 5125 1400 5197 ἡμῶν
1423 5119 1600 5174 ταῦτα
1629 5117 1918 5184 λέγονταιο

348 5233 417 5284 ἵν’
453 5232 598 5290 ὅπως
645 5225 967 5294 ἀξιωθῶμεν
1000 5220 1239 5273 τοιούτου
1289 5216 1522 5286 αἳματος
1565 5207 1918 5276 κοινωνῆσαι,

349 5321 444 5373 καὶ
470 5318 718 5371 τοιούτου
751 5314 1002 5381 σώματος
1049 5307 1315 5378 ἅψασθαι.
1353 5306 1566 5370 Ὠσπερ
1601 5299 1710 5370 γὰρ
1761 5299 1822 5349 ὲν
1851 5298 1918 5364 τῇ

351 5411 646 5481 παραδόσει
671 5406 762 5460 τοῦ
793 5402 1060 5472 σωτηρίου
1089 5399 1488 5470 βαπτίσματος,
1513 5391 1708 5453 ἄλλους
1729 5389 1924 5481 λόγους

354 5503 454 5554 ούκ
505 5497 678 5558 εἶπεν,
730 5498 785 5568 ἢ,
834 5514 851 5546 ι
897 5490 1265 5562 Πορευθέντες
1315 5482 1693 5556 μαθητεύσατε
1747 5480 1925 5532 πάντα

355 5593 423 5646 τὰ
456 5593 606 5663 ἔθνη,
661 5589 1012 5662 βαπτίζοντες
1035 5582 1232 5642 αὐτοὺς
1264 5583 1345 5640 εἰς
1373 5576 1432 5629 τδ
1483 5575 1654 5642 ὄνομα
1681 5569 1776 5625 τοῦ
1815 5574 1928 5625 Πα-

356 5685 505 5754 τρὺς,
537 5660 631 5736 καὶ
662 5660 754 5735 τοῦ
793 5679 948 5744 Υίοῦ,
979 5678 1073 5728 καὶ
1098 5673 1192 5724 τοῦ
1218 5671 1376 5734 ἁγίου
1410 5665 1724 5735 Πνεύματος
1746 5678 1796 5713 ἰ
1835 5660 1928 5714 καὶ

357 5777 502 5830 οὗτοι
533 5776 581 5828 οἱ
607 5774 755 5844 λόγοι
784 5771 1143 5842 έναπέμειναν
1167 5763 1336 5826 τύπος
1368 5760 1464 5815 τοῦ
1501 5757 1823 5831 μυστηρίου,
1853 5754 1926 5817 ὡς

2014 4583 2123 4621 non
2174 4564 2323 4618 etiice
2367 4561 2524 4623 dixit,
2570 4574 2744 4626 neque
2778 4564 2971 4610 extera
3022 4567 3143 4621 quae
3182 4564 3284 4604 nos
3326 4546 3581 4611 dicimus,

2015 4660 2214 4729 quippe
2264 4669 2386 4711 cum
2425 4658 2536 4708 haec
2567 4659 2778 4706 tantum
2809 4648 2972 4701 verba
3006 4646 3110 4698 vim
3144 4643 3410 4697 baberent
3435 4654 3452 4706 ;
3479 4652 3584 4692 ca:-

2016 4761 2133 4806 tera
2165 4749 2349 4805 omnia
2387 4763 2508 4816 quae
2543 4747 2807 4808 dicimus,
2846 4759 2945 4814 pro
2991 4741 3152 4796 nobis
3185 4752 3402 4795 orantes
3438 4734 3584 4791 dici-

2019 4855 2164 4903 mus,
2206 4849 2267 4892 ut
2310 4839 2439 4892 huic
2483 4836 2737 4904 sanguini
2789 4833 3197 4889 communicare
3247 4839 3412 4898 atque
3472 4827 3579 4881 hoc

2019 4946 2220 5000 corpus
2272 4939 2496 4998 tangere
2532 4941 2868 4981 mereamur.
2917 4921 3386 4990 Quemadmodum
3441 4918 3584 4973 enim

2024 5036 2146 5075 cum
2182 5020 2447 5090 baptisma
2475 5016 2708 5072 traderet
2743 5015 3004 5078 salutare,
3039 5013 3143 5066 alia
3169 5013 3335 5066 verba
3371 5023 3476 5062 non
3497 5007 3591 5059 Idi-

2021 5111 2100 5164 ait
2133 5125 2315 5178 quam,
2342 5127 2362 5159 ι
2394 5107 2598 5162 Euntes
2622 5107 2812 5160 docete
2840 5118 3032 5157 omnes
3059 5109 3268 5170 gentes,
3305 5099 3588 5167 baptizau-

2023 5211 2106 5258 tes
2145 5217 2241 5257 eos
2267 5203 2324 5255 in
2353 5200 2576 5254 nomine
2605 5199 2812 5258 Patris,
2841 5204 2897 5248 et
2928 5192 3088 5257 Filii,
3113 5198 3167 5246 et
3197 5190 3428 5260 Spiritus
3461 5203 3590 5241 san-

2025 5301 2095 5350 cti
2134 5311 2147 5348 :
2179 5312 2198 5344 ι
2231 5300 2288 5346 et
2317 5305 2382 5347 ea
2414 5289 2579 5345 verba
2628 5293 2946 5341 manserunt
2994 5281 3168 5338 forma
3219 5279 3592 5342 sacramenti,

2027 5386 2230 5455 quippe
2253 5383 2454 5451 quibus
2472 5379 2696 5450 prolatis
2712 5373 2978 5443 baptisma
3002 5369 3593 5442 perﬁciaturgreliqua,

2027 5493 2149 5547 qua:
2175 5477 2414 5531 dicimus
2440 5487 2537 5540 pro
2570 5470 2752 5532 nobis,
2783 5480 2880 5537 pro
2912 5464 3188 5535 baptizato
3222 5461 3388 5516 simul
3415 5468 3470 5515 et
3499 5476 3596 5529 pro

2029 5571 2348 5633 susceptore
2387 5560 2643 5622 dicimus,
2677 5557 2752 5611 ita
2797 5565 2868 5610 ett
2897 5555 2970 5610 ibi
3018 5552 3154 5607 dicit
3198 5550 3265 5606 ad
3297 5549 3596 5619 discipulos

2026 5655 2300 5716 Christus,
2365 5668 2384 5702 ι
2453 5647 2710 5716 Accipite,
2771 5643 3060 5706 comedite,
3099 5651 3236 5707 cte.,
3275 5639 3382 5694 hoc
3436 5638 3599 5693 tacite

2030 5747 2084 5803 in
2117 5759 2289 5803 meam
2316 5738 2926 5800 commemorationem:
2958 5728 2975 5790 ε
2999 5734 3242 5806 nihilque
3263 5731 3410 5793 aliud
3432 5730 3592 5794 dixit.
