3978 6204
459 260 598 326 1215

1587 267 1909 330 JOSEPHI
1936 272 2000 331 ’Μ
2016 272 2271 334 ETHON
2285 275 2508 336 ENSIS

3572 277 3719 342 12ὶῦ

458 387 633 446 eaque
666 382 795 431 sunt
822 390 941 445 qua:
973 390 1163 447 panem
1186 378 1246 457 in
1278 377 1482 434 Christi
1522 394 1719 450 corpus
1751 390 2025 436 transmu-

2143 384 2335 439 τούτων
2365 385 2705 455 λεγομένων,
2742 386 2806 441 es
2836 387 3127 458 βάπτισμα
3154 387 3528 443 τελειοῦσθαιο
3559 391 3631 443 τὰ
3656 393 3719 446 δι

461 475 577 521 lant
603 474 658 521 et
692 468 874 521 vinum
906 468 958 521 iu
994 469 1339 536 sanguinem.
1385 470 1440 524 ld
1480 486 1692 526 mecum
1728 489 1918 528 rursus
1953 484 2029 528 te-

461 558 697 614 stabitur
727 575 889 613 aurea
926 559 1105 630 lingua
1138 562 1392 626 praditus
1425 560 1683 629 Joannes,
1717 564 1937 617 homilia
1974 565 2027 618 in

462 652 742 721 mysticam
777 649 1075 706 Salvatoris
1126 669 1361 716 cmuam,
1423 663 1478 707 et
1526 655 1581 709 in
1636 658 2023 727 mysteriorum

461 743 802 797 traditionem
832 761 844 795 :
878 743 929 797 in
956 759 1085 809 quo,
1118 754 1169 799 et
1200 756 1388 801 contra
1419 746 1663 809 Juda'os.
1686 749 2020 817 principium

459 834 747 900 sermonis,
774 853 791 885 ι
817 834 1013 895 Pauca.
1053 837 1251 905 inquit,
1286 837 1444 892 hodie
1484 842 1791 894 necessaria
1826 850 1978 902 sunt,
2006 859 2024 891 ι

461 924 511 975 in
552 923 652 977 hac
692 923 913 976 homilin
951 937 1071 987 post
1106 926 1272 978 multa
1308 926 1437 980 dicit
1478 946 1492 981 :
1542 947 1558 978 ι
1600 929 1853 984 Christus
1907 929 2025 997 ipse

457 1014 629 1074 adest.
663 1015 753 1083 qui
784 1032 1024 1070 mensam
1056 1017 1194 1068 hanc
1220 1028 1468 1071 exornat.
1497 1016 1627 1071 Nam
1653 1020 1745 1087 qui
1784 1034 2029 1075 mensam

460 1110 601 1163 illam
639 1112 874 1172 ornavit,
911 1112 1048 1165 idem
1086 1128 1231 1166 nunc
1262 1114 1422 1166 etiam
1454 1114 1591 1168 hanc
1613 1124 1863 1179 exornat,
1896 1116 2028 1184 quia

457 1201 621 1255 homo
654 1216 759 1253 non
792 1212 891 1261 est.
925 1203 1016 1271 qui
1047 1217 1107 1257 ea
1142 1219 1263 1271 quae
1309 1215 1688 1273 proponuntur
1715 1205 1876 1276 efﬁcit
1905 1222 2034 1262 san-

458 1295 673 1362 guinem
716 1304 766 1348 et
803 1310 1001 1367 corpus
1042 1295 1241 1349 Chriin
1274 1336 1287 1357 ,
1336 1296 1430 1351 sed
1482 1298 1600 1366 ipse
1648 1299 1901 1354 Christus
1932 1315 2033 1368 pro

458 1386 614 1439 nobis
630 1386 943 1441 cruciﬁxus.
969 1388 1121 1441 Aslat
1152 1389 1407 1443 sacerdos
1436 1390 1659 1456 ﬁguram
1698 1400 1904 1445 tantum
1939 1394 2036 1445 ad-

459 1474 712 1545 implens,
741 1476 1068 1544 adhibetque
1111 1492 1321 1545 preces,
1355 1462 1417 1531 ea
1445 1480 1608 1532 verba
1651 1480 1985 1549 proloqueus
2015 1496 2031 1547 ;

461 1568 631 1637 gratia
665 1576 718 1620 et
748 1568 827 1621 vis
862 1566 954 1621 Dei
985 1576 1069 1622 est
1094 1608 1108 1633 ,
1139 1583 1259 1635 quae
1295 1580 1489 1623 cuncta
1534 1580 1814 1639 operatur.
1859 1590 1875 1622 ι
1922 1570 2036 1625 Hoc

462 1668 545 1715 est
572 1674 774 1726 corpus
807 1676 1044 1726 meum,»
1070 1661 1222 1717 dicit.
1254 1660 1367 1717 [loc
1385 1663 1608 1717 verbum
1631 1666 1825 1729 quiaain
1861 1666 2035 1719 mani-

2129 477 2293 529 λοιπὰ
2322 478 2421 530 ὅσα
2471 478 2726 546 λέγομεν,
2758 479 2902 550 ὑπὲρ
2929 480 3087 550 ἡμῶν
3113 482 3207 534 καὶ
3251 481 3342 534 τοῦ
3374 481 3717 550 βαπτιζομέ-

2130 585 2220 621 sou
2255 568 2372 636 ἅμα
2403 570 2498 622 κοιλ⁸
2543 572 2811 639 ἀναδόχου
2845 572 3019 625 ταῦτα
3061 573 3316 640 λέγομεν,
3353 574 3497 626 οὕτω
3549 576 3723 627 κά.κεῖ

2133 677 2298 729 φησιν
2327 661 2355 712 ὁ
2383 661 2617 729 Χριστὸς
2653 662 2792 730 πρὸς
2823 663 2949 724 τοὺς
2979 662 3249 729 μαθητὰς,
3290 681 3310 714 ι
3347 664 3582 722 Λάϐετε,
3612 664 3723 729 φάο

2133 768 2280 819 γετε,
2323 768 2341 801 ι
2379 751 2474 803 καὶ
2526 751 2594 803 τὰ
2631 751 2758 820 ἑξῆς
2784 768 2798 783 ³
2842 770 2862 804 ι
2901 752 3058 806 τοῦτο
3091 757 3296 807 ποιεῖτε
3340 755 3418 815 είς
3443 754 3546 822 τὴν
3578 753 3726 821 ἐμὴν

2132 845 2442 913 ἀνάμνησιν
2468 860 2483 874 °
2519 864 2537 895 ι
2571 845 2665 897 καὶ
2696 846 2850 898 οὐδὲν
2873 846 3003 899 ἀλλο
3022 846 3123 917 ἔφη
3152 862 3166 877 ’
3201 847 3363 899 καὶοί
3394 846 3544 912 λόγοι
3578 848 3728 899 εἰσὶν

2131 934 2277 987 οὗτοι
2307 936 2356 987 οί
2388 936 2921 1005 μεταρῤυθμίζοντες
2951 938 3039 989 τὸν
3067 937 3229 1005 ἄρτον
3264 939 3345 999 είς
3380 937 3541 1005 σῶμα
3581 936 3725 1005 Χριο

2136 1026 2283 1090 στοῦ,
2322 1028 2417 1081 καὶ
2459 1029 2547 1079 τὸν
2580 1024 2722 1080 οἶνον
2752 1030 2831 1089 εἰς
2857 1024 3017 1095 αἷμα.
3053 1027 3224 1080 Τοῦτο
3265 1027 3310 1079 δ’
3343 1028 3410 1081 αὖ
3454 1046 3722 1097 συμμαρο

2132 1122 2358 1187 τυρήσει
2395 1138 2485 1189 μοι
2528 1121 2623 1172 καὶ
2651 1124 2676 1172 ὁ
2724 1122 2825 1189 τὴν
2873 1120 3121 1187 γλῶτταν
3159 1120 3397 1190 χρυσοῦς
3437 1120 3730 1189 Ἰωάννης,

2135 1215 2193 1265 ὲν
2221 1217 2287 1283 τῇ
2318 1212 2506 1285 ὁμιλίᾳ
2533 1214 2699 1267 αὑτοῦ
2732 1216 2797 1283 τῇ
2833 1216 2912 1276 είς
2952 1214 3042 1266 τὸν
3081 1213 3343 1284 μυστικὸν
3372 1215 3598 1265 δεῖπνον
3635 1214 3727 1265 τοῦ

2136 1301 2413 1372 Σωτῆρος.
2447 1303 2542 1356 καὶ
2571 1304 2649 1365 είς
2678 1303 2778 1372 τὴν
2808 1302 3109 1371 παράδοσιν
3136 1306 3245 1357 τῶν
3274 1304 3605 1372 μυστηρίων
3633 1321 3647 1334 ο
3675 1306 3731 1355 ἐν

2134 1386 2287 1460 ᾧκαὶ
2307 1394 2447 1446 κατά
2474 1392 2747 1446 Ἰουδαίων
2771 1409 2787 1426 ⁶
2809 1395 2841 1461 ἡ
2869 1394 2925 1447 δὲ
2951 1394 3095 1465 ἀρχὴ
3122 1393 3216 1447 τοῦ
3249 1395 3434 1460 λόγου,
3470 1413 3488 1444 ι
3531 1394 3731 1461 Ὀλίγα

2137 1486 2303 1553 φησὶν
2329 1486 2545 1554 ἀνάγκη
2571 1486 2835 1555 σήμερον·
2852 1505 2871 1537 ι
2909 1488 2965 1538 ὲν
2985 1486 3159 1557 ταύτῃ
3182 1487 3238 1538 δὲ
3262 1489 3326 1555 τῇ
3346 1485 3557 1557 ὁμιλίᾳ,
3584 1489 3733 1552 μετά

2138 1576 2314 1632 πολλά
2368 1594 2530 1647 φησι,
2569 1595 2587 1630 ι
2647 1578 2886 1647 Πάρεστι
2934 1578 3169 1646 Χριστὸς
3208 1580 3417 1639 ἐκεῖνος
3455 1580 3558 1647 τὴν
3598 1580 3729 1648 τρά-

2138 1669 2312 1734 πεζαν
2340 1669 2545 1738 ταύτην
2574 1670 2818 1739 κοσμῶν.
2855 1668 2913 1722 '0
2936 1670 3043 1738 γὰρ
3066 1670 3165 1738 τὴν
3190 1670 3473 1738 τράπεζαν
3502 1670 3732 1745 ἐκείνην

465 1752 564 1806 bus
602 1753 866 1809 habemus
895 1764 1244 1810 transmutat.
1280 1756 1360 1810 Ae
1390 1766 1448 1810 ut
1477 1772 1539 1811 ea
1574 1771 1675 1811 vos
1708 1773 1829 1827 quae
1857 1756 1989 1812 dicit
2020 1799 2034 1822 ,

2143 1764 2446 1831 κοσμήσας,
2483 1752 2638 1824 οὗτος
2672 1762 2769 1815 καὶ
2796 1761 3004 1831 ταύτην
3032 1760 3316 1830 διακοσμεῖ
3346 1761 3464 1813 νῦν.
3503 1762 3583 1814 Οὐ
3622 1762 3732 1830 γὰρ

469 1861 487 1893 ι
530 1844 790 1908 Crescite,
827 1856 880 1900 et
916 1847 1378 1915 multiplicamini,
1411 1858 1466 1903 et
1495 1850 1698 1919 replete
1741 1862 1966 1915 terram,
2011 1868 2029 1902 ι

463 1936 629 1990 semel
664 1940 893 2006 prolata,
933 1939 985 1993 in
1018 1956 1180 1993 omne
1212 1949 1393 1994 tamen
1421 1955 1595 1996 aevum
1632 1943 1932 2011 peragitur,
1960 1942 2025 1996 ad

465 2026 699 2081 ﬁliorqu
736 2031 1171 2098 procreationem
1214 2042 1415 2086 nostra:
1461 2043 1667 2088 naturae
1709 2036 1855 2089 vires
1904 2035 2038 2089 sul)-

463 2118 786 2175 ministrans
820 2138 834 2175 :
873 2122 943 2176 ita
979 2133 1032 2175 et
1069 2124 1183 2177 lucc
1217 2139 1320 2177 vox
1368 2125 1435 2178 ab
1485 2140 1548 2180 ea
1605 2126 1785 2179 divina
1848 2127 2033 2196 lingua

464 2210 631 2262 semel
670 2212 902 2276 prolata,
940 2213 990 2266 id
1018 2224 1122 2273 est,
1163 2232 1181 2264 ι
1214 2213 1321 2268 lloc
1354 2224 1435 2269 est
1458 2231 1659 2285 corpus
1689 2233 1891 2281 meum,
1924 2237 1942 2270 ι
1980 2221 2031 2272 in

464 2298 696 2370 singulis
729 2301 985 2357 Ecclesiae
1024 2306 1286 2359 altaribus
1324 2308 1468 2363 illius
1503 2310 1655 2364 verbi
1700 2312 1780 2364 vis
1808 2351 1823 2375 ,
1859 2327 2032 2379 usque

462 2407 527 2448 ac
553 2394 695 2449 hanc
724 2395 864 2461 diem
908 2406 961 2450 cl
1001 2398 1293 2453 adventum
1333 2400 1506 2468 ipsius
1537 2402 1868 2456 sacriﬁcium
1910 2418 2034 2470 per.

461 2486 663 2540 fectum
718 2500 996 2556 operatur.
1044 2507 1062 2539 ι
1101 2490 1157 2544 Si
1204 2490 1309 2547 hoc
1356 2493 1581 2547 Verbum
1619 2494 1782 2563 igitur
1814 2510 1875 2546 ea
1910 2508 2031 2561 qua:

460 2582 739 2649 proposita
783 2592 914 2636 sunt
965 2583 1018 2637 iu
1077 2599 1278 2653 cerpus
1334 2597 1387 2641 et
1441 2588 1763 2655 sanguinem
1822 2587 2030 2641 Christi

461 2680 813 2738 transmutat,
836 2687 889 2729 et
916 2676 1191 2730 tremenda
1224 2681 1477 2748 mysteria
1508 2680 1692 2739 ellicit,
1721 2678 2030 2733 mirandum

468 2764 659 2833 utique
687 2766 816 2829 erit,
850 2766 895 2821 si
932 2782 1038 2821 non
1062 2778 1291 2838 possunt
1342 2785 1403 2822 ea
1437 2785 1557 2825 esse
1612 2770 1854 2839 perlecta
1906 2771 2033 2839 quia

461 2856 660 2924 exiguo
691 2855 959 2912 [erineuto
991 2871 1202 2925 carent,
1236 2863 1539 2930 praesertim
1570 2878 1693 2917 cum
1729 2863 1831 2918 hac
1862 2870 2037 2917 mate-

462 2943 543 2996 ria
570 2941 820 2998 Christus
851 2948 1165 3016 mysterium
1196 2951 1486 3019 peregerit,
1516 2961 1574 3007 ut
1594 2962 1720 3006 ante
1744 2952 2033 3022 probatum

461 3050 520 3089 es
528 3042 566 3089 ι.

2139 1849 2427 1919 ἄνθρωπός
2483 1851 2630 1903 ἐστιν
2682 1850 2911 1903 ὀποιῶν
2950 1850 3018 1903 τὰ
3069 1850 3408 1920 προκείμενα
3460 1852 3733 1917 γενέσθαι

2141 1941 2299 2009 σῶμα
2328 1942 2423 1993 καὶ
2477 1937 2616 2009 αἷμα
2653 1920 2915 2010 Χριστοῦ,
2965 1940 3082 1993 ἀλλ’
3118 1942 3277 2004 αὐτὸς
3311 1944 3338 1994 ὁ
3383 1943 3734 2012 σταυρωθεὶς

2140 2032 2278 2099 ὑπὲρ
2309 2032 2467 2100 ἡμῶν
2496 2032 2755 2100 Χριστός.
2792 2033 2987 2102 Σχῆμα
3017 2033 3243 2101 πληρῶν
3271 2036 3455 2103 μόνον,
3488 2036 3733 2105 ἕστηκεν

2137 2126 2165 2177 ὁ
2199 2124 2379 2191 ἱερεὺς
2437 2123 2529 2175 καὶ
2583 2123 2889 2192 προσφέρει
2940 2124 3040 2194 τὴν
3094 2124 3307 2192 δέησιν,
3369 2128 3439 2179 τὰ
3495 2128 3731 2195 ῥήματα

2139 2214 2513 2285 φθεγγόμενος
2546 2215 2729 2265 ἐκεῖνα
2750 2231 2765 2244 θ
2800 2216 2832 2284 η
2859 2214 2913 2267 δὲ
2951 2216 3111 2285 χάρις
3142 2218 3236 2269 καὶ
3265 2220 3297 2286 ἡ
3334 2218 3570 2287 δύναμίς
3608 2223 3731 2271 ἐστι

2136 2307 2230 2360 τοῦ
2267 2307 2427 2371 Θεοῦ,
2465 2309 2494 2376 ἡ
2535 2308 2711 2359 πάντα
2745 2309 3113 2378 ἐργαζομένη.
3150 2309 3323 2362 Τοῦτό
3357 2312 3461 2378 μού
3497 2314 3619 2363 ἐστι
3669 2311 3733 2363 τὸ

2141 2398 2324 2464 σῶμα,
2376 2401 2510 2467 φησί
2531 2414 2544 2428 ⁸
2582 2397 2741 2451 τοῦτο
2767 2400 2824 2450 τὺ
2864 2402 3035 2469 ῥῆμα,
3065 2399 3134 2452 τὰ
3160 2401 3498 2471 προκείμενα
3520 2404 3731 2474 μεταρο

2140 2491 2415 2560 ῥυθμίζει.
2452 2491 2560 2542 Καὶ
2590 2489 2845 2559 καθάπερ
2876 2491 3056 2559 ἐκείνη
3112 2494 3142 2560 ἡ
3182 2492 3336 2561 φωνὴ
3384 2494 3417 2560 ἡ
3455 2493 3725 2559 λέγουσα,

2144 2602 2162 2634 ι
2176 2580 2475 2645 Αύξπὶνεσθε
2500 2581 2596 2633 καὶ
2614 2580 2950 2650 πληθύνεσθε
2981 2585 3072 2636 καὶ
3095 2584 3423 2653 πληρώσατε
3443 2586 3544 2655 τὴν
3561 2588 3689 2653 γῆν,
3703 2605 3723 2639 ι

2139 2676 2338 2745 ἐρρέθη
2381 2673 2480 2742 μὲν
2515 2672 2685 2737 ἅπαξ,
2711 2673 2800 2725 διὰ
2827 2675 3031 2737 παντὸς
3059 2675 3117 2728 δὲ
3160 2677 3250 2729 τοῦ
3282 2678 3481 2747 χρόνου
3517 2677 3729 2745 γίνεται

2140 2768 2321 2838 ἔργον,
2353 2766 2668 2839 δυναμοῦσα
2684 2768 2783 2837 τὴν
2805 2769 2966 2837 φύσιν
2992 2769 3088 2838 τὴν
3114 2771 3398 2839 ἡμετέραν
3431 2772 3571 2840 πρὸς
3594 2788 3726 2824 παι-

2138 2859 2403 2925 δοποιῖαν,
2428 2860 2569 2916 οὕτω
2594 2865 2686 2915 καὶ
2705 2863 2841 2933 αὕτη
2864 2864 2896 2931 ἡ
2920 2861 3258 2932 φωνὴ,ἆπαξ
3290 2862 3545 2930 λεχθεῖξα
3573 2863 3728 2932 παρὰ

2139 2949 2239 3017 τῆς
2281 2952 2424 3015 θείας
2458 2953 2701 3024 γλώττης
2738 2955 2978 3023 ἐκείνης,
3003 2954 3082 3016 τὸ,
3118 2973 3135 3004 ι
3170 2953 3340 3005 Τοῦτό
3383 2953 3486 3021 μού
3516 2957 3630 3006 ἐστι
3664 2955 3727 3007 τὸ

2143 3043 2324 3111 σῶμα,
2362 3062 2381 3094 ι
2407 3046 2526 3098 καθ’
2569 3049 2807 3117 ἑκάστην
2826 3046 3105 3117 τράπεζαν
3144 3049 3199 3098 ὲν
3228 3048 3348 3108 ταῖς
3404 3046 3722 3113 ἐκκλησίαις

461 3129 676 3184 ἐκείνου
699 3130 792 3185 τοῦ
824 3132 1077 3203 ῥήματος
1105 3135 1135 3203 ἠ
1166 3132 1418 3199 δύναμις,
1450 3134 1611 3203 μέχρι
1643 3133 1741 3202 τῆς
1770 3134 2031 3201 σήμερον,
2077 3136 2173 3188 καὶ⁵
2202 3134 2332 3204 ἄχρι
2384 3137 2485 3205 τῆς
2519 3139 2684 3191 αὑτοῦ
2722 3141 3050 3209 παρουσίας,
3097 3140 3198 3211 τὴν
3250 3141 3449 3195 θυσίαν
3532 3144 3725 3211 ἀπηρο

460 3225 725 3294 τισμένην
777 3226 1093 3296 ἐργάζεται.
1140 3246 1157 3279 ι
1190 3228 1253 3280 Εἰ
1284 3222 1377 3280 οὖν
1428 3226 1587 3280 τοῦτο
1636 3228 1697 3281 τ’,
1752 3228 1903 3298 ῥῆμα
1965 3230 2046 3292 εἰς
2092 3228 2251 3296 σῶμα
2282 3229 2521 3298 Χριστοῦ
2554 3234 2648 3286 καὶ
2686 3230 2827 3302 αἷμα
2866 3234 2935 3285 τὰ
3002 3234 3341 3303 προκείμενα
3414 3237 3726 3302 μεταποιεῖ,

462 3321 557 3372 καὶ
613 3320 821 3390 φρικτὰ
875 3322 1153 3392 μυστήρια
1209 3322 1608 3390 ἀπεργάζεται,
1674 3324 1927 3375 ἀδυνατεῖ
1974 3324 2238 3380 δὲταῦτα
2275 3323 2416 3379 εἶναι
2448 3326 2651 3385 τέλεια,
2690 3327 2777 3378 διὰ
2836 3324 2896 3377 τδ
2962 3324 3038 3394 μὴ
3070 3324 3216 3394 ἔχειν
3254 3330 3464 3395 μικράν
3505 3329 3715 3397 ζύμην,

465 3416 650 3485 θαῦμα
674 3416 741 3470 ἀν
766 3420 851 3487 εἴη
882 3434 895 3447 ’
925 3416 1019 3471 καὶ
1046 3416 1223 3469 ταῦτα
1247 3420 1311 3484 τῇ
1340 3417 1441 3488 ὕλῃ
1469 3419 1643 3489 ταύτῃ
1671 3416 1764 3470 τοῦ
1800 3418 2045 3488 Χριστοῦ
2090 3422 2409 3483 τελέσαντος
2437 3420 2496 3471 τὸ
2542 3420 2841 3489 μυστήριον
2870 3421 2946 3483 ὡς
2979 3422 3492 3490 προαποδέδεικται.

1199 3511 1315 3567 VII.

541 3605 604 3660 Ut
636 3613 820 3658 autem
859 3603 1169 3673 intelligant
1197 3620 1319 3672 quas
1358 3604 1422 3657 ad
1453 3606 1558 3659 hoc
1592 3606 1909 3675 mysterium
1951 3622 2043 3657 ne-

464 3695 705 3751 cessaria
734 3704 881 3757 sunt,
911 3703 965 3749 et
988 3694 1123 3764 quid
1158 3697 1533 3750 necessarium
1587 3697 1659 3750 ad
1692 3698 1793 3752 hoc
1825 3699 2042 3752 sacrin-

464 3790 608 3844 cium
648 3791 741 3852 sit,
776 3804 844 3843 ne
870 3790 923 3843 in
963 3787 1327 3851 disquirendo
1350 3788 1417 3841 de
1449 3804 1639 3859 azymo
1671 3790 1757 3842 vel
1794 3790 2041 3844 fermen-

466 3894 582 3938 tato
628 3884 923 3949 laborent,
972 3882 1286 3938 etiamth
1336 3881 1719 3951 adiungemus.
1760 3881 2037 3936 Materiam

465 3976 699 4043 primum
733 3976 891 4042 panis
924 3990 989 4030 ex
1022 3975 1232 4038 tritico,
1260 3984 1315 4029 et
1339 3974 1525 4029 viuum
1564 3973 1776 4029 scilicet
1814 3990 1877 4027 ex
1908 3974 2041 4027 vite.

467 4067 804 4131 Secundum,
830 4067 1034 4122 Christi
1064 4066 1250 4131 verba,
1281 4066 1335 4121 id
1375 4076 1479 4121 est:
1514 4082 1534 4116 ι
1584 4063 1697 4120 Hoc
1728 4075 1813 4119 est
1839 4079 2041 4135 corpus

469 4181 675 4228 meum,
709 4183 729 4216 ι
767 4175 843 4229 ει,
880 4181 903 4217 ι
947 4163 1047 4217 Hic
1090 4170 1176 4217 est
1219 4162 1443 4231 sanguis
1468 4176 1642 4215 meus.
1694 4180 1713 4213 ι
1752 4160 1995 4214 Tertium
2025 4202 2040 4223 ,

466 4260 770 4315 szicerdos:
814 4273 934 4311 nam
982 4258 1076 4326 qui
1119 4256 1378 4310 sacerdos
1422 4269 1529 4309 non
1571 4263 1674 4314 est.
1708 4252 1760 4306 id
1797 4260 1906 4315 est,
1945 4251 2039 4319 qui

468 4352 694 4422 gradum
731 4348 1127 4404 sacerdotalem
1163 4362 1268 4400 non
1295 4346 1490 4407 habet,
1529 4344 1863 4400 sam-ilicium
1899 4357 2045 4395 nun-o

465 4455 628 4510 quam
662 4442 935 4494 conliciet.
971 4439 1261 4503 Quartum,
1289 4435 1538 4495 scientia,
1569 4434 1621 4487 id
1651 4442 1757 4497 est,
1785 4432 2044 4486 sacerdo-

464 4538 574 4585 tem
609 4530 662 4583 iu
696 4529 887 4598 primis
916 4526 1277 4582 intentionem
1315 4527 1521 4581 habere
1559 4525 1625 4577 ad
1658 4540 1720 4577 ca
1752 4523 1897 4577 dona
1922 4534 2069 4585 quae

468 4631 875 4691 proponuntur,
913 4634 1017 4672 non
1053 4619 1159 4671 alio
1190 4627 1432 4671 mentem
1482 4614 1797 4669 deﬂectere.
1861 4611 2041 4677 Quin-

472 4722 616 4774 tum,
648 4712 840 4776 altare,
875 4710 928 4764 id
966 4718 1069 4768 est,
1111 4724 1300 4762 mensa
1336 4722 1366 4761 a
1402 4709 1657 4776 poutiliee
1696 4711 2040 4759 consecrata.

474 4803 599 4859 llaec
633 4802 943 4856 necessaria
976 4811 1103 4854 sunt
1126 4810 1178 4854 et
1200 4800 1341 4865 sola,
1369 4798 1622 4868 quamvis
1648 4797 1900 4851 ultimum
1936 4810 2041 4849 non

2893 3510 2969 3568 Z'.

2221 3606 2341 3659 Ἵνα
2374 3605 2431 3658 δὲ
2477 3605 2722 3675 μάθωσιν
2757 3604 2794 3658 ἃ
2842 3605 2982 3658 εἰσιν
3016 3603 3293 3672 ἀναγκαῖα
3328 3607 3465 3674 πρὸς
3513 3606 3573 3658 τὺ
3622 3624 3731 3675 μυ-

2149 3699 2396 3767 στήριον,
2447 3698 2543 3751 καὶ
2569 3698 2622 3749 τί
2672 3698 2970 3764 ἀναγκαῖον
3016 3696 3155 3764 πρὸς
3189 3697 3289 3765 τὴν
3341 3697 3535 3750 θυσίαν
3582 3699 3729 3760 ἐστὶ,

2147 3789 2240 3841 καὶ
2296 3788 2370 3856 μὴ
2425 3790 2650 3857 ἑρευνᾷν
2685 3788 2881 3857 ἔχωσιν
2939 3789 3146 3857 ἄζυμον
3195 3791 3293 3841 καὶ
3343 3789 3596 3857 ἔνζυμον,
3634 3793 3732 3843 καὶ

2147 3878 2320 3933 ταῦτα
2366 3880 2772 3949 προσθήσομεν.
2807 3881 2975 3932 Πέντε
3010 3882 3216 3948 ὀφείλει
3257 3876 3399 3934 εἶναι
3446 3883 3504 3934 ὲν
3534 3884 3605 3951 τῇ
3636 3883 3731 3933 θυ-

2150 3974 2262 4043 σίᾳ.
2296 3973 2517 4041 Πρῶτον
2547 3974 2579 4040 ἡ
2614 3971 2737 4042 ὕλη,
2770 3972 2932 4040 ἀρτος
2963 3975 3027 4026 ἐκ
3075 3973 3224 4026 σίτου
3253 3991 3266 4004 ·
3300 3974 3395 4025 καὶ
3426 3968 3595 4036 οἶνος,
3629 3975 3731 4043 δη-

2148 4064 2282 4133 λαδὴ
2315 4065 2373 4128 ἐξ
2406 4064 2683 4132 ἀμπέλου.
2738 4064 3025 4133 Δεύτερον,
3053 4066 3104 4117 οἱ
3131 4064 3227 4117 τοῦ
3262 4064 3501 4131 Χριστοῦ
3535 4066 3690 4134 λόγοι
3716 4082 3731 4095 ο

2146 4156 2228 4215 τὸ,
2262 4174 2279 4206 ι
2310 4153 2479 4208 Τοῦτό
2509 4155 2609 4223 μού
2638 4157 2754 4208 ἐστι
2780 4156 2840 4207 τὸ
2870 4156 3026 4223 σῶμα
3050 4170 3095 4207 ἰ
3124 4158 3253 4217 καὶ,’
3279 4174 3295 4207 ι
3334 4156 3505 4209 Τούτὸ
3529 4158 3647 4210 ἐστι
3671 4157 3733 4208 τὸ

2149 4242 2287 4314 αἷμά
2317 4264 2441 4313 μου.
2476 4265 2494 4299 ι
2521 4248 2738 4313 Τρίτον,
2772 4250 2798 4299 ὀ
2819 4247 3094 4316 ἱερεὺς,ού
3118 4248 3226 4315 γὰρ
3258 4248 3498 4315 ἀνίερος,
3532 4248 3734 4301 θυσίαν

2151 4339 2372 4407 ποιήσει
2400 4340 2529 4391 ποτέ
2554 4356 2567 4369 ·
2592 4340 2863 4402 τουτέστι,
2897 4339 2972 4408 μὴ
2998 4339 3134 4408 ἔχων
3162 4338 3372 4408 βαθμὸν
3402 4341 3729 4411 ἱερωσύνης.

2118 4430 2447 4505 ίΤέταρτον,
2502 4431 2705 4498 εἴδησις
2730 4442 2742 4456 ⁶
2778 4430 3054 4491 τουτέστι,
3107 4431 3541 4499 προηγουμένως
3586 4432 3734 4500 ἔχειν

2148 4520 2243 4576 τὸν
2278 4520 2481 4573 σκοπὸν
2510 4522 2604 4572 τὸν
2633 4522 2784 4589 ίερέα
2811 4521 2948 4591 πρὸς
2975 4522 3040 4575 τά
3068 4523 3405 4591 προκείμενα
3435 4522 3611 4593 δῶρα,
3638 4525 3733 4577 καὶ

2153 4614 2228 4684 μὴ
2261 4613 2497 4681 ἀλλαχοῦ
2551 4614 2641 4666 τὸν
2682 4613 2808 4667 νοῦν
2841 4615 3162 4685 ἀναφέρειν.
3209 4616 3486 4683 Πέμπτον,
3526 4617 3590 4669 τδ
3632 4616 3731 4667 ου-

2153 4708 2495 4776 σιαστήριον,
2545 4708 2819 4769 τουτέστι,
2852 4707 3233 4777 καθιερωμένη
3272 4708 3521 4777 τράπεζα
3574 4711 3728 4777 παρὰ

2152 4800 2457 4868 ἀρχιερέως
2486 4814 2498 4828 ·
2534 4799 2705 4852 ταῦτα
2732 4798 2841 4867 γάρ
2871 4799 3008 4850 εἰσιν
3045 4801 3320 4866 ἀναγκαῖα
3359 4801 3456 4853 καὶ
3493 4801 3651 4868 μόνα,
3682 4800 3731 4852 εί

469 4896 543 4951 sit
576 4903 637 4949 ut
683 4903 881 4948 caetera
913 4892 1310 4946 necessarium.
1349 4893 1445 4946 Sin
1485 4900 1669 4945 autem
1710 4890 1824 4943 hzec
1852 4888 2038 4944 omnia

2152 4894 2245 4946 καὶ
2281 4892 2354 4961 μὴ
2396 4890 2567 4948 οὕτως
2616 4892 2915 4959 ἀναγκαῖον
2962 4891 3022 4942 τὸ
3060 4890 3293 4959 ἔσχατον
3334 4890 3411 4954 ὡς
3451 4893 3517 4945 τὰ
3568 4893 3729 4945 ἀλλα.

467 4988 642 5042 otiosa
671 4994 801 5040 sunt
824 4985 953 5055 quia
985 4986 1206 5051 exiguo,
1239 4984 1331 5038 sed
1358 4983 1517 5037 acido
1549 4984 1815 5036 fermento
1837 4992 2047 5043 carent,

414 5102 417 5105 ι
471 5079 710 5131 rnaxima
746 5078 935 5145 utique
966 5074 1330 5129 admiratione
1354 5072 1579 5141 dignum
1617 5082 1723 5134 est.
1750 5088 1875 5126 cum
1906 5072 2043 5125 alta-

471 5184 553 5236 re,
584 5169 842 5230 intentio,
875 5167 1153 5232 sacerdos,
1208 5165 1471 5228 materia,
1523 5174 1579 5219 et
1619 5163 1769 5234 quod
1822 5164 2047 5217 maximi

406 5300 411 5305 .
473 5260 748 5329 praecipue
776 5257 1033 5313 momenti
1068 5265 1151 5311 est
1173 5295 1190 5319 ,
1239 5254 1442 5309 Christi
1479 5254 1669 5318 verba,
1702 5267 1825 5322 quas
1849 5265 2050 5321 propo-

473 5353 577 5407 sita
608 5352 663 5406 in
695 5352 1018 5419 sanguinem
1046 5359 1100 5403 et
1140 5363 1339 5417 corpus
1369 5354 1760 5407 transmutant,
1797 5359 1893 5411 per
1926 5356 2050 5411 qua:

474 5447 677 5498 caelum
729 5452 1106 5497 constructum
1159 5450 1265 5503 est,
1304 5448 1444 5495 terra
1500 5438 1723 5492 fundata
1763 5446 1819 5490 et
1869 5435 2051 5489 omnia

477 5536 795 5598 constituta,
821 5535 939 5589 sine
966 5522 1249 5589 fermento
1267 5533 1399 5587 nihil
1426 5533 1662 5602 possint,
1690 5531 1794 5584 hoc
1816 5536 2050 5593 nonest,

484 5637 634 5679 sanae
662 5627 859 5680 mentis
890 5634 1292 5687 commentum,
1344 5624 1438 5679 sed
1472 5624 1674 5677 mentis
1705 5636 1933 5691 prorsus
1961 5620 2057 5674 de-

483 5718 708 5771 mentis.
763 5718 1022 5774 Admiror
1069 5717 1232 5774 etiam
1266 5731 1372 5788 qua
1403 5716 1470 5771 de
1502 5731 1665 5772 causa
1711 5715 1897 5771 vinum
1947 5714 2075 5769 non‘

2150 4984 2212 5034 Ei
2241 4983 2299 5035 δὴ
2356 4981 2531 5035 ταῦτα
2583 4982 2763 5033 πάντα
2802 4981 2968 5051 ἀργὰ,
3002 4981 3092 5033 διὰ
3128 4983 3190 5034 τὸ
3241 4984 3318 5051 μὴ
3379 4983 3524 5054 ἔχειν
3553 4984 3731 5053 ὀξώδη

2153 5074 2358 5142 μικρὰν
2396 5073 2601 5143 ζύμην,
2660 5072 2848 5141 θαῦμα
2876 5072 2941 5126 ἂν
2982 5074 3067 5142 εἴη
3105 5074 3360 5142 μέγιστον
3383 5088 3398 5105 ⁸
3434 5076 3515 5128 ὅτι
3544 5076 3638 5127 καὶ
3667 5076 3731 5127 τὸ

2148 5166 2560 5235 θυσιαστήριον,
2623 5164 2781 5218 καὶὸ
2828 5164 3051 5228 σκοπὸς,
3109 5166 3260 5218 καὶὸ
3310 5166 3517 5236 ἱερεὺς,
3570 5167 3663 5217 καὶ⁵
3696 5166 3732 5234 ἠ

2150 5256 2274 5324 ὕλη,
2323 5256 2420 5309 καὶ
2460 5256 2698 5325 μάλιστα
2732 5255 2795 5308 τὸ
2837 5255 3221 5326 καιριώτερον,
3273 5258 3322 5309 oi
3369 5256 3466 5310 τοῦ
3496 5255 3733 5328 Χριστοῦ

2150 5336 2323 5413 λόγοῖ,
2355 5347 2552 5407 οἵτινες
2589 5347 2944 5416 μεταποιοῦσι
2983 5347 3052 5400 τὰ
3089 5349 3431 5418 προκείμενα
3463 5351 3541 5411 είς
3570 5348 3734 5416 σῶμα

2150 5438 2245 5492 καὶ
2274 5433 2435 5508 αἷμα,
2460 5438 2529 5491 δι’
2554 5433 2629 5493 ὧν
2655 5441 2684 5492 ὁ
2706 5438 2932 5505 οὐρανὸς
2955 5434 3244 5509 ἥδρασται,
3274 5440 3347 5509 γῆ
3370 5438 3729 5509 ὲθεμελιὼθη,

2152 5530 2248 5582 καὶ
2280 5530 2352 5583 τὰ
2390 5530 2572 5583 πάντα
2623 5530 2997 5593 συνίστανται,
3041 5531 3194 5584 οὐδὲν
3240 5531 3525 5601 ίσχύουσιν
3572 5531 3734 5594 ὲκτδς

2154 5623 2252 5691 τῆς
2283 5621 2463 5692 ζύμης
2488 5639 2503 5653 ο
2539 5620 2700 5675 τοῦτο
2733 5622 2795 5675 ού
2823 5622 3062 5686 διανοίας
3095 5623 3244 5677 ἐστὶν
3270 5622 3459 5693 ὑγιοῦς
3487 5623 3727 5695 εὕρημα,

2157 5715 2294 5769 ἀλλὰ
2322 5714 2587 5781 διανοίας,
2621 5713 2805 5785 πάσης
2836 5713 3043 5779 ἀνοίας.
3085 5714 3211 5780 Πῶς
3230 5714 3288 5769 δὲ
3314 5717 3417 5770 οὐκ
3446 5713 3727 5787 ἐγκαλεῖτε
