3978 6204
254 303 394 370 1217

756 304 908 365 PRO
950 305 1162 368 CONC.
1211 305 1598 368 FLORENT.
1633 304 1894 367 CAPJI.
1943 305 2041 367 DE
2083 304 2337 366 AZYMO
2378 306 2471 365 ET
2513 304 3049 366 FERMENTATO.

3374 306 3512 372 1218

247 425 381 493 ἡμῖν
429 421 525 475 καὶ
559 420 649 476 aut
680 421 771 474 τδν
801 416 969 483 οίνον,
1011 420 1303 489 θαυμάζω,
1336 419 1420 473 ὅτι
1450 420 1681 491 ἐρυθρὸν
1709 420 1820 473 πολ

1946 419 2291 488 improbatis,
2322 436 2447 473 cum
2481 421 2707 474 rubrum
2758 436 2902 489 saepe
2940 420 3264 484 oll‘crarnus,
3300 434 3397 481 aut
3426 426 3511 481 al-

247 515 407 577 λάκις
449 513 858 583 προσφέρομεν,
884 513 918 583 ἢ
948 512 1161 577 λευκὸν,
1200 512 1232 582 ἢ
1270 513 1425 581 ήδὺν,
1454 513 1487 581 ἢ
1520 511 1826 580 αὐστηρὸν,

250 610 389 663 ἀλλά
419 608 581 676 μόνον
614 608 745 678 περὶ
792 608 887 661 τοῦ
930 607 1117 678 ἄρτου.
1154 608 1365 677 Ὥσπερ
1418 607 1527 675 γὰρ
1581 607 1825 675 εἴρηκεν,

246 704 312 754 ἐκ
342 701 437 754 τοῦ
470 701 809 768 γεννήματος
834 702 931 769 τῆς
973 701 1243 768 ἀμπέλου,
1271 701 1365 755 καὶ
1394 702 1455 754 οὐ
1492 699 1658 754 διεῖλε
1704 700 1827 753 λευ-

246 795 365 857 κδν,
395 794 430 863 ἦ
459 793 713 863 ἐρυθρὸν,
759 793 901 846 οὕτω
941 793 1036 846 καὶ
1075 794 1202 863 περὶ
1250 794 1342 847 τού
1375 795 1545 863 ἄρτου
1573 811 1588 827 ο
1650 792 1827 846 εἰπὼν

246 884 432 950 ἄρτον,
468 884 527 935 οὐ
573 882 789 945 διεῖλεν,
840 881 1134 951 Ενζυμονῆ
1182 881 1415 950 ἄζυμον,
1470 881 1504 950 ἢ
1562 880 1758 933 λευκὸν
1792 879 1826 949 ἢ

248 976 473 1044 μέλανα,
526 975 559 1042 ἢ
590 974 721 1044 ἡδὺν
766 974 799 1044 ἢ
843 964 1050 1042 ὀξώδη·
1088 975 1176 1025 διὰ
1227 973 1450 1043 τοῦτοή
1521 971 1828 1041 Ἐκκλησία

246 1066 469 1133 στέργει
518 1064 824 1133 ἀδιαφόρως
874 1064 1163 1134 ἀμφότερα
1192 1080 1206 1095 ·
1258 1065 1442 1118 ἰδοῦσα
1486 1066 1595 1136 γάρ
1632 1068 1664 1136 ή
1701 1066 1828 1137 ίερά

250 1157 470 1219 σύνοδος
499 1156 765 1226 ἀκριϐῶς,
797 1158 893 1209 ὅτι
916 1157 1082 1225 ἄρτος
1116 1157 1261 1209 ἐστὶν
1287 1156 1623 1227 ἀμφότερον,
1651 1158 1843 1226 ἀναμέ

247 1248 490 1317 φιϐόλως
525 1250 837 1319 ίερουργεῖι
881 1248 976 1301 καὶ
1016 1249 1075 1300 ού
1122 1248 1397 1317 μέμφεται
1432 1249 1695 1319 θάτερον·
1730 1250 1826 1303 καὶ

246 1341 420 1393 ταῦτα
452 1340 655 1407 μᾶλλον
684 1339 763 1402 ὡς
791 1339 1304 1405 προαποδέδεικται.
1340 1340 1435 1392 τοῦ
1465 1340 1705 1410 Χριστοῦ
1739 1358 1826 1393 τε·

246 1432 510 1494 λέσαντος
559 1431 795 1499 ἄζυμον.
830 1432 1043 1485 Οὐκοῦν
1079 1431 1281 1493 ἀδίκως
1319 1432 1602 1499 ἐγκαλεῖτε
1631 1437 1697 1503 τῇ
1746 1435 1827 1487 ol—

248 1527 546 1595 κουμενικῇ
576 1524 798 1594 συνόδῳ,
829 1527 893 1593 τῇ
923 1523 1094 1587 οὕτως
1118 1523 1427 1595 κελευσάσῃ
1454 1540 1469 1555 σ
1495 1524 1589 1576 καὶ
1618 1525 1823 1587 ἀδίκως

245 1619 397 1689 ἡμᾶς
420 1620 547 1679 τοὺς
580 1617 713 1670 αὐτὸ
760 1618 1089 1687 στέργοντας
1132 1619 1225 1671 καὶ
1255 1616 1682 1687 ὁμολογοῦντας,
1720 1634 1815 1670 συ⁹

247 1710 570 1776 κοφαντεῖτε
604 1707 699 1760 καὶ
729 1708 1041 1777 διασύρετε.

329 1797 419 1861 Ὧς
436 1798 504 1852 ἂν
523 1798 578 1851 δὲ
598 1798 691 1852 καὶ
719 1799 766 1851 Ν
773 1800 1034 1868 ικηφόρου
1057 1798 1377 1863 Καλλίστου,
1406 1798 1499 1852 τοῦ
1519 1799 1820 1855 Ξανθοπού-

2007 1794 2075 1849 Ut
2179 1804 2361 1851 autem
2470 1798 2766 1869 Nicephori

242 1890 340 1947 λου
377 1890 622 1960 μνησθῶ,
668 1890 845 1944 ἔπεισί
889 1909 979 1960 μοι
1012 1892 1105 1944 καί⁵
1138 1893 1347 1960 σφόδρα
1387 1893 1553 1963 γελᾷν
1580 1909 1593 1924 ⁸
1622 1892 1681 1955 ὃς
1707 1892 1825 1959 ἐφι-

244 1981 516 2052 λοτιμήθη
571 1982 671 2051 μὲν
729 1983 1045 2053 συγγράψαι
1099 1986 1169 2038 τὰ
1208 1985 1266 2036 ὲν
1312 1983 1392 2053 τῷ
1424 1985 1467 2036 Τ
1474 1984 1675 2055 ριῳδίῳ
1725 1982 1820 2036 νῦν

246 2073 613 2143 εὑρισκόμενα
643 2072 939 2143 συναξάρια
963 2091 978 2107 ο
1012 2079 1077 2145 τῇ
1115 2077 1264 2148 ῥύμῃ
1286 2078 1342 2129 δὲ
1368 2076 1469 2146 τῆς
1494 2076 1696 2138 κακίας
1722 2074 1821 2129 τοῦ

246 2167 545 2236 σχίσματος
570 2166 828 2233 κινηθεὶς,
861 2167 1066 2237 ἔγραψε
1109 2169 1202 2220 καὶ
1234 2169 1364 2237 περὶ
1396 2169 1493 2237 τῆς
1516 2168 1816 2238 προκειμέ-

244 2275 344 2327 νης
381 2260 515 2329 ἡμῖν
548 2259 879 2321 ὑποθέσεως,
911 2260 1126 2329 μεγάλα
1154 2262 1247 2313 καὶ
1275 2260 1585 2328 Θαυμαστὰ.
1620 2260 1819 2312 Ὅτιδὲ

242 2349 417 2404 ταῦτα
468 2352 526 2403 ἐν
572 2353 1143 2407 Κωνσταντινυυττόλει
1191 2355 1293 2407 οὐκ
1349 2354 1817 2421 ἀνεγινώσκοντο,

244 2441 445 2504 πάντες
478 2442 623 2497 ίσασι
650 2459 665 2475 ⁸
704 2445 797 2497 καὶ
818 2445 878 2497 ού
909 2445 991 2498 δεῖ
1026 2462 1092 2512 με
1130 2446 1445 2515 περαιτέρω
1472 2445 1814 2514 προϐαίνειν

242 2538 305 2588 ἰν
351 2536 520 2606 ταύτῃ
565 2537 728 2604 μόνον
773 2541 837 2608 τῇ
893 2539 1045 2592 πόλει
1088 2540 1231 2602 τινὲς
1288 2541 1592 2604 κατέταξιν
1648 2543 1706 2593 ἔν
1740 2538 1820 2608 τῷ

241 2627 476 2696 τριῳδίῳ
512 2628 589 2690 ὡς
627 2628 998 2697 εὑρίσκονται.
1034 2630 1157 2683 Ὅτι
1190 2632 1243 2684 δὲ
1272 2631 1393 2684 λίαν
1419 2632 1819 2699 ἀσυλλόγιστα,

241 2718 270 2769 ὁ
309 2717 636 2788 βουλόμενος
690 2719 1045 2787 ἀναλεξάσθω
1090 2724 1155 2775 τὰ
1202 2723 1353 2792 αὑτῷ
1398 2723 1688 2792 εἰρημένα,
1722 2722 1820 2776 καὶ

240 2808 467 2878 εὑρήσει
498 2810 660 2862 αὑτὸν
686 2811 743 2864 ὲν
776 2812 993 2875 πολλοῖς
1041 2806 1227 2883 ἑαυτῴ
1250 2815 1620 2883 ἀντιλέγοντα.
1670 2817 1735 2870 Τί
1756 2816 1821 2877 ,δὲ

241 2899 306 2951 τὸ
336 2900 563 2969 φοϐερὸν
613 2903 778 2956 αὑτοῦ
812 2904 1013 2971 λόγιον,
1046 2906 1139 2957 καὶ
1170 2906 1245 2970 ὡς
1274 2908 1423 2976 αὐτῷ
1464 2909 1632 2973 δοκεῖ,
1660 2911 1823 2962 ἀναν-

242 2989 539 3060 cippum];
567 2992 648 3062 Τῇ
702 2993 917 3065 μεγάλῃ
958 2996 1222 3066 Πέμπτῃ,
1281 2999 1363 3061 εἰς
1398 2998 1497 3068 τὴν
1523 3000 1821 3069 παράδοσιν

241 3081 355 3134 τῶν
382 3082 718 3151 μυστηρίων,
746 3086 885 3154 μετά
915 3086 1086 3141 πολλά
1110 3088 1209 3142 καὶ
1235 3090 1391 3154 ἄλλα,
1425 3092 1608 3160 φησίν.
1634 3086 1819 3163 ἰ”Ορα

1932 506 2085 573 bum,
2120 510 2201 564 vel
2243 509 2424 575 dulce,
2461 512 2537 563 vel
2567 520 2847 564 austerum
2872 551 2886 573 .
2920 512 3013 563 sed
3044 528 3237 581 panem
3274 524 3512 570 tantum.

1930 598 2067 652 Nam
2119 603 2579 669 quemadmodum
2631 604 2698 656 de
2734 603 3009 668 genimine
3059 604 3187 660 vilis
3220 605 3378 669 dixit,
3416 623 3516 664 nec

1930 691 2115 746 album
2151 694 2402 747 distinxit
2437 712 2463 745 a
2495 696 2683 758 rubro,
2713 699 2782 749 ita
2822 708 2875 751 ct
2903 696 2970 751 de
3003 712 3143 766 pane
3177 699 3387 765 dicens,
3418 717 3514 772 pa-

1930 800 2053 839 nem
2083 802 2189 840 non
2214 787 2470 849 _di5tinxit
2502 787 2887 844 fermentatum
2921 791 2989 844 ab
3023 806 3216 861 azymo
3244 810 3258 846 :
3308 792 3392 846 vel
3428 793 3512 849 al-

1930 878 2081 942 bum,
2110 880 2192 933 vel
2228 879 2465 950 nigrum,
2486 881 2569 934 vel
2600 882 2839 946 dulcem,
2867 882 2949 937 vel
2970 884 3187 938 acidum
3215 902 3231 949 ;
3258 895 3509 954 pr0pter-

1930 983 1992 1023 ea
2063 978 2295 1039 utraque
2325 972 2442 1026 sine
2471 972 2579 1026 ullo
2608 974 2930 1029 discrimine
2974 977 3378 1044 amplectimur.
3405 975 3514 1033 No-

1930 1076 2085 1116 scens
2100 1063 2242 1115 enim
2260 1064 2417 1131 plane
2432 1080 2585 1117 sacra
2601 1067 2845 1134 synodus
2861 1078 3151 1137 utrumque
3166 1084 3357 1137 panem
3373 1083 3511 1132 esse,

1930 1154 2240 1221 promiscue
2299 1158 2594 1217 sacriﬁcat,
2638 1174 2735 1211 nec
2778 1159 3096 1213 alterutrum
3137 1160 3509 1228 reprehendit,

1930 1246 2225 1314 praesertim
2245 1263 2368 1301 cum
2391 1248 2643 1303 Christus
2661 1250 2713 1301 in
2740 1265 2929 1317 azymo
2949 1252 3264 1315 confecerit,
3283 1262 3335 1305 ut
3354 1261 3511 1306 antea

1928 1348 2207 1391 ostensum
2226 1347 2326 1392 est.
2360 1340 2504 1405 Ergo
2527 1338 3144 1406 injuria'mcumenicam
3179 1341 3512 1396 insimulatis

1928 1428 2215 1497 synodum,
2248 1444 2370 1496 quae
2397 1430 2476 1482 sic
2495 1430 2673 1496 jubet,
2703 1439 2757 1483 et
2787 1432 2985 1497 injuria
3013 1447 3130 1494 nos,
3156 1432 3246 1499 qui
3272 1447 3512 1507 tramise-

1927 1520 2146 1588 quimur
2188 1531 2243 1575 et
2270 1520 2616 1587 conﬁtentur,
2643 1522 3054 1577 calumniamini
3091 1532 3144 1578 et
3168 1524 3505 1593 suggillatis.

2861 1799 3073 1857 Callisti
3172 1802 3507 1873 Xantbopuli

1927 1893 2258 1948 mentionem
2330 1892 2552 1957 faciam,
2624 1896 2772 1949 subit
2835 1896 2969 1950 mihi
3055 1898 3349 1953 admodum
3427 1900 3510 1954 ri-

1924 1984 2098 2038 dere:
2154 1984 2245 2052 qui
2311 1984 2600 2040 ambitiose
2678 1986 2984 2051 contendit,
3033 2003 3094 2042 ea
3151 2002 3272 2056 qua
3359 2004 3508 2043 nunc

1928 2075 1979 2127 in
2038 2072 2264 2128 Triodio
2324 2075 2613 2145 synaxaria
2671 2077 3047 2145 reperiuntur,
3101 2079 3506 2145 conscribere;

1925 2168 2125 2235 impetu
2161 2183 2289 2222 vero
2319 2169 2606 2237 pravitatis
2639 2180 2821 2226 motus
2844 2211 2859 2237 ,
2904 2173 2972 2227 de
3025 2175 3309 2244 proposito
3345 2176 3506 2233 nobis

1922 2271 2245 2326 argumento
2279 2276 2472 2329 magna
2498 2270 2552 2315 et
2578 2263 2922 2317 admirabilia
2960 2266 3203 2335 scripsit.
3228 2266 3331 2321 Sed
3359 2269 3502 2337 quod

1922 2366 1987 2405 ea
2024 2352 2495 2421 Constantinopoli
2551 2369 2660 2408 non
2729 2355 3057 2425 legerentur,
3107 2360 3369 2413 omnibus
3420 2369 3505 2415 est

1922 2450 2258 2510 compertum
2303 2461 2317 2498 :
2354 2459 2457 2498 nec
2508 2453 2732 2513 Oportet
2779 2462 2867 2499 me
2901 2447 3135 2501 ulterius
3182 2449 3496 2516 procedere.

1922 2533 1979 2587 la
2012 2536 2111 2589 hac
2147 2536 2283 2590 urbe
2310 2546 2518 2591 tantum
2547 2538 2770 2603 quidam
2807 2543 2859 2592 in
2884 2538 3110 2594 Triodio
3140 2542 3502 2611 quemadmo-

1921 2624 2049 2679 dum
2106 2626 2462 2680 inveniuntur
2514 2628 2959 2695 collocaverunt,
3016 2647 3137 2685 csse
3191 2640 3371 2687 autem
3435 2647 3499 2687 ea

1925 2716 2078 2773 valde
2110 2717 2504 2774 irrationabilia
2540 2722 2584 2776 si
2635 2722 2758 2789 quis
2810 2723 2953 2777 scire
3004 2722 3296 2785 desiderat,
3356 2726 3503 2791 lgat

1922 2826 2042 2877 qua:
2080 2811 2195 2879 ipse
2229 2814 2561 2880 composuit,
2600 2814 2948 2882 reperietque
2974 2830 3097 2867 cum
3126 2816 3178 2867 in
3222 2816 3502 2884 plurisque

1922 2903 2024 2956 sibi
2057 2904 2152 2973 ipsi
2182 2917 2510 2973 pugnantem
2541 2920 2683 2961 esse.
2717 2906 2820 2960 Sed
2846 2908 3121 2975 quodnam
3145 2918 3225 2961 est
3261 2917 3501 2962 tremen-

1922 2994 2187 3063 duntejus
2218 2996 2524 3059 oraculum,
2551 3006 2625 3061 et,
2662 3006 2722 3051 nt
2751 2998 2855 3051 sibi
2888 2998 3126 3062 videtur,
3162 2998 3499 3054 insolubile?

1923 3088 1982 3140 ln
2014 3087 2205 3156 quinta
2238 3102 2435 3157 magna
2469 3088 2603 3142 feria
2630 3090 2683 3143 in
2733 3091 3116 3160 mysteriorum
3149 3092 3497 3148 traditionem

242 3174 389 3237 ὅπως
417 3175 580 3244 ἄρτον
619 3177 769 3245 λέγει
796 3178 856 3230 τὸ
895 3181 1054 3249 σῶμα
1099 3180 1289 3247 αὐτοῦ,
1326 3182 1387 3236 οὐ
1423 3184 1531 3254 μὴν
1561 3185 1771 3255 ἄζυμον
1795 3202 1810 3219 ο

1922 3188 2044 3247 post
2094 3179 2201 3232 alia
2244 3182 2412 3233 multa
2458 3181 2646 3235 dicit:
2696 3202 2713 3233 ι
2762 3182 2918 3246 Vide,
2968 3195 3028 3238 ut
3089 3199 3282 3252 panem
3340 3193 3500 3240 vocet

242 3268 682 3335 aiquvéoOwaav
702 3271 752 3322 οἱ
770 3272 835 3340 τῇ
863 3270 1023 3342 θυσίᾳ
1055 3272 1299 3343 ἀζύμους
1326 3279 1755 3348 προσφέροντες.
1789 3297 1809 3333 ι

242 3360 414 3413 Τοῦτο
439 3361 484 3415 δ’
508 3363 584 3425 ὡς
620 3364 981 3435 φοϐερώτατα
1008 3367 1140 3437 παρ’
1164 3368 1336 3422 αὐτοῦ
1362 3373 1483 3441 είρη
1493 3373 1671 3439 μένον,
1702 3374 1816 3427 ἄνω

240 3452 339 3503 καὶ
381 3452 530 3505 κάτω
563 3455 960 3522 προϐάλλονται
986 3460 1035 3511 oi
1066 3461 1263 3530 ἐκείνῳ
1294 3462 1573 3528 ἑπόμενοι,
1606 3464 1813 3528 ἐκεῖνός

240 3560 303 3609 γε
341 3543 448 3611 μὴν
475 3544 622 3596 δοκεῖ
672 3545 852 3614 λέγειν
886 3565 938 3601 τι
964 3565 978 3579 ο
1026 3549 1179 3603 οὐδὲν
1206 3551 1283 3614 δὲ,
1337 3551 1412 3613 ὡς
1445 3552 1813 3625 δειχθήσεται.

242 3634 353 3687 Καὶ
383 3638 490 3705 γὰρ
518 3638 678 3705 ἡμεῖς
710 3639 956 3709 μαθηταὶ
989 3640 1142 3704 ὄντες
1184 3643 1279 3695 τοῦ
1319 3645 1622 3713 φήσαντος,
1662 3664 1680 3698 ι
1722 3646 1815 3701 El-

242 3725 419 3797 ρήνην
459 3725 703 3791 διώκετε,
743 3747 762 3780 ι
798 3730 898 3797 οὐχ
945 3729 1246 3801 ὑϐρίζομεν
1278 3735 1464 3799 αὑτὸν,
1496 3737 1572 3799 ὡς
1607 3739 1815 3803 ἐκεῖνος

240 3816 387 3883 ἡμᾶς
419 3834 431 3848 ·
483 3818 598 3869 ἀλλ’
652 3820 685 3887 ή
724 3820 988 3888 ἀπολογία
1022 3823 1089 3892 ἢν
1114 3825 1454 3894 ποιησόμεθα
1511 3829 1649 3897 πρὸς
1686 3830 1816 3893 τοὺς

239 3906 407 3960 αὑτοῦ
443 3907 656 3975 λόγους,
692 3911 829 3981 αὑτὴ
879 3914 975 3966 καὶ
1008 3916 1145 3984 μόνη
1175 3915 1333 3986 ὕϐρις
1373 3918 1508 3989 πρὸς
1534 3920 1699 3973 αὑτὸν
1730 3921 1816 3974 λο-

239 3999 562 4069 γισθήσεται
588 4018 603 4033 ⁸
634 4004 715 4056 ὅτι
746 4004 1069 4069 διδάσκαλος
1104 4008 1351 4077 οἰόμενος
1402 4009 1566 4079 εἶναι,
1601 4013 1818 4083 ἐξελέγ-

240 4107 397 4159 χεται
422 4092 552 4161 παρ’
584 4095 766 4162 ἡμῶν,
802 4098 1030 4167 ἀμαθῶν
1058 4099 1229 4155 ὄντων
1258 4120 1271 4134 ·
1304 4106 1396 4157 καὶ
1422 4106 1483 4176 δή
1510 4124 1715 4175 φαμεν,
1740 4108 1815 4172 ὡς

240 4184 450 4245 ἐκεῖνος
482 4185 602 4238 καθ’
623 4187 819 4239 ἑαυτὸν
840 4189 1197 4260 λογιζόμενος
1226 4196 1542 4266 συγγράψαι
1572 4201 1815 4255 ἐναντίον

240 4277 305 4345 τῇ
365 4276 628 4348 καθολικῇ
691 4280 1013 4353 Ἐκκλησία,
1063 4287 1410 4359 διολισθήσας
1466 4292 1811 4361 ἐπιτηδείως,

240 4371 553 4438 κατωφερεῖ
582 4369 762 4441 βόθρῳ
788 4374 929 4426 κατά
964 4378 1209 4447 κεφαλῆς
1242 4380 1429 4438 ἔπεσε.
1462 4382 1650 4436 Εἰπὼν
1679 4390 1812 4454 γὰρ,

245 4475 264 4507 ι
288 4458 434 4527 Ὅρα
455 4461 604 4559 dum;
633 4464 799 4559 ἄρτον
815 4463 1033 4532 λέγειτὸ
1053 4469 1213 4537 σῶμα
1238 4471 1426 4539 αὑτοῦ,
1461 4476 1520 4527 ού
1553 4476 1661 4546 μὴν
1688 4478 1817 4542 ἄζυ-
1847 4504 1890 4559 D

244 4566 367 4617 μον,
396 4570 413 4602 ι
451 4553 749 4607 ἐπελάθετο
782 4557 862 4608 ὅτι
886 4560 978 4610 καὶ
1010 4560 1038 4610 ὁ
1074 4559 1303 4630 ἄζυμος,
1334 4565 1499 4635 ἄρτος
1543 4569 1813 4624 καλεῖται.

246 4641 431 4705 Ἔδοξε
462 4644 571 4713 γὰρ
611 4646 781 4716 αὐτῷ,
815 4650 890 4711 ὡς
919 4651 1049 4703 ὅταν
1083 4654 1215 4724 λέγῃ
1264 4672 1346 4717 τις
1375 4657 1561 4725 ἄρτον,
1607 4660 1698 4712 τὸν
1729 4661 1815 4713 ἓν·

240 4728 412 4799 ζυμον
433 4732 517 4786 δεῖ
545 4739 683 4788 νοεῖν
709 4754 723 4768 ο
762 4738 880 4789 ἀλλ’
909 4741 969 4791 ού
1019 4741 1245 4796 δύναται
1277 4746 1436 4798 τοῦτο
1478 4748 1655 4812 δεῖξαι
1682 4767 1698 4783 ο
1734 4752 1816 4803 ὅτι

240 4823 514 4893 πολλαχοῦ
538 4827 637 4894 τῆς
668 4827 914 4897 Γραφῆς,
947 4833 1040 4883 καὶ
1066 4833 1095 4884 ὀ
1118 4834 1349 4902 ἀζυμος,
1380 4836 1542 4905 ἄρτος
1574 4838 1812 4906 λέγεται.

238 4916 378 4983 Φησὶ
411 4916 518 4984 γὰρ
550 4920 580 4986 ή
620 4918 743 4985 ἱερά
778 4920 972 4990 Γραφή
1001 4938 1014 4950 ·
1054 4942 1072 4974 ι
1115 4925 1222 4976 Kal.
1252 4925 1432 4978 λαϐὼν
1463 4930 1589 4991 τοὺς
1616 4930 1816 4998 ἄρτους

240 5008 366 5069 τοὺς
396 5005 660 5077 ἀζύμους.
696 5028 716 5061 ι
751 5012 861 5064 Καὶ
906 5014 988 5065 ἔτι
1020 5015 1077 5068 ὲν
1107 5020 1172 5085 τῇ
1217 5018 1436 5089 Ἐξὸὀῳ,
1471 5038 1489 5072 ι
1521 5022 1680 5092 Λήψῃ
1720 5040 1816 5092 μο-

240 5098 466 5167 σχάριον
506 5103 571 5153 ὲκ
612 5101 749 5170 βοῶν
787 5104 866 5170 ἓν,
906 5108 998 5159 καὶ
1047 5110 1238 5175 κριοὺς
1280 5111 1546 5181 ἀμώμους
1572 5113 1686 5179 δύο,
1724 5116 1819 5169 καὶ

239 5188 441 5259 ἄρτους
486 5192 731 5263 ἀζύμους
767 5199 1195 5267 πεφυραμένους
1236 5202 1421 5271 ἐλαίῳ,
1458 5207 1553 5257 καὶ
1605 5206 1818 5270 λάγανα

239 5281 426 5350 ἄζυμα
456 5286 796 5354 κεχρισμίνα
843 5290 903 5341 ἐν
950 5292 1115 5360 ἐλαίῳ
1148 5294 1483 5366 ’.σεμίδαλιν
1514 5299 1580 5349 ἐκ
1626 5299 1817 5367 πυρῶν

240 5374 487 5435 ποιήσεις
512 5375 675 5441 αὐτὰ,
702 5379 795 5430 καὶ
824 5379 1117 5450 ἐπιθήσεις
1142 5383 1283 5437 αὐτὰ
1317 5387 1411 5437 ἐπὶ
1447 5385 1645 5441 κανοῦν
1674 5389 1755 5442 ἓν.
1788 5407 1807 5442 t

142 5480 147 5483 λ
235 5461 351 5515 Καὶ
385 5462 503 5531 μετ’
535 5465 716 5532 ὀλίγα,
763 5486 783 5518 ι
822 5469 933 5522 Καὶ
982 5472 1125 5541 λήψῃ
1158 5474 1320 5543 ἄρτον
1368 5476 1464 5530 ἕνα
1499 5476 1557 5541 ἐξ
1600 5478 1810 5546 ἐλαίου,

236 5552 334 5607 καὶ
362 5552 596 5622 λάγανον
622 5556 681 5611 ἓν
704 5558 813 5612 ἀπὸ
836 5560 931 5615 τοῦ
962 5563 1130 5618 κανοῦ
1159 5565 1264 5623 τῶν
1294 5568 1520 5639 ἀζύμων
1545 5571 1655 5626 τῶν
1679 5589 1811 5643 προσ

308 5736 386 5807 (l)
423 5738 631 5811 Contra
656 5740 954 5823 Ephesium

1921 3286 2119 3339 corpus
2144 3288 2332 3336 suum,
2368 3288 2476 3326 non
2512 3283 2692 3327 tamen
2722 3288 3001 3344 azymum.
3030 3276 3369 3330 Erubescant
3402 3280 3497 3344 qni

1920 3365 1978 3417 in
2013 3362 2286 3416 sacriﬁcio
2322 3378 2546 3431 azymos
2572 3363 2852 3417 adhibent.
2896 3382 2916 3415 ι
2950 3364 3007 3417 ld
3040 3374 3094 3417 nt
3123 3364 3364 3418 terribile
3389 3368 3498 3419 ad-

1919 3454 2139 3508 modum
2166 3455 2233 3506 ab
2265 3470 2330 3507 co
2358 3455 2585 3516 dictum,
2614 3468 2832 3508 sursum
2873 3455 3133 3517 deorsum
3163 3456 3280 3522 ejus
3316 3467 3497 3510 secta-

1927 3556 2076 3601 tores
2108 3546 2425 3614 objertant;
2460 3554 2624 3615 atque
2673 3547 2721 3599 is
2773 3546 2980 3613 aliquid
3028 3546 3242 3601 videtur
3274 3548 3493 3615 dicere,

1922 3640 1997 3693 nil
2038 3651 2218 3693 autem
2267 3640 2421 3700 dicit,
2488 3650 2544 3693 ut
2598 3640 3084 3694 demonstrabitur.
3137 3640 3349 3693 Etenim
3394 3656 3495 3696 nos

1918 3750 2041 3789 cum
2070 3734 2316 3803 discipuli
2350 3732 2472 3803 ejus
2513 3733 2709 3799 simus,
2740 3734 2832 3802 qui
2866 3732 3019 3797 dicit,
3072 3732 3264 3787 Pacem
3311 3734 3499 3804 sequi-

1923 3828 2079 3890 tnini,
2131 3827 2332 3896 injuria
2364 3842 2488 3879 cum
2533 3842 2640 3879 non
2684 3828 2948 3880 allicimus
2988 3826 3089 3896 (l),
3127 3838 3184 3879 ut
3223 3827 3309 3878 ille
3346 3842 3446 3882 nos
3477 3844 3495 3881 :

1920 3920 2011 3974 sed
2046 3920 2326 3987 responsio
2359 3929 2587 3982 tantum,
2624 3934 2789 3985 quam
2826 3918 3092 3971 adversus
3133 3917 3252 3985 ejus
3281 3931 3496 3970 sermo-

1920 4026 2016 4064 nes
2051 4009 2340 4063 sileremus
2366 4046 2382 4074 ,
2417 4024 2515 4078 pro
2551 4009 2746 4075 injuria
2800 4007 3142 4075 reputabitur
3186 4025 3199 4061 :
3237 4008 3331 4076 qui
3366 4020 3491 4062 cum

1918 4104 2233 4172 magistrum
2269 4117 2327 4155 se
2362 4117 2483 4156 esse
2512 4102 2789 4169 opinetur.
2821 4116 2849 4153 a
2880 4101 3059 4163 nobis,
3091 4102 3184 4167 qui
3208 4099 3352 4153 docti
3386 4117 3490 4152 ttutl

1920 4212 2112 4250 sumus
2137 4237 2153 4261 ,
2185 4195 2548 4249 convincitur.
2580 4194 2703 4247 Ideo
2734 4192 2973 4247 dicimus
3001 4192 3149 4260 quod
3183 4191 3272 4245 ille
3304 4204 3491 4244 secum

1920 4304 2143 4343 versans
2188 4287 2466 4342 adversus
2508 4284 2832 4341 catholicam
2870 4283 3169 4338 Ecclesiam
3222 4281 3489 4344 scribere,

1918 4381 2265 4449 apertissime
2303 4379 2486 4447 lapsus
2517 4378 2570 4430 in
2625 4377 2963 4446 prrecipitem
3017 4374 3231 4429 foveam
3285 4385 3491 4440 pronus

1919 4472 2133 4525 cecidit.
2169 4470 2302 4523 Nam
2337 4484 2459 4522 cum
2492 4468 2740 4533 dixisset,
2774 4466 2939 4522 tVide
2964 4466 3108 4535 quod
3142 4478 3333 4535 panem
3366 4477 3490 4517 cor-

1920 4579 2020 4633 pus
2055 4580 2213 4617 suum
2243 4563 2394 4626 dicit,
2425 4577 2534 4615 non
2565 4576 2869 4630 azymum,»
2906 4559 3111 4613 oblitus
3138 4566 3224 4611 est
3258 4554 3404 4623 quod
3434 4563 3492 4610 et

1917 4671 2141 4726 azymus
2165 4658 2319 4723 panis
2341 4654 2661 4723 appellatur.
2690 4649 2880 4705 Visum
2910 4657 2994 4702 est
3016 4648 3161 4702 enim
3190 4647 3292 4714 ipsi
3315 4660 3492 4715 opor-

1918 4757 2037 4802 tere
2070 4763 2194 4801 cum
2227 4747 2354 4814 quis
2383 4760 2576 4815 panem
2614 4743 2765 4809 dicit,
2802 4742 2873 4797 de.
2914 4740 3245 4795 fermentata
3277 4746 3487 4792 tantum

1916 4840 2184 4907 intelligi;
2218 4851 2271 4893 at
2296 4840 2397 4892 hoc
2426 4836 2658 4906 probare
2690 4851 2798 4889 non
2833 4843 3033 4903 potest,
3059 4830 3188 4900 quia
3215 4830 3270 4885 in
3308 4830 3492 4884 multis

1921 4933 2220 4999 Scriptura:
2255 4930 2390 4983 locis
2420 4943 2647 4998 azymus
2695 4926 2860 4981 etiam
2913 4926 3069 4993 panis
3100 4926 3321 4978 dicitur.
3360 4923 3488 4991 quia

1918 5041 2073 5079 sacra
2110 5024 2393 5093 Scriptura
2425 5023 2583 5086 dicit,
2626 5040 2644 5072 ι
2684 5022 2837 5075 Tolle
2889 5034 3111 5090 azymos
3162 5032 3348 5085 panes;
3386 5034 3404 5065 ι
3436 5022 3486 5067 ιι

1916 5118 1970 5172 in
2015 5115 2224 5180 Exodo,
2268 5132 2286 5166 ι
2325 5116 2478 5170 Tolle
2524 5114 2761 5168 vitulum
2795 5128 2857 5166 ex
2893 5118 3148 5163 armento
3196 5120 3364 5161 unum
3388 5144 3403 5168 ,
3433 5112 3488 5159 et

1918 5212 2121 5263 arietes
2154 5210 2294 5263 duos
2346 5208 2754 5263 immaculatos.
2790 5214 3069 5273 partesque
3118 5214 3340 5267 azytnos
3367 5198 3486 5249 oleo

1920 5315 2269 5370 conspersos,
2301 5300 2491 5368 lagana
2530 5311 2747 5365 quoque
2775 5307 2965 5364 azyma
3003 5291 3125 5345 oleo
3156 5290 3249 5343 lita
3272 5329 3287 5355 ,
3313 5288 3381 5342 de
3409 5288 3487 5343 si-

1920 5393 2048 5446 mila
2113 5392 2321 5445 triticea
2358 5403 2556 5445 cuncta
2604 5388 2804 5450 iacies;
2837 5393 2891 5438 et
2940 5384 3112 5452 posita
3154 5381 3210 5435 in
3246 5379 3509 5435 canistro.

1918 5485 2136 5539 oneres.
2170 5502 2187 5534 ι
2222 5482 2287 5537 Et
2315 5492 2437 5552 post
2469 5494 2641 5549 pauca
2669 5496 2683 5531 :
2716 5496 2734 5529 ι
2772 5476 2951 5530 Tolles
2984 5474 3143 5543 panis
3168 5471 3331 5527 unius
3359 5486 3486 5525 cru-

1922 5574 2119 5629 stulam
2141 5586 2493 5642 conspersam
2518 5570 2664 5637 oleo,
2693 5568 2945 5637 laganum
2971 5580 3139 5619 unum
3161 5562 3230 5619 de
3245 5562 3485 5620 canistro
