3978 6204
426 296 563 366 1219
1563 275 1742 338 ῘΟΞΕ
1753 274 1885 334 PHl
1917 270 2050 333 ME']

2162 266 2471 330 )NENSIS
3535 245 3675 313 1220

425 422 704 483 azymum,
730 404 875 476 quod
908 401 1144 475 positum
1175 405 1260 453 est
1290 396 1347 452 in
1378 400 1673 461 conspectu
1714 386 1986 441 Domini.)
2021 390 2050 442 Α

2162 385 2424 456 θειμένων
2482 380 2667 438 Εναντι
2706 376 2937 450 Κυρίου.
2976 392 2996 427 ι
3060 372 3171 428 Καὶ
3221 367 3554 438 Θεοδώριτος
3597 368 3679 420 δέ.

432 464 515 559 X5
543 464 925 557 Theo-doritus.
958 496 1012 549 in
1045 490 1387 561 expositione
1433 486 1487 541 in
1535 483 1854 553 prophetam
1891 478 1996 531 Da—

2162 484 2254 552 ητῇ
2289 479 2548 549 ἐξηγήσει
2572 476 2639 546 τῇ
2672 475 2755 537 είς
2790 472 2882 526 τὸν
2908 470 3199 541 προφήτην
3222 464 3445 533 Δανιὴλ,
3481 464 3684 530 φησίν

428 595 538 651 niel
571 593 722 656 dicit,
759 587 952 642 (Panis
989 584 1191 639 dicitur
1224 581 1604 641 fermentatus,
1628 582 1681 629 et
1710 583 1993 642 azymus.»

2167 574 2370 641 Ἀρτος
2386 572 2495 639 γὰρ
2514 568 2760 636 λᾶγεται,
2790 565 2924 619 καὶὸ
2950 563 3185 632 ζυμίτης
3216 559 3312 613 καὶ
3334 559 3364 610 6
3390 555 3628 623 ᾶξυμος.
3660 569 3680 602 ι

430 685 595 741 Vides
626 693 684 738 ut
708 644 763 736 et
797 693 1020 750 azymus
1046 684 1277 731 vocatur
1302 669 1494 742 panis?
1519 665 1803 734 Quomodo
1837 663 2001 730 huius

2162 666 2302 736 »ρᾷςν
2335 664 2454 726 πῶς
2481 662 2578 715 καὶ
2603 661 2630 713 6
2653 659 2859 727 ᾶζυμος
2891 654 3055 725 ἄρτος
3089 651 3372 713 καλεῖταις
3400 644 3529 707 ἰιῶς
3555 648 3690 698 ἐπε-

670 788 749 837 es,
781 737 922 825 bone
944 737 1444 836 Nicephorel-Jure
1468 758 1811 828 Nicephorus
1845 767 2004 808 voca-
2028 752 2032 755 ’

2162 760 2269 814 ιθου
2292 755 2511 818 τούτου,
2566 752 2741 820 ἁγαθέ
2783 747 3110 818 Νικηφόρε;
3160 742 3403 801 Εἰκότως
3444 737 3694 806 ἐκλήθης

434 882 520 926 tus
555 884 633 930 es,
672 867 799 935 quia
834 865 887 916 in
927 861 1047 916 foro
1078 860 1328 913 sedentes
1361 854 1603 924 plebeios
1634 849 1886 904 homines
1919 845 1998 898 vi-

2162 850 2427 919 ικηφόρος
2453 865 2467 881 -
2513 846 2595 899 ὅτι
2634 845 2763 905 τοὺς
2810 839 3155 908 καθημένους
3189 837 3281 888 ἐπὶ
3312 833 3436 895 τοὺς
3463 832 3695 899 φόρους,

432 961 552 1017 cisti
586 958 684 1028 (Ι),
707 971 813 1010 non
842 954 933 1023 qui
954 954 1007 1007 in
1039 950 1257 1007 excelso
1285 948 1475 1002 sedent
1500 955 1549 999 et
1578 941 1805 996 rationis
1833 938 2005 1007 parti-

2162 944 2324 1004 ιὼτας
2353 936 2675 1008 ἀνθρώπους
2712 933 3002 1002 ἐνίκησας,
3061 930 3130 982 οὐ
3170 929 3284 996 μὴν
3308 926 3364 978 δέ
3397 926 3522 985 τοὺς
3553 939 3702 989 προ-

435 1015 753 1118 cipes‘sunt.
780 1015 884 1097 Sed
914 1042 1111 1111 aliquis
1140 1040 1373 1093 fortasse
1396 1038 1561 1099 dicet,
1587 1034 1698 1087 lmo
1725 1046 1822 1098 pro
1849 1029 2009 1083 nobis

2162 1035 2252 1103 ιθη
2265 1034 2461 1101 μένους
2492 1033 2549 1082 ἐν
2580 1026 2829 1097 ὑψηλοῖς,
2863 1023 2955 1077 καὶ
2987 1022 3116 1082 τοὺς
3158 1019 3426 1087 μετόχους
3454 1015 3550 1067 τοῦ
3591 1015 3705 1067 Δός

434 1142 537 1193 hoc
559 1149 642 1193 est
675 1155 688 1189 :
724 1151 847 1189 nam
881 1133 971 1187 ubi
1004 1108 1303 1201 apponitur
1328 1126 1678 1194 adjectivnm,
1705 1121 1777 1174 ibi
1808 1133 2010 1188 cogno-

2162 1145 2232 1181 δυ.
2272 1124 2414 1176 Ἀλλ’
2444 1125 2577 1183 ἴσως
2604 1120 2720 1188 ἐρεῖ
2748 1133 2852 1181 τις,
2885 1116 2965 1167 ὅτι
2988 1112 3128 1182 ὺπέρ
3158 1109 3317 1181 ήμῶν
3348 1109 3465 1159 ἐστι
3496 1108 3700 1157 τοῦτο·

437 1234 610 1288 scitur
645 1238 699 1283 et
728 1245 813 1282 res
848 1243 859 1278 :
909 1227 1001 1279 ubi
1054 1224 1272 1294 quidem
1310 1235 1432 1275 cum
1481 1216 1754 1286 adjective
1783 1212 2008 1283 ponitur

2162 1221 2239 1272 ilia
2269 1218 2378 1285 γὰρ
2423 1216 2630 1267 τίθεται
2661 1211 2842 1264 καὶτὸ
2889 1208 3161 1268 ἐπίθετον,
3198 1204 3316 1255 ἐκεῖ
3363 1198 3709 1268 γνωρίζεται

439 1324 620 1394 panis,
657 1322 707 1375 id
745 1328 829 1374 est
855 1286 1099 1387 azymus,
1135 1322 1265 1367 tunc
1297 1319 1379 1364 est
1427 1320 1479 1363 et
1522 1307 1850 1374 intelligitur
1884 1317 2009 1372 aly-

2162 1312 2209 1364 xl
2264 1310 2323 1362 τὸ
2363 1309 2622 1377 πρᾶγμα·
2684 1303 2815 1355 ἔνθα
2853 1301 2954 1369 μέν
2992 1297 3202 1349 τίθεται
3236 1294 3401 1362 ἄρτος
3434 1290 3575 1359 μετὰ
3610 1286 3710 1339 τοῦ

442 1431 599 1482 mus;
629 1413 718 1467 ubi
755 1426 885 1464 vero
921 1406 1248 1476 adjectivum
1283 1416 1385 1456 non
1417 1400 1663 1469 ponitur,
1691 1395 1745 1448 id
1777 1404 1861 1449 est
1889 1408 2013 1462 azy-

2162 1400 2405 1465 πιθὲτου,
2457 1400 2577 1466 ἦτοι
2627 1394 2722 1447 τοῦ
2770 1392 3002 1458 ᾶζυμος,
3050 1386 3160 1441 τότ’
3210 1386 3325 1439 ἐστὶ
3376 1383 3473 1435 καὶ
3499 1383 3712 1433 νοεῖται

442 1522 584 1570 mus,
625 1514 751 1558 tunc
785 1499 1095 1555 necessario
1136 1492 1456 1562 intelligitur
1498 1488 1884 1543 fermentatus.
1914 1484 2014 1539 Hic

2162 1496 2329 1563 ζυμος
2354 1508 2368 1522 ο
2417 1491 2548 1543 ἔνθα
2588 1490 2645 1541 δέ
2681 1488 2741 1539 οὗ
2774 1485 2983 1538 τίθεται
3009 1481 3069 1532 τὸ
3100 1478 3378 1539 ἐπίθετον,
3414 1476 3717 1528 τουτέστιν

444 1600 607 1668 igitur
630 1594 881 1650 Christus
920 1606 1045 1643 cum
1076 1586 1149 1641 nil
1176 1584 1321 1637 aliud
1360 1575 1724 1635 nominaverit
1751 1577 1853 1631 nisi
1880 1576 2016 1630 sint-

2162 1585 2348 1653 ζυμος,
2377 1581 2488 1635 τότ’
2523 1576 2838 1647 ἀναγκαίως
2866 1576 3074 1629 νοεῖται
3100 1574 3129 1625 6
3164 1570 3422 1639 ἔνζυμος.
3440 1566 3717 1621 Ἐνταῦοα

444 1660 659 1761 pliciter
688 1700 880 1755 panem
903 1721 919 1746 ,
951 1687 1137 1749 aperte
1168 1675 1395 1747 protulit
1437 1688 1559 1727 esse
1598 1670 2013 1725 fermentatum.

2162 1676 2307 1730 οίνυν
2343 1673 2440 1727 καὶ
2487 1672 2516 1724 6
2550 1668 2787 1742 Χριστὸς
2839 1666 2916 1737 μὴ
2967 1662 3317 1732 ἐπονομάσας
3352 1660 3486 1735 ἄλλο
3529 1661 3580 1711 εί
3642 1662 3717 1725 μὴ

443 1732 600 1836 iuste
629 1732 759 1843 ergo
806 1774 950 1843 apud
998 1768 1409 1838 Xanthopulum
1458 1765 1721 1834 scriptum
1756 1770 1842 1815 est
1871 1758 2014 1829 quod
2048 1747 2050 1797 Ῑ

2168 1769 2317 1831 πλῶς
2360 1768 2548 1837 ἄρτον,
2597 1732 3085 1834 διαρρήδηντεῖπεν
3136 1757 3212 1819 ὡς
3256 1732 3493 1821 ἐνξυμός
3538 1754 3718 1804 ἐστιν.

450 1886 641 1940 panem
666 1870 799 1922 dicit
828 1881 1028 1933 corpus
1063 1875 1245 1925 suum,
1282 1866 1597 1913 nontamen
1631 1866 1908 1924 azymum.
1946 1850 2016 1904 At

448 1979 547 2019 nos
565 1961 724 2015 facile
743 1957 1079 2013 contrarium
1104 1948 1631 2011 demonstrabimus,
1662 1945 1714 1998 id
1739 1952 1847 2005 est,
1870 1940 2017 2010 quod

450 2070 572 2108 cum
600 2051 755 2121 panis
780 2030 1101 2114 simpliciter
1120 2042 1318 2096 dicitur
1341 2039 1459 2105 sine
1484 2035 1773 2105 adjective,
1793 2044 2019 2102 azymus

450 2159 570 2199 esse
603 2140 874 2210 reperitur
896 2175 911 2198 ,
949 2150 1047 2189 nec
1076 2133 1313 2201 edugere
1342 2131 1544 2200 poteris
1575 2123 1982 2194 responsionem
2000 2156 2022 2187 ,

453 2251 578 2291 eum
630 2234 702 2287 sit
753 2230 1117 2301 apertissima.
1155 2225 1278 2278 Dies
1336 2218 1753 2276 resurrectionis
1804 2212 2022 2270 Domini

456 2326 616 2381 tertia
646 2324 760 2377 dics
794 2330 911 2376 erat
941 2319 1126 2389 legalis
1148 2313 1450 2376 Paschatis,
1484 2321 1543 2367 ut
1565 2308 1914 2379 evangelista
1943 2306 2030 2359 di-

456 2420 532 2471 cit
581 2430 704 2469 cum
751 2412 880 2467 Jesu
933 2411 1293 2478 colloquens:
1332 2423 1351 2456 ι
1390 2404 1457 2457 Ει
1493 2416 1636 2457 nunc
1685 2413 1850 2467 super
1904 2396 2022 2451 haec

457 2506 666 2571 omnia,
698 2503 855 2558 tertia
889 2501 1010 2555 dies
1038 2510 1123 2553 est
1151 2498 1308 2551 hodie
1335 2494 1478 2565 quod
1503 2494 1620 2546 haec
1650 2490 1792 2544 facta
1829 2498 1984 2543 sunt.
2003 2505 2023 2539 ι

477 2620 496 2654 ι
535 2600 592 2655 1η
626 2602 726 2655 hac
761 2601 925 2667 igitur
956 2596 1043 2649 die
1078 2594 1225 2647 ibant
1258 2591 1364 2645 duo
1394 2605 1458 2643 ex
1504 2585 1789 2655 discipulis
1827 2582 1947 2650 eius
1976 2582 2032 2635 in

462 2693 773 2756 castellum,
805 2688 949 2759 quod
985 2686 1176 2739 aberat
1209 2682 1384 2751 spatio
1414 2679 1718 2734 stadiorum
1751 2675 2033 2743 sexaginta

466 2787 534 2840 ab
550 2784 875 2847 Jerusalem,
900 2779 1122 2833 nomine
1152 2777 1405 2829 Emuttsn
1434 2774 1496 2825 Et
1518 2771 1681 2841 paulo
1711 2779 1834 2838 post
1860 2767 2029 2821 dicit:

472 2884 577 2931 «Ac
608 2880 891 2942 coegerunl
924 2885 1071 2934 eum,
1102 2866 1288 2921 Jesum
1319 2865 1545 2926 scilicet,
1585 2862 1855 2921 dicentes,
1878 2858 2037 2911 Mane

471 2969 790 3029 nobiscum;
832 2963 1088 3032 quoniam
1122 2957 1552 3024 advesperascit,
1586 2963 1641 3008 et
1672 2952 1929 3006 inclinata
1954 2956 2038 3002 est

470 3062 579 3134 iam
604 3061 740 3115 dies.
777 3056 976 3109 Eurum
1018 3053 1183 3119 igitur
1213 3048 1465 3118 precibus
1514 3060 1639 3100 cum
1671 3043 1994 3098 assensissct
2020 3078 2037 3105 ,

474 3151 717 3215 intravit,
766 3158 825 3203 ut
859 3154 1104 3201 maneret
1139 3141 1300 3197 simul
1340 3154 1463 3192 cum
1490 3139 1591 3193 eis.
1626 3137 1690 3189 Et
1724 3134 1927 3188 factum
1960 3141 2044 3185 est

476 3244 604 3297 dum
640 3240 983 3295 recumberet
1013 3251 1135 3290 cum
1171 3234 1273 3298 eis,
1301 3232 1510 3298 accepit
1542 3242 1757 3297 panem,
1789 3234 1841 3279 et
1878 3225 2044 3278 bene-

477 3329 636 3399 dixit,
670 3342 723 3387 et
748 3331 928 3401 fregit,
955 3337 1010 3383 et
1037 3324 1363 3397 porrigebat
1394 3323 1556 3376 illis.»
1591 3318 1656 3371 Et
1683 3325 1807 3388 post
1840 3330 2044 3383 pauca:

486 3425 584 3479 «Et
602 3429 1002 3492 cognoverunt,
1034 3419 1130 3477 ait,
1161 3417 1339 3482 ipsum
1370 3413 1420 3465 in
1454 3410 1718 3464 fractione
1749 3408 1905 3473 panis
1936 3403 2001 3467 ⁸⁵,
2024 3421 2042 3455 ι

480 3515 764 3580 Quodnam
793 3509 1079 3564 candidius
1112 3508 1212 3558 hoc
1244 3503 1326 3557 vel
1373 3501 1563 3569 purius
1589 3498 1848 3551 afferetur
1889 3511 2055 3563 argu-

484 3615 725 3660 mentum
771 3604 836 3657 iis
869 3600 960 3669 qui
992 3595 1322 3651 contendere
1370 3592 1584 3652 nolunt,
1635 3602 1733 3641 nec
1784 3584 2051 3640 scandala

487 3692 915 3765 amplectuntur?
935 3691 1134 3743 Panem
1161 3684 1479 3753 simpliciter
1504 3682 1592 3734 hic
1619 3681 1747 3733 dicit
1770 3680 1834 3730 D.
1858 3677 2056 3743 Lucas,

486 3803 665 3858 neque
714 3785 1140 3842 fermentatum,
1190 3790 1366 3845 neque
1422 3786 1703 3844 azymum.
1765 3769 2057 3835 Quodnam

486 3880 652 3949 igitur
676 3886 792 3930 erat
826 3873 1151 3941 cogitemus,
1190 3882 1285 3922 nec
1317 3865 1507 3920 oculos
1540 3867 1612 3916 ita
1654 3860 1919 3915 adversus
1951 3860 2061 3911 cla-

489 3973 707 4026 rissima
758 3966 1149 4027 occludamus;
1193 3974 1315 4015 nam
1356 3967 1413 4011 ut
1443 3956 1701 4025 cognitus
1735 3953 1803 4007 ab
1836 3951 1943 4005 illis
1978 3958 2063 4004 est

493 4063 547 4116 in
593 4061 861 4115 fractione
912 4056 1088 4125 panis,
1139 4054 1220 4107 sic
1251 4061 1303 4106 et
1333 4068 1361 4103 a
1393 4050 1554 4104 nobis
1586 4048 1970 4116 dignoscctur,
1992 4043 2062 4096 "si

492 4154 794 4222 disquirere
822 4148 1180 4206 voluerimus,
1210 4145 1336 4214 quia
1365 4158 1473 4196 non
1503 4141 1574 4194 ita
1602 4140 1823 4193 hebetes
1852 4150 2065 4200 sumus,

494 4253 555 4300 ut
583 4246 862 4297 veritatem
897 4254 1008 4294 non
1049 4239 1353 4290 videamus.
1391 4233 1656 4298 Quamvis
1680 4236 1825 4285 enim
1861 4228 1915 4282 in
1950 4227 2071 4296 phi-

496 4339 845 4405 losorihorum
889 4342 941 4385 et
975 4331 1254 4384 rhetorum
1285 4326 1480 4381 litteris
1503 4323 1703 4379 Versati
1736 4338 1839 4377 non
1867 4322 2062 4383 simus,

2135 1861 2349 1918 Οὐκοῦν
2378 1857 2564 1919 καλῶς
2591 1857 2810 1926 είρηται
2838 1852 2990 1919 παρὰ
3014 1849 3091 1919 τῷ
3117 1845 3499 1913 Ξανθοπούλῳ,
3516 1844 3601 1895 ὅτι
3623 1844 3724 1907 ἂρ-

2133 1973 2227 2010 τον
2275 1954 2426 2021 λέγει
2456 1950 2518 2002 τὸ
2568 1948 2731 2016 σῶμα
2769 1945 2957 2009 αὑτοῦ,
3015 1942 3075 1995 οὐ
3115 1940 3222 2011 μὴν
3274 1938 3513 2004 ἄζυμον.
3573 1933 3723 1986 Ἀλλ’

2134 2051 2298 2120 ἡμεῖς
2330 2044 2580 2113 δείξομεν
2623 2040 2823 2112 ῥᾳδίως
2856 2035 2920 2088 τὸ
2953 2032 3196 2088 ἐναντίον
3220 2047 3234 2061 ·
3264 2029 3356 2096 ζὼς
3389 2030 3521 2080 ὅταν
3550 2025 3721 2091 λέγη-

2135 2119 2226 2198 ται
2258 2141 2353 2193 καὶ
2388 2137 2572 2197 ἁπλῶς
2606 2134 2772 2203 ἄρτος
2804 2128 2973 2199 χωρὶς
3008 2124 3107 2178 τοῦ⁹
3150 2122 3431 2182 ἐπιθέτου,
3460 2119 3727 2187 εὑρίσκε-

2137 2255 2230 2291 ται
2262 2237 2472 2306 ἄζυμος
2499 2228 2662 2291 εἶναι,
2712 2229 2809 2283 καὶ
2838 2225 2899 2279 οὗ
2928 2224 3135 2292 δυνήσῃ
3167 2220 3363 2287 φυγεῖν
3391 2216 3496 2285 τὴν
3525 2214 3730 2285 ἀπολο-

2140 2332 2293 2401 γίαν,
2312 2323 2706 2398 φανερωτάτην
2731 2320 2924 2373 οὖσαν.
2948 2316 3016 2369 Ἥ
3042 2314 3226 2383 ἡμέρα
3249 2312 3349 2379 τῆς
3366 2306 3733 2367 ἀναστάσεως

2140 2395 2237 2476 τοῦ
2271 2395 2500 2488 κυρίου,
2537 2411 2607 2486 ἦν
2646 2412 2806 2481 τρίτη
2855 2408 3043 2476 ἡμέρα
3081 2402 3174 2455 τοῦ
3218 2400 3412 2467 Πάσχα
3444 2395 3545 2449 τοῦ
3572 2411 3732 2461 νομι-

2145 2512 2268 2576 κοῦ,
2301 2484 2375 2571 ὥς
2408 2484 2572 2575 φησιν
2617 2504 2646 2555 6
2690 2494 3107 2564 εὐαγγελιστὴς,
3154 2488 3543 2557 διαλεγόμενος
3592 2484 3734 2551 μετὰ

2146 2602 2242 2658 τοῦ
2283 2598 2482 2668 Ἰησοῦ,
2513 2595 2595 2662 τδ,
2630 2612 2649 2646 ι
2698 2592 2859 2645 Ἀλλά
2888 2606 2953 2656 γε
2983 2588 3080 2640 σὺν
3111 2585 3245 2636 πᾶσι
3267 2581 3501 2645 τούτοι·,
3536 2578 3734 2645 τρὲτην

2149 2695 2355 2756 ταύτην
2372 2692 2583 2761 ἡμέραν
2606 2688 2731 2755 ἄγει
2755 2685 2820 2751 σή
2831 2699 2895 2752 με
2906 2698 3017 2751 ρον,
3041 2680 3134 2747 ἀφ’
3156 2673 3217 2728 οὗ
3239 2674 3414 2728 ταῦτα
3443 2672 3691 2737 ἐγένετο.
3710 2687 3729 2720 ι

2161 2788 2253 2840 Ἐν
2282 2785 2421 2853 αὐτῇ
2463 2779 2556 2836 οὖν
2588 2783 2654 2849 τῇ
2706 2777 2887 2847 ἡμέρᾳ
2933 2770 3076 2843 ἦσαν
3123 2768 3488 2835 πορευόμενοι
3545 2763 3642 2814 δύο
3672 2762 3736 2813 ἐκ

2150 2878 2262 2932 τῶν
2300 2874 2558 2947 μαθητῶν
2591 2870 2779 2934 αὐτοῦ,
2813 2870 2894 2931 είς
2921 2866 3114 2933 κώμην
3138 2862 3456 2929 ἀπέχουσαν
3480 2855 3737 2913 σταδίους

2153 2945 2419 3038 ἑξήκοντα
2448 2965 2555 3019 ἀπὸ
2585 2961 2962 3032 Ἰερουσαλὴμ,
3033 2958 3206 3024 ὄνομα
3235 2949 3539 3021 Ἐμμαούς.
3576 2965 3595 2999 ι
3623 2945 3739 2999 Καὶ

2159 3063 2297 3131 μετὰ
2339 3060 2539 3130 μικρόν
2571 3074 2707 3125 φησι
2736 3070 2750 3085 ⁸
2795 3073 2813 3106 ι
2856 3054 2968 3105 Kal.
3002 3047 3416 3115 παρεϐιάσαντο
3441 3041 3613 3101 αὐτὸν,
3635 3039 3739 3106 δη-

2150 3156 2327 3208 λονότι
2354 3152 2446 3204 τὸν
2490 3150 2723 3221 Ἰησοῦν,
2754 3148 3028 3211 λέγοντες,
3066 3144 3261 3195 Μεῖνον
3293 3137 3415 3205 μεθ’
3449 3134 3629 3203 ήμῶν,
3650 3133 3744 3183 ὅτι

2152 3249 2292 3308 ποῖις
2330 3244 2573 3313 ἑσπέραν
2612 3241 2748 3298 ἐστὶ.
2785 3240 2880 3292 καὶ
2911 3237 3164 3290 κέκλικεν
3199 3236 3231 3301 ἡ
3262 3224 3742 3299 ήμέρα.Ἐπινεύ-

2159 3357 2259 3398 σας
2294 3336 2388 3389 οὖν
2436 3338 2501 3405 τῇ
2538 3333 2755 3400 αἰτήσει
2788 3329 2987 3389 αὐτῶν,
3022 3324 3240 3392 είσῆλθε
3284 3319 3381 3373 τοῦ
3423 3320 3604 3386 μεῖναι
3642 3314 3742 3366 σὺν

2154 3434 2358 3490 αὐτοῖς.
2393 3429 2504 3480 Καὶ
2539 3426 2756 3492 ἐγένετο
2786 3424 2843 3473 ἐν
2872 3421 2952 3489 τῷ
2983 3414 3381 3482 κατακλιθῆναι
3418 3407 3589 3462 αὐτὸν
3621 3419 3743 3473 μετ’

2156 3524 2356 3585 αὐτῶν,
2391 3519 2575 3572 λαϐὼν
2601 3518 2691 3571 τὸν
2721 3516 2887 3584 ἄρτον
2919 3514 3183 3576 εὐλόγησε
3208 3525 3225 3539 ο
3258 3509 3351 3559 καὶ
3377 3504 3588 3561 κλάσας
3616 3499 3747 3549 ἐτιτ-

2157 3616 2300 3669 δίδου
2350 3613 2554 3671 αὐτοῖς.
2598 3627 2616 3659 ι
2654 3608 2766 3661 Kal.
2805 3605 2923 3672 μετ’
2956 3602 3136 3669 ὀλίγα,
3172 3618 3189 3649 ι
3220 3599 3328 3651 Καὶ
3359 3596 3437 3656 ὡς
3470 3589 3747 3658 ἐγνώσθη,

2161 3706 2352 3774 φησὶν,
2390 3702 2575 3763 αὐτοῖς
2609 3701 2665 3750 ἐν
2697 3700 2763 3765 τῇ
2796 3695 2989 3748 κλάσει
3035 3693 3129 3743 τοῦ
3163 3692 3351 3758 ἄρτου.
3394 3705 3413 3738 ι
3455 3684 3665 3736 Τούτου
3696 3679 3749 3733 τί

2165 3798 2231 3850 ἂν
2269 3799 2480 3859 γένοττο
2527 3791 2852 3857 λευκότερεν
2907 3787 2939 3855 ἢ
2993 3782 3379 3851 καθαρώτερον
3427 3776 3749 3842 γνώρισμα,

2162 3891 2276 3950 τοῖς
2309 3888 2382 3955 μὴ
2410 3884 2743 3953 φιλονεικεῖν
2783 3868 3046 3943 ἐθέλουσι,
3093 3876 3188 3928 καὶ
3231 3874 3344 3934 τοῖς
3371 3872 3439 3923 τά
3468 3866 3750 3921 σκάνδαλα

2169 3981 2243 4049 μὴ
2280 3977 2571 4045 ἀγαπῶσιν
2600 3991 2614 4041 ;
2658 3972 2874 4033 ’Δπλῶς
2905 3970 3071 4039 ἄρτον
3107 3967 3258 4034 λέγει
3288 3960 3520 4015 ἐνταῦθα
3549 3960 3578 4011 6
3602 3957 3753 4019 θεῖος

2166 4072 2383 4133 Λουκᾶς
2408 4086 2423 4101 ο
2456 4068 2554 4122 καὶ
2596 4065 2721 4121 οὔτε
2768 4063 3005 4131 ἐνζυμον
3051 4060 3225 4126 λέγει,
3258 4055 3372 4110 οὔτ’
3407 4054 3639 4122 ἄζυμον.
3688 4051 3756 4106 Τί

2168 4167 2277 4235 ἄρα
2307 4161 2396 4236 ἦν,
2449 4162 2820 4229 ἐννοήσωμεν,
2854 4157 2949 4210 καὶ
2988 4157 3063 4223 μὴ
3094 4153 3221 4216 τοὺς
3262 4148 3576 4220 ὀφθαλμοὺς
3603 4162 3761 4216 my.-

2173 4258 2431 4328 μύσωμεν
2453 4252 2595 4306 οὕτω
2616 4252 2753 4320 πρὸς
2778 4252 2846 4302 τὰ
2869 4249 3146 4317 φανᾶτατα
3170 4263 3183 4276 ο
3213 4244 3310 4299 καὶ
3334 4242 3443 4312 γὰρ
3474 4240 3551 4302 ὡς
3579 4239 3759 4304 ἐγνώ-

2173 4326 2275 4415 σθη
2311 4346 2497 4405 αὐτοῖς
2531 4344 2589 4395 ἐν
2614 4343 2679 4409 τῇ
2719 4339 2909 4392 κλάσει
2941 4334 3036 4389 τοῦ
3087 4336 3275 4401 ἄρτου,
3312 4330 3457 4383 οὕτω
3490 4328 3590 4380 καὶ
3615 4326 3759 4394 ἡμῖν

496 4438 552 4482 at
577 4439 825 4481 naturam
855 4423 1025 4491 ipsam
1051 4436 1148 4488 pro
1164 4421 1388 4474 doctore
1418 4417 1577 4472 nobis
1606 4413 2050 4484 comparavimns

2177 4413 2574 4505 γνωσθήσεται,
2608 4432 2657 4482 εἱ
2696 4428 3001 4497 θελήσομεν
3032 4424 3324 4487 ἐξετάσαι·
3357 4420 3418 4471 οὐ
3449 4419 3557 4486 γάρ
3586 4420 3761 4483 ἐσμεν

497 4536 618 4591 quae
645 4520 845 4587 optimc
883 4514 1166 4568 veritatem
1199 4513 1521 4580 dignoscere
1567 4516 1745 4576 potest
1777 4516 1828 4560 et
1864 4506 2064 4559 falsum

499 4625 817 4681 coarguere,
855 4617 909 4660 et
937 4606 1082 4675 quod
1119 4606 1311 4656 melius
1342 4611 1425 4655 est
1456 4616 1486 4653 a
1516 4600 1697 4669 pejure
1729 4599 2068 4653 discernere.

500 4702 639 4769 Quid
663 4715 792 4769 ergo
808 4695 1095 4752 dicemus?
1118 4694 1532 4747 Fertncntatuau
1558 4706 1695 4744 erat.
1727 4689 1907 4743 Absit.
1932 4688 2075 4753 Quo-

504 4809 631 4849 nam
668 4790 864 4844 modo?
894 4789 1077 4842 Tertia
1114 4796 1234 4840 erat
1264 4785 1379 4840 dies
1410 4784 1594 4850 legalis
1632 4782 1934 4845 Paschatis,
1976 4794 2075 4834 nec

506 4889 753 4956 poterant
776 4880 868 4943 qui
906 4894 1030 4932 cum
1055 4877 1181 4931 Jesu
1205 4878 1368 4930 simul
1400 4877 1553 4929 ibunt
1580 4873 1853 4941 Cleophas
1882 4882 1934 4925 et
1960 4871 2066 4925 Lu-

505 4992 621 5041 cas,
663 4974 766 5029 nisi
806 4986 1054 5042 azymqu
1101 4968 1242 5022 ferre
1282 4966 1350 5021 ab
1380 4968 1514 5020 urbe
1549 4964 1849 5019 Jerusalem
1889 4960 2073 5032 profe-

507 5068 603 5124 cti.
638 5086 658 5119 ι
696 5064 914 5135 Septem
946 5060 1166 5122 diebus,
1194 5058 1370 5127 inquit
1395 5058 1500 5119 lex,
1527 5069 1717 5124 azyma
1749 5052 2071 5115 comedetis,

506 5168 562 5213 et
600 5168 945 5227 nequaquam
999 5152 1342 5206 fermentata.
1392 5168 1411 5200 ι
1450 5148 1587 5202 Nam
1627 5146 1848 5208 subdit,
1891 5160 1909 5195 ι
1945 5142 2079 5208 Qui-

508 5263 746 5318 cumque
774 5244 1070 5300 comederit
1099 5238 1731 5307 fermentatum,perihit
1762 5236 1945 5290 anima
1979 5236 2072 5289 illa

509 5357 576 5396 ex
606 5337 793 5395 Israel.
831 5355 849 5386 ι
883 5335 941 5391 Si
975 5350 1104 5404 ergo
1146 5334 1260 5387 haec
1296 5348 1421 5388 vera
1466 5340 1632 5391 sunt,
1664 5344 1772 5397 quo
1806 5339 1966 5397 pacto
2003 5326 2077 5380 ibi

512 5431 689 5503 potuit
715 5428 1039 5484 fermentum
1070 5423 1317 5493 reperiri,
1348 5424 1463 5490 lege
1498 5428 1712 5475 vetante
1738 5418 1791 5471 id
1821 5417 2013 5472 conﬁci
2046 5431 2078 5470 a

512 5520 920 5593 quartadecima
980 5517 1067 5571 die
1130 5530 1304 5584 usque
1356 5514 1423 5568 ad
1477 5510 1790 5568 vicesimam
1849 5509 2079 5563 urimam

620 5656 666 5687 ⁸⁸
713 5655 846 5708 Luc.
878 5668 1030 5718 χειν,
1055 5651 1122 5704 ‘21
1164 5666 1324 5721 seqq.

591 5768 668 5841 (Ι)
689 5767 1057 5838 Nicephorus,
1085 5781 1244 5839 quasr
1272 5766 1475 5820 vincens
1506 5763 1702 5833 forum.

2176 4526 2431 4582 τοσοῦτον
2465 4523 2752 4583 ἀσύνετ’νι,
2788 4521 2929 4573 ὥστε
2963 4519 3034 4585 μὴ
3082 4516 3211 4568 ἰδεῖν
3241 4514 3341 4583 τὴν
3371 4511 3654 4581 ἀλήθειαν.
3696 4508 3759 4560 ει

2179 4618 2285 4685 γὰρ
2322 4614 2418 4667 καὶ
2467 4613 2543 4681 μὴ
2590 4606 2962 4679 φιλοσόφοιςῆ
2997 4606 3253 4673 ῥήτορσιν
3299 4600 3760 4669 ἐνετρυφήσαμιν

2178 4707 2377 4775 λόγοις,
2413 4702 2556 4757 ἀλλὰ
2591 4702 2690 4771 τὴν
2729 4698 2893 4767 φύσιν
2925 4697 3094 4765 αὐτὴν
3125 4692 3446 4748 διδάσκαλον
3491 4688 3761 4756 ἐπλουτή-

2184 4811 2400 4865 σαμεν⁶
2453 4796 2536 4847 ὅτι
2576 4792 2812 4861 μάλιστα
2865 4788 3097 4854 ξυνιδεῖν
3148 4783 3383 4851 τάληθὲς
3429 4782 3758 4849 δυναμένην,

2183 4889 2279 4943 καὶ
2310 4885 2589 4954 διελέγξαι
2624 4884 2684 4937 τὸ
2726 4882 2944 4950 ψεῦδος,
2980 4879 3073 4932 καὶ
3103 4879 3382 4947 διακρῖναι
3419 4875 3480 4928 τὸ
3509 4875 3762 4940 κρεῖττον

2181 4980 2292 5045 ἀπὸ
2336 4979 2431 5032 τοῦ
2484 4977 2751 5048 χείρονος.
2801 4973 2867 5026 Τί
2911 4968 3003 5025 οὖν
3038 4970 3315 5041 ἐροῦμεν;
3350 4967 3626 5035 Ἐνζυμον
3671 4961 3764 5035 ἧν,

2183 5075 2387 5141 ἄπαγε.
2435 5071 2559 5133 Πῶς
2594 5069 2741 5137 γάρ;
2778 5066 2947 5135 Τρίτη
2983 5061 3049 5132 ἧν
3070 5062 3254 5133 ἡμέρα
3276 5060 3371 5114 τοῦ
3402 5056 3631 5127 νομικοῦ
3655 5057 3767 5109 [ld-

2189 5182 2318 5235 σχα,
2350 5162 2449 5216 καὶ
2477 5160 2580 5213 οὐκ
2608 5158 2874 5229 ἠδύναντο
2920 5156 2969 5207 οί
3008 5149 3645 5220 συμπαραπορευόμενοι
3686 5142 3768 5212 τῷ

2196 5234 2400 5325 Ἰησοῦ,
2430 5250 2703 5312 Κλεώπας
2733 5264 2816 5315 τε,
2844 5247 2939 5301 καὶ
2979 5244 3218 5305 Λουκᾶς,
3253 5238 3574 5311 βαστάζειν,
3604 5236 3654 5289 sl
3692 5234 3768 5303 μή

2186 5349 2416 5417 ἄζυμον,
2435 5338 2847 5414 ἐρχόμενονάτιδ
2872 5334 3237 5407 Ἰερουσαλήμ
3257 5372 3271 5388 .
3300 5350 3320 5382 ι
3341 5327 3768 5398 Ἐπτὰήμέραίο

2189 5440 2356 5510 φησὶν
2380 5441 2409 5492 6
2428 5437 2614 5505 νόμος,
2643 5433 2824 5486 ἐδεσθε
2855 5429 2957 5493 ἄζυ
2968 5446 3064 5497 μα,
3088 5426 3183 5479 καὶ
3206 5424 3473 5494 μηδαμῶς
3498 5420 3760 5488 ἐνζυμα..

2189 5507 2301 5585 Kal.
2323 5528 2431 5599 γὰρ
2455 5526 2657 5593 ἐπάγει
2683 5539 2697 5554 ·
2724 5540 2746 5575 ι
2775 5523 2871 5585 Ὃς
2896 5519 2962 5573 ἂν
2989 5516 3140 5589 φάγῃ
3160 5514 3429 5586 ζυμωτδν,
3458 5507 3768 5577 ἐξολοθρευ-
