3978 6204
254 317 382 379 Ῑὲὶι

751 315 903 377 PRO
939 315 1148 379 CONC.
1189 312 1563 377 FLORENT.
1595 312 1763 377 CAP.
1809 314 1888 375 Π.
1931 313 2029 374 DE
2072 309 2323 372 AZYMO
2348 311 2444 370 ET
2488 308 3024 372 FERMENTATO.

3351 312 3488 379 1’22)

243 429 467 489 θήσεται
485 423 677 495 ἡψυχὴ
702 426 885 495 ἐκείνη
904 426 968 477 ἐκ
1001 425 1323 493 συναγωγῆς
1340 424 1475 476 υίῶν
1514 424 1758 493 Ἰσραήλ.
1792 442 1811 476 ι

1942 420 2165 475 neusis?
2194 420 2377 487 Itaque
2407 429 2528 475 erat
2560 435 2806 492 azymus.
2839 421 2897 477 Si
2923 422 3069 477 enim
3108 422 3489 489 fermentatus.

244 518 309 570 Εἰ
344 512 436 569 οὖν
482 514 635 569 ταῦτ’
684 515 885 585 ἀληθῆ,
922 518 1039 579 πῶς
1090 515 1323 583 ὤφειλεν
1354 515 1471 567 ἐκεῖ
1523 514 1814 584 εὑρεθῆναι

243 608 502 676 ἐνζυμον,
536 605 630 659 τοῦ
662 607 838 677 νόμου.
865 606 1200 669 κελεύοντος,
1230 607 1351 676 μηδέ
1383 606 1524 670 δλως
1558 607 1811 678 εὑρίσκε·

243 698 369 748 σθαι
409 695 517 747 ἀπὸ
548 695 650 765 τῆς
677 697 1305 766 τεσσαρεσκαιδεκάτης,
1334 697 1439 759 ἕως
1471 698 1572 765 τῆς
1597 700 1815 762 εἰκάδος

243 786 341 839 καὶ
373 790 522 853 μιᾶς.
552 786 644 838 τοῦ
684 788 851 857 μηνός
880 804 896 855 ;
936 788 1097 841 Ὥστε
1124 788 1330 857 ἄζυμος
1372 784 1461 858 ἦν.
1494 791 1554 842 Εἰ
1585 790 1685 857 μὲν
1719 792 1823 860 γὰρ

245 878 498 947 ἐνζυμος,
536 880 781 931 κάκεῖνοι
816 880 1152 949 παρανόμως
1181 881 1445 950 ἐποίησαν
1478 880 1821 950 προσφέρον-

246 986 335 1030 τες
359 970 593 1039 ἐνζυμον
628 974 695 1040 τῇ
726 971 838 1023 τῶν
885 970 1137 1039 ’Ᾱζύμων
1160 972 1344 1041 ἡμέρᾳ
1364 986 1379 1000 ·
1408 971 1501 1023 καὶ
1530 973 1558 1025 ὁ
1586 972 1821 1043 Χριστὸς

249 1060 579 1130 παραϐάτης
619 1062 915 1124 ἐδείκνυτο,
956 1063 1162 1123 κλάσας
1190 1062 1445 1132 ἕνζυμον,
1485 1064 1575 1115 καὶ
1603 1064 1821 1125 ἐπιδοὺς

248 1153 462 1215 αὐτοῖς’
486 1154 535 1206 εί
563 1154 608 1206 δ’
629 1154 859 1223 ἄζυμος,
878 1153 1068 1225 ὥσπερ
1102 1156 1196 1208 καὶ
1220 1151 1309 1224 ἡν,
1341 1156 1517 1225 μάτην
1539 1157 1820 1223 ἐγκαλεῖτε

250 1244 383 1311 ἡμῖν
416 1243 601 1298 λοιπόν
626 1262 642 1276 -
673 1247 767 1298 καὶ
791 1245 900 1314 γὰρ
930 1246 1223 1315 πληρωτὴς
1249 1246 1343 1299 τοῦ
1368 1247 1534 1316 νόμου
1561 1247 1824 1317 ὑπάρχων

248 1333 277 1384 ὁ
308 1334 561 1402 Χριστὸς,
592 1336 694 1387 οὐκ
729 1338 794 1388 ἂν
833 1336 1063 1389 ἔκλασεν
1095 1337 1283 1401 αὑτὸν,
1312 1340 1361 1390 εί
1394 1338 1516 1408 ⁴ᾔδει.
1552 1340 1633 1391 ὅτι
1668 1337 1823 1402 ἐνξυ-

254 1443 354 1496 μος
383 1422 451 1496 ἦν
469 1442 483 1456 ·
518 1428 642 1481 ἐπεὶ
668 1429 726 1479 ἐν
754 1431 874 1490 ταῖς
902 1430 1390 1499 ἁπηγορευμέναις
1417 1431 1649 1501 ἡμέραις
1676 1432 1825 1500 παρὰ

251 1518 346 1572 τοῦ
380 1508 544 1587 νόμου
590 1520 768 1573 ἐποίει
815 1518 995 1573 τοῦτο.
1039 1521 1305 1574 Κάκεῖνοι
1364 1521 1419 1574 δὲ
1444 1526 1513 1576 τὰ
1560 1521 1826 1576 Ἰουδαϊκὰ

1920 511 1957 564 ii
1990 511 2159 580 legem
2195 511 2489 565 violassent
2520 514 2905 565 fermentatum
2939 511 2991 566 in
3039 512 3127 566 die
3161 514 3486 584 Azymorum

1920 601 2219 667 offerendo,
2267 612 2321 658 et
2366 604 2626 659 Christus
2669 612 3046 673 transgressor
3098 607 3392 673 evaderet,
3443 610 3491 664 sl

1927 694 2315 749 fermentatum
2366 680 2614 763 fregiSset
2656 710 2723 748 ac
2772 695 3109 749 tradidisset.
3163 694 3219 749 Si
3266 712 3494 766 azytnus

1928 789 2012 854 (ut
2046 787 2207 855 erat),
2251 796 2454 839 temere
2487 790 2702 839 tandem
2740 801 2840 839 nos
2869 786 3135 840 incusatis
3167 802 3188 840 :
3216 803 3340 841 nam
3368 803 3492 842 cum

1928 888 2118 933 auctor
2156 878 2290 946 legis
2322 878 2683 947 adimplenda:
2711 876 2964 931 Christus
3005 888 3176 943 esset,
3223 893 3348 933 eum
3385 896 3492 933 non

1927 970 2196 1041 fregisset,
2220 971 2263 1023 si
2283 970 2663 1024 fermentatum
2687 984 2808 1024 esse
2830 970 3045 1033 scisset,
3074 986 3198 1023 nam
3226 972 3279 1024 in
3302 971 3495 1025 diebus

1928 1078 1956 1116 a
1990 1063 2105 1132 lege
2133 1062 2313 1116 vetitis
2342 1061 2393 1115 id
2428 1061 2736 1130 effecisset;
2770 1065 2804 1117 ii
2834 1078 2961 1118 vero
2994 1064 3137 1117 sicut
3158 1061 3333 1117 Judaei
3366 1078 3492 1118 seu-

1927 1155 2157 1219 tiebant,
2189 1161 2243 1208 et
2269 1154 2465 1224 legent,
2502 1164 2559 1207 ut
2600 1155 2903 1224 oportebat,
2948 1154 3259 1221 servabant,
3291 1170 3397 1209 non
3431 1170 3497 1209 eo

1929 1259 2171 1318 tempore
2198 1257 2428 1312 tantum,
2461 1247 2555 1301 sed
2578 1257 2631 1301 et
2665 1258 2786 1317 post
2813 1249 3277 1303 resurrectionem
3307 1257 3363 1303 et
3396 1248 3499 1302 Do-

1928 1340 2060 1394 mini
2085 1338 2542 1407 assumptionem.
2568 1337 2712 1406 Ergo
2736 1354 2799 1393 ex
2831 1339 2913 1393 his
2938 1340 3191 1393 omnibus
3218 1339 3495 1409 sequitur,

1928 1446 2177 1500 azymum
2214 1430 2516 1493 exstitisse,
2551 1431 2643 1498 qui
2680 1444 2709 1482 a
2743 1427 2874 1484 Jesu
2908 1429 3114 1484 fractus
3134 1430 3347 1485 duobus
3408 1429 3496 1483 di-

1938 1520 2164 1590 seipulis
2201 1522 2434 1575 traditus
2465 1530 2568 1575 est.

253 1613 333 1667 ἔτι
384 1613 666 1683 ἐφρόνουν,
702 1614 798 1667 καὶ
842 1615 935 1668 τὸν
965 1614 1155 1684 νόμον,
1188 1616 1265 1679 ὼς
1318 1615 1426 1669 εδει
1481 1618 1733 1687 ἐτήρουν,
1766 1618 1827 1670 οὐ
1856 1618 2015 1688 μόνον
2043 1618 2188 1681 τότε,
2221 1618 2355 1671 ἀλλά
2402 1617 2497 1670 καὶ
2531 1618 2671 1688 μετὰ
2702 1618 2803 1688 τὴν
2852 1617 3183 1685 ἀνάστασιν,
3241 1618 3340 1672 καὶ
3398 1618 3503 1688 τὴν

252 1709 345 1763 τοῦ
394 1709 598 1778 Κυρίου
634 1709 924 1779 ἀνάληψιν.
970 1710 1181 1764 Οὐκοῦν
1233 1711 1428 1765 ἕπεται
1474 1713 1563 1769 διὰ
1616 1714 1824 1768 τούτων
1857 1714 2113 1770 ἁπάντων
2160 1714 2371 1785 ἄζυμον
2403 1711 2544 1769 εῖναι
2621 1714 2714 1768 τὸν
2756 1714 2909 1785 παρὰ
2974 1715 3070 1770 τοῦ
3146 1716 3324 1787 Ἰησοῦ
3365 1718 3499 1770 κλα-

257 1804 452 1858 σθέντα
477 1804 570 1857 καὶ
593 1802 814 1857 δοθέντα
851 1806 964 1867 τοῖς
1002 1804 1127 1858 δυσὶ
1163 1804 1461 1877 μαθηταῖς.

998 1905 1082 1959 Η’.

327 1995 389 2047 Εἰ
420 1994 476 2046 δέ
502 2012 587 2057 τις
634 1995 879 2065 ἀνοήτως
918 1995 1012 2048 καὶ
1043 1995 1206 2069 τοῦτο.
1245 1997 1401 2069 εἴπῃ,
1453 1998 1535 2050 ὅτι
1584 1997 1689 2064 ἔξω
1724 1998 1825 2067 τῆς

266 2084 629 2155 Ἰερουσαλὴμ
684 2081 845 2153 ἦσαν,
902 2085 997 2137 καὶ
1062 2085 1327 2154 ἠδύναντο
1361 2086 1593 2156 ἐνζυμον
1632 2089 1828 2155 φαγεῖν

260 2180 446 2247 ἄρτον,
482 2176 845 2247 ἐνθυμηθήτω
872 2176 955 2230 δτι
981 2177 1198 2246 δνόμος
1229 2179 1419 2246 φησὶν,
1454 2196 1475 2228 ι
1496 2178 1587 2231 Ἐν
1627 2179 1829 2241 πάσαις

260 2273 382 2332 ταῖς
410 2269 675 2339 γειώραις
706 2270 799 2321 καὶ
835 2267 1123 2337 αὑτόχθοσι
1150 2268 1248 2335 τῆς
1274 2268 1379 2337 γῆς
1405 2283 1420 2299 ο
1456 2268 1550 2321 καὶ
1578 2270 1635 2319 ἐν
1665 2269 1829 2321 παντὶ

261 2361 672 2431 κατοικητηρίῳ
702 2360 878 2427 ὑμῶν,
910 2359 1090 2412 ἐδεσθε
1122 2359 1309 2426 ἄζυμα
1339 2359 1433 2412 καὶ
1457 2359 1516 2411 οὐ
1543 2359 1791 2425 ζυμωτόν
1810 2375 1825 2390 ·

260 2457 317 2519 ὃς
332 2455 380 2509 δ’
394 2455 459 2507 ἂν
483 2456 657 2525 φάγῃ,
684 2452 1203 2523 ὲξολοθρευθὴσεται
1224 2451 1283 2514 ἐξ
1319 2452 1536 2522 Ἰσραήλ
1564 2467 1610 2501 ο)
1641 2450 1830 2520 ὥσπερ

261 2550 368 2618 γὰρ
399 2549 457 2600 ἐν
488 2546 565 2615 τῷ
588 2547 791 2615 δείπνῳ
818 2545 875 2597 ἐν
904 2546 971 2614 τῇ
999 2543 1210 2614 ἑσπέρα
1248 2544 1341 2596 τοῦ
1375 2543 1699 2612 μυστηρίου,
1734 2541 1831 2593 λα-

262 2641 372 2694 ϐὼν
400 2640 491 2692 τὸν
524 2638 732 2707 ἄζυμον
761 2638 969 2689 ἐκεῖνον
998 2637 1182 2705 ἄρτον,
1214 2637 1308 2689 καῖ⁵
1350 2635 1558 2698 κλάσας
1586 2635 1829 2689 ἐπεδίδου

261 2732 379 2793 τοῖς
430 2728 719 2799 μαθηταῖς,
774 2725 969 2789 εἰπὼν,
1011 2743 1029 2776 ι
1084 2724 1314 2786 Λάϐετε,
1363 2725 1588 2792 φάγετε,
1635 2742 1653 2773 ι
1690 2722 1833 2775 οὕτω

264 2821 543 2876 κάνταῦθα
598 2822 823 2891 ἔπραξε.
861 2819 964 2872 Διὰ
1012 2817 1176 2871 τοῦτο
1224 2818 1319 2870 καὶ
1356 2815 1601 2884 ἔγνωσαν
1645 2815 1831 2878 αὐτὸν,

269 2914 609 2984 μεμνημένοι
646 2914 738 2965 τοῦ
771 2912 891 2965 τότε
925 2912 1261 2982 πραχθέντος
1288 2926 1300 2939 °
1333 2909 1536 2962 ὡσανεὶ
1568 2908 1838 2978 μελετῶν-

264 3024 357 3069 τες
394 3008 602 3076 ἡρέμα,
650 3005 707 3057 '0
740 3002 1060 3067 διδάσκαλός
1113 3004 1281 3064 ἐστιν,
1320 3003 1348 3053 ὁ
1398 3000 1494 3054 καὶ
1522 3004 1587 3070 τῇ
1632 3000 1837 3067 προλαο

268 3096 440 3165 δούσῃ
469 3095 558 3147 τὸν
576 3094 741 3163 ἄρτον
765 3092 966 3155 κλάσας
989 3090 1441 3160 τοιουτοτρόπιυς,
1471 3091 1567 3143 καὶ
1588 3088 1838 3152 δεδωκὼς

270 3192 379 3252 τοῖς
406 3189 672 3256 ἀδελφοῖς.
711 3186 1031 3253 Βουλόμενοι
1062 3185 1117 3237 δὲ
1158 3183 1399 3252 ἅψασθαι
1432 3182 1619 3245 αὑτοῦ,
1670 3183 1839 3248 ἄφανο

1852 1910 1901 1968 Β

2593 1905 2735 1963 VI".

2001 1998 2059 2052 Si
2092 2012 2218 2052 vero
2246 1996 2441 2051 stolide
2463 1996 2588 2065 quis
2632 1996 2859 2061 dixerit,
2894 2010 2989 2052 eos
3014 2005 3168 2052 extra
3195 1996 3495 2053 Jerusalem

1938 2090 2132 2156 fuisse,
2174 2098 2227 2143 et
2264 2090 2336 2142 ita
2388 2088 2774 2143 fermentatum
2812 2090 3095 2143 comedere
3151 2103 3343 2158 panem
3399 2105 3501 2159 po-

1940 2183 2134 2245 tuisse,
2161 2188 2375 2250 reputet
2406 2180 2549 2249 quod
2580 2180 2664 2234 lex
2701 2179 2831 2233 dicit
2863 2196 2876 2231 :
2915 2196 2934 2231 ι
2971 2179 3029 2233 In
3055 2179 3314 2235 omnibus
3337 2181 3501 2234 adve-

1933 2275 2020 2330 nis
2046 2283 2099 2329 et
2120 2273 2392 2343 indigenis
2424 2282 2602 2344 terrae,
2629 2281 2682 2326 et
2717 2272 2771 2326 in
2804 2271 2951 2325 omni
2973 2272 3287 2327 habitaculo
3320 2280 3501 2328 vestro

1932 2367 2237 2435 comedetis,
2286 2380 2498 2435 azyma,
2576 2380 2682 2418 non
2738 2364 3142 2418 fermentatum.
3188 2364 3509 2433 Quicunque

1933 2459 2257 2522 comederit,
2294 2458 2491 2527 peribit
2521 2472 2587 2511 ex
2610 2456 2799 2511 Israel.
2848 2475 2865 2507 ι
2903 2455 3036 2511 Nam
3064 2458 3229 2511 Veluti
3264 2457 3315 2510 in
3345 2470 3504 2510 omna

1933 2550 2144 2618 vesperi
2185 2548 2431 2618 mysterii
2494 2559 2735 2616 tempore
2797 2562 2988 2617 azymo
3021 2558 3238 2616 sumpto
3272 2561 3408 2615 pane
3455 2558 3509 2601 et

1936 2645 2109 2697 fracto
2142 2642 2445 2705 discubuit,
2475 2640 2760 2708 discipulis
2787 2640 2998 2701 dicens,
3038 2658 3057 2691 ι
3103 2639 3365 2708 Accipite,
3409 2652 3505 2692 co-

1936 2736 2157 2800 medite,
2191 2753 2209 2786 ›
2244 2735 2323 2788 sic
2373 2744 2425 2787 et
2470 2733 2575 2786 hoc
2628 2732 2748 2785 loco
2790 2731 2936 2785 fecit.
2970 2730 3177 2785 Idcirco
3229 2743 3503 2799 cognove-

1935 2836 2062 2881 runt
2086 2841 2233 2891 eum,
2259 2827 2310 2878 in
2356 2825 2669 2878 memoriam
2706 2826 3011 2877 revocando
3045 2838 3162 2891 qum
3214 2833 3327 2875 tum
3358 2830 3511 2889 gesta

1940 2928 2087 2984 sunt,
2123 2918 2279 2987 quasi
2311 2917 2471 2969 tacite
2518 2930 2702 2968 secum
2740 2914 3086 2977 meditantes,
3122 2911 3219 2967 Hic
3252 2913 3511 2981 magister

1940 3020 2023 3065 est
2049 3012 2139 3080 qui
2169 3010 2253 3061 die
2284 3008 2555 3077 superiori
2591 3022 2783 3074 panem
2817 3008 2999 3077 fregit,
3033 3006 3224 3060 eodem
3262 3006 3424 3059 modo
3454 3013 3509 3059 et

1944 3091 2205 3154 fratribus
2236 3099 2477 3162 tradidit,
2518 3108 2569 3151 et
2624 3112 2745 3150 cum
2781 3098 3085 3152 voluissent
3118 3113 3241 3151 eum
3292 3109 3514 3165 tangere

1942 3194 2183 3247 evanuit.
2248 3186 2351 3243 Sed
2404 3190 2680 3257 quomodo
2740 3189 3111 3255 intelligamus
3165 3188 3231 3241 de
3282 3189 3515 3256 panibus

267 3296 357 3341 τος
394 3277 489 3331 ἀπ’
531 3276 712 3331 αὐτῶν
766 3274 1001 3340 ἐγένετο.
1040 3273 1109 3323 “Il
1166 3272 1283 3332 πῶς
1324 3273 1672 3338 ἐννοήσωμεν
1712 3272 1835 3332 τοὺς

1946 3284 2361 3350 propositionis,
2400 3284 2464 3333 de
2492 3281 2691 3347 quibus
2745 3278 2878 3333 dicit
2938 3280 3193 3334 Christus
3222 3280 3399 3349 capite
3425 3295 3515 3334 se-

267 3370 467 3437 ἄρτους
491 3368 589 3436 τῆς
620 3363 952 3432 προθέσεως,
982 3361 1111 3427 περὶ
1145 3353 1218 3411 ὧν
1247 3360 1274 3410 δ
1309 3359 1546 3428 Χριστὸς
1578 3357 1749 3422 λέγει,
1781 3358 1838 3408 ἐν

269 3460 551 3528 κεφαλαίῳ
579 3452 813 3523 εἰκοστῷ
840 3452 1091 3520 τετάρτῳ
1122 3451 1215 3503 τοῦ
1264 3448 1652 3516 εὐαγγελιστοῦ
1685 3449 1843 3515 Μᾶρ-

268 3566 402 3616 κου;
428 3549 566 3616 Φησὶ
588 3547 696 3616 γὰρ
723 3547 858 3616 πρὸς
881 3546 1004 3609 τοὺς
1023 3544 1327 3607 Ἰουδαίους,
1345 3541 1699 3604 ὀνειδίζοντας
1716 3541 1842 3599 τοὺς

277 3640 618 3704 ἀποστόλους
637 3640 917 3701 τίλλοντας
939 3638 1068 3700 τοὺς
1102 3637 1363 3705 στάχυας,
1392 3634 1538 3686 ιΟὺκ
1570 3634 1839 3698 ἀνέγνωτε

268 3735 324 3787 τί
348 3734 570 3803 ἐποίησε
588 3731 773 3796 Δαθὶδ,
793 3732 880 3783 ὅτε
914 3729 1103 3799 χρείαν
1134 3728 1256 3797 ἔσχε
1280 3744 1295 3759 ο
1328 3730 1419 3778 καὶ
1442 3724 1727 3777 ἐπείνασεν
1747 3723 1842 3774 αὐ-

269 3827 361 3889 τὸς
390 3825 480 3877 κα)⁸
509 3826 558 3876 οῖ
603 3825 718 3891 μετ’
748 3821 955 3887 αὐτοῦ,
995 3819 1118 3881 Πῶς
1150 3817 1400 3885 εἰσῆλθεν
1443 3817 1522 3878 είς
1571 3815 1661 3865 τὸν
1692 3811 1840 3867 οἷκον

267 3914 367 3968 τοῦ
394 3912 531 3966 Θεοῦ
562 3913 656 3965 ἐπὶ
695 3909 964 3979 ’Δϐιὰθαρ
996 3907 1323 3977 ἀρχιερέως,
1358 3905 1454 3959 καὶ
1482 3907 1604 3967 τοὺς
1644 3904 1843 3973 ἄρτους

268 4006 372 4076 τῆς
413 4004 724 4075 προθέσεως
747 4002 974 4071 ἔφαγεν,
1000 3998 1093 4062 οὓς
1130 3999 1227 4051 οὐκ
1257 3998 1434 4062 ἔξεστι
1465 3998 1660 4065 φαγεῖν
1691 3998 1739 4047 εί
1769 3994 1843 4064 μὴ

269 4102 382 4161 τοῖς
413 4097 617 4169 ἱερεῦσι
673 4096 877 4162 μόνοις,
913 4095 1008 4147 καῖ⁵
1051 4094 1221 4146 ἔδωκε
1261 4091 1354 4143 καὶ
1406 4091 1519 4151 τοῖς
1549 4090 1647 4141 σὺν
1693 4086 1841 4155 αὐτῷ

272 4187 465 4253 οὗσιν;
508 4207 529 4243 ι
580 4189 906 4259 Ἐρωτῶμεν
944 4185 1038 4239 οὖν
1084 4185 1230 4253 ὑμᾶς
1259 4200 1270 4212 ·
1308 4183 1357 4236 οῖ
1405 4182 1563 4250 ἄρτοι
1611 4180 1757 4232 οὗτοι
1794 4182 1842 4232 οἱ

270 4284 370 4354 τῆς
403 4284 737 4353 προθέσεως,
767 4281 993 4348 ἐνζυμοι
1026 4280 1292 4348 ὑπῆρχον,
1320 4276 1353 4344 ἢ
1382 4276 1580 4342 ἄζυμοι
1607 4291 1621 4337 ;
1653 4274 1713 4325 Εἰ
1746 4272 1844 4342 μέν

275 4375 516 4445 ἐνζυμοι,
557 4374 897 4441 ίουδαῖζομεν
922 4372 1017 4425 καὶ
1043 4372 1202 4439 ἡμεῖς
1236 4367 1355 4419 καθ’
1384 4368 1523 4435 ὑμᾶς
1555 4364 1829 4433 ἐνζύμους

273 4471 469 4538 ἄρτους
508 4465 698 4519 θυσίαν
746 4462 1063 4523 ποιοῦντες·
1108 4463 1155 4512 εί
1208 4460 1254 4512 δ’
1293 4458 1494 4528 ἄζυμοι
1536 4453 1696 4528 ἦσαν,
1738 4456 1846 4524 ἄρα

1943 3374 2122 3426 cundo
2155 3374 2295 3440 apud
2321 3372 2562 3426 Marcum
2599 3372 3025 3439 evangelistam;
3058 3372 3192 3425 dicit
3244 3371 3391 3426 enim
3438 3372 3506 3425 ad

1944 3461 2162 3516 Judacos
2195 3463 2548 3530 obiurgantes
2584 3463 2863 3528 apostolos
2903 3462 3047 3531 quod
3104 3462 3286 3530 spiras
3347 3461 3510 3516 velle-

1944 3555 2074 3608 bant
2112 3570 2126 3607 :
2167 3552 2453 3620 Nunquam
2488 3553 2699 3619 legistis
2730 3553 2858 3620 quid
2894 3552 3082 3606 fecerit
3115 3552 3278 3605 llavid
3295 3552 3511 3622 quando

1946 3647 2325 3700 necessitatem
2365 3645 2577 3721 habuit,
2602 3654 2653 3697 et
2681 3643 2873 3697 esuriit
2906 3642 3041 3712 ipse,
3076 3651 3130 3696 et
3153 3642 3244 3711 qui
3280 3656 3404 3697 cum
3444 3656 3509 3697 eo

1943 3734 2439 3801 erantiquomodo
2464 3734 2711 3788 introivit
2739 3734 2792 3786 in
2832 3733 3051 3786 domum
3089 3732 3181 3785 Dei
3219 3732 3319 3785 sub
3346 3732 3513 3785 Allia-

1952 3828 2075 3881 tbar
2107 3826 2349 3893 principe
2403 3825 2770 3886 sncerdotum,
2821 3831 2872 3876 et
2909 3836 3078 3891 panes
3125 3821 3513 3890 propositionis

1949 3915 2322 3977 manducavit,
2359 3928 2498 3981 quos
2526 3928 2631 3965 non
2672 3912 2793 3965 licet
2832 3911 2938 3965 nisi
2964 3911 3343 3965 sacerdotibus
3362 3924 3513 3964 man-

1947 4009 2170 4072 ducare,
2198 4018 2250 4059 et
2292 4005 2439 4059 dedit
2470 4002 2551 4057 eis
2582 4003 2827 4070 quicum
2871 4016 2936 4056 eo
2971 4003 3166 4055 erant?
3217 4004 3513 4055 Perconta-

1948 4115 2071 4153 mur
2107 4098 2273 4167 igitur
2313 4113 2442 4158 vos,
2493 4094 3094 4164 panes‘propositionis
3135 4094 3514 4147 fermentatine

1949 4200 2104 4246 erant
2135 4206 2201 4242 an
2240 4188 2457 4258 azymi?
2486 4187 2540 4241 Si
2578 4184 2908 4246 fermentati,
2944 4199 3040 4238 nos
3069 4184 3235 4237 etiam
3262 4185 3511 4253 iudaiza—

1948 4299 2092 4347 mns,
2125 4290 2185 4335 ut
2238 4296 2334 4334 vos
2386 4277 2737 4341 existimatis,
2779 4278 2833 4329 in
2888 4276 3232 4331 fermentatis
3277 4274 3513 4345 panibus

1949 4375 2347 4431 sacrificantes.
2377 4373 2431 4426 Si
2469 4386 2597 4424 vero
2637 4371 2833 4441 azymi,
2871 4384 2999 4439 ergo
3052 4378 3105 4423 et
3149 4368 3323 4438 azymi
3351 4382 3517 4435 panes

1949 4476 2233 4521 vocantur.
2269 4465 2533 4519 Praeterea
2563 4463 2607 4516 si
2648 4462 2950 4515 fermentati
3005 4469 3163 4513 crant
3228 4474 3395 4528 partes
3440 4458 3514 4512 illi

274 4560 370 4613 καὶ
407 4560 457 4612 oi
507 4557 727 4626 ἄζυμοι,
761 4554 916 4625 ἄρτοι
962 4551 1279 4606 καλοῦνται.
1326 4551 1446 4601 Ἔτι
1482 4549 1529 4600 εί
1566 4548 1664 4619 μὲν
1696 4547 1835 4611 ἐνζυ-

1952 4557 2359 4631 propositionis,
2394 4554 2717 4609 sacrificium
2773 4554 2825 4604 in
2880 4550 3207 4605 fermentata
3240 4548 3515 4602 Christum

276 4667 368 4719 μοι
402 4645 543 4720 ἦσαν
576 4648 624 4699 οῖ
656 4646 813 4717 ἄρτοι
847 4646 1046 4698 ἐκεῖνοι
1084 4644 1184 4712 τῆς
1227 4641 1562 4712 προθέσεως,
1606 4641 1716 4694 ἔδει
1755 4643 1845 4693 τὸν

273 4741 509 4812 Χριστὸν
551 4738 759 4792 παῦσαι
807 4736 906 4806 τὴν
962 4735 1154 4788 θυσίαν
1208 4733 1308 4804 τὴν
1363 4734 1433 4785 δι’
1461 4733 1737 4801 ἐνζύμων,
1772 4732 1848 4794 ὡς

274 4833 511 4885 παλαιάν
539 4845 599 4883 τε
633 4831 726 4883 καὶΙ
758 4829 1018 4898 νόμιμον,
1046 4826 1132 4878 ῖνα
1160 4825 1235 4895 μὴ
1268 4825 1335 4877 τὰ
1365 4825 1529 4893 ὅμοια
1563 4826 1676 4885 τοῖς
1718 4824 1849 4876 Ἰου-

274 4925 446 4987 δαίοις
498 4922 764 4991 ποιῶμεν,
818 4921 913 4973 uel.
960 4917 1166 4989 ταύτην
1223 4917 1434 4983 διδάξαι
1496 4913 1744 4984 γίνεσθαι
1779 4913 1847 4967 δι’

276 5014 539 5083 ἀζύμων·
580 5015 629 5065 εί
673 5012 717 5064 δ’
749 5012 948 5081 ἄζυμοι
990 5005 1159 5079 ἦσαν,
1216 5010 1309 5060 καὶ
1340 5009 1369 5060 ὁ
1416 5006 1648 5073 ἄζυμος,
1684 5005 1847 5074 ἄρτος

277 5108 549 5161 καλεῖται.
589 5104 835 5174 Ἐδείχθη
850 5099 943 5157 οὖν
973 5102 1198 5165 ἱκανῶς,
1227 5101 1399 5168 ἀγαθέ
1428 5099 1741 5168 Νικηφόρε,
1766 5097 1849 5150 ὅτι

278 5201 373 5253 καὶ
403 5199 432 5251 ὁ
461 5198 670 5267 ἄζυμος
734 5196 897 5266 ἄρτος
930 5196 1173 5261 λέγεται,
1204 5194 1300 5247 καὶ
1330 5193 1469 5257 ἐστι,
1500 5191 1594 5244 καὶ
1624 5192 1845 5253 νοεῖται,

279 5297 449 5365 χωρὶς
478 5293 569 5346 τοῦ
600 5291 875 5344 ἐπιθέτου.
904 5290 1066 5342 Ὥστε
1109 5287 1282 5350 οὐδεὶς
1318 5286 1383 5339 ἂν
1428 5281 1486 5337 εὖ
1524 5283 1738 5353 φρονῶν
1771 5281 1848 5333 εῐ-

280 5402 394 5449 ποι,
431 5385 505 5447 ὼς
558 5384 619 5437 οὐ
652 5383 930 5449 δυνάμεθα
978 5380 1228 5449 ἐννοῆσαι
1288 5380 1497 5446 ἄζυμον
1538 5375 1605 5427 δι’
1652 5370 1713 5428 οὗ
1750 5375 1849 5442 τὴν

238 5486 241 5487 ⁷
283 5477 474 5531 θυσίαν
501 5476 755 5547 ἐποίησεν
784 5478 809 5528 ὁ
845 5476 1103 5545 Χριστὸς,
1137 5473 1223 5525 διὰ
1249 5471 1308 5523 τὸ
1332 5472 1425 5523 τὸν
1453 5467 1847 5536 εὐαγγελιστὴν

283 5571 459 5624 εἰπεῖν
492 5570 659 5640 χωρὶς
708 5567 803 5621 τοῦ
858 5566 1137 5628 ἐπιθέτου,
1180 5564 1347 5632 ἄρτον
1378 5560 1563 5613 λαϐεῖν
1592 5560 1682 5611 τὸν
1720 5558 1850 5629 Χρι-

285 5662 408 5715 στὸν
444 5664 512 5732 τῇ
558 5660 667 5713 τῶν
711 5658 961 5728 ’Λζύμων
1008 5657 1194 5727 ἡμέρᾳ
1231 5655 1325 5707 καὶ
1372 5656 1437 5722 τῇ
1468 5651 1584 5721 ὥρῃ
1613 5650 1704 5703 τοῦ
1735 5650 1847 5703 Πά-

285 5770 408 5823 σχα.
444 5753 687 5824 Ἀζυμος
712 5749 780 5825 ἦν
805 5752 915 5823 ἄρα
940 5752 1015 5815 ὡς
1047 5748 1284 5817 ἐδείχθη,
1330 5748 1423 5800 καὶ
1459 5745 1667 5813 ἄζυμον
1697 5744 1842 5797 ἐννο-

1952 4654 2145 4707 tollere
2175 4650 2480 4721 oportebat,
2513 4656 2777 4715 tanquam
2814 4653 3050 4698 veterem
3081 4654 3134 4697 et
3171 4642 3417 4711 legalem,
3450 4656 3518 4695 ne

1948 4746 2163 4800 Judaeos
2203 4742 2568 4803 imitaremur,
2603 4744 2658 4793 et
2683 4738 2735 4791 in
2781 4751 2971 4807 azyma
3006 4734 3338 4790 sacrificium
3361 4732 3519 4788 insti-

1950 4845 2099 4889 tuere
2133 4843 2188 4887 et
2238 4832 2553 4901 praecipere.
2614 4828 2671 4881 Si
2731 4828 2907 4899 azytni
2966 4835 3144 4890 erant,
3189 4840 3321 4896 ergo
3362 4824 3518 4897 panis

1948 4929 2107 4980 etiam
2124 4937 2346 4993 azymus
2359 4921 2677 4991 appellatur.
2696 4918 2768 4972 Su
2778 4918 3038 4974 liicienter
3056 4917 3223 4986 igitur
3234 4924 3515 4971 ostensum

1942 5026 2050 5083 est,
2086 5030 2118 5068 ο
2147 5016 2284 5067 bone
2315 5010 2642 5080 Nicephore,
2678 5009 2823 5079 quod
2876 5017 2930 5063 et
2980 5006 3136 5077 panis
3163 5004 3366 5058 dicitur
3391 5016 3517 5071 azy-

1954 5124 2101 5169 mus,
2130 5116 2182 5160 et
2211 5114 2317 5172 est,
2353 5103 2676 5173 intelligitur
2707 5102 2824 5157 sine
2848 5098 3137 5167 adjective.
3154 5092 3513 5159 Quamobrem

1950 5206 2111 5248 nemo
2171 5191 2412 5261 prudens
2453 5203 2691 5258 unquam
2751 5184 2954 5239 dixerit
3026 5196 3126 5235 nos
3173 5191 3515 5247 nequaquam

1953 5296 2111 5350 posse
2144 5279 2447 5349 intelligere
2472 5292 2747 5349 azymum,
2789 5275 2842 5328 in
2888 5286 2995 5341 quo
3038 5270 3363 5325 sacrificium
3393 5267 3519 5323 fecit

1950 5372 2245 5437 Christus;
2280 5372 2498 5440 etquod
2531 5372 2649 5423 sine
2692 5365 2960 5433 adjectivo
3000 5362 3137 5417 dixit
3164 5360 3515 5430 evangelista,

1954 5481 2149 5535 panem
2176 5466 2451 5532 accepisse
2498 5460 2773 5515 Christum
2818 5458 2874 5511 in
2926 5457 3016 5512 die
3059 5456 3412 5526 Azymorum,
3465 5459 3519 5507 et

1955 5556 2239 5612 Paschatis
2273 5564 2538 5621 tempore.
2584 5552 2826 5619 Azymus
2852 5563 2979 5619 ergo
3010 5555 3153 5611 erat,
3187 5555 3240 5601 et
3269 5550 3517 5615 aiymum

1956 5649 2331 5719 intelligimus,
2361 5655 2415 5700 ut
2473 5645 2583 5713 jam
2626 5650 2906 5697 ostensum
2954 5649 3057 5697 est.
3110 5637 3206 5695 His
3234 5638 3395 5707 igitur
3444 5635 3519 5690 ita

1957 5740 2242 5813 expositis,
2272 5736 2841 5808 argumentatiuncula
2866 5750 2895 5789 a
2917 5744 2968 5789 te
2990 5729 3400 5802 adducta,quod
3420 5743 3516 5783 oa-
