3978 6204
225 335 365 400 1225

212 548 580 617 προκείμενον
613 546 734 599 κατ’
769 548 875 616 ἐμὲ
909 548 1202 616 διεσάφησε
1226 564 1238 576 ·
1271 548 1374 620 τὴν
1417 549 1518 617 μὲν
1550 549 1678 616 γὰρ,
1709 547 1791 628 τῷ.

211 639 408 706 ἁζύμῳ
439 636 676 707 χρῆσθαί
725 655 879 706 φησι,
913 638 998 691 διὰ
1028 640 1088 691 τὸ
1134 639 1430 709 εἰλικρινές
1466 658 1525 693 τε
1559 642 1652 693 καὶ
1688 659 1787 695 κα-

212 731 534 800 θαρώτατον
565 731 662 799 τῆς
689 730 893 798 σαρκὸς
913 729 1005 783 τοῦ
1034 730 1240 800 Κυρίου
1269 745 1282 759 ·
1313 732 1393 783 ὅτι
1422 731 1700 798 ἄψαυστον
1725 748 1784 784 τε

213 826 311 876 καὶ
338 823 690 874 ἀνεπίδεκτον
717 823 910 892 μώμου
941 823 1172 885 παντός·
1203 823 1302 893 τὴν
1331 824 1406 889 δὲ,
1445 824 1522 893 τῷ
1546 823 1786 895 ὲνζύμῳ,

213 915 306 968 διὰ
333 915 433 981 τὴν
479 914 677 967 ἕνωσιν
723 915 821 983 τῆς
855 913 1106 983 θεότητός
1135 932 1193 967 τε
1226 915 1320 966 καὶ
1365 913 1787 985 ἀνθρωπὸτητος

209 1007 310 1072 τῆς
339 1004 506 1058 αὐτοῦ
537 1006 912 1067 ὑποστάσεως.
944 1005 1053 1057 Καὶ
1081 1005 1309 1068 εἰκότως
1332 1021 1347 1036 ⁸
1383 1004 1573 1077 ῶσπερ
1598 1007 1707 1076 γὰρ
1727 1006 1789 1058 τὸ

211 1099 424 1166 ἄζυμον
453 1095 781 1150 λεπτότατόν
804 1114 864 1149 τε
890 1097 982 1150 καὶ
1017 1096 1407 1166 καθαρώτατόν
1441 1099 1578 1161 ἐστι,
1615 1098 1702 1152 διὰ
1731 1098 1792 1151 τὸ

211 1190 341 1244 ἄνευ
383 1189 564 1257 ζύμης
611 1189 863 1254 γενέσθαι
906 1190 1061 1254 αὐτὸ,
1097 1188 1247 1258 ζύμη
1285 1190 1394 1259 γὰρ
1445 1191 1480 1260 ἡ
1535 1191 1792 1260 ἁμαρτία

214 1280 370 1351 παρὰ
402 1283 466 1350 τῇ
503 1280 688 1349 Γραφῇ
745 1279 982 1346 λέγεται,
1021 1280 1166 1334 οὕτω
1221 1281 1316 1334 καὶ
1349 1280 1408 1333 τδ
1441 1279 1536 1334 τοῦ
1580 1281 1788 1350 Κυρίου

141 1404 144 1406 -
217 1374 378 1442 σῶμα
425 1372 810 1443 καθαρώτατον
837 1373 918 1442 δν,
969 1374 1065 1427 καὶ
1109 1375 1463 1428 ἀνεπίδεκτον
1511 1375 1792 1443 ἁμαρτίας

215 1467 416 1536 πάσης,
448 1465 516 1518 δι’
549 1465 761 1534 ἁζύμου
804 1468 1192 1535 ίερουργεῖται.
1227 1467 1336 1519 Καὶ
1365 1465 1558 1537 ὥσπερ
1581 1469 1612 1520 ὁ
1637 1467 1792 1532 ἔνζυ-

218 1575 321 1627 μος
390 1557 480 1610 διὰ
528 1559 626 1628 τῆς
680 1557 860 1627 ζύμης
927 1560 1304 1628 ἀρτοποιεῖται
1346 1561 1441 1612 καὶ
1512 1563 1593 1623 είς
1659 1561 1790 1614 ὑπέ-

217 1668 413 1703 στασιν
444 1651 762 1720 παχυτέραν
792 1651 1023 1718 γίνεται,
1059 1651 1201 1704 οὕτω
1241 1654 1332 1705 καὶ
1353 1654 1412 1706 τὸ
1445 1653 1539 1707 τοῦ
1580 1656 1788 1722 Κυρίου

215 1741 379 1811 σῶμα
411 1743 501 1794 διὰ
540 1741 634 1794 τοῦ
685 1743 1007 1812 φυράματος
1052 1744 1149 1812 τῆς
1184 1744 1536 1815 ἀνθρωπίνης
1587 1748 1791 1818 σαρκὸς

687 335 838 398 PRO
877 335 1089 400 CONC.
1133 339 1508 400 FLORENT.
1563 340 1721 401 CAP.
1771 341 1982 432 ΙΙ,υὲ
2023 344 2274 405 AZYMO
2319 349 2416 409 ET
2458 351 2999 416 FERMENTATU.

211 453 479 526 δηλονότι,
515 453 608 505 καὶ
639 454 763 516 ταῖς
811 455 872 508 ἐν
912 457 978 525 τῇ
1015 454 1297 524 ’Λνατολῇ.
1337 456 1570 526 Ἀριστα
1602 456 1710 526 γὰρ
1739 456 1791 509 τὺ

1903 455 2123 526 inquam
2149 469 2201 513 et
2231 459 2564 518 Orientalem

2604 481 2618 518 :
2662 479 2785 519 nam
2814 466 3036 537 optime,
3071 476 3128 524 ut
3158 471 3274 539 ipse
3323 476 3470 530 arbi-

1895 555 2028 610 tror,
2065 547 2366 605 declaravit
2413 554 2558 622 quod
2593 571 2738 609 nunc
2790 560 3128 627 propositum
3179 571 3284 629 est,
3335 565 3473 620 hane

1897 652 2092 709 azyqu
2127 656 2282 695 usam
2315 658 2440 698 esse
2481 645 2558 699 ait
2584 657 2801 717 prepter
2823 649 3194 707 sinceritatem
3223 663 3279 708 et
3315 660 3469 725 puri-

1895 738 2062 786 tatem
2104 733 2292 789 carnis
2334 735 2577 804 Domini,
2607 740 2737 808 quia
2772 741 3033 797 immunis
3062 751 3116 798 et
3154 759 3347 816 expers
3386 762 3471 804 est.

1897 827 2076 881 omnis
2133 827 2254 882 vitii
2289 846 2304 883 :
2336 828 2484 885 illam
2523 831 2854 890 fermentato
2909 850 3130 908 propter
3169 840 3472 896 divinitatis

1896 925 1948 971 et
1971 916 2328 974 humanitatis
2357 921 2613 976 unionem
2651 924 2702 977 in
2737 925 2910 994 ipsius
2947 928 3226 998 hypostasi
3257 943 3271 984 :
3308 931 3477 1001 idque

1899 1008 2098 1062 merito
2128 1025 2142 1075 ;
2193 1025 2316 1063 nam
2346 1020 2406 1066 ut
2444 1026 2694 1083 azymum
2743 1017 3166 1074 subtilissimum
3203 1036 3268 1076 ac
3300 1023 3475 1092 puris-

1897 1099 2098 1154 simum
2159 1111 2262 1166 est,
2326 1104 2454 1170 quia
2513 1109 2634 1160 sine
2696 1111 2966 1163 fermento
2998 1112 3289 1168 conficitur
3323 1115 3470 1184 (nam

1895 1187 2166 1244 fermento
2213 1206 2312 1258 pro
2359 1201 2586 1260 peccato
2640 1193 2918 1265 Scriptura
2979 1199 3195 1269 utitur),
3269 1200 3349 1254 sic
3416 1211 3475 1256 et

1899 1280 2109 1337 Domini
2143 1297 2341 1352 corpus
2357 1298 2479 1338 eum
2511 1287 2862 1355 purissimum
2894 1302 2994 1345 nec
3014 1290 3246 1360 alicujus
3267 1294 3476 1360 peccati

1897 1375 2248 1441 perceptibile
2305 1377 2414 1441 sit,
2451 1377 2505 1430 in
2558 1380 2733 1448 azymi
2765 1383 3036 1437 sacrificio
3065 1383 3372 1450 conficitur,
3409 1399 3475 1438 ac

1899 1471 1962 1517 ut
2005 1463 2396 1519 fermentatum
2453 1483 2550 1536 per
2579 1469 2904 1525 fermentum
2942 1473 2996 1526 in
3041 1489 3233 1542 panem
3255 1491 3479 1530 conver-

1899 1557 2056 1622 titur,
2127 1567 2182 1611 et
2244 1561 2608 1616 substantiam
2674 1564 3004 1621 crassiorem
3069 1568 3236 1632 subit,
3293 1569 3372 1623 sic
3422 1578 3478 1624 et

1899 1646 2114 1702 Domini
2138 1665 2339 1719 corpus
2373 1668 2467 1720 per
2527 1654 2782 1709 humanae
2817 1658 3002 1712 carnis
3028 1660 3472 1729 eonspersionem

1897 1741 1954 1795 in
1988 1757 2152 1795 unam
2209 1742 2506 1798 divinitatis
2551 1757 2605 1799 et
2658 1749 3013 1803 humanitatis
3055 1767 3340 1820 personam
3374 1767 3474 1822 per

211 1836 295 1896 εἰς
329 1835 631 1888 ὑπόστασιν
663 1835 792 1901 μίαν
827 1835 1082 1904 θεότητος
1113 1854 1171 1888 τε
1214 1839 1309 1889 καὶ
1343 1839 1789 1908 ἀνθρωπὼητος,

1900 1832 2220 1887 fermentum
2270 1835 2568 1890 iudicatur.
2641 1839 2825 1908 Itaque
2892 1857 2988 1910 per
3044 1843 3372 1899 fermentum
3419 1856 3474 1900 et

211 1926 301 1978 διὰ
333 1924 426 1978 τοῦ
459 1924 692 1994 ἐνζύμου
720 1926 1056 1980 ἐνδείκνυται
1077 1944 1092 1960 ο
1126 1931 1218 1981 καὶ
1250 1928 1424 1992 οὕτως
1455 1930 1522 1983 δι’
1551 1930 1792 2000 ἐνζύμου

214 2035 277 2069 τε
311 2018 406 2069 καὶ
434 2015 644 2085 ἀζύμου
670 2016 729 2068 τὸ
755 2017 849 2068 τοῦ
878 2017 1083 2086 Κυρίου
1111 2018 1320 2084 γίνεται
1362 2020 1519 2088 σῶμα
1551 2021 1796 2091 ἀναμφι-

213 2109 421 2171 ϐόλως·
463 2109 559 2162 καὶ
601 2109 711 2171 τοῖς
755 2109 1072 2162 πιστεύουσι
1133 2110 1484 2182 σωτηριὼδης
1515 2113 1633 2165 ἐστὶ
1673 2130 1790 2166 κοιο

215 2201 402 2256 νωνία.

971 2293 1048 2349 Θν.

303 2383 435 2439 Ἰδοὺ
467 2386 563 2437 καὶ
597 2386 658 2438 τὸ
689 2385 945 2456 δεύτερον
980 2389 1091 2441 τῶν
1123 2389 1256 2458 παρ’
1285 2390 1417 2461 ἡμῖν
1453 2389 1796 2460 ὲγκαλουμὲο

219 2495 351 2544 νων,
382 2479 682 2548 ἀπεδείχθη
718 2480 920 2544 καλῶς,
951 2481 1027 2544 ὡς
1059 2482 1286 2548 ἀμαθῶς
1327 2484 1462 2553 ἡμῖν
1489 2483 1792 2551 ἐγκαλεῖτε,

219 2568 315 2620 καὶ
369 2566 602 2631 σκαιῶς“
626 2568 726 2638 τὴν
772 2572 1159 2639 οἱκουμενικὴν
1203 2572 1491 2642 διασύρετε
1552 2575 1794 2640 σύνοδον,

219 2661 587 2714 πιστεύουσαν
618 2663 675 2715 ἐν
702 2662 898 2731 ἀζύμῳ
926 2663 987 2715 τὸ
1016 2664 1178 2732 σῶμα
1207 2664 1300 2717 τοῦ
1325 2665 1589 2734 Χριστοῦ,
1621 2669 1717 2720 καὶ
1741 2669 1798 2720 ἓν

219 2755 442 2825 ὲνςύμῳ
473 2757 571 2824 ούχ
607 2751 769 2826 ἦττον
802 2757 1098 2821 τελεῖσθαι,
1125 2757 1244 2816 ἐνὸς
1279 2757 1432 2821 ὄντος
1475 2760 1568 2812 τοῦ
1598 2760 1796 2812 δεσπο-

220 2851 375 2904 τικοῦ
406 2851 679 2919 σώματος,
707 2851 800 2904 καὶ
822 2851 881 2902 ού
905 2849 1265 2920 μεριζομένου
1291 2853 1370 2914 είς
1396 2851 1511 2918 δύο,
1537 2852 1612 2916 ὡς
1635 2855 1796 2924 ἡμεῖς

216 2947 270 2997 oi
296 2949 364 3015 τῇ
401 2945 608 3015 συνόδῳ
646 2945 719 3014 μὴ
769 2946 1046 3014 ἑπόμενοι,
1080 2943 1306 3007 ἄκοντές
1335 2962 1394 2997 τε
1421 2947 1515 2998 καὶ
1568 2945 1643 3016 μὴ
1675 2945 1799 3016 βου-

218 3040 457 3108 λόμενοι,
491 3041 536 3090 εί
569 3041 663 3092 καὶ
698 3039 775 3108 μὴ
805 3038 891 3090 διὰ
921 3037 1164 3106 γραφῆς,
1194 3036 1311 3090 ἀλλ’
1343 3040 1400 3090 ἐν
1431 3037 1509 3107 τῷ
1543 3039 1796 3090 ἀπιστεῖν

214 3135 332 3193 τοῖς
374 3132 712 3202 λεγομένοις,
747 3132 1148 3203 συμπεραίνετε
1175 3147 1190 3162 ο
1239 3130 1334 3184 καὶ
1365 3132 1454 3184 διὰ
1503 3131 1662 3186 τοῦτο
1693 3133 1793 3186 οὐκ
1822 3163 1866 3220 C

217 3223 512 3290 ἐκφεύγετε
544 3224 634 3275 τὸν
656 3223 873 3276 ὄλισθον
901 3223 996 3291 τῆς
1017 3223 1305 3290 αἱρέσεως.
1343 3221 1404 3274 '0
1428 3221 1536 3291 γὰρ
1557 3223 1794 3290 Χριστός

215 3334 352 3387 φησι
385 3317 482 3388 τὴν
524 3316 852 3384 Ἐκκλησίαν
885 3315 1052 3368 αὐτοῦ
1087 3315 1361 3383 μηδέποτε
1413 3314 1751 3384 πλανηθῆναι
1779 3352 1796 3378 ,

210 3409 339 3463 ἐπεὶ
371 3409 739 3478 ἐπηγγείλατο
774 3408 895 3476 μετ’
923 3407 1096 3473 αὐτῆς
1124 3402 1266 3459 εῖναι
1291 3405 1582 3476 διηνεκῶς.
1611 3406 1674 3459 El
1703 3404 1796 3457 οὖν

159 3490 162 3491 ν
209 3484 423 3570 ἀληθής
459 3501 605 3550 ἐστιν
650 3500 678 3549 ὁ
713 3499 968 3568 Χριστὸς,
1001 3499 1096 3551 καὶ
1130 3498 1228 3568 τὴν
1261 3496 1596 3564 ἐπαγγελίαν
1627 3495 1794 3548 αὐτοῦ

207 3594 295 3646 δεῖ
343 3591 624 3645 πιστεύειν
670 3586 811 3644 εἶναι
857 3592 1066 3661 ἁληθῆο
1118 3591 1254 3661 φησὶ
1295 3589 1424 3659 γὰρ,
1465 3608 1482 3640 ι
1525 3589 1636 3642 Καὶ
1684 3588 1792 3641 ἰδοὺ

208 3683 330 3752 ἐγὼ
366 3683 486 3752 μεθ’
538 3682 694 3753 ὑμῶν
735 3685 859 3752 εἰμι
908 3684 1090 3745 πάσας
1146 3683 1244 3743 τὰς
1301 3681 1516 3751 ἡμέρας
1558 3680 1664 3741 ἕως
1694 3678 1795 3748 τῆς

211 3775 534 3836 συντελείας
581 3774 674 3827 τοῦ
707 3773 898 3837 αἰῶνος
924 3789 938 3804 ·
976 3792 994 3824 ι
1033 3774 1128 3825 καὶ
1158 3774 1322 3842 ἡμεῖς
1355 3769 1499 3824 οὕτω
1541 3768 1795 3823 πιστεύο-

214 3883 322 3936 μεν
355 3867 494 3934 μετά
540 3867 637 3933 τῆς
678 3865 1010 3934 Ἐκκλησίας
1045 3863 1210 3916 αὐτοῦ
1251 3859 1392 3915 εἶναι
1446 3862 1535 3912 διὰ
1569 3860 1790 3924 παντὸς,

211 3961 316 4014 καὶ
345 3959 634 4029 μηδέποτε
671 3959 1023 4026 καταλείψειν
1067 3957 1262 4026 αὐτήν.
1298 3955 1358 4008 El
1399 3954 1453 4006 δὲ
1493 3953 1613 4006 καθ’
1649 3953 1794 4023 ὑμᾶς

211 4051 584 4122 ἐπηγγείλατο
638 4049 739 4118 μὲν
784 4049 1061 4118 διαμένειν
1098 4047 1366 4117 διηνεκῶς
1430 4045 1549 4115 μετ’
1594 4045 1789 4111 αὐτῆς,

212 4145 480 4197 κατέλιπε
510 4143 568 4195 δὲ
607 4141 800 4212 αὐτὴν,
840 4142 936 4194 καὶ
965 4139 1117 4194 εἴασε
1146 4137 1511 4208 πλανηθῆναι,
1544 4135 1603 4200 ἐξ
1631 4136 1788 4204 ἐνάγ-

212 4253 320 4306 κης
351 4234 589 4305 ψεύστης
620 4233 768 4286 ἐστίν
795 4248 810 4264 ο
834 4232 882 4284 εί
909 4231 964 4310 δὲ
988 4231 1251 4300 ψεύστης,
1279 4231 1341 4282 ού
1365 4224 1516 4292 Θεὸς.
1553 4228 1663 4282 Καὶ
1689 4228 1791 4296 ὅρα

209 4326 314 4394 τὴν
342 4323 575 4376 ἀτοπίαν
602 4321 694 4374 τοῦ
727 4321 910 4387 λέγειν
945 4319 1090 4388 ὑμᾶς
1124 4317 1214 4370 τὸν
1245 4315 1482 4386 Χριστὸν
1504 4314 1747 4384 ψεύστην
1774 4328 1790 4344 ο

207 4420 374 4473 τοῦτο
400 4419 508 4486 γὰρ
540 4417 717 4486 πάσης
759 4413 992 4482 ἀνομίας
1016 4413 1121 4484 ,καὶ
1153 4411 1504 4481 βλασφημίας
1531 4409 1791 4477 ὑπέρκει-

209 4531 328 4568 ται.
371 4512 533 4564 Ἀλλὰ
583 4510 703 4580 μετ’
743 4509 916 4576 αὐτῆς
953 4503 1044 4577 ἦν,
1084 4505 1180 4559 καὶ
1225 4503 1340 4556 ἔστι
1386 4503 1480 4554 καὶ
1515 4501 1667 4553 ἔσται
1698 4499 1791 4552 καὶ
1827 4488 1867 4542 Ι)

215 4606 371 4673 μενεῖ
404 4604 481 4664 είς
514 4603 604 4654 τὸν
636 4600 809 4654 αἰῶνα
859 4600 951 4651 τὸν
988 4598 1242 4651 ᾶπαντα-⁸
1289 4592 1392 4647 κᾶν
1431 4591 1791 4661 διαρῤήγνυν-

211 4713 305 4748 ται
342 4695 392 4746 οί
427 4692 689 4744 τάναντία
728 4690 827 4758 τῆς
873 4685 1112 4758 Χριστοῦ
1163 4682 1490 4752 Ἐκκλησίας
1530 4681 1623 4734 καὶ
1659 4696 1792 4749 φρο-

210 4786 432 4846 νοῦντες
465 4785 559 4836 καὶ
581 4784 934 4851 πράττοντες.
972 4780 1162 4847 Ἡμεῖς
1188 4776 1232 4828 δ’
1268 4775 1403 4844 αὐτῇ
1428 4777 1520 4826 καὶ
1542 4769 1791 4841 ἑπόμεθα

212 4878 311 4930 καὶ
345 4874 752 4941 ἀκολουθοῦμεν
776 4889 790 4903 ο
825 4873 901 4934 ὡς
928 4871 1002 4942 μὴ
1033 4868 1264 4923 δυνατὸν
1287 4863 1425 4919 εἶναι
1456 4865 1627 4933 αὐτήν
1658 4879 1788 4916 ποτε

212 4969 424 5038 πλάνην
451 4966 684 5036 κηρύξαι
706 4985 720 4998 ο
759 4965 894 5018 ἀλλά
928 4965 1130 5033 μᾶλλον
1171 4960 1430 5028 ἀλήθειαν
1459 4959 1555 5011 καὶ
1577 4955 1790 5025 690060-

214 5062 360 5126 ξέαν,
414 5060 486 5122 ὡς
545 5059 667 5127 μετ’
717 5059 886 5128 αὐτῆς
933 5049 1164 5126 ἔχουσαν
1219 5053 1311 5105 τὸν
1354 5051 1589 5120 νυμφίον
1625 5049 1792 5118 αὐτῆς

226 5153 438 5222 Ἰησοῦν
492 5155 582 5205 τον
630 5151 887 5218 Χριστόν.
933 5147 1399 5216 ’Υποτασσὸμενοι
1460 5138 1552 5196 οὖν
1604 5142 1790 5212 ἐκείνῃ

215 5249 366 5310 ἐντός
402 5248 567 5316 ἐσμεν
614 5248 712 5314 τῆς
747 5242 1018 5311 σωστικῆς
1064 5238 1304 5293 κιϐωτοῦ
1331 5254 1347 5270 ο
1384 5237 1451 5290 δι’
1487 5230 1554 5307 ἧς
1596 5237 1659 5288 ὲκ
1696 5233 1789 5286 τοῦ

219 5341 453 5408 ματαίου
489 5328 829 5408 βίουητούτου
895 5335 1030 5404 πρὸς
1074 5334 1174 5402 τὴν
1200 5331 1370 5384 ἁῖδιόν
1399 5347 1454 5381 τε
1496 5329 1587 5381 κοιλ⁸
1620 5345 1796 5397 μακα-

221 5418 342 5501 ᾆίαν
377 5430 523 5500 ζωὴν
575 5426 942 5497 ὲπανήξομεν.
979 5427 1172 5494 Ἔχετε
1224 5419 1317 5476 οὖν
1352 5423 1447 5474 καὶ
1488 5423 1644 5490 ὑμεῖς
1675 5421 1792 5471 ἱκα-

221 5521 327 5584 νῶς
367 5520 643 5590 ὀρθόδοξοι
690 5520 790 5589 τὴν
815 5519 922 5570 τῶν
952 5517 1259 5586 εἰρημένων
1300 5511 1617 5579 ἀπολογίαν.
1655 5509 1792 5560 Τού-

217 5629 332 5677 τοις
357 5611 646 5682 ὲμμένετε,
700 5611 781 5664 ὅτι
827 5612 930 5665 οὐκ
973 5611 1110 5662 είσὶν
1156 5609 1322 5678 ἔτερα
1355 5608 1402 5659 εἰ
1459 5605 1535 5675 μὴ
1576 5603 1647 5656 τὰ
1681 5602 1790 5655 τῶν

330 5791 372 5822 δ’
396 5791 585 5846 Matth.
623 5807 711 5852 xx,
747 5791 830 5845 19.

529 5890 804 5951 Parnm"
847 5889 964 5948 Gtt.
1012 5882 1211 5944 CLIX.

1897 1942 2148 1997 azymum
2207 1929 2354 1983 omni
2413 1942 2621 1985 remota
2694 1933 3037 1991 dubitatione
3089 1939 3306 1993 Domini
3352 1954 3474 1993 eor-

1898 2033 1999 2086 pus
2023 2019 2333 2084 conficitur,
2359 2031 2414 2076 et
2444 2024 2583 2090 apud
2610 2026 2898 2083 credentes
2933 2030 3193 2085 salutaris
3227 2032 3282 2085 lit
3323 2046 3475 2086 com-

1899 2125 2107 2165 [11111110.

2613 2297 2703 2351 ΙΧ.

1967 2388 2108 2442 Ecce
2132 2389 2382 2444 secundae
2430 2389 2541 2460 jam
2575 2393 2913 2448 accusationi
2950 2404 3145 2451 vestrae
3205 2399 3341 2454 bene
3393 2414 3477 2453 re-

1899 2481 2253 2550 spondimus,
2311 2485 2764 2554 ostendimusque
2837 2489 2982 2558 quod
3055 2489 3304 2560 imperite
3371 2507 3475 2545 ttos

1898 2574 2294 2640 eriminamiui,
2351 2586 2406 2631 et
2442 2577 2668 2634 sinistre
2735 2584 3136 2638 (ecumenieam
3183 2585 3478 2641 traducitis

1899 2667 2164 2735 synodum
2197 2683 2317 2736 quae
2342 2683 2496 2736 asque
2547 2671 2598 2724 in
2628 2687 2821 2741 azymo
2853 2684 2905 2728 et
2941 2675 3210 2731 fermento
3235 2669 3477 2734 Domini?

1898 2773 2024 2818 eum
2072 2775 2274 2829 corpus
2303 2764 2499 2816 confici
2550 2765 2744 2830 credit,
2785 2781 2910 2820 eum
2945 2783 3110 2821 unum
3145 2769 3217 2822 sit
3257 2769 3474 2825 Domini

1901 2865 2124 2919 corpus,
2155 2853 2328 2908 nonin
2355 2854 2465 2909 duo
2493 2855 2841 2921 distractum,
2871 2867 2929 2911 ut
2957 2874 3054 2913 vos
3088 2862 3180 2930 qui
3208 2865 3476 2931 synodum

1902 2959 2008 2996 non
2053 2932 2371 3013 sequimini,
2430 2947 2680 3002 nolentes
2744 2950 3010 3015 volentes,
3068 2954 3318 3021 quamvis
3369 2973 3474 3010 non

1902 3037 2128 3104 scripto,
2163 3037 2255 3092 sed
2295 3040 2544 3108 negando
2571 3057 2694 3110 qua:
2726 3043 2982 3107 dicimus,
3032 3045 3380 3113 e0ncluditis,
3421 3060 3477 3103 et

1903 3127 2023 3182 ideo
2057 3145 2128 3182 ne
2151 3130 2202 3182 in
2230 3129 2448 3185 lmresis
2477 3131 2686 3201 lapsum
2732 3135 3005 3204 incidatis,
3059 3155 3168 3194 non
3210 3139 3472 3212 elfugitis.

1899 3219 2035 3273 Nam
2087 3221 2344 3277 Christus
2378 3224 2512 3278 dicit
2551 3241 2830 3294 nunquam
2869 3243 3025 3282 suam
3071 3246 3256 3286 errare
3289 3233 3479 3290 Eccle~
3566 3215 3568 3219 Ι

1901 3313 2061 3374 siam,
2087 3313 2215 3380 quia
2248 3329 2306 3368 se
2341 3329 2559 3384 semper
2588 3332 2713 3370 cum
2745 3332 2808 3371 ea
2841 3334 3166 3375 mansurum
3203 3324 3480 3392 pollicitus

1899 3413 2000 3458 est.
2033 3404 2088 3457 Si
2136 3419 2266 3474 ergo
2318 3421 2480 3460 verus
2510 3416 2594 3460 est
2626 3406 2902 3475 Christus,
2957 3421 3010 3465 et
3051 3415 3474 3481 promissionem

1900 3510 2056 3549 suam
2093 3511 2276 3549 veram
2310 3511 2433 3550 esse
2475 3505 2734 3564 oportet;
2791 3501 2865 3555 ita
2905 3502 3049 3558 enim
3085 3502 3243 3570 dixit,
3294 3525 3314 3558 ‹
3362 3507 3474 3577 Ego

1898 3586 2178 3641 vobiscum
2221 3603 2338 3642 sum
2366 3588 2619 3644 omnibus
2667 3591 2855 3648 diebus
2893 3609 3067 3665 usque
3099 3597 3163 3648 ad
3218 3579 3477 3653 consum-

1899 3681 2199 3735 mationem
2238 3682 2424 3736 saeculi
2453 3683 2516 3745 ‘7,
2580 3703 2598 3734 ι
2636 3700 2846 3754 nosque
2891 3687 2965 3741 ita
3015 3690 3315 3756 credimus,
3348 3707 3472 3746 eum

1898 3786 2022 3826 cum
2050 3771 2294 3827 Ecclesia
2329 3789 2428 3828 sua
2481 3789 2698 3845 semper
2727 3793 2848 3833 esse
2897 3796 3337 3849 permansurum,
3365 3777 3473 3839 nec

1901 3877 2022 3916 eam
2046 3863 2438 3919 derelicturum
2468 3883 2732 3937 unquam.
2772 3870 2827 3924 Si
2866 3887 2994 3926 vero
3035 3877 3334 3928 secundum
3373 3891 3474 3930 vos

1898 3967 2021 4006 eum
2053 3969 2114 4007 ea
2169 3970 2229 4008 se
2266 3970 2481 4024 semper
2548 3973 2868 4014 mansurum
2901 3963 3174 4031 pollicitus
3205 3975 3309 4031 est,
3375 3968 3473 4021 sed

1899 4046 2186 4115 dereliquit
2213 4047 2358 4102 illam
2405 4057 2457 4102 et
2484 4065 2670 4104 errare
2711 4054 2980 4122 permisit,
3021 4072 3085 4110 ex
3144 4059 3473 4112 necessitate

1898 4139 2135 4200 mendax
2168 4151 2274 4194 est.
2310 4137 2366 4193 Si
2399 4157 2529 4194 vero
2579 4143 2834 4210 mendax,
2884 4145 3027 4199 Deus
3079 4162 3185 4200 non
3223 4158 3326 4204 est.
3383 4151 3474 4204 Vi--

1897 4232 2022 4286 dete
2060 4233 2113 4286 in
2136 4248 2301 4300 quam
2326 4234 2721 4290 absurditatem
2749 4238 3344 4303 incidistis,Christum
3375 4257 3471 4296 vo-

1898 4325 2075 4377 cando
2105 4325 2446 4392 mendacem,
2480 4342 2602 4380 nam
2636 4329 2738 4384 hoc
2761 4346 2980 4385 omnem
3022 4332 3368 4400 iniquitatem
3415 4344 3471 4386 et

1900 4415 2299 4486 blasphemiam
2330 4427 2584 4487 superat:
2612 4420 2708 4473 sed
2744 4436 2868 4474 cum
2901 4437 2963 4475 ea
2997 4421 3120 4486 fuit,
3165 4433 3219 4478 et
3260 4435 3364 4488 est,
3417 4435 3472 4478 et

1899 4507 2023 4570 erit,
2072 4517 2126 4560 et
2152 4507 2392 4564 manebit
2421 4507 2473 4561 in
2511 4509 2740 4573 saecula,
2767 4513 3018 4579 quamvis
3040 4513 3473 4583 disrumpantur,

1898 4599 1989 4667 qui
2056 4609 2246 4653 contra
2278 4613 2453 4669 ‘quam
2518 4598 2762 4657 Ecclesia
2808 4603 2994 4666 sentit,
3025 4606 3270 4660 sentiunt
3297 4615 3354 4660 et
3393 4606 3474 4660 fa-

1899 4689 2053 4742 ciunt
2085 4705 2098 4741 :
2142 4705 2242 4745 nos
2267 4705 2395 4744 vero
2415 4706 2533 4745 eam
2553 4693 2834 4762 sequimur
2871 4704 2924 4749 et
2954 4695 3331 4764 observamus,
3352 4713 3475 4767 per-

1897 4781 2024 4834 inde
2058 4796 2121 4843 ae
2154 4781 2492 4849 impossibile
2515 4783 2586 4839 sit
2616 4794 2677 4838 ut
2705 4800 2768 4840 ea
2801 4801 3044 4841 errorem
3077 4789 3354 4857 praedicet,
3374 4791 3469 4845 sed

1897 4872 2072 4942 magis
2123 4873 2406 4928 veritatem
2443 4884 2496 4928 et
2537 4885 2738 4930 rectam
2791 4878 2972 4940 fidem,
3004 4896 3127 4934 cum
3161 4897 3224 4936 ea
3282 4899 3467 4939 secum

1901 4964 2064 5018 habet
2100 4979 2360 5032 sponsum
2396 4980 2554 5019 suum
2589 4965 2888 5023 Christum.
2924 4970 3060 5023 Cum
3089 4986 3218 5041 ergo
3241 4973 3315 5026 illi
3347 4975 3473 5028 sub-

1895 5054 2142 5124 jiciznur,
2170 5055 2313 5108 intra
2349 5055 2542 5111 salutis
2574 5071 2758 5112 arcam
2777 5060 2934 5128 poSiti
2960 5075 3171 5125 sumus,
3199 5077 3472 5130 perquam

1901 5162 1968 5200 ex
1997 5147 2096 5200 hac
2124 5146 2286 5200 stulta
2325 5146 2432 5200 vita
2476 5147 2529 5200 iu
2579 5156 2842 5202 mternam
2874 5164 2938 5201 ac
2983 5148 3192 5202 beatam
3230 5164 3476 5206 reverte-

1902 5253 2062 5292 mur._
2093 5237 2320 5292 Habetis
2354 5238 2518 5307 igitur
2550 5250 2817 5307 quantum
2882 5238 3014 5292 satis
3053 5247 3138 5293 est
3187 5241 3472 5296 orthodoxi

1901 5330 1966 5384 ad
1999 5346 2061 5385 ea
2089 5346 2210 5400 quae
2239 5331 2382 5386 dicta
2420 5339 2570 5396 sunt,
2625 5330 3076 5396 responsionem:
3113 5333 3169 5386 in
3225 5333 3313 5387 his
3352 5348 3470 5388 ma-

1900 5433 2056 5489 nete;
2089 5423 2221 5476 nihil
2248 5425 2394 5478 enim
2426 5424 2478 5476 in
2511 5424 2575 5475 iis
2612 5423 2881 5490 reperitur
2907 5423 3008 5476 nisi
3054 5439 3116 5478 ea
3164 5440 3282 5493 qua:
3308 5425 3475 5478 lumi-

1901 5514 2055 5568 naria
2091 5513 2347 5569 Ecclesiae
2371 5513 2568 5582 jubent
2603 5529 2616 5564 :
2647 5528 2828 5586 neque
2861 5514 2960 5578 iis,
2996 5518 3087 5584 qui
3129 5517 3374 5586 litigandi
3415 5526 3474 5571 et

1901 5605 2420 5677 contendendivitio
2470 5607 2773 5674 loquuntur
2821 5620 2886 5660 ac
2934 5608 3202 5677 scribunt,
3236 5609 3476 5681 vestigiis

3041 5874 3114 5934 39
