3978 6204
212 346 349 409 1299

890 346 1038 408 PRO
1077 348 1281 413 CONF.
1319 349 1694 414 FLORENT.
1741 348 1910 412 CAP.
1952 349 2067 413 Ill.
2115 351 2212 411 DE
2255 349 2769 411 PURGATORIO.

3331 351 3464 416 1230

203 460 306 530 τὴν
340 459 724 529 προσήκουσαν
752 459 1143 528 άποδίῖθσομεκη
1179 463 1287 514 Καὶ
1321 461 1537 532 πρῶτον
1565 462 1665 528 μὲν
1689 465 1783 514 τὸν

1901 462 2021 516 huic
2037 462 2199 531 capiti
2229 463 2546 526 alieramus,
2572 464 2636 517 et'
2665 478 2782 517 eam
2817 478 2978 531 quam
3006 464 3160 518 decet
3202 464 3465 517 medelam

203 555 271 606 ἐκ
309 552 609 620 Δαμασκοῦ·
655 553 1002 622 θεορῤήμονα
1035 554 1130 605 καὶ
1180 554 1486 622 πάμμεγαν
1530 555 1784 624 Ἰωάννην

205 650 288 706 εἰς
318 646 484 713 μέσον
515 645 884 713 προφέρωμεν
912 661 922 673 ·
961 647 1079 714 μετ’
1117 647 1279 698 αὐτὸν
1326 646 1381 700 δὲ
1416 649 1508 699 καὶ
1542 646 1643 714 τὴν
1673 646 1788 698 λοι-

206 738 318 808 πὴν
351 739 625 807 ἑταιρείαν
653 741 758 791 τῶν
791 739 1147 801 διδασκάλων,
1186 740 1310 802 τοὺς
1347 740 1407 804 ἐξ
1447 738 1620 808 Ἐᾡας
1657 740 1787 809 ἡμῖν

204 830 619 893 ἀνατείλαντας,
680 833 1009 900 συμφώνους
1077 831 1226 899 αὐτῷ
1295 830 1782 901 παραστήσωμεν’

205 921 365 982 οὗτος
405 923 516 991 γὰρ
542 925 571 975 ὁ
606 923 876 993 μακάριος
924 921 1072 975 τοῦτ’
1109 922 1263 986 αὐτὸ,
1293 923 1433 993 ὅπερ
1477 924 1527 975 οἱ
1556 924 1665 991 ζνῦν
1696 925 1786 976 ἀν-

205 1017 428 1083 τάρται,
459 1013 558 1082 τῆς
602 1014 754 1081 ἱερᾶς
791 1014 1032 1078 συνόδου,
1062 1014 1353 1084 ἀρνοῦνται
1402 1014 1497 1066 καὶ
1545 1014 1787 1068 ἀποϐάλδ

208 1109 414 1172 λονται,
442 1106 664 1176 προθεὶς
697 1108 775 1169 είς
807 1107 1056 1170 ἐξέτασιν
1097 1108 1154 1160 ὲν
1187 1109 1251 1178 τῇ
1291 1109 1420 1177 περὶ
1455 1108 1566 1160 τῶν
1597 1125 1784 1161 κεκοι-

212 1200 477 1270 μημένων
550 1199 717 1254 αὐτοῦ
776 1203 1015 1270 μυστικῇ
1088 1201 1332 1272 θεωρῖᾳ,
1404 1201 1548 1268 μάλα
1606 1202 1788 1266 καλῶς

205 1291 538 1360 διεσάφησεν
568 1308 580 1322 ⁸
609 1292 684 1354 ῶς
710 1310 872 1345 τινων
903 1293 1029 1361 περὶ
1068 1293 1260 1346 τούτου
1305 1293 1785 1362 διαπορησάντων,

207 1385 286 1446 ὡς
324 1383 597 1450 φαίνεται,
624 1383 703 1453 τῷ
726 1384 846 1437 τότε
885 1385 1098 1455 καιρῷ·
1132 1386 1228 1438 καὶ
1278 1383 1436 1452 λόγον
1490 1385 1787 1457 ὁλόκληρον

211 1477 603 1544 ποιησάμενος,
626 1476 895 1528 τάκείνων
917 1476 1196 1544 ἐφίμωσεν
1219 1476 1484 1530 άπύλωτα
1514 1477 1784 1546 στόματα.

212 1568 324 1619 Καὶ
353 1568 515 1630 εἴτις
553 1567 810 1630 ἐπιεικῶς
844 1567 909 1620 τά
939 1569 1055 1620 ἐκεῖ
1079 1567 1314 1636 άιαγνῷ,
1351 1568 1684 1639 θαυμάσειεν
1722 1572 1788 1625 ἂν

214 1659 436 1723 ἱκανῶς,
484 1660 576 1711 καὶ
621 1659 872 1728 οὐδαμῶς
903 1645 1281 1723 έπενδοιάζων
1328 1662 1482 1715 ἔσται
1528 1662 1667 1732 πρὸς
1692 1663 1787 1732 τὴν

208 1751 456 1815 ἐξέτασιν
479 1767 493 1781 ο
526 1751 662 1804 ἀλλὰ
692 1753 796 1822 πρὸ
838 1750 931 1804 τοῦ
965 1751 1234 1822 ἄρξασθαι
1269 1755 1377 1806 τῶν
1423 1754 1611 1807 τούτου
1652 1773 1788 1810 παν-

210 1844 394 1912 σόφων
414 1843 586 1910 λόγων
615 1860 671 1896 τε
702 1844 799 1896 καὶ
832 1843 1170 1914 μαρτυριῶν,
1200 1844 1291 1898 τὸν
1324 1845 1482 1913 λόγον
1514 1847 1590 1909 ὡς
1621 1847 1677 1898 ἐν
1705 1847 1787 1900 δι-

209 1935 501 2004 καστηρίῳ
547 1935 862 2003 μερίσωμεν
889 1951 902 1964 ·
937 1937 1029 1988 καὶ
1069 1936 1265 2004 ῥᾳδίως
1297 1940 1409 1997 τοῖς
1443 1937 1792 2007 βουλομένοις

212 2027 347 2080 ίδείν
395 2027 496 2096 τὴν
541 2028 810 2096 ἀλήθειαν
872 2030 1164 2098 προθῶμεν
1189 2047 1203 2062 ο
1241 2031 1296 2082 ἐν
1333 2030 1485 2094 τάξει
1517 2031 1614 2093 τὰς
1654 2049 1794 2100 μαρ-

210 2121 428 2189 τυρίας,
460 2122 526 2185 ἃς
570 2122 778 2182 ἐκεῖνος
809 2124 836 2174 ὁ
882 2123 1022 2184 θεῖος
1060 2122 1198 2192 ἀνὴρ
1229 2124 1598 2194 ἐπιτροχάδην
1633 2125 1788 2177 ἐκτέ-

210 2217 395 2268 θεικεν
422 2231 435 2246 ⁸
487 2214 828 2284 μεμνημένοι
861 2215 1260 2283 τοῦλέγοντος,
1311 2216 1385 2277 ὡς
1419 2217 1484 2268 Ὀ
1531 2215 1793 2279 πολλάκις

209 2309 404 2378 λέληθε
434 2309 556 2371 τοὺς
582 2309 846 2371 τελείους,
874 2307 1034 2360 τοῦτο
1059 2308 1272 2361 παιδίον
1298 2308 1423 2379 εῦρε
1448 2325 1464 2342 ο
1489 2308 1584 2361 καὶ
1615 2309 1642 2361 δ
1668 2310 1794 2372 τοὺς

213 2402 414 2470 σοφοὺς
457 2402 834 2472 παρέδραμεν,
890 2402 1132 2463 ἰδιώταις
1182 2402 1441 2471 ἐνέτυχε·
1476 2402 1570 2454 καὶ
1597 2403 1625 2454 ὃ
1666 2404 1796 2466 τοὺς

209 2492 566 2554 διδασκάλους
603 2491 838 2557 διέλαθε,
866 2494 1028 2546 τοῦτο
1058 2493 1300 2564 μαθηταὶ
1341 2496 1790 2566 ἐπεμνήσθησαν.

210 2585 385 2639 Τοῦτο
439 2585 484 2638 δ’
517 2588 682 2654 ἡμεῖς
731 2585 792 2638 οὐ
842 2585 1136 2654 τολμῶμεν
1183 2588 1360 2640 εἰπεῖν
1389 2604 1403 2621 ο
1454 2588 1570 2642 ἀλλ’
1603 2589 1794 2659 ὥσπερ

214 2679 361 2749 eam
395 2679 530 2749 μετὰ
554 2679 646 2730 τὶν
677 2678 948 2748 τρυγητὸν
983 2679 1508 2751 καταλελειμμένην,
1536 2685 1628 2734 καὶ
1667 2685 1793 2736 στά-

215 2787 318 2838 χυν
346 2761 497 2838 ¹μετὰ
533 2769 625 2821 τὸν
658 2767 871 2838 ἀμητδν
897 2769 986 2822 διὰ
1016 2768 1077 2822 τὸ
1103 2767 1310 2838 πλῆθος
1340 2773 1793 2841 παρεωραμένον,

216 2863 313 2914 καὶ
369 2862 552 2913 πᾶσαν
585 2859 807 2930 ὀπώραν
842 2860 1032 2923 ἁπλῶς
1081 2861 1177 2916 ἐπὶ
1224 2860 1467 2930 δένδροις
1505 2863 1645 2932 μετὰ
1693 2863 1792 2933 τὴν

216 2952 486 3021 συλλογὴν
519 2951 926 3022 ὲκλελησμένην
959 2951 1460 3021 ἔπισωρεύσαντες,
1497 2952 1638 3006 οὕτω
1667 2957 1796 3017 τοὺς

216 3045 599 3116 βουλομένους,
632 3043 726 3097 τοῦ
769 3045 946 3115 Ἰησοῦ
983 3044 1219 3112 Χριστοῦ
1256 3045 1666 3116 συνεργοῦντος,
1702 3047 1796 3098 καὶ

1892 554 2272 609 adhibeamus.
2332 555 2686 623 Primumque
2754 555 3000 608 divinum
3053 564 3108 610 et
3169 556 3466 609 maximum

1890 643 2155 700 Joannem
2224 645 2618 701 Damascenum
2670 649 2723 701 in
2779 649 3016 702 medium
3080 647 3470 717 producamus,

1893 736 2087 791 deinde
2115 746 2170 792 et.
2195 738 2463 807 reliquum
2489 738 2770 793 doctorum
2789 748 3014 805 coetum,
3045 739 3137 808 qui
3160 739 3230 792 ab
3249 737 3472 794 Oriente

1890 827 2215 883 ell‘ulserunt
2281 845 2577 898 secumque
2623 832 2976 886 consentiunt
3016 871 3030 894 ,
3086 830 3369 886 sistemus.
3423 830 3473 885 ls

1891 922 2036 976 enim
2080 926 2270 979 beatus
2309 925 2390 978 vir
2426 927 2528 980 hoc
2563 925 2930 995 idemipsum,
2955 925 3099 995 quod
3165 938 3336 979 sacrze
3385 937 3473 992 sy-

1892 1011 2036 1067 nodo
2059 1011 2389 1068 rebellantes
2412 1024 2610 1085 negant
2635 1023 2688 1069 et
2716 1014 3047 1084 despiciunt,
3076 1012 3142 1067 ad
3165 1012 3473 1076 disquiren-

1892 1103 2020 1158 dum
2049 1119 2360 1174 proponens
2412 1107 2464 1160 in
2539 1106 2678 1161 libro
2718 1106 2792 1161 lle
2851 1107 3078 1176 mystica
3129 1115 3469 1160 mortuorum

1892 1199 2360 1260 consideratione,
2409 1200 2617 1268 liquido
2671 1200 2987 1266 declaravit,
3048 1200 3204 1269 quasi
3256 1199 3327 1254 de
3366 1198 3473 1252 hoc

1891 1296 2110 1362 quidam
2141 1310 2206 1348 eo
2235 1303 2504 1364 tempore,
2564 1304 2622 1349 ut
2665 1294 2897 1358 videtur,
2951 1292 3315 1359 ambigerem,
3349 1305 3466 1344 ora~

1894 1386 2152 1454 tioneque
2216 1387 2428 1456 integra
2465 1387 2798 1454 conscripta,
2848 1399 3038 1439 eorum
3067 1383 3328 1438 eﬂrenata
3370 1383 3472 1436 ob-

1891 1482 2097 1535 srruxit
2126 1495 2242 1537 ora.
2274 1480 2428 1547 Quod
2459 1481 2502 1535 si
2533 1482 2656 1550 quis
2693 1481 2832 1534 bona
2883 1480 2987 1534 [ide
3018 1493 3142 1547 qua:
3197 1477 3267 1529 ibi
3299 1474 3473 1528 eonti~

1892 1582 2096 1627 nentur
2133 1572 2449 1643 perlegerit,
2477 1581 2742 1641 quantum
2780 1571 2913 1626 satis
2973 1582 3056 1624 est
3090 1567 3472 1632 admirabitur,

1891 1679 1992 1720 nec
2022 1665 2258 1731 amplius
2289 1665 2644 1732 quzcstionem
2679 1664 2732 1718 in
2761 1663 2986 1716 dubium
3025 1658 3324 1714 revocabit.
3359 1657 3474 1712 Cte-

1895 1769 2070 1813 terum
2103 1768 2395 1824 antequam
2434 1759 2750 1812 doctissima
2806 1756 2970 1825 hujus
3016 1755 3180 1807 verba
3214 1761 3267 1806 et
3324 1751 3477 1805 testi-

1896 1847 2076 1901 monia
2123 1846 2373 1915 proferre
2452 1847 2806 1915 incipiamus,
2861 1844 3164 1900 orationem
3228 1850 3472 1896 nostram

1895 1946 2154 2006 tanquam
2183 1937 2234 1989 in
2254 1936 2465 2005 judicio
2487 1936 2816 1999 dividamus,
2841 1943 2895 1990 et
2934 1935 3000 1989 iis
3024 1935 3116 2005 qui
3148 1933 3256 1986 veri
3291 1932 3475 1985 studio

1893 2029 2192 2092 ducuntur,
2227 2041 2618 2096 proponamus,
2677 2027 2868 2080 ordine
2915 2027 2968 2079 in
3004 2024 3358 2079 recensendis
3394 2033 3476 2078 tc-

1896 2120 2174 2176 stimoniis
2203 2132 2580 2190 servato,qu:e
2631 2121 2738 2176 illis
2774 2120 2994 2175 divinus
3023 2122 3103 2174 vir
3135 2122 3336 2175 cursim
3377 2136 3473 2175 ex-

1894 2213 2099 2283 posuit,
2157 2212 2361 2267 dictum
2409 2213 2463 2268 id
2500 2213 2555 2268 in
2594 2214 2909 2268 memoriam
2977 2212 3292 2283 redigenda,
3331 2214 3477 2282 quod

1893 2307 2035 2376 puer
2062 2307 2112 2361 id
2152 2307 2298 2377 quod
2353 2306 2632 2361 multoties
2689 2305 2846 2360 latuit
2900 2306 3133 2366 adultos,
3172 2304 3476 2367 adiuveuit,

1895 2408 1952 2454 et
1986 2400 2133 2468 quod
2171 2399 2448 2468 sapientes
2469 2399 2755 2469 praeteriit,
2804 2398 2981 2452 idiota:
3009 2398 3271 2460 occurrit,
3301 2397 3476 2464 quod-

1895 2507 2002 2559 que
2029 2491 2347 2545 doctoribus
2380 2498 2718 2560 compertum
2756 2504 2864 2545 non
2908 2501 3010 2550 est.
3053 2488 3172 2557 ejus
3220 2487 3474 2556 discipuli

1901 2581 2290 2636 meminerunt.
2333 2580 2530 2636 Verum
2593 2582 2644 2635 id
2696 2595 2796 2632 nes
2832 2578 3015 2632 dicere
3047 2595 3150 2633 non
3186 2580 3472 2642 audemus,

1897 2674 1990 2727 sed
2037 2674 2194 2743 quasi
2225 2689 2502 2728 racemum
2548 2685 2669 2744 post
2701 2673 3029 2727 vindemiam
3065 2671 3395 2725 derelictum
3424 2678 3480 2724 et

1897 2766 2103 2835 Spicam
2140 2775 2260 2836 post
2319 2781 2552 2821 messem
2592 2781 2701 2835 pra:
2739 2766 2906 2819 nimia
2960 2765 3114 2832 copia
3153 2757 3476 2834 neglectam,

1896 2869 1951 2912 et
1981 2856 2225 2927 reliquos
2256 2858 2492 2920 fruetus.
2532 2867 2591 2911 ut
2617 2873 2724 2912 uno
2761 2857 2931 2910 verbo
2959 2857 3160 2921 dicam,
3199 2867 3323 2926 post
3353 2855 3479 2909 illos

1900 2959 2189 3018 perceptas
2240 2949 2505 3002 oblivioni
2566 2949 2801 3018 traditos
2834 2961 3243 3015 coacervantes,
3281 2949 3354 3004 ita
3384 2963 3478 3004 eos

1918 3041 2011 3110 qui
2045 3013 2254 3111 dignati
2288 3039 2490 3094 fuerint
2514 3013 2871 3110 cxcipie‘mus,
2901 3040 3122 3094 Christo
3140 3013 3267 3094 Jcsu
3297 3041 3479 3110 cpitu-

211 3141 308 3190 τὸν
335 3139 491 3206 λόγον
523 3137 610 3191 διὰ
637 3137 745 3190 τῶν
778 3138 1029 3207 ἐναργῶν
1061 3138 1395 3203 ἀποδείξεων
1426 3139 1790 3208 βεϐαιοῦντος,

1904 3136 2048 3190 laute
2071 3146 2124 3191 et
2147 3136 2452 3191 orationem
2490 3145 2727 3190 nostram
2757 3135 2962 3204 apertis
2991 3135 3481 3190 demonstrationi-

213 3237 609 3307 δεξιωσόμεθα.
657 3307 660 3309 ἓ

286 3329 378 3391 Ei;
411 3330 556 3396 τρεῖς
586 3327 764 3379 τοίνυν
811 3324 1033 3393 γενικὰς
1069 3324 1314 3393 μερίδας,
1359 3325 1538 3377 εῐτουν
1573 3323 1784 3390 τάξεις,

213 3422 339 3485 τοῦς
375 3419 816 3490 προαπελθὸντας
869 3419 1078 3478 πάντας
1112 3417 1451 3487 ἀπέρχεσθαι
1491 3417 1783 3487 τάττομεν.

218 3513 286 3566 ⁸0
336 3513 430 3565 καὶ
471 3511 714 3580 δείξομεν
772 3511 916 3580 μάλα
966 3510 1232 3575 γενναίως
1263 3525 1277 3540 ·
1314 3509 1376 3562 οὐ
1429 3509 1535 3577 γὰρ
1570 3507 1794 3578 θεμιτὸν

213 3604 391 3665 ἄλλως
432 3603 627 3656 εἰπεῖν.
659 3603 804 3655 Μίαν
845 3602 945 3671 μὲν
985 3602 1079 3654 καὶ
1130 3601 1378 3671 πρώτην,
1406 3600 1498 3654 τδν
1543 3602 1652 3653 τῶν
1680 3600 1796 3653 θεο-

215 3699 401 3766 φόρων
445 3697 536 3748 καὶ
585 3694 756 3764 ἁγίων
787 3695 1003 3763 ἀνδρῶν
1054 3694 1343 3761 σύλλογονο
1380 3694 1433 3746 οἶ
1465 3694 1625 3759 είσιν,
1665 3693 1798 3745 ἀπό-

219 3791 419 3852 στολοι,
481 3788 780 3858 μάρτυρες,
845 3788 1122 3858 ίεράρχαι,
1187 3787 1449 3856 ἀσκηταὶ,
1513 3788 1649 3839 ὅσιοι
1705 3787 1799 3838 καὶ

216 3883 440 3934 δίκαιοι.
476 3881 539 3935 Οἳ
585 3881 723 3950 μετὰ
758 3881 818 3932 τὸ
849 3881 1240 3950 βαπτισθῆναι,
1269 3881 1496 3950 οὐδεμιᾷ
1527 3881 1662 3943 ὅλως
1699 3879 1798 3947 τῆς

216 3978 497 4047 ἁμαρτίας
546 3975 721 4044 κηλίδι
763 3975 1037 4027 ὑπέπεσον
1063 3991 1076 4004 '
1124 3974 1320 4044 ἁγνεία
1361 3975 1418 4026 δὲ
1467 3975 1666 4043 μᾶλλον
1705 3973 1797 4026 καὶ

221 4069 548 4140 σωφροσύνῃ
601 4069 942 4139 ἀσκήσαντες
981 4069 1235 4131 ἑαυτοὺς,
1272 4067 1369 4120 καί⁵
1411 4067 1691 4137 καθαροὺς
1722 4069 1798 4120 οἴ-

218 4178 352 4220 κους
397 4160 490 4211 τοῦ
533 4159 849 4228 Πνεύματος
888 4159 955 4211 τά
987 4158 1196 4212 ἑαυτῶν
1236 4159 1647 4211 κατεσκεύασαν
1694 4156 1798 4210 σώ-

223 4269 372 4321 ματα
395 4267 410 4282 ο
439 4253 489 4304 οἱ
523 4253 854 4321 μισήσαντες
887 4252 980 4304 τὸν
1009 4250 1212 4319 κόσμον
1252 4252 1441 4302 τοῦτον
1467 4250 1557 4302 τὸν
1587 4249 1800 4319 δρώμε-

221 4361 333 4403 νον,
369 4344 461 4396 καὶ
502 4345 641 4413 μόνα
693 4343 1029 4410 ποθήσαντες
1079 4342 1147 4394 τὰ
1196 4343 1446 4411 οὐράνια.
1487 4341 1651 4394 Ὅθεν
1704 4342 1800 4392 καὶ

220 4435 498 4489 ἀπέλαϐον
540 4435 599 4489 δν
633 4435 937 4505 ἡτοίμασαν
976 4435 1190 4496 ἑαυτοῖς
1212 4435 1378 4487 τόπον
1413 4433 1514 4502 τῆς
1546 4434 1792 4486 ἁναπαύο

1900 3229 2001 3282 bus
2023 3228 2378 3298 approbante.

1973 3321 2028 3372 In
2055 3328 2168 3374 tres
2196 3321 2364 3390 igitur
2386 3322 2668 3389 generales
2702 3331 2886 3390 partes
2912 3322 3028 3377 sive
3049 3323 3258 3378 classes
3285 3324 3480 3378 defun-

1899 3423 2015 3467 ctos
2064 3427 2256 3467 omnes
2312 3413 2466 3467 abire
2518 3413 2916 3468 decernimus:
2952 3417 3096 3482 quod
3143 3423 3199 3467 et
3261 3417 3480 3486 egregie

1899 3505 2408 3574 comprobabimus,
2473 3520 2582 3559 non
2640 3505 2784 3559 enim
2848 3507 3212 3562 aliterdicere
3261 3506 3339 3561 ias
3373 3515 3477 3562 est.

1899 3600 2073 3655 Unam
2099 3609 2153 3654 et
2181 3599 2433 3666 primam,
2467 3601 2777 3655 divinorum
2802 3611 2855 3656 ct
2882 3611 3196 3658 sanctorum
3234 3605 3477 3657 virorum

1899 3700 2128 3759 emtum,
2166 3694 2448 3762 apostolos
2503 3694 2739 3758 scilicet,
2796 3704 3081 3766 martyres,
3138 3696 3478 3762 hierarchas,

1903 3784 2140 3838 athletas
2193 3782 2284 3837 Dei
2327 3794 2546 3839 sanctos
2595 3785 2873 3854 ctjustos,
2929 3786 3021 3854 qui
3065 3786 3210 3840 nulla
3261 3787 3479 3854 penitus

1903 3883 2024 3943 post
2054 3875 2382 3942 baptismum
2429 3873 2643 3928 macula
2686 3886 3034 3944 peccatorum
3071 3875 3233 3928 vitam
3269 3891 3479 3943 resper-

1903 3975 2113 4027 serunt.
2150 3967 2245 4022 sed
2278 3967 2331 4021 in
2363 3967 2689 4022 castimonia
2729 3979 2782 4021 et
2814 3969 3179 4036 temperantia
3219 3969 3391 4040 magis
3419 3984 3478 4023 se

1902 4067 2286 4121 exercuerunt,
2328 4067 2700 4128 curarumque
2728 4069 2787 4112 ιιι
2817 4073 2913 4113 sua
2956 4075 3185 4128 corpora
3218 4070 3478 4130 tanquam

1904 4149 2098 4202 domos
2153 4163 2182 4200 a
2217 4149 2503 4217 spiritibus
2550 4151 2780 4202 mandas
2820 4151 3142 4208 eﬂicerent:
3196 4154 3288 4221 qui
3333 4153 3480 4207 hunc

1902 4242 2172 4297 visibilem
2207 4243 2466 4296 mundum
2492 4241 2618 4296 odio
2653 4241 2965 4295 habuerunt
3009 4252 3062 4295 et
3086 4243 3328 4297 cmlestia
3361 4254 3482 4297 tan-

1905 4341 2018 4386 tum
2074 4332 2496 4402 concupierunt,
2545 4333 2746 4401 quibus
2808 4332 2973 4386 rebus
3029 4333 3205 4387 locum
3272 4335 3476 4403 quietis

1905 4431 2248 4492 receperunt,
2274 4438 2433 4492 quem
2470 4422 2573 4476 sibi
2627 4431 2784 4476 antea
2819 4433 3226 4492 compararunt.
3265 4423 3320 4476 Si
3348 4438 3479 4479 vero

223 4544 384 4588 σεως.
413 4527 474 4579 Εἰ
498 4526 553 4578 δὲ
584 4527 682 4580 καὶ
709 4526 852 4595 μετά
881 4527 940 4578 τὸ
971 4525 1360 4594 βαπτισθῆναι,
1393 4527 1500 4578 τινὶ
1526 4526 1793 4595 ἁμαρτίας

1911 4528 2030 4587 post
2063 4518 2394 4584 baptismum
2434 4515 2673 4584 aliquam
2713 4517 2920 4585 peccati
2959 4517 3133 4570 labem
3185 4527 3480 4572 contraxe-

222 4619 402 4685 κηλίδι
454 4618 751 4682 ὑπέπεσον,
798 4611 917 4670 εἶτα
963 4617 1044 4669 ἔτι
1087 4617 1311 4680 ζῶντες,
1354 4617 1387 4686 ἢ
1436 4618 1534 4668 καὶ
1576 4619 1713 4686 μετὰ
1741 4618 1801 4668 τό

221 4707 526 4762 ἀποθέσθαι
556 4709 616 4762 τὸ
647 4711 806 4776 σῶμα
839 4707 1236 4778 καθαρθέντες,
1263 4709 1328 4777 τῇ
1365 4707 1600 4778 οὐρανίῳ
1635 4726 1803 4777 προσο

219 4801 466 4870 δέχονται
528 4802 802 4871 κατοικία,
853 4803 995 4853 κατὰ
1043 4799 1136 4852 τὸν
1181 4801 1325 4852 θεῖον
1372 4800 1467 4851 καὶ
1521 4801 1666 4869 ἱερὸν
1703 4804 1799 4869 τῆς

224 4895 444 4947 συνόδου
473 4896 597 4965 ὅρον
623 4912 636 4925 ο
669 4894 868 4963 ὁμοίως
900 4895 964 4962 δὴ
997 4894 1089 4946 καὶ
1122 4896 1170 4944 οί
1219 4892 1326 4961 πρὸ
1356 4893 1450 4945 τοῦ
1487 4892 1799 4961 βαπτίσμα-

222 4999 313 5042 τος
346 4981 432 5033 διά
462 4983 568 5033 τῶν
599 4983 809 5051 ἀρετῶν
851 4982 1139 5045 σωθέντες,
1175 4982 1552 5052 προπάτορες,
1590 4985 1804 5054 προφῆ-

222 5088 335 5136 ται,
369 5071 733 5142 πατριάρχαι,
769 5072 862 5124 κα).
891 5072 1116 5125 δίκαιοι.
1153 5071 1260 5134 Οὓς
1292 5071 1510 5125 ὲ).οὼνὸ
1543 5074 1798 5142 Χριστὸς,

225 5163 322 5214 καὶ
349 5163 413 5215 ἐκ
435 5163 544 5217 τῶν
583 5165 795 5216 άλύτων
826 5163 918 5216 τοῦ
951 5163 1078 5234 ᾅδου
1113 5165 1328 5233 δεσμῶν
1376 5165 1567 5230 λύσας,
1599 5169 1803 5235 ἀνήγα-

226 5271 325 5323 γεν
372 5255 452 5316 είς
504 5256 837 5325 παράδεισον
874 5259 970 5307 καὶ
1017 5255 1208 5309 τούτου
1257 5257 1553 5309 ἀπολαύειν
1582 5257 1801 5326 ἠξίωσε.

225 5347 500 5417 Δευτέραν
528 5348 610 5412 δὲ,
645 5349 754 5401 τῶν
791 5348 992 5417 μέσων.
1025 5348 1146 5418 ἦτοι
1191 5349 1299 5401 τῶν
1329 5349 1387 5400 ἐν
1429 5351 1690 5419 μετανοίᾳ
1719 5367 1803 5401 τε-

225 5441 609 5510 λευτησάντων
631 5456 646 5471 ’
677 5441 770 5493 καλ⁵
795 5441 853 5490 ἐν
877 5440 1267 5509 ἐξομολογήσει
1294 5441 1392 5507 μὲν
1418 5440 1510 5491 καὶ
1540 5439 1800 5508 συντριϐῇ

224 5535 325 5603 τῆς
377 5532 631 5602 καρδίας,
687 5533 936 5599 ἀφέντων
987 5531 1056 5583 τά
1094 5531 1303 5583 ἑαυτῶν
1359 5531 1672 5604 πνεύματα,
1726 5535 1800 5599 μὴ

227 5628 554 5695 φθασάντων
593 5627 650 5678 δὲ
679 5624 1064 5694 ίκανοποιῆσαι
1100 5624 1230 5690 περὶ
1261 5623 1367 5676 τῶν
1392 5624 1801 5693 ἡμαρτημένων

225 5719 367 5788 ὁμοῦ
401 5719 495 5770 καὶ
526 5717 890 5789 ἠμελημένων
933 5717 1137 5780 αὐτοῖς,
1171 5717 1258 5768 διὸ.
1288 5716 1386 5785 τὴν
1419 5715 1682 5778 πολλάκις
1715 5716 1804 5767 αί-

232 5813 440 5882 φνίδιον
471 5813 565 5865 καὶ
598 5810 801 5881 ἀθρόαν
823 5808 1178 5884 μεταλλαγήν
1204 5825 1218 5842 ο
1262 5806 1468 5880 ταύτην
1503 5809 1559 5860 ἐν
1589 5807 1666 5877 τῷ
1702 5824 1800 5862 κα-

1906 4619 2054 4673 runt,
2089 4610 2278 4664 eadem
2315 4609 2433 4677 ipsa
2470 4611 2551 4662 vel
2585 4607 2713 4661 dum
2743 4606 2920 4663 adhuc
2951 4608 3213 4672 viverent,
3248 4608 3325 4663 vel
3357 4620 3484 4674 post

1907 4705 2212 4776 depositum
2243 4718 2441 4768 corpus
2477 4701 2785 4766 inundatos,
2832 4701 2885 4753 in
2925 4701 3203 4755 cwlestem
3248 4703 3480 4771 patriam

1906 4797 2135 4860 assumi,
2167 4795 2468 4851 secundum
2512 4796 2759 4849 divinum
2791 4807 2844 4848 ct
2896 4811 3112 4848 sacrum
3164 4796 3358 4866 synodi
3391 4798 3486 4852 de-

1908 4899 2140 4943 cretum.
2169 4889 2272 4943 Eos
2309 4889 2473 4942 etiam
2513 4888 2787 4952 addimus,
2836 4890 2928 4956 qui
2963 4902 3091 4943 ante
3149 4888 3481 4958 baptismum

1908 4998 2131 5036 suarum
2194 4982 2456 5034 \‘irtutum
2516 4981 2784 5034 benefit-io
2837 4981 3035 5035 servati
3083 4989 3233 5042 sunt,
3279 4982 3485 5050 primm

1906 5073 2116 5139 Patres,
2155 5073 2467 5144 prophetas,
2511 5073 2854 5139 patriarchas
2893 5081 2945 5124 et
2971 5073 3174 5138 justas,
3209 5085 3348 5138 quos
3380 5085 3483 5122 suo

1910 5166 2144 5220 adventu
2175 5163 2428 5218 Christus
2479 5164 2548 5216 ah
2603 5162 2802 5216 inferni
2855 5161 3086 5215 vinculis
3123 5161 3382 5215 litteratos
3431 5162 3486 5212 in

1908 5256 2104 5311 caelum
2138 5255 2386 5319 deduxit,
2410 5266 2466 5308 et
2493 5265 2550 5307 ut
2581 5269 2646 5308 eo
2710 5237 3023 5306 fruerentur
3059 5251 3252 5318 dignos
3281 5249 3484 5306 eﬂecit.

1909 5347 2218 5401 Secundam
2264 5361 2391 5400 vero
2441 5344 2766 5405 mediorum,
2798 5343 2909 5394 sive
2939 5341 3154 5394 illorum
3188 5344 3281 5409 qui
3313 5346 3489 5410 patui-

1915 5450 2090 5492 tentes
2117 5439 2489 5497 deccsserunt.
2523 5449 2586 5488 ac
2617 5434 2670 5486 in
2701 5432 3049 5486 confessione
3079 5444 3130 5486 et
3159 5432 3342 5486 cordis
3357 5446 3488 5486 con-

1914 5529 2138 5582 tritione
2166 5527 2420 5597 spiritum
2449 5525 2746 5578 emiserunt
2779 5538 2793 5588 ;
2827 5521 2926 5577 sed
2969 5521 3180 5576 sublata
3217 5522 3285 5576 iis
3317 5522 3488 5576 facul-

1915 5626 2023 5674 tate
2059 5617 2434 5674 satisfaciendi
2469 5631 2564 5685 pro
2589 5614 2850 5685 peccatis,
2880 5614 2964 5666 vel
2991 5612 3214 5667 omissis
3240 5613 3486 5683 ipsorum

1914 5713 1984 5766 oh
2020 5713 2360 5782 repentinam
2409 5715 2494 5779 (ut
2541 5709 2620 5779 tit)
2655 5717 2708 5763 ct
2753 5717 3190 5762 momentaneam
3221 5706 3496 5778 demigra-

1919 5807 2162 5872 tioncnt;
2202 5807 2341 5866 hanc
2405 5803 2457 5858 in
2493 5803 2810 5874 purgatorio
2849 5815 2973 5858 esse
3006 5799 3280 5869 dicimus;
3320 5805 3492 5872 quod-
