3978 6204
558 324 687 388 1231
1378 344 1403 355 δ

1746 313 2065 377 JOSEl’HI
2107 309 2656 373 METHONENSIS

3678 303 3795 363 12312

558 459 665 513 que
697 441 729 495 ii
766 455 870 494 non
906 444 1199 506 potuerunt
1236 433 1289 487 in
1322 434 1427 487 vita
1472 432 1753 501 perﬁcere,
1790 445 1891 499 pro
1922 429 2006 483 bis
2041 443 2137 482 su-

2247 423 2525 494 θαρτηρίῳ
2586 422 2820 490 λέγομεν
2874 413 3038 473 εἶναι.
3095 419 3201 471 Kal.
3251 419 3389 487 ὅπερ
3421 417 3519 470 οὐκ
3580 416 3796 485 ἔφθασαν

556 532 810 604 perstites
848 530 913 581 ad
949 526 1377 595 redemptionem
1402 541 1558 594 opem
1603 523 1806 586 ferunt,
1834 522 2136 579 secundum

564 626 713 680 illius
738 622 966 680 dictum,
994 615 1051 671 Si
1076 617 1360 685 fortequid
1398 615 1566 685 prosit
1601 616 1696 670 tibi
1738 632 1751 669 :
1804 614 1968 681 idque
2013 626 2140 666 snn-

558 727 765 771 ctarum
814 726 1037 782 precum
1074 710 1361 771 beneﬁcio,
1399 706 1790 778 eleemosynis,
1854 703 2138 759 sacriﬁciis

558 809 789 875 aliisque
842 804 945 874 piis
989 802 1272 872 operibus,
1307 811 1365 854 ut
1400 800 1453 853 in
1497 798 1685 853 divino
1722 806 1776 851 et
1839 809 1999 851 sacro
2046 795 2139 848 de-

500 924 503 927 η
558 907 710 952 creto
769 897 972 965 optime
1026 894 1292 961 scriptum
1352 901 1459 945 est.
1494 888 1734 944 Tertiam
1786 897 1841 942 et
1891 888 2136 942 ultimam

510 976 513 977 ν
557 989 949 1043 constituimus
980 1000 1174 1041 eorum
1200 986 1293 1054 qui
1328 984 1381 1037 in
1422 982 1747 1037 mortalibus
1782 979 2017 1050 peccatis
2071 992 2136 1033 ex

559 1082 661 1135 bac
694 1082 803 1133 vita
836 1080 1234 1147 migraverunt,
1300 1076 1619 1144 nullumque
1671 1073 1773 1128 sibi
1807 1072 2140 1141 pmnilentize

556 1171 870 1241 praesidium
898 1170 1026 1223 dum
1052 1169 1297 1223 viverent
1344 1167 1709 1234 reliquerunt,
1750 1180 1983 1234 quorum
2020 1166 2139 1217 ani-

560 1278 679 1316 mas
710 1264 777 1315 ad
836 1261 1048 1314 inferos
1104 1261 1289 1314 statim
1341 1257 1695 1321 descendere,
1740 1255 1918 1325 ptenis
1962 1263 2139 1308 tamen

557 1354 874 1423 disparibus
927 1350 1239 1421 plectendas
1304 1363 1522 1403 sacrum
1584 1346 1759 1401 innuit
1831 1347 2137 1400 decretum.

558 1446 832 1500 Caeterum
867 1445 933 1497 de
981 1443 1140 1511 primi
1170 1442 1384 1497 ordinis
1420 1451 1587 1504 statu,
1640 1455 1762 1508 qua:
1800 1454 1990 1493 corum
2045 1437 2138 1507 qui

558 1536 864 1589 liberantur
899 1533 1090 1587 classis
1111 1542 1217 1597 est,
1253 1547 1374 1601 qua:
1408 1541 1461 1585 et
1485 1533 1758 1601 iustorum
1796 1529 1983 1582 fruilio
2018 1542 2143 1582 esse

561 1628 781 1689 dicitur,
827 1626 1235 1694 responsionem
1274 1624 1509 1693 reperies
1562 1624 1614 1676 iu
1689 1630 1887 1691 quarto
1936 1618 2141 1674 decreti

562 1720 763 1788 capite,
793 1719 859 1771 de
894 1732 1140 1793 qno‘nos
1201 1726 1363 1770 antea
1416 1718 1795 1786 disputaturos
1846 1728 1968 1768 esse
2025 1711 2139 1780 pol-

563 1812 699 1867 liciti
741 1828 958 1873 sumus,
991 1804 1326 1879 peculiarem
1362 1811 1463 1863 hac
1518 1811 1585 1864 de
1616 1824 1674 1863 re
1725 1816 2017 1861 tractatum
2066 1805 2143 1858 fa-

511 1969 523 1976 .
558 1906 699 1959 cturi
732 1922 745 1957 :
778 1914 1063 1974 propterea
1096 1902 1280 1957 multis
1339 1900 1523 1955 verbis
1565 1900 1651 1954 bic
1697 1914 1805 1953 non
1860 1910 1941 1952 est
1979 1912 2143 1966 opus,

559 1999 761 2067 quippe
796 1996 889 2067 qui
949 1996 1005 2049 in
1070 2010 1135 2049 eo
1196 1996 1317 2049 loco
1359 1993 1466 2047 Deo
1504 1991 1797 2061 adjuvaute
1856 1990 2145 2059 responde-

560 2090 763 2145 bimus.
1582 2090 1593 2099 ’

634 2361 970 2426 Proximum,
1004 2370 1063 2413 ut
1098 2358 1187 2412 bic
1238 2358 1307 2412 de
1353 2357 1592 2412 secunda
1638 2364 1692 2411 et
1752 2354 1911 2410 tertia
1959 2355 2143 2409 classe

560 2452 898 2506 disseramus
923 2467 940 2506 :
969 2460 1024 2505 at
1060 2451 1126 2505 de
1159 2449 1321 2505 tertia
1352 2450 1499 2503 nulla
1542 2449 1703 2503 nobis
1749 2458 1832 2503 est
1862 2462 1995 2503 cura
2047 2462 2145 2502 su-

559 2544 863 2613 scipienda,
914 2544 1171 2612 quoniam
1234 2558 1411 2609 neque
1458 2539 1703 2597 Ecclesia
1734 2556 1914 2610 neque
1963 2539 2145 2595 sancti

560 2636 798 2705 aliquam
834 2636 901 2688 de
926 2635 991 2689 iis
1012 2634 1106 2702 qtti
1171 2634 1237 2687 ad
1283 2633 1531 2687 eamdem
1580 2632 1858 2701 pertinent
1907 2632 2141 2685 classem

565 2725 678 2779 lteri
709 2726 1286 2780 commemorationem
1319 2725 1668 2795 permittunt,
1690 2738 1893 2792 eosque
1919 2723 2144 2776 omnino

564 2817 853 2871 damnatos
878 2832 1001 2871 esse
1020 2816 1293 2879 sentiunt,
1314 2816 1478 2870 veluti
1498 2814 1817 2883 desperatos
1842 2824 1896 2868 et
1936 2815 2146 2881 absque

563 2908 886 2978 poenitentia
919 2908 1044 2963 hinc
1079 2908 1343 2963 sublatos.
1383 2908 1455 2961 De
1499 2908 1583 2961 his
1613 2906 1759 2959 enim
1794 2921 1903 2959 non
1931 2914 2146 2974 Oportet

566 3016 666 3054 nos
724 3014 846 3053 esse
872 3000 1163 3064 sollicitos,
1200 3015 1373 3069 neque
1405 3000 1676 3061 laborare,
1712 3001 1793 3053 vel
1836 2999 2139 3067 deprecari,

2245 521 2441 572 ἐκεῖνοι
2473 516 2673 579 ζῶντες
2701 515 2948 579 ποιῆσαι.
2981 514 3123 582 ὑπὲρ
3148 512 3355 565 τούτων
3385 514 3431 563 οἱ
3460 512 3670 573 ζῶντες
3700 516 3797 565 ἐπι.

2240 610 2503 680 κοιδροῦσι
2536 610 2603 663 τὰ
2637 610 2777 679 πρὸς
2820 608 3144 676 ἀνάρρυσιν,
3181 606 3323 659 κατᾶ
3358 606 3445 657 τὸν
3491 606 3794 671 φάσκοντα·

2249 705 2406 765 Ἴσως
2436 703 2549 772 ἔχει
2593 702 2717 754 τινὰ
2756 701 2887 769 πρὸς
2922 698 3196 766 ὠφέλειαν
3243 699 3339 751 καὶ
3386 698 3569 757 τοῦτο,
3605 697 3691 749 διὰ
3712 699 3799 749 τῶν

2246 800 2409 866 ίερῶν
2439 796 2633 865 εὐχῶν,
2661 798 2754 849 καὶ
2784 793 3190 864 ἐλεημοσυνῶν,
3220 794 3318 845 καὶ
3342 792 3568 851 θυσιῶν,
3603 792 3692 843 καὶ
3715 792 3799 843 τῶν

2243 891 2419 944 ἄλλων
2464 890 2562 959 τῆς
2622 887 2903 949 εὐσεϐείας
2938 886 3118 955 ἔργων
3146 903 3160 916 ο
3197 885 3275 947 ώς
3321 885 3380 937 ὲν
3417 884 3496 953 τῷ
3553 885 3685 953 θείῳ
3728 890 3799 937 xxi

2244 984 2376 1055 ἱερῷ
2422 985 2536 1053 ὅρῳ
2583 982 2726 1052 μάλα
2781 980 2963 1043 καλῶς
2995 980 3328 1049 γέγραπται.
3366 980 3579 1048 Τρὶτην
3631 996 3689 1031 τε
3733 983 3802 1031 καὶ

2241 1079 2563 1132 τελευταίαν
2586 1092 2599 1107 ’
2633 1078 2740 1131 τῶν
2773 1077 2829 1128 ἐν
2865 1076 3191 1143 θανασίμοις
3232 1075 3638 1144 ἁμαρτήμασιν
3664 1076 3801 1140 άπερ»

2244 1169 2495 1240 χομένων
2524 1168 2618 1221 τοῦ
2648 1168 2778 1237 τῇδε
2826 1166 2969 1236 βίου,
3006 1168 3102 1221 καὶ
3140 1168 3347 1236 μηδένα
3399 1168 3621 1237 καρπὸν
3668 1186 3799 1238 μετα-

2227 1263 2395 1325 ’νοίας
2446 1262 2812 1330 κτησαμένων
2861 1261 2921 1311 ὲν
2954 1259 3033 1327 τῷ
3086 1261 3351 1331 παρόντι·
3394 1256 3474 1314 ῶν
3515 1261 3619 1322 τὰς
3659 1261 3800 1330 ψυχᾶς

2246 1354 2457 1417 εὐθέως
2491 1352 2848 1407 καταϐαίνειν
2879 1354 2958 1414 είς
3005 1350 3139 1423 ᾇδην
3164 1369 3178 1383 ο
3212 1354 3511 1421 τιμωρίαις
3545 1354 3693 1421 ὅμως
3718 1355 3801 1404 ἁνι-

2249 1462 2362 1508 σοις
2392 1443 2927 1514 τιμωρηθησομένας
2952 1446 2980 1497 ὁ
3023 1443 3170 1512 ίερδς
3209 1443 3514 1496 αἰνίττεται
3545 1446 3688 1510 ὅρος.
3712 1446 3800 1513 ἔτι

2249 1535 2377 1604 περὶ
2404 1534 2504 1603 μὲν
2535 1536 2630 1598 τῆς
2661 1536 2887 1602 πρώτης
2926 1533 3169 1602 μερίδος,
3215 1534 3341 1603 ἥτις
3372 1535 3490 1585 ἐστὶ
3525 1536 3637 1585 τῶν
3664 1535 3797 1595 σωζο-

2252 1630 2431 1698 μένων
2461 1628 2639 1693 τάξις,
2698 1628 2731 1697 ἢ
2779 1629 2875 1681 καὶ
2917 1628 3222 1690 ἀπόλαυσις
3268 1628 3377 1679 τῶν
3415 1629 3651 1680 δικαίων
3691 1624 3797 1678 εἶναι

2246 1722 2499 1790 λέγεται·
2561 1722 2824 1793 εὑρήσεις
2876 1722 2974 1791 τὴν
3013 1722 3318 1789 ἀπολογίαν
3370 1721 3426 1772 ἐν
3469 1720 3553 1789 τῷ
3593 1720 3799 1787 τετάρτῳ

2250 1813 2531 1883 κεφαλαίῳ
2560 1813 2657 1867 τοῦ
2688 1816 2819 1884 ὅρου
2846 1831 2862 1846 ·
2892 1814 3033 1885 ὑπὲρ
3063 1807 3124 1868 οὗ
3168 1813 3524 1885 προεθέμεθα
3569 1813 3798 1877 dm).qu-

2249 1905 2434 1974 θῆναι,
2473 1906 2612 1959 ίδίαν
2638 1907 3025 1975 πραγματείαν
3055 1908 3147 1959 καὶ
3170 1906 3328 1959 τοῦτο
3362 1906 3657 1973 μέλλοντες
3680 1905 3799 1971 ποιήο

2250 2016 2364 2052 σειν
2392 2015 2405 2029 ⁸
2450 2001 2545 2052 καὶ
2580 2000 2669 2053 διὰ
2699 1999 2859 2053 τοῦτο
2903 2002 2966 2053 οὐ
2999 2000 3080 2052 δεῖ
3110 1999 3346 2052 ἐνταῦθα
3390 2001 3484 2052 πο)
3498 2001 3608 2052 λῶν
3638 2000 3795 2066 λόγωι,

2248 2091 2322 2155 ὡς
2361 2092 2564 2157 ίκανῶς
2608 2094 2743 2160 ἐκεῖ,
2776 2092 2874 2148 τοῦ
2911 2093 3049 2147 Θεοῦ
3098 2092 3523 2162 συνεργοῦντος,
3570 2094 3796 2161 ἀπολογη-

2249 2185 2491 2254 σόμτνοι.

3010 2280 3083 2334 B'.

2330 2372 2635 2442 Ἐπόμενον
2671 2372 2726 2426 δὲ
2762 2373 2891 2442 περὶ
2943 2372 3042 2442 τῆς
3080 2372 3340 2445 δευτέρας
3386 2379 3484 2429 καὶ
3516 2378 3697 2446 τρίτης
3733 2378 3794 2427 ἐν·

2247 2464 2421 2517 ταῦοα
2452 2465 2648 2518 εἰπεῖν.
2681 2465 2791 2517 Καὶ
2818 2470 2951 2533 περι
2978 2470 3077 2530 μὲν
3105 2465 3203 2533 τῆς
3232 2466 3445 2534 τρίτης,
3482 2469 3660 2530 οὐδεὶς
3688 2470 3795 2537 ἡμίν

2247 2556 2402 2622 λόγος
2426 2555 2619 2607 ’.επεὶ
2649 2554 2773 2606 οὔτε
2811 2555 2841 2622 ἡ
2890 2555 3211 2624 Ἐκκλησία,
3252 2555 3377 2609 οὔτε
3416 2559 3465 2609 οἱ
3512 2559 3654 2625 ἅγιοι
3694 2559 3794 2624 περὶ

2246 2642 2473 2694 ἐκείνων
2520 2632 2630 2696 τῶν
2662 2645 2721 2695 ἐν
2770 2642 2956 2715 ἐκείνῃ
2987 2645 3285 2713 λαχόντων,
3322 2649 3522 2715 μνείαν
3566 2649 3791 2701 ποιεῖσθαι

2247 2734 2506 2787 θέλουσν
2558 2734 2655 2786 καὶ
2691 2734 2830 2796 ὅλως
2884 2735 3153 2804 φρονοῦσι
3200 2739 3477 2805 σωτηρίαν
3535 2742 3701 2801 αὐτοῖς
3735 2744 3788 2807 μὴ

2248 2820 2388 2878 εἶναι
2415 2828 2489 2888 ὼς
2517 2827 2989 2893 ἀπεγνωσμένοις,
3020 2829 3113 2881 καὶ
3143 2829 3536 2900 ἁμετανοὴτως
3560 2828 3791 2895 ἐξεὶθοῦιι

2246 2917 2339 2969 τοῦ
2370 2917 2519 2986 τῇδε.
2557 2917 2691 2980 Περὶ
2731 2916 2940 2970 τούτων
2974 2920 3085 2987 γὰρ
3121 2920 3179 2972 οὐ
3204 2921 3283 2972 δεῖ
3308 2921 3635 2988 φροντίζειν,
3662 2922 3687 2984 ἢ
3718 2936 3790 2970 πο-

2248 3009 2383 3070 νεῖν,
2417 3008 2450 3075 ἢ
2487 3007 2915 3076 προσεύχεσθαι,
2943 3008 3063 3060 οὐδὲ
3092 3006 3284 3069 θυσίας
3311 3010 3640 3077 προσφέρειν
3670 3006 3787 3072 ὑπὲρ

564 3092 652 3146 vel
684 3091 955 3145 sacriﬁcia
1007 3090 1229 3157 oﬂ‘erre,
1287 3092 1371 3145 vel
1420 3092 1804 3164 eleemosynas
1862 3095 2140 3159 exhibere,

2248 3096 2449 3157 αὐτῶν,
2496 3096 2529 3165 ἢ
2587 3095 2965 3164 ἐλεημοσύνας
3005 3096 3228 3159 διδόναι,
3262 3097 3295 3165 ἢ
3350 3097 3454 3150 ὅσα
3513 3097 3631 3151 au:
3668 3094 3786 3159 ὑπὲρ

563 3184 646 3238 vel
682 3183 788 3238 alia
844 3200 966 3253 qua:
1018 3200 1118 3253 pro
1151 3184 1219 3239 iis
1275 3185 1366 3254 qui
1418 3184 1650 3241 ﬁdeliter
1703 3187 2140 3253 obdortuierunt,

562 3275 900 3346 fervidisque
962 3292 1087 3331 cum
1153 3276 1413 3348 lacrymis
1466 3280 1843 3346 pwnitentiam
1889 3288 2136 3351 egerunt,

562 3369 862 3425 constituta
896 3378 1046 3435 sunt,
1080 3371 1341 3438 quoniam
1380 3371 1433 3424 in
1455 3371 1859 3442 desperatione,
1889 3389 1998 3428 nou
2041 3388 2143 3427 au-

565 3471 671 3517 tem
702 3462 756 3515 in
794 3460 1112 3530 paruiteutia
1140 3460 1268 3516 hinc
1288 3463 1682 3532 demigrarunt.
1724 3467 1801 3519 Ae
1833 3465 2001 3519 veluti
2044 3480 2144 3534 pro

565 3552 740 3619 prima
778 3550 977 3614 classe,
1021 3567 1142 3619 qua:
1192 3552 1246 3606 in
1297 3553 1552 3621 paradiso
1584 3568 1710 3607 cum
1760 3554 1981 3609 Christo
2037 3561 2142 3619 est,

569 3655 678 3695 non
712 3650 929 3711 oportet
954 3658 1053 3711 pro
1082 3658 1274 3697 eorum
1308 3646 1546 3712 peccatis
1583 3645 1838 3700 tollendis
1870 3645 2143 3702 sacriﬁcia

565 3732 788 3800 oﬂ‘erre,
828 3750 953 3788 cum
981 3734 1034 3787 in
1070 3734 1174 3788 hoc
1204 3734 1408 3789 saeculo
1463 3736 1856 3801 satisfeceriut,
1888 3746 1941 3792 et
1998 3752 2145 3793 nunc

564 3829 619 3882 iu
648 3828 860 3883 deliciis
892 3827 1248 3882 iuel‘t'abilium
1297 3828 1567 3883 bonorum
1601 3838 1913 3896 versentur,
1937 3830 2018 3885 sic
2044 3846 2147 3885 ne-

565 3936 671 3989 que
700 3933 796 3986 pro
836 3918 1178 3973 dimittendis
1220 3922 1461 3989 peccatis
1490 3914 1682 3974 eorum
1713 3922 1806 3990 qui
1835 3920 1887 3974 in
1929 3921 2146 3976 crucia-

570 4013 718 4067 tibus
753 4010 1177 4081 inl‘ernideguut
1217 4012 1348 4066 licet
1378 4013 1715 4068 sacriﬁcare.
1772 4012 1843 4066 At
1898 4012 1947 4066 id
2019 4014 2144 4067 novi

563 4102 657 4154 isti
699 4100 938 4171 theologi
975 4116 1085 4155 non
1122 4103 1457 4167 concedunt,
1498 4104 1703 4172 quippe
1748 4104 1842 4171 qui
1885 4118 1985 4159 nec
2020 4118 2150 4158 san-

564 4204 681 4253 ctos
712 4195 763 4247 iu
794 4188 962 4265 regno
995 4194 1261 4249 cmlorum
1291 4209 1411 4250 esse
1434 4196 1639 4262 volunt,
1675 4212 1775 4251 nec
1797 4198 1853 4251 in
1890 4196 2142 4252 cruciatu

564 4300 903 4358 peccatores.
929 4288 1099 4343 Nobis
1130 4298 1310 4344 autem
1361 4288 1465 4343 etsi
1503 4293 1848 4360 propositum
1905 4304 2013 4343 non
2061 4299 2149 4343 est

564 4387 631 4438 de
670 4384 754 4437 bis
796 4384 900 4437 hoc
933 4383 1056 4437 loco
1086 4384 1376 4445 disserere,
1417 4383 1508 4437 sed
1560 4383 1627 4437 de
1684 4385 1997 4453 purgatorio
2028 4393 2148 4436 tan-

567 4490 704 4545 tum,
742 4480 887 4547 quod
916 4488 999 4533 est
1033 4479 1255 4532 tertium
1296 4462 1501 4531 decreti
1520 4486 1703 4545 caput,
1742 4488 1920 4529 tamen
1954 4490 2019 4529 ue
2070 4474 2148 4529 vi-

563 4572 759 4625 deatur
793 4571 986 4624 decsse
1036 4570 1195 4623 nobis
1245 4567 1613 4638 respondendi
1672 4566 1924 4631 facultas,
1982 4566 2146 4620 etiam

565 4668 630 4717 de
656 4664 741 4716 liis
768 4677 935 4730 pauca
961 4660 1209 4729 quaedam
1246 4662 1631 4728 adjuugemus.
1663 4658 1972 4714 Auituabus
1998 4659 2147 4712 enim

568 4773 690 4825 qua:
722 4757 848 4810 hinc
879 4757 999 4809 sine
1048 4756 1229 4807 fructu
1271 4753 1605 4823 pmuiteutiae
1659 4753 1949 4816 decedunt,
1999 4752 2147 4806 nulla

570 4857 692 4918 post
720 4862 949 4901 mortem
983 4846 1188 4901 utilitas
1228 4848 1460 4902 accedit.
1483 4845 1617 4900 Nam
1642 4856 1696 4901 et
1728 4846 2003 4916 Propheta
2020 4844 2066 4876 ⁵⁸
2097 4844 2149 4898 id

570 4946 810 4996 iunueus
847 4939 1061 4993 diccbat
1101 4954 1158 4992 ιι
1200 4937 1256 4991 lu
1301 4938 1514 4993 interno
1535 4948 1717 4994 autern
1749 4938 1874 5008 quis
1924 4937 2147 4991 conﬁte-

572 5033 719 5086 bitur
751 5030 848 5085 tibi
879 5029 902 5082 ’ί
936 5047 958 5081 ›
985 5028 1043 5082 Et
1076 5044 1267 5082 rursus
1303 5043 1317 5080 :
1356 5047 1373 5079 ι
1408 5027 1524 5081 Non
1560 5038 1642 5083 est
1672 5028 1990 5098 pmnitentia
2026 5035 2149 5096 post

567 5133 819 5187 mortem,
862 5142 880 5175 ι
921 5138 1077 5177 sacer
1108 5121 1240 5175 dicit
1286 5120 1647 5188 Epiphanius,
1683 5129 1913 5175 mortem
1962 5118 2149 5188 appel-

567 5218 687 5271 lans
712 5216 928 5285 plenam
974 5214 1307 5283 injustorum
1341 5211 1778 5275 damnationem,
1804 5212 1934 5263 utin
1967 5226 2151 5264 exem-

569 5312 657 5379 plo
683 5312 889 5375 divitis,
927 5311 1021 5379 qui
1063 5312 1115 5364 in
1142 5312 1266 5379 igne
1294 5318 1555 5368 torretur,
1592 5304 1921 5369 ostenditur,
1947 5305 2145 5358 stillam

568 5414 723 5469 aqua:
786 5402 1018 5467 petentis
1088 5414 1188 5454 nec
1240 5396 1609 5466 impetrantis,
1658 5395 1860 5450 stillam
1897 5394 2149 5449 videlicet

570 5490 907 5558 paenitentia:
942 5490 1288 5557 postulantis,
1321 5504 1420 5543 nec
1450 5487 1804 5543 invenientis.
1844 5486 2010 5555 quue
2038 5501 2150 5539 me-

572 5584 698 5650 rito,
746 5585 922 5637 hieme
969 5583 1404 5639 misericordiam
1472 5599 1579 5638 non
1642 5581 1953 5647 sem'navit,
2004 5588 2151 5634 venit

642 5761 687 5793 ⁸⁸
720 5763 861 5817 l‘sal.
902 5778 977 5829 VI,
1000 5761 1057 5818 θ.

2247 3191 2355 3244 τῶν
2403 3190 2614 3253 πιστῶς
2671 3190 3050 3259 κοιμηθέντων
3100 3192 3193 3243 καὶ
3250 3192 3694 3261 μετανοησάντων
3742 3190 3786 3239 ἐν

2250 3281 2476 3351 θερμοῖς
2515 3282 2627 3342 τοῖς
2659 3281 2942 3349 δάκρυσιν,
2973 3282 3238 3350 ώρισταιο
3270 3282 3461 3352 ἐπειδὴ
3495 3287 3556 3336 ἐν
3584 3270 3786 3346 ἀπογνώ-

2248 3390 2330 3427 σει
2373 3373 2596 3443 μᾶλλον,
2632 3373 2663 3442 ἢ
2708 3374 2764 3425 ὲν
2813 3373 3071 3443 μετανοίᾳ
3116 3376 3223 3426 τῶν
3269 3375 3396 3445 τῇδε
3453 3375 3782 3442 μετέστησεν.

2247 3467 2358 3519 Καὶ
2411 3466 2601 3536 ὥσπερ
2638 3467 2747 3534 γὰρ
2798 3468 2890 3520 ἐπὶ
2944 3466 3047 3535 τῆς
3077 3467 3301 3535 πρώτης
3353 3468 3599 3536 μερίδος,
3639 3466 3781 3532 τῆςὲν

2248 3558 2563 3628 παραδείσῳ
2621 3557 2811 3627 οὔσης,
2862 3560 2955 3611 καὶ
2992 3560 3133 3628 μετὰ
3186 3560 3277 3612 τοῦ
3308 3548 3599 3626 ¹Χριστοῦ,
3631 3561 3682 3611 οὗ
3727 3558 3787 3608 δεῖ

2251 3648 2388 3717 ὑπὲρ
2418 3639 2606 3703 αὐτῶν
2632 3650 2821 3711 θυσίας
2856 3652 3188 3721 προσφέρειν
3224 3652 3305 3713 είς
3334 3650 3618 3719 ἀναίρεσιν
3647 3652 3785 3719 ἁμαρ

2246 3742 2401 3803 τιῶν,
2473 3744 2548 3805 ὡς
2607 3744 2810 3803 ἱκανῶς
2859 3743 3091 3797 ἐνταῦθα
3154 3744 3671 3814 ίκανοποιησάντων,
3715 3741 3785 3793 καὶ

2250 3833 2344 3887 νῦν
2374 3834 2765 3902 ἐντρυφώντων
2802 3837 2914 3896 τοῖς
2946 3837 3207 3905 ἀρρήτοις
3233 3837 3342 3889 τῶν
3372 3836 3620 3903 ἀγαθῶν,
3651 3836 3786 3886 οἶτως

2249 3925 2357 3978 οὐδ’
2395 3926 2534 3992 ὑπὲρ
2582 3929 2808 3988 τούτων.
2858 3927 3028 3980 ὄντων
3078 3930 3134 3979 ὲν
3170 3929 3389 3982 κολάσει
3434 3930 3536 3981 τοῦ
3566 3929 3701 4000 ᾅδου,
3728 3924 3787 3977 δεῖ

2251 4011 2528 4076 θυσιάζειν
2584 4015 2723 4084 ὑπὲρ
2777 4016 3026 4084 ἀφέσεως
3076 4018 3389 4088 ἁμαρτιῶν.
3433 4020 3580 4072 Ἀλλ’
3615 4019 3661 4070 οἱ
3704 4016 3785 4067 νέςι

2250 4103 2495 4171 θεολόγοι
2545 4106 2641 4159 καὶ
2683 4105 2845 4160 τοῦτο
2884 4108 2945 4159 οὐ
3008 4105 3292 4176 βούλονται
3317 4125 3330 4139 ·
3365 4109 3490 4164 οὔτε
3554 4111 3657 4179 γὰρ
3693 4108 3786 4163 τοὺς

2251 4196 2440 4265 ἁγίους
2488 4198 2545 4250 ὲν
2604 4196 2851 4268 βασιλείᾳ
2904 4202 3149 4269 οὐρανῶν
3201 4202 3447 4256 θέλουσιν
3501 4200 3661 4263 εἶναι,
3692 4200 3785 4251 οὔτε

2250 4290 2374 4349 τοὺς
2402 4288 2761 4357 ἁμαρτωλοὺς
2794 4291 2852 4343 ὲν
2884 4292 3128 4345 κολάσει.
3173 4295 3335 4363 Ἡμῖν
3361 4296 3419 4345 δὲ
3443 4299 3493 4347 εἰ
3522 4296 3612 4349 καὶ
3636 4295 3724 4371 οὐκ
3738 4287 3784 4355 ἧν

2255 4384 2455 4446 σκοπὸς
2486 4385 2612 4454 περὶ
2643 4385 2835 4437 τούτου
2858 4388 2923 4439 τὰ
2952 4386 3047 4440 νῦν
3075 4391 3269 4453 εἰπεῖν,
3299 4388 3413 4439 ἀλλ’
3442 4390 3473 4459 ἢ
3506 4390 3656 4457 μόνον
3679 4383 3785 4449 ὑπὲρ

2247 4476 2340 4529 τοῦ
2371 4476 2773 4545 καθαρτηρίου,
2801 4478 2829 4531 ὃ
2854 4479 2971 4530 ἐστι
2999 4479 3182 4549 τρίτον
3216 4480 3309 4532 τοῦ
3344 4480 3475 4549 ὅρου
3509 4479 3783 4547 κεφάλαιον.

2247 4567 2398 4633 ὅμως
2464 4566 2549 4618 ἵνα
2593 4565 2669 4635 μὴ
2723 4567 3004 4628 ἀδυνάτως
3032 4570 3177 4619 τισὶν
3214 4568 3361 4638 ἔχειν
3404 4570 3650 4634 δόξωμεν
3688 4559 3782 4627 περὶ

2248 4662 2466 4719 τούτου.
2513 4658 2667 4725 ὀλίγα
2715 4658 2968 4728 ἐροῦμεν.
3023 4659 3308 4712 Ἐντεῦθεν
3342 4663 3453 4729 γὰρ
3500 4652 3780 4724 esttecuva

2248 4752 2358 4804 τῶν
2391 4748 2581 4820 ψυχῶν
2621 4751 3036 4819 ἀμετανοήτων,
3086 4751 3328 4820 ὠφέλεια
3362 4756 3452 4803 καὶ
3489 4750 3624 4819 μετὰ
3656 4742 3782 4799 θανά·

2249 4856 2342 4892 τον
2374 4839 2602 4908 οὐδεμία
2645 4840 2781 4891 ἐστί.
2818 4840 2955 4909 Περὶ
2991 4840 3195 4893 τούτων
3228 4841 3336 4908 γὰρ
3363 4842 3456 4894 καὶ
3484 4842 3512 4893 ὁ
3542 4838 3781 4907 προφήτης

2248 4932 2625 5000 αἰνιττόμενος
2675 4932 2879 4998 ἔλεγεν,
2924 4952 2941 4984 ι
2995 4933 3083 4984 Ἐν
3114 4933 3169 4986 δὲ
3198 4932 3274 5001 τῷ
3305 4932 3431 5004 ᾄδῃ.
3472 4934 3552 4996 τίς
3583 4926 3786 4998 ἐξομολο-

2246 5026 2480 5099 γήσεται
2522 5043 2643 5090 σοι;
2687 5044 2704 5076 ι
2742 5026 2836 5079 καὶ
2876 5024 2943 5078 αὖ
2973 5026 3134 5078 πάλιν
3158 5041 3172 5055 ο
3209 5044 3226 5077 ι
3269 5028 3387 5079 Οὐκ
3424 5025 3540 5079 ἔστι
3576 5023 3788 5092 μετάνοια

2252 5118 2391 5189 μετὰ
2424 5117 2710 5182 θάνατον,›
2744 5120 2770 5169 ὁ
2819 5117 2965 5186 ἱερὸς
3012 5118 3359 5185 Ἐπιφάνειος
3395 5120 3593 5185 φάσκει
3615 5132 3628 5147 ο
3660 5112 3789 5166 θάνα-

2249 5228 2340 5264 τον
2379 5211 2555 5277 λέγων
2586 5209 2685 5278 τὴν
2715 5210 2957 5276 παντελῆ
3003 5209 3111 5261 τῶν
3156 5212 3363 5264 ἀδίκων
3392 5210 3696 5274 καταδίκην,
3731 5200 3789 5259 ὡς

2251 5305 2307 5356 ὲν
2336 5301 2412 5371 τῷ
2443 5302 2685 5371 πλουσίῳ
2716 5303 2793 5371 τῷ
2822 5302 3095 5371 καιομένῳ
3139 5303 3196 5353 ὲν
3235 5304 3301 5369 τῇ
3334 5302 3493 5368 φλογὶ
3524 5301 3785 5353 δείκνυται,

2251 5394 2504 5464 ζητοῦντι
2545 5393 2734 5461 ρανίδα
2767 5393 2983 5455 ὓδατος,
3020 5394 3115 5445 καὶ
3157 5395 3230 5462 μή
3283 5394 3566 5463 δυναμένῳ
3610 5388 3784 5455 τυχεῖν·

2254 5487 2443 5561 ρανίδα
2508 5484 2798 5555 μετανοίας
2853 5483 3055 5554 δηλαδὴ
3101 5486 3368 5550 αἰτοῦντι,
3433 5486 3525 5539 καὶ
3563 5482 3635 5551 μὴ
3671 5473 3789 5545 εὑρι-

2256 5595 2482 5634 σκοντιο
2539 5579 2631 5631 καὶ
2686 5576 2949 5641 είκότωςο
2991 5576 3069 5645 τῷ
3120 5578 3380 5647 χειμῶνι,
3435 5580 3530 5629 οὐκ
3579 5575 3787 5634 ἔσπειρεν
