3978 6204
245 305 390 368 1233

922 305 1074 364 PRO
1099 305 1312 367 CONC.
1348 306 1716 370 FLOBENT.
1761 309 1918 371 CAP.
1958 311 2077 370 IlI.
2115 311 2212 373 DE
2244 314 2761 376 PURGATORIO.

3356 315 3378 378 1
3391 304 3491 375 234

241 426 394 479 ἔλεον
420 441 434 457 -
467 417 596 494 ἦλθε
624 423 686 476 τὸ
718 423 880 495 θέρος
911 425 1006 477 καὶ
1042 427 1142 478 οὐκ
1168 426 1406 503 ἐθέρισε.
1432 426 1698 496 Χειμῶνά
1719 443 1810 496 μοι

1924 445 2105 498 aestas,
2148 449 2247 492 nec
2302 447 2538 488 messem
2602 431 2752 487 fecit.
2828 431 3070 486 lliemcm
3124 433 3212 487 hic
3257 432 3497 500 intelligo

239 516 353 566 vict
403 513 494 567 τὸν
543 516 786 580 παρόντα
821 515 955 582 βίον,
1003 514 1096 574 τὸν
1152 515 1645 585 συμπεπλεγμένον
1691 516 1812 579 ταῖς

241 608 542 676 ἁμαρτίαις
565 623 580 638 ο
621 606 780 676 Θέρος
813 608 890 672 δὲ,
925 607 1017 659 τὸν
1049 607 1334 676 μέλλοντα,
1385 608 1479 660 καὶ
1507 607 1607 665 τὰς
1651 609 1817 661 ἀντα-

239 701 488 764 ποδόσεις
515 700 624 752 τῶν
667 702 866 771 ἔργων.
911 701 1175 754 Ἐνταῦθα
1223 701 1332 770 γὰρ
1367 701 1428 752 ἐν
1457 699 1534 771 τῷ
1585 701 1815 770 χειμῶνι

243 792 422 862 τούτῳ
448 793 598 846 ἐστὶν
634 796 667 862 ἠ
702 794 960 862 μετάνοια
981 808 994 821 ·
1025 795 1146 846 ἐκεῖ
1177 793 1318 847 δὲτὸ
1368 794 1544 863 θέρος,
1582 794 1752 864 ἤγουν
1782 794 1815 862 ἠ

240 885 564 947 ἀπόλαυσις.
612 887 722 938 Καὶ
758 885 993 956 ἀλλαχοῦ
1025 886 1189 940 πάλιν
1226 890 1253 940 6
1287 887 1607 955 προφήτης·
1655 885 1818 939 Ἀπέ-

245 976 455 1038 κλεισε,
486 981 673 1044 φησὶν,
705 981 731 1031 6
757 979 888 1042 Θεὸς
930 979 1050 1032 κατ’
1081 981 1283 1034 αὐτῶν.
1325 982 1493 1049 Δῆλον
1521 980 1566 1031 δ’
1594 981 1700 1044 ὅτι,
1741 977 1818 1048 μὴ

143 1120 146 1122 _
248 1068 662 1136 μετανοήσαντά
707 1086 832 1123 τινα
859 1071 1117 1137 ἐνταῦθα,
1165 1071 1450 1142 ἀμήχανόν
1477 1073 1594 1125 ἐστι
1645 1089 1816 1140 μετα-

241 1161 436 1229 νοῆσαι
467 1162 606 1228 μετὰ
635 1161 735 1230 τὴν
769 1163 976 1216 ἐνθένδε
1022 1163 1350 1231 ἀπαλλαγήν
1375 1181 1386 1193 ·
1418 1163 1675 1232 λυθείσης
1708 1161 1817 1232 γὰρ

239 1254 754 1323 τῆςιπανηγύρεως,
792 1256 890 1308 καὶ
935 1257 1280 1328 κλεισθείσης
1315 1258 1416 1326 τῆς
1454 1255 1550 1309 τοῦ
1590 1254 1818 1324 νυμφῶ·

241 1360 330 1404 νος
361 1343 553 1413 θύρας.
592 1345 716 1398 οὔτε
751 1347 1006 1415 μετάνοια
1039 1349 1235 1418 ἰσχύει,
1272 1347 1398 1402 οὔτε
1441 1348 1652 1417 δάκρυα
1676 1347 1818 1414 dupe-

241 1434 465 1487 λοῦσιν·
516 1435 592 1500 ὡς
644 1440 702 1489 ἐν
737 1443 802 1508 τῇ
832 1441 1118 1512 παραϐολῇ
1156 1441 1266 1494 τῶν
1314 1442 1475 1494 πέντε
1525 1440 1818 1510 παρθένων

241 1526 567 1594 ἐμφαίνεται
585 1544 601 1559 ο
626 1531 898 1595 λεγουσῶν
916 1531 1164 1593 ἐκείνων,
1189 1551 1206 1583 ι
1222 1532 1418 1599 Κύριε,
1453 1531 1648 1600 Κύριε,
1671 1531 1816 1586 ἄνοι-

243 1614 331 1676 ξον
365 1620 518 1683 ἡμῖν,
563 1638 582 1669 ι
633 1620 910 1692 ἀπεκρίθη
939 1623 991 1676 δὲ
1028 1627 1056 1676 6
1089 1625 1324 1692 νυμφίος
1355 1625 1612 1695 Χριστὸς,
1652 1643 1670 1676 ι
1701 1624 1818 1680 Οὐκ

240 1705 358 1764 οἶδα
386 1710 548 1778 ὑμᾶς·
571 1731 588 1762 ι
614 1713 904 1778 ἐξελθοῦσα
936 1715 1046 1786 γὰρ
1067 1717 1098 1785 ἡ
1122 1716 1265 1788 ψυχὴ
1287 1717 1380 1770 τοῦ
1403 1717 1672 1787 σώματος,
1691 1718 1812 1770 οὔτε

238 1800 490 1870 δακρύει,
513 1803 637 1856 οὔτε
675 1806 1008 1875 μετανοῆσαι
1030 1807 1290 1862 δύναται·
1316 1810 1423 1862 τῶν
1439 1813 1700 1879 ’φυσικῶν
1721 1815 1814 1880 ὀρ-

244 1895 424 1956 γάνων
484 1896 553 1948 δι’
603 1891 679 1951 ὧν
735 1901 768 1968 ἡ
822 1902 1083 1968 μετάνοια
1139 1903 1414 1956 δείκνυται
1475 1904 1813 1958 παυθέντων.

253 1985 585 2054 Ἀγρυπνεῖν
621 1992 703 2044 δεῖ
749 1994 1048 2062 πρότερον·
1090 1995 1480 2064 ἑτοιμάζεσθαι
1531 1996 1669 2064 πρὸς
1716 1997 1817 2064 τὴν

241 2078 448 2138 ἔξοδον·
475 2080 555 2133 ὅτι
596 2082 655 2134 ἐν
686 2083 869 2154 ἐκείνῃ
893 2088 958 2154 τῇ
985 2085 1127 2154 ὥρᾳ,
1164 2088 1222 2139 ἐν
1253 2088 1436 2158 ἐκείνῃ
1470 2091 1537 2158 τῇ
1571 2091 1728 2162 ῥιπῇ,
1758 2092 1816 2141 ἐν

239 2170 434 2239 ἐκείνῳ
464 2170 540 2239 τῷ
568 2173 766 2241 ἀκαρεῖ
802 2176 1002 2246 χρόνῳ,
1037 2179 1095 2230 ἐν
1126 2171 1171 2244 ᾧ
1198 2179 1230 2248 ἠ
1255 2179 1400 2249 ψυχὴ
1426 2181 1638 2250 ἀγωνιᾷ
1668 2180 1818 2245 ἐξελ·-

243 2263 355 2314 θεῖν
385 2263 479 2316 τοῦ
511 2263 782 2332 σώματος,
821 2268 916 2320 καὶ
945 2268 1045 2336 τῆς
1072 2270 1352 2341 παρούσης
1376 2273 1522 2340 ζωῆς
1548 2288 1562 2302 °
1591 2274 1682 2326 καὶ
1707 2274 1816 2344 γὰρ

242 2353 474 2421 φοὸερός
518 2357 666 2408 ἐστιν
694 2358 724 2408 6
768 2358 959 2428 καιρὸς
1015 2361 1244 2425 ἐκεῖνος,
1297 2363 1393 2416 καὶ
1419 2364 1447 2414 6
1481 2363 1628 2430 ἀγὼν
1663 2365 1820 2432 μέγι-

241 2461 386 2506 στος,
415 2445 512 2498 καὶ
546 2448 579 2509 ἡ
611 2447 852 2516 ἐμπορία
886 2449 1208 2516 δυσεύωνος,
1241 2453 1361 2516 δέος
1391 2455 1508 2506 ἐστὶ
1548 2443 1624 2525 μῆ
1668 2457 1822 2524 ἐξερ-

241 2536 443 2605 χομένη
541 2538 687 2609 ψυχὴ
750 2541 1000 2612 εὑρεθείη
1048 2543 1115 2596 τὰ
1150 2545 1473 2612 χαμαίζηλα
1506 2547 1598 2599 καὶ
1641 2549 1814 2616 πρόσ-

243 2644 410 2694 καιρα
476 2629 649 2682 ταῦτα
705 2633 1000 2700 φρονοῦσα.
1039 2637 1138 2687 “Av
1199 2638 1306 2704 γὰρ
1365 2637 1556 2708 ἐξέλθῃ
1620 2643 1695 2709 μὴ
1759 2642 1817 2690 ἐν

244 2720 505 2791 μετανοίᾳ
559 2721 743 2792 ίκανῇ,
779 2725 872 2777 καὶ
903 2725 1096 2794 ἀληθεῖ
1137 2728 1524 2796 ἐξομολογήσει
1555 2732 1648 2782 καὶ
1685 2749 1816 2783 συν-

242 2814 402 2884 τριϐῇ
441 2814 538 2884 τῆς
587 2816 838 2884 καρδίας,
885 2819 1109 2887 μνήμην
1157 2819 1358 2888 ἔχουσα
1397 2821 1492 2873 τοῦ
1545 2823 1817 2892 παρόντος

243 2906 386 2971 βίου,
416 2906 518 2976 τῆς
557 2907 896 2980 προσκαίρου
923 2910 1129 2980 ταύτης
1159 2910 1329 2977 ζωῆς,
1365 2911 1459 2964 τοῦ
1507 2913 1815 2969 πολυσπου-

237 2999 436 3050 δίστου
497 2999 801 3069 θησαυροῦ,
861 3003 1120 3069 γυναικός
1169 3021 1227 3055 τε
1282 3003 1400 3072 ἅμα
1448 3007 1542 3058 καὶ
1585 3007 1813 3071 τέκνων,

1845 1762 1893 1822 Β

1924 539 2247 598 ρι’σιεσιιιοιη
2280 530 2446 583 vitam
2478 528 2718 598 peccatis
2740 527 3081 596 implicitam,
3120 539 3347 579 messem
3363 539 3491 576 vero

1924 623 2168 676 futuram
2226 631 2389 688 atque
2438 636 2664 689 operum
2701 618 3142 673 retributionem.
3196 615 3293 668 llic
3322 616 3494 679 enim,

1923 717 1976 769 in
2054 715 2158 769 hac
2207 715 2406 777 hieme,
2475 712 2791 781 pcenitentia
2837 712 3126 778 reperitur,
3181 708 3252 762 ibi
3309 717 3491 768 testas,

1925 806 1977 859 id
2008 817 2085 860 cst
2142 803 2354 860 fruitio.
2399 804 2461 857 Et
2492 803 2619 856 ahhi
2669 818 2860 855 rursus
2894 799 3186 869 Propheta,
3228 818 3243 848 ‹
3282 797 3496 852 Clausit

1925 897 2068 951 Deus
2097 899 2367 952 adversus
2397 909 2518 960 eos,
2558 915 2576 947 ι
2618 895 2817 964 inquit.
2854 895 3112 962 Apertum
3158 900 3341 945 autem
3385 898 3495 950 est,

1921 1005 2044 1044 enm
2084 988 2174 1055 qui
2219 989 2270 1040 in
2315 989 2415 1041 hac
2461 987 2568 1040 vita
2608 1001 2715 1039 non
2769 986 3106 1055 ptenituerit,
3159 981 3498 1052 impossibile

1921 1081 2147 1136 esseilla
2187 1087 2460 1159 transacta
2489 1078 2789 1146 pmnitere;
2829 1094 2950 1130 nam
2980 1076 3206 1130 dimisso
3223 1081 3493 1128 conventu

1921 1183 1976 1227 et
2006 1173 2191 1226 clausa
2218 1172 2442 1225 thalami
2479 1159 2755 1240 sponsalis
2795 1170 2984 1239 janua,
3041 1183 3143 1221 nec
3175 1164 3496 1234 poenitentia

1921 1267 2085 1328 valet,
2121 1279 2227 1318 nec
2259 1264 2512 1332 lacrymm
2534 1271 2784 1332 prosunt,
2810 1269 2868 1314 ut
2890 1264 2940 1313 iu
2969 1258 3222 1325 parabola
3251 1258 3494 1326 quinque

1920 1358 2196 1425 virginum
2235 1355 2570 1420 ostenditur,
2596 1369 2720 1408 cum
2762 1369 2839 1408 ea:
2867 1353 3110 1406 dicerent
3143 1368 3159 1404 :
3196 1369 3213 1402 ι
3248 1349 3494 1408 Domine.

1923 1447 2170 1511 Domine,
2207 1448 2357 1516 aperi
2386 1447 2600 1505 nobis.»
2635 1443 2916 1511 respondit
2961 1458 3194 1509 sponsus
3217 1440 3494 1500 Christus,

1926 1552 1943 1587 ι
1977 1536 2172 1590 Nescio
2202 1551 2318 1590 vos.
2354 1555 2372 1585 ι
2411 1533 2640 1604 Egressa
2680 1534 2824 1587 enim
2855 1550 2884 1587 a
2919 1547 3149 1600 corpore
3180 1533 3359 1584 anima
3400 1545 3495 1583 ne-

1919 1645 2026 1697 que
2053 1628 2160 1691 ﬂcl,
2195 1643 2372 1697 neque
2401 1638 2578 1696 potest
2607 1629 2895 1697 paenitere,
2925 1636 3135 1680 natura:
3166 1624 3498 1677 sublatisin-

1921 1720 2261 1785 strumentis,
2291 1735 2390 1788 per
2418 1735 2539 1788 qua:
2580 1719 2900 1788 paenitentia
2949 1727 3308 1773 monstratur.
3347 1717 3499 1783 Vigi-

1922 1828 2035 1872 tare
2072 1823 2196 1867 ante
2218 1821 2433 1882 Oportet
2461 1821 2514 1866 et
2543 1812 2608 1865 ad
2645 1811 2849 1864 exitum
2883 1825 2943 1866 se
2975 1823 3334 1878 comparare;
3367 1809 3494 1876 quia

1920 1910 1976 1962 in
2008 1922 2070 1960 ea
2136 1905 2291 1966 hora,
2347 1904 2400 1958 in
2459 1904 2548 1957 illo
2607 1910 2904 1967 momento,
2944 1901 2997 1955 in
3036 1901 3126 1956 illo
3180 1899 3496 1954 indivisibili
3538 1921 3562 1943 ο

1921 2007 2193 2067 tempore.
2235 2009 2346 2064 quo
2379 1994 2560 2048 anima
2589 1994 2809 2063 angitur
2844 1993 2998 2047 exire
3041 1993 3108 2046 de
3142 2007 3392 2060 corpore,
3447 1998 3500 2042 ct

1920 2089 2029 2144 vita
2055 2086 2306 2158 praesenti
2331 2084 2699 2156 (tremendum
2749 2093 2832 2138 est
2857 2084 2999 2138 enim
3035 2090 3247 2149 tempus
3274 2081 3424 2144 illud,
3447 2089 3502 2133 et

1920 2189 2196 2234 certamen
2225 2179 2524 2231 maximum
2561 2185 2618 2231 et
2677 2183 2990 2231 mercatura
3025 2189 3131 2228 non
3166 2174 3259 2228 vili
3323 2173 3502 2242 pretio

1918 2271 2267 2339 aestimanda)
2301 2269 2606 2325 cavendum
2648 2277 2732 2324 est
2778 2285 2844 2324 ne
2875 2271 3005 2324 dum
3054 2269 3165 2323 exit
3205 2271 3410 2335 anima,
3446 2270 3500 2322 in

1923 2364 2006 2417 his
2033 2362 2338 2416 humilibus
2392 2371 2448 2416 et
2477 2362 2822 2431 temporariis
2864 2364 3030 2418 rebus
3053 2363 3502 2432 deprehendatur

1923 2455 2212 2524 implicita.
2240 2452 2373 2507 Nam
2397 2453 2440 2508 si
2467 2470 2572 2508 non
2609 2453 2804 2508 idonea
2833 2453 3206 2508 satisfactione
3237 2453 3500 2516 adhibita,

1919 2561 2045 2599 vera
2092 2543 2438 2598 confessione
2487 2552 2542 2596 et
2571 2542 2756 2597 cordis
2807 2543 3141 2598 contritione
3172 2542 3499 2605 decesserit,

1918 2639 2014 2691 sed
2077 2635 2242 2690 vitam
2284 2644 2496 2689 tantum
2557 2645 2881 2702 praesentem
2951 2635 3008 2688 in
3061 2635 3327 2687 memoria
3371 2633 3504 2687 reti-

1920 2743 2078 2793 nens,
2113 2726 2351 2781 caducas
2395 2727 2495 2780 has
2545 2742 2653 2788 res,
2686 2729 3005 2781 thesaurum
3068 2724 3252 2779 studio
3305 2725 3501 2794 quzcsi-

1919 2832 2056 2883 tum,
2089 2835 2318 2874 uxorem
2350 2817 2512 2873 sinml
2544 2829 2597 2872 et
2632 2819 2856 2884 liberos,
2892 2833 2993 2872 nec
3027 2817 3112 2871 his
3145 2817 3362 2870 modum
3395 2817 3501 2869 im-

1919 2928 2149 2982 ponens,
2171 2911 2268 2966 sed
2297 2926 2362 2966 ea
2381 2911 2644 2966 continue
2666 2911 2852 2965 animo
2883 2911 3170 2965 revolvens
3204 2919 3259 2962 ct
3318 2906 3498 2962 medi-

1920 3015 2064 3067 tans,
2120 3003 2372 3059 infernus
2423 3019 2588 3073 quam
2659 3003 2893 3073 primtnn
2954 3003 3159 3072 abripit
3223 3018 3388 3064 eam,
3446 3009 3502 3055 et

241 3092 533 3160 φειδομένη
577 3095 784 3146 τούτων
832 3095 1114 3157 ἁπάντων,
1152 3097 1249 3150 καὶ
1282 3097 1376 3150 τὸν
1418 3100 1541 3153 νοῦν
1575 3101 1815 3170 συνεχῶς

1924 3099 2164 3154 tenebrae
2193 3100 2536 3168 caliginosae,
2598 3108 2652 3153 et
2709 3099 3016 3154 tortoribus
3040 3098 3300 3158 traditur.
3337 3105 3504 3167 atque

243 3182 452 3245 τούτοις
483 3185 1042 3253 προσεπεκτείνουσα,
1079 3187 1212 3257 ᾅδης
1243 3188 1448 3251 εὐθέως
1479 3190 1651 3260 αὐτὴν
1681 3192 1818 3260 λαμ-

243 3278 396 3328 ῆὰνει
442 3277 537 3330 καὶ
585 3277 776 3339 σκότος
809 3277 1056 3346 ζοφώδης
1083 3295 1097 3309 ·
1133 3279 1228 3330 καὶ
1259 3280 1482 3333 κολάσει
1517 3283 1819 3335 καταδικά-

241 3372 414 3435 ζεται,
451 3370 546 3421 καὶ
588 3369 650 3420 τὸ
698 3369 810 3436 πῦρ
852 3369 1027 3436 αὐτὴν
1079 3371 1437 3438 καταφλέγει.
1473 3371 1644 3425 Τοῦτο
1680 3389 1822 3442 μαρ..

237 3461 469 3528 τυρήσει
532 3461 560 3510 6
609 3460 708 3526 τῆς
751 3459 849 3512 τοῦ
898 3458 1034 3512 Θεοῦ
1094 3462 1419 3532 Ἐκκλησίας
1483 3465 1818 3536 προστάτης,

238 3553 539 3622 Γρηγόριος
565 3555 594 3605 6
625 3553 901 3619 Διάλογος,
931 3553 991 3605 ἐν
1017 3553 1096 3624 τῷ
1146 3553 1337 3624 βιβλίῳ
1368 3555 1477 3608 τῶν
1517 3556 1817 3623 Διαλόγων,

238 3646 296 3694 ἐν
341 3643 640 3713 κεφαλαίῳ,
665 3645 727 3696 ἐν
877 3645 1082 3711 Πέτρος
1157 3647 1186 3697 6
1232 3646 1608 3715 ἀρχιδιάκονος
1654 3649 1820 3702 αὐτοῦ

239 3734 377 3799 πρὸς
413 3733 578 3786 αὐτόν
610 3749 779 3801 φησι·
817 3752 837 3785 ‹
874 3734 953 3803 Τῇ
1005 3737 1136 3802 παρ’
1173 3735 1310 3805 ἐμοῦ
1355 3736 1680 3807 ἐπιζητήσει
1712 3739 1825 3791 λοι-

239 3827 362 3886 πὸν,
398 3823 600 3887 ἱκανῶς
641 3824 752 3894 δρῶ
791 3825 1030 3892 ἐμαυτὸν
1076 3825 1570 3896 πληροφορηθέντα
1596 3844 1612 3861 ο
1662 3829 1824 3883 τοῦτο

181 3973 192 3994 Ι
237 3917 298 3968 δὲ
335 3915 520 3984 ἀκμὴν
550 3917 582 3985 ἡ
610 3917 883 3986 ἐρώτησις
909 3917 1009 3986 τὴν
1039 3917 1218 3987 ψυχὴν
1255 3921 1544 3975 ὐπονύττει
1565 3936 1579 3952 ⁶
1607 3923 1690 3976 ὅτι
1717 3941 1819 3975 κα-

240 4005 351 4069 θὼς
379 4008 638 4075 ἀνωτέρω
683 4007 904 4076 ἐλέχθη,
953 4007 1064 4061 τῶν
1099 4010 1268 4076 ἁγίων
1299 4011 1398 4074 τὰς
1426 4012 1605 4084 ψυχὰς
1632 4016 1690 4067 ἐν
1741 4017 1820 4085 τῷ

240 4097 456 4166 οὐρανῷ
516 4093 662 4150 εἶναι
712 4097 1054 4152 πιστευτέον.
1093 4100 1157 4152 Τί
1187 4100 1243 4153 δὲ
1298 4103 1430 4171 περὶ
1481 4105 1673 4158 τούτου
1723 4108 1818 4161 τοῦ

241 4191 570 4258 πράγματος
610 4191 644 4259 ἡ
671 4190 898 4261 ἀλήθεια
939 4190 1076 4261 ἔχει,
1132 4193 1313 4260 ἀγνοῶ
1341 4211 1354 4224 ⁸
1385 4198 1422 4266 η
1467 4197 1576 4268 γὰρ
1607 4199 1820 4268 ἀνθρω-

238 4282 371 4350 πίνη
426 4279 612 4350 βουλὴ,
663 4281 762 4344 τὰς
795 4281 904 4334 τῶν
953 4281 1302 4352 ἁμαρτωλῶν
1347 4283 1528 4356 ψυχὰς
1559 4289 1657 4342 οὐκ
1703 4291 1821 4360 ἔχει

238 4373 345 4441 πρὸ
372 4376 468 4444 τῆς
497 4373 713 4442 ἡμέρας
737 4374 835 4439 τῆς
866 4374 1102 4444 κρίσεως
1117 4373 1380 4429 δύνασθαι
1409 4377 1793 4442 κολάζεσθαι.»

1925 3191 2066 3259 ignis
2083 3207 2204 3245 eam
2232 3192 2528 3246 comburit.
2560 3190 2970 3244 Testiﬁcabitur
2993 3191 3043 3244 id
3074 3189 3332 3245 Ecclesia:
3364 3205 3504 3258 pra:-

1923 3295 2010 3335 ses
2039 3280 2335 3348 Gregorius
2370 3279 2626 3347 Dialogus
2657 3277 2724 3346 in,
2744 3279 2886 3332 libro
2918 3279 3290 3348 Dialogorum,
3321 3280 3502 3348 capite

1925 3386 2038 3439 quo
2053 3370 2246 3424 Petrus
2276 3369 2398 3438 eius
2435 3369 2863 3424 archidiaconus
2897 3384 3018 3422 com
3045 3370 3163 3437 ipso
3190 3385 3502 3424 sermonem

1924 3462 2086 3516 habet
2119 3479 2132 3513 :
2168 3480 2187 3513 ι
2220 3461 2565 3530 [inquisitioni
2627 3477 2761 3516 mea:
2820 3448 3151 3516 sufﬁcienter
3199 3461 3314 3526 jam
3343 3462 3502 3517 video

1923 3552 2290 3610 satisfactum.
2351 3552 2455 3608 Sed
2511 3554 2615 3608 hoc
2643 3562 2732 3608 est
2785 3554 2965 3608 adhuc
2998 3552 3142 3620 quod
3197 3552 3504 3619 qnmstionc

1923 3646 2168 3700 animum
2205 3644 2383 3715 pulsat
2406 3663 2419 3698 :
2442 3645 2574 3714 quia
2593 3660 2721 3699 cum
2749 3644 3002 3714 superius
3030 3645 3235 3697 uit-tum
3269 3645 3360 3710 sit,
3381 3659 3502 3699 esse

1918 3737 2032 3807 jam
2063 3746 2376 3791 sanctorum
2408 3738 2621 3790 animas
2657 3738 2708 3790 in
2736 3737 2897 3803 cmlo,
2918 3745 3081 3791 restat
3117 3737 3305 3804 procul
3336 3735 3503 3790 dubio

1925 3837 1983 3884 ut
2029 3827 2340 3896 iniquorum
2398 3842 2620 3896 quoque
2652 3828 2850 3882 anima:
2888 3843 2996 3882 non
3051 3826 3157 3881 nisi
3198 3827 3249 3879 in
3289 3826 3504 3882 inferno

1925 3918 2240 3975 credantur.
2286 3919 2348 3973 Et
2379 3919 2512 3989 quid
2562 3921 2663 3974 hac
2695 3921 2762 3974 de
2795 3935 2854 3975 re
2885 3921 3089 3975 veritas
3118 3920 3315 3974 habeat
3347 3921 3502 3990 igno-

1927 4027 2006 4075 ro,
2041 4026 2164 4065 nam
2200 4011 2438 4065 humana
2472 4011 2771 4067 mstimatio
2795 4027 2903 4066 non
2943 4012 3108 4066 habet
3155 4020 3500 4080 peccatorum

1927 4103 2141 4158 animas
2193 4113 2320 4156 ante
2365 4103 2634 4172 judicium
2688 4118 2849 4172 posse
2901 4104 3152 4158 cruciari.
3193 4123 3212 4155 ι
3272 4103 3499 4172 Gregor.

1933 4211 1950 4244 ι
1983 4192 2183 4247 Siesse
2211 4206 2526 4267 sanetorum
2582 4193 2792 4248 animas
2839 4193 2894 4248 in
2931 4195 3072 4249 cmlo
3118 4197 3262 4249 sacri
3298 4196 3500 4264 eloquii

1926 4284 2307 4340 satisfactione
2331 4284 2638 4352 credidisti,
2662 4295 2882 4356 Oportet
2912 4298 2971 4341 ut
3020 4301 3114 4354 per
3147 4286 3331 4340 oninia
3381 4303 3504 4341 esse

1927 4377 2119 4432 credas
2161 4386 2216 4431 et
2263 4376 2580 4446 iniquorum
2639 4377 2854 4431 animas
2887 4378 2939 4430 in
2994 4375 3227 4441 inferno,
3277 4375 3405 4446 quia
3433 4391 3502 4430 ex

241 4469 562 4536 Γρηγόριος·
593 4485 610 4516 ι
634 4466 759 4519 Ἐὰν
779 4467 878 4529 τὰς
896 4467 1004 4518 τῶν
1025 4467 1198 4533 ἁγίων
1223 4467 1400 4538 ψυχὰς
1417 4471 1476 4522 ἐν
1501 4470 1578 4540 τῷ
1603 4472 1816 4544 ούρανῷ

1931 4469 2290 4524 retributione
2315 4470 2807 4539 mteruicjustitiae,
2844 4487 2910 4524 ex
2941 4486 3049 4540 qua
3091 4471 3221 4540 justi
3253 4471 3366 4540 jam
3391 4471 3503 4540 glo-

239 4557 380 4613 εἷναι
433 4559 781 4623 ἐπίστευσας,
825 4562 895 4629 τῇ
925 4560 1024 4628 τῆς
1067 4561 1221 4628 ἱερᾶς
1268 4563 1562 4631 συντυχίας
1602 4565 1812 4636 πληρο-

192 4685 199 4692 -
241 4652 426 4722 φορίᾳ,
457 4652 574 4704 δέον
600 4653 770 4716 ἐστὶν,
801 4652 890 4704 ἵνα
915 4652 1013 4704 καὶ
1040 4653 1139 4714 τὰς
1165 4652 1274 4706 τῶν
1313 4653 1515 4708 ἀδίκων
1545 4653 1721 4725 ψυχὰς
1755 4659 1813 4710 ἐν

240 4741 318 4812 τῷ
347 4741 450 4812 ᾄδῃ
478 4738 618 4794 εἶναι
649 4745 715 4795 ἐκ
746 4741 948 4804 παντὸς
991 4742 1290 4813 πιστεύσῃς
1313 4751 1330 4772 ⁶
1365 4744 1428 4796 ἐκ
1454 4745 1564 4815 γὰρ
1590 4746 1690 4814 τῆς
1717 4749 1813 4801 ἀν-

237 4831 580 4894 ταποδόσεως
633 4832 733 4902 τῆς
775 4832 1055 4886 ὲνδοτάτου
1112 4833 1482 4902 δικαιοσύνης,
1537 4836 1598 4901 ἐξ
1641 4833 1709 4908 ἧς
1766 4841 1814 4892 οἱ

1926 4563 2159 4625 riautur,
2209 4576 2435 4617 necesse
2489 4571 2576 4617 est
2634 4579 2729 4632 per
2758 4564 2941 4618 omnia
2985 4574 3043 4617 ut
3071 4575 3126 4618 et
3155 4563 3341 4633 iniusti
3371 4580 3500 4618 cru-

1925 4656 2182 4715 cientur;
2217 4669 2342 4708 nam
2395 4653 2540 4708 sicut
2569 4654 2775 4710 electos
2817 4655 3094 4709 beatitudo
3139 4657 3396 4721 laetiﬁcat,
3428 4656 3496 4710 ita

1924 4744 2076 4799 credi
2111 4761 2331 4800 necesse
2361 4755 2444 4800 est
2473 4746 2621 4816 quod
2655 4760 2687 4801 a
2715 4747 2804 4801 die
2843 4748 3022 4801 exitus
3070 4751 3156 4802 sui
3211 4749 3355 4818 ignis
3416 4764 3502 4804 re-

1927 4837 2132 4906 probos
2157 4846 2376 4890 exurat.
2400 4855 2419 4888 ι
3197 4869 3248 4906 _\

238 4929 439 4982 δίκαιοι
467 4927 802 4993 δοξάζονται,
849 4927 1148 4994 ἀναγκαῖόν
1177 4929 1347 4993 ἐστιν,
1377 4927 1468 4982 ἵνα
1495 4929 1591 4982 καὶ
1622 4903 1675 4984 οί
1697 4931 1876 4986 ἄδικοι
1910 4903 2132 4991 πάντως
2161 4927 2422 4999 κριθῶσι.
2465 4931 2734 5000 Καθάπερ
2766 4931 2878 5001 γὰρ
2933 4933 3060 4995 τοὺς
3119 4903 3237 4986 ἐκεῖ
3298 4936 3332 5002 ἡ
3397 4953 3500 5003 μα·

243 5022 500 5090 καριότης
532 5020 836 5100 εὐφραίνει,
858 5020 999 5074 οὕτω
1029 5024 1309 5076 πιστεύειν
1330 5023 1437 5095 χρὴ
1462 5023 1545 5078 ὃτι
1571 5025 1665 5078 καὶ
1689 5027 1816 5090 τοὺς
1841 5027 2065 5090 ἀδίκους
2104 5025 2216 5078 ἀπὸ
2261 5023 2361 5094 τῆς
2393 5023 2608 5096 ἡμέρας
2655 5026 2755 5097 τῆς
2784 5025 2970 5092 ἐξόδου
3022 5026 3205 5080 αὐτῶν
3233 5027 3320 5095 ,τὸ
3392 5028 3503 5096 πῦρ

242 5116 593 5186 καταφλέγει.
635 5136 651 5168 ι

327 5213 571 5276 Ἀκούεις
625 5214 707 5265 ὅτι
743 5214 841 5276 τὰς
881 5215 990 5265 τῶν
1047 5214 1252 5268 ἀδίκων
1287 5215 1487 5286 ψυχὰς,
1540 5217 1660 5288 ἦτοι
1718 5218 1818 5280 τὰς

243 5307 351 5361 τῶν
381 5305 721 5376 ἁμαρτωλῶν
761 5306 856 5358 καὶ
879 5307 1289 5377 ἀμετανοήτων,
1321 5309 1430 5361 ἀπὸ
1468 5309 1567 5375 τῆς
1599 5309 1817 5380 ἡμέρας

243 5401 342 5466 τῆς
390 5400 573 5463 ἐξόδου
603 5401 804 5463 αὐτῶν,
837 5399 898 5451 τὸ
949 5398 1061 5468 πῦρ
1112 5401 1480 5470 καταφλέγει;
1520 5402 1692 5470 Δῆλον
1720 5401 1816 5454 οὖν

241 5496 362 5546 ἐστι
391 5497 501 5555 τοῖς
531 5493 607 5563 μὴ
644 5493 966 5562 φιλονεικεῖν
999 5493 1297 5557 ἐθέλουσιν,
1343 5493 1426 5546 ὅτι
1461 5493 1657 5564 ὥσπερ
1688 5495 1813 5556 τοὺς

245 5588 435 5654 ἁγίους
462 5589 494 5657 η
523 5587 630 5640 τῶν
653 5587 901 5654 οὐρανῶν
927 5585 1231 5654 διαδέχεται
1270 5585 1517 5655 βασιλεία
1552 5586 1689 5657 μετὰ
1718 5587 1816 5655 τὴν

244 5681 455 5734 ἐνθένδε
483 5679 831 5748 ἀπαλλαγὴν,
863 5676 1005 5731 οὕτω
1037 5685 1133 5731 καὶ
1189 5679 1314 5741 τοὺς
1355 5679 1817 5746 ἀπεγνωσμένους

247 5775 281 5841 ἡ
312 5771 406 5824 τοῦ
452 5771 573 5842 ᾇδυ
630 5771 935 5842 διαδέχεῖαι
987 5770 1240 5824 κατοικία
1269 5785 1280 5794 ·
1319 5769 1447 5824 ἔνθα.
1496 5768 1817 5834 κολάζονται

1996 5213 2170 5268 Audis
2198 5212 2488 5278 malorum,
2521 5228 2618 5267 seu
2651 5222 3019 5283 peccatorum,
3052 5220 3108 5265 et
3149 5211 3501 5281 impmnitcu-

1925 5306 2058 5361 tium
2121 5299 2357 5370 animas,
2422 5320 2451 5360 a
2494 5321 2606 5377 quo
2657 5306 2745 5360 die
2810 5305 2937 5359 hinc
2989 5305 3347 5372 decesserint,
3389 5307 3496 5375 igni

1921 5399 2205 5453 comburi?
2263 5399 2484 5453 Clarum
2553 5397 2840 5467 estigitur
2902 5398 2969 5451 iis
3004 5399 3096 5466 qui
3128 5399 3492 5451 contendendi

1920 5492 2056 5546 vitio
2079 5508 2185 5545 non
2217 5492 2487 5557 laborant,
2517 5491 2664 5560 quod
2697 5489 2863 5544 veluti
2896 5500 3118 5544 sanctos
3143 5501 3263 5558 post
3287 5491 3492 5544 obitum

1921 5587 2185 5643 caelorum
2247 5587 2450 5654 excipit
2507 5601 2762 5655 regnum,
2801 5585 2882 5640 sic
2942 5593 2997 5638 ct
3048 5585 3365 5653 desperatos
3397 5601 3496 5653 pro

1922 5679 2201 5732 domicilio
2227 5677 2474 5731 infernus
2499 5687 2700 5740 manet,
2739 5677 2826 5731 ubi
2856 5678 3166 5747 plectuntur
3194 5687 3494 5731 extrcnium

1923 5771 2066 5828 diem
2109 5777 2512 5838 exspectantes,
2566 5779 2622 5826 ut
2683 5779 2875 5839 postca
2936 5771 3110 5826 induti
3165 5773 3488 5826 corporibus
