3978 6204
475 276 609 341 12ξῦ

1665 279 1985 340 JOSEPIII
2027 279 2582 345 METHONENSIS

3599 288 3748 354 1236

467 403 704 446 a-ternas
731 405 924 460 pmnas
960 394 1244 463 recipiant.
1303 394 1358 448 Id
1391 396 1558 451 etiam
1609 413 1819 452 meeum
1859 394 2048 452 testiﬁ-

2179 401 2544 472 ιεριμένοντες
2593 401 2692 470 τὴν
2747 401 3068 457 τελευταίαν
3127 402 3369 474 ἡμέραν
3403 402 3493 456 ἱνα
3539 405 3638 458 καὶ
3670 405 3747 458 τά

471 472 689 540 rabitur
715 483 986 541 Maximus
1028 487 1093 540 ad
1126 486 1521 543 cubicularium
1548 491 1817 546 scribens.
1859 489 2040 559 lnquit

472 577 619 630 enim
649 594 664 630 :
719 596 736 627 ι
759 577 914 642 Quis.
948 593 982 630 ο
1012 577 1229 641 dilecte,
1260 589 1536 641 nostrum,
1569 582 1663 651 qui
1696 592 2046 650 peccatorum

473 669 730 724 sordibus
771 670 842 722 sit
884 669 1228 744 inquinatus,
1256 680 1572 726 sanctorum
1610 673 1930 742 angelorum
1968 673 2050 726 itt-

470 759 806 826 spretionem
840 773 946 812 non
978 759 1313 822 reformidet,
1344 777 1372 815 a
1415 762 1616 831 quibus
1650 763 1703 816 in
1747 764 1894 818 exitu
1926 763 2049 817 vitae

470 849 804 905 constitutus
867 868 934 905 ex
994 851 1181 906 divino
1234 853 1440 923 judicio
1494 869 1590 922 per
1650 855 1757 909 vim
1818 869 2051 923 corpore

469 945 687 1012 pellitur
709 959 830 998 cum
858 944 1233 1014 indignatione
1282 958 1336 1002 ct
1371 946 1614 1002 invitus?
1641 946 1774 1014 Quis
1802 962 2050 1004 comma-

471 1034 711 1089 culatam
759 1052 915 1091 suam
973 1038 1215 1094 sentiens
1266 1039 1691 1105 conscientiam,
1749 1057 1951 1096 saevum
1996 1049 2050 1096 et

472 1129 770 1185 immanem
843 1130 1112 1186 malorum
1189 1133 1497 1187 daamonnm
1579 1149 1872 1188 occursum
1939 1152 2047 1190 non

474 1220 686 1284 timeat,
724 1239 912 1277 eorutn
952 1240 1283 1296 unoquoque
1317 1233 1442 1296 post
1468 1226 1681 1281 obitum
1720 1229 1772 1283 in
1809 1244 1934 1285 aere
1981 1229 2049 1284 ad

473 1327 534 1366 se
576 1313 915 1370 incessanter
965 1318 1219 1370 miserant
1269 1319 1516 1373 trahente
1546 1319 1819 1386 animam,
1881 1321 2051 1377 scele-

472 1421 705 1477 rumque
769 1423 994 1463 suornm
1062 1411 1346 1466 conuictus
1409 1410 1714 1466 futurorum
1778 1414 2049 1469 bonorum

475 1497 847 1554 miserabilem
877 1501 993 1570 spei
1033 1503 1510 1572 desperationem?
1533 1505 1662 1559 Post
1693 1503 2049 1560 subsecutum

471 1606 606 1646 vero
632 1591 685 1646 in
715 1608 842 1647 aere
889 1610 1012 1649 cum
1047 1596 1333 1664 spiritibus
1375 1599 1666 1668 pravitatis
1694 1599 1966 1668 judicium
1997 1607 2052 1654 et

474 1687 798 1753 villicatum,
831 1677 1135 1746 descensus
1161 1691 1214 1746 in
1252 1691 1525 1748 infernum
1563 1709 1687 1749 eum
1735 1703 1942 1761 manet,
1998 1705 2052 1749 et

475 1781 680 1836 ibidem
707 1782 1046 1837 domicilium
1069 1793 1118 1840 et
1143 1787 1593 1842 commemoratio
1618 1805 1631 1841 ι
1661 1787 1750 1843 ubi
1773 1785 2058 1856 profunda:

478 1874 720 1929 tenebrat
763 1885 816 1929 et
845 1876 1125 1930 silentium
1163 1877 1660 1947 profundissimnm
1691 1894 1707 1933 :
1762 1879 1915 1934 nullo
1951 1880 2060 1936 alio

477 1965 600 2020 cibo
647 1981 706 2021 se
741 1966 947 2023 alentes
977 1983 1041 2022 eo
1081 1969 1350 2023 damnatae
1383 1971 1601 2036 animae,
1644 1985 1807 2041 quam
1837 1971 2059 2027 acribus

479 2057 800 2122 gemitibus,
829 2060 1084 2127 suspiriis
1122 2068 1175 2114 et
1199 2062 1559 2118 amarissimis
1594 2063 1871 2135 lacrymis,
1905 2074 1959 2117 et
1988 2063 2057 2118 ob

480 2149 824 2204 imminentia
860 2151 1000 2205 mala
1035 2155 1318 2214 mmstnia.
1352 2154 1588 2208 nilaliud
1617 2170 1833 2225 semper
1861 2170 2058 2224 exspe-

482 2248 694 2297 ctantcs
718 2258 880 2311 quam
920 2258 1067 2309 eam,
1099 2261 1220 2315 quae
1245 2247 1455 2316 justum
1494 2247 1760 2316 judicium
1788 2247 2062 2314 sequitur,

479 2335 686 2399 justam
728 2336 1176 2392 retributionem.
1235 2337 1385 2393 llanc
1418 2348 1736 2408 perpetuam
1779 2339 2059 2394 tristitiam

486 2433 541 2476 ct
575 2425 819 2480 dolorem
875 2438 1026 2484 creat
1085 2429 1192 2484 illis
1227 2431 1648 2485 resurrectionis
1695 2430 2056 2499 exspectatio,

485 2517 767 2571 tremenda
801 2519 1006 2575 Christi
1041 2521 1310 2576 adventus
1336 2521 1772 2588 dies,horribilis
1794 2520 2063 2576 exhibitio

482 2617 538 2662 et
596 2612 980 2678 prieseutatio,
1049 2622 1104 2668 et
1160 2623 1428 2669 anteactae
1480 2615 1602 2669 vim
1654 2631 1905 2670 examen.
1965 2617 2069 2671 Per

485 2715 650 2768 quam
684 2702 740 2756 hi
773 2705 864 2772 qui
915 2708 981 2758 ad
1028 2706 1308 2761 dexteram
1345 2707 1552 2762 Christi
1595 2708 1877 2761 constituti
1915 2718 2067 2772 sont,
2117 2730 2120 2732 ·

486 2807 813 2848 arcanorum
864 2796 1128 2851 bonorum
1167 2800 1586 2867 promissionem
1640 2801 1928 2868 recipient,
1981 2801 2061 2854 illi

488 2885 556 2938 ad
599 2887 880 2943 sinistram
911 2890 1069 2945 locati
1114 2891 1291 2960 ignem
1332 2901 1598 2949 aeternum
1641 2895 1963 2960 sortientur,
2001 2908 2066 2948 ac

490 2979 746 3036 tenebras
781 2982 1102 3045 exteriores,
1135 2991 1190 3038 et
1217 2985 1431 3056 vigilem
1465 3001 1730 3052 vermem,
1758 2997 1812 3041 et
1848 2987 2055 3042 strido-

2158 495 2390 560 σώματα
2443 493 2822 562 ἐνδυσάμενοι,
2857 495 2959 554 τὴν
3003 495 3310 565 ἀπέραντον
3364 496 3592 549 κόλασιν
3638 497 3745 566 λής

2153 586 2384 654 ψωυται.
2425 584 2596 638 Τοῦτο
2633 589 2726 638 καὶ
2753 587 2782 638 ὁ
2832 586 3104 656 μακάριος
3151 587 3616 656 συμμαρτυρήσει
3649 604 3748 653 μοι

2155 677 2428 748 Μάξιμος,
2480 679 2618 748 πρὸς
2646 678 3098 744 κουδικουλάριον
3127 679 3392 747 γράφων·
3423 679 3578 746 λέγει
3599 681 3748 748 γάρ’

2160 772 2284 835 «Ti;
2314 773 2443 840 γὰρ,
2466 771 2738 842 ἀγαπητὲ,
2765 771 2898 840 φησὶ
2929 771 3039 824 τῶν
3062 771 3180 823 κατ’
3212 771 3312 839 ἐμὲ
3340 771 3535 840 ρύποις
3561 772 3755 840 ἀμαρ-
3793 841 3798 854 ι

2152 882 2218 932 τη
2229 865 2416 933 μάτων
2457 865 2909 934 κατεστιγμένος,
2933 865 2992 916 οὖ
3023 865 3268 932 φοϐεῖται
3297 863 3396 932 τὴν
3429 864 3534 916 τῶν
3565 865 3751 930 ἀγίων

2155 957 2402 1025 ἀγγέλων
2455 957 2820 1024 ἐπιστασίαν;
2856 959 2944 1024 ὑφ’
2992 953 3068 1011 ὧν
3122 958 3263 1010 κατά
3299 957 3397 1026 τὴν
3428 957 3586 1010 θείαν
3639 957 3754 1025 ei}.

2157 1067 2277 1120 φον,
2315 1051 2415 1120 τῆς
2472 1049 2755 1120 παρούσης
2787 1049 2935 1119 ζωῆς
2980 1051 3041 1102 τὸ
3086 1052 3260 1117 πέρας
3303 1051 3626 1119 δεχόμενος,
3655 1049 3754 1118 βίᾳ

2153 1141 2250 1194 τοῦ
2284 1142 2538 1209 σώματος
2596 1143 2720 1211 μετ’
2749 1143 2922 1212 ὀργῆς
2965 1143 3249 1206 ἐξωθεῖται
3299 1143 3394 1194 καὶ
3437 1143 3514 1213 μὴ
3551 1141 3754 1212 βουλάς

2159 1249 2344 1300 μενος.
2381 1234 2477 1295 Τίς
2533 1232 2985 1303 κεκηλιδωμένην
3037 1232 3215 1301 ἑαυτῷ
3269 1232 3754 1300 συνεπιστάμενος

2155 1325 2258 1394 τὴν
2287 1327 2617 1396 συνείδησιν,
2649 1324 2710 1377 οὐ
2746 1326 2956 1377 δέδοικε
2985 1324 3082 1392 τὴν
3114 1325 3406 1394 ὠμοτάτην
3437 1325 3549 1376 τῶν
3582 1340 3757 1390 tow;-

2161 1419 2273 1489 ρῶν
2315 1419 2590 1488 δαιμιένων
2624 1419 2716 1472 καὶ
2771 1411 3089 1489 βορὸορὼδη
3121 1418 3466 1488 ὕπάντησινς
3505 1417 3756 1472 ἑκάστου

2157 1511 2362 1565 τούτων
2408 1511 2551 1565 κατά
2584 1513 2675 1564 τὸν
2706 1512 2849 1581 ἀέρα
2891 1511 3029 1580 μετά
3067 1509 3164 1581 τὴν
3195 1510 3395 1576 ἔξοδον,
3422 1510 3566 1581 πρὸς
3622 1511 3756 1562 ἑαυ-

2157 1607 2250 1656 τὸν
2289 1603 2526 1672 ἀφειδῶς
2578 1603 2679 1673 τὴν
2732 1601 2925 1656 ἀθλίαν
2964 1600 3144 1670 ψυχὴν
3199 1600 3453 1662 ἕλκοντος
3477 1615 3492 1629 ο
3532 1599 3632 1651 καὶ
3676 1598 3756 1668 τῷ

2159 1697 2370 1766 ἐλέγχῳ
2399 1696 2510 1749 τῶν
2561 1697 2699 1766 αὐτῇ
2733 1695 2834 1760 τῆς
2881 1696 2976 1748 ἐπὶ
3008 1696 3123 1757 τοῖς
3170 1693 3462 1762 μέλλουσιν
3516 1693 3756 1760 ἀγαθοῖς

2161 1789 2376 1852 ἐλπίδος
2402 1791 2644 1858 ἐλεεινὴν
2673 1788 3006 1857 ἀπόγνωσιν.
3036 1787 3190 1841 Μετά
3223 1787 3280 1840 δὲ
3312 1787 3414 1854 τήν
3438 1785 3759 1854 γενομένην

2164 1881 2306 1932 κατά
2338 1879 2431 1932 τὸν
2472 1880 2610 1950 ἀέρα
2640 1880 2777 1950 πρὸς
2827 1880 2894 1932 τά
2931 1878 3280 1948 πνευματικά
3320 1879 3420 1946 τῆς
3475 1879 3759 1946 πονηρίας

2164 1973 2461 2041 διάγνωσίν
2489 1991 2547 2026 τε
2579 1975 2676 2025 καὶ
2714 1973 3089 2041 λογοθέτησιν,
3121 1973 3154 2040 ἡ
3203 1971 3340 2036 πρὸς
3369 1971 3462 2022 τὸν
3485 1969 3627 2039 ᾅδην
3657 1989 3759 2023 κα-

2165 2068 2448 2129 τάπτωσις
2472 2065 2802 2135 διαδέχεται,
2843 2070 2938 2118 καὶ
2969 2063 3303 2134 παροίκησις
3327 2080 3340 2094 ο
3382 2063 3436 2114 ὲν
3480 2055 3524 2128 ᾧ
3557 2063 3760 2124 σκότος

2171 2159 2307 2229 βαθὺ
2337 2159 2432 2212 καὶ
2467 2157 2747 2228 βαθυτάτη
2779 2156 2906 2225 σιγή
2930 2169 2944 2186 ⁸
2974 2155 3182 2226 τροφὴν
3212 2155 3436 2225 ἔχουσαι
3469 2155 3759 2207 αί’ἐκεῖσε

2172 2249 2712 2320 καταδεδικασμέναι
2741 2248 2931 2318 ψυχαὶ,
2959 2249 3084 2311 τοὺς
3117 2247 3483 2317 δριμυτάτους
3517 2262 3763 2312 στεναγο

2178 2346 2334 2414 μους,
2363 2344 2458 2396 καὶ
2495 2343 2563 2395 τὰ
2594 2343 2905 2411 πικρότατα
2945 2341 3182 2410 δάκρυα,
3223 2341 3320 2394 καὶ
3347 2340 3446 2410 τὴν
3492 2339 3587 2392 {ut
3643 2340 3765 2401 τοῖς

2167 2438 2365 2496 δεινοῖς
2413 2436 2747 2503 κατήφειαν·
2797 2433 3149 2502 ἐκδεχόμεναι
3207 2431 3298 2484 διὰ
3345 2432 3551 2492 παντὸς
3599 2432 3765 2484 οὐδὲν

2169 2529 2319 2590 ἄλλο,
2353 2528 2384 2596 ἢ
2422 2527 2589 2596 μόνην
2619 2527 2716 2596 τὴν
2744 2527 2836 2579 ἐπὶ
2878 2527 2942 2594 τῇ
2984 2523 3170 2593 δικαία
3196 2524 3362 2592 ψήφῳ
3413 2522 3637 2577 δικαίαν
3668 2522 3765 2574 ἀν-

2169 2621 2488 2676 ταπόδοσιν.
2517 2619 2736 2688 Ταύτην
2762 2615 2855 2674 οὖν
2887 2619 3200 2686 συνίστησιν
3236 2617 3423 2678 αὐτοῖς
3445 2613 3546 2685 τὴν
3576 2614 3764 2668 ἄπαυ-

2175 2732 2298 2768 στον
2332 2713 2512 2779 λύπην
2539 2714 2633 2766 καὶ
2675 2711 2890 2779 ὀδύνην,
2927 2712 2962 2780 ἠ
2999 2711 3096 2778 τῆς
3128 2707 3478 2769 ἀναστάσεως
3511 2706 3692 2767 ἐλπὶς,
3720 2707 3757 2772 ἠ

2173 2807 2269 2875 τῆς
2304 2804 2547 2874 φοϐερᾶς
2583 2802 2674 2856 τοῦ
2712 2801 2948 2870 Χριστοῦ
2981 2799 3290 2871 παρουσίας
3319 2797 3530 2868 ἡμέρα,
3560 2798 3594 2867 ἡ
3630 2814 3761 2866 φρι-

2175 2899 2492 2967 κωδεστάτη
2540 2896 2910 2966 παράστασις,
2957 2897 2991 2962 ἡ
3054 2893 3182 2963 περὶ
3235 2892 3347 2944 τῶν
3402 2889 3763 2960 βεϐιωμένων

2175 2995 2398 3048 πάντων
2451 2991 2760 3056 ἀπολογία·
2795 2988 2917 3041 καθ’
2947 2990 3012 3058 ἣν
3050 2987 3099 3039 oi
3154 2986 3253 3053 μὲν
3305 2987 3367 3037 ὲκ
3415 2983 3605 3049 δεξιῶν
3659 2980 3761 3034 τοῦ

492 3090 606 3127 rem
636 3075 903 3138 dentium,
936 3084 992 3130 et
1019 3075 1257 3131 dedecus
1291 3079 1710 3146 sempiternum.
1741 3098 1758 3129 ι
1794 3079 1968 3134 Audis
2005 3095 2066 3134 ex

2179 3083 2415 3154 Χριστοῦ
2455 3087 2702 3147 στάντες,
2737 3079 2999 3149 λήψονται
3031 3079 3142 3131 τῶν
3169 3077 3498 3147 ἀπορρήτων
3527 3071 3762 3139 ἀγαθῶν

491 3181 650 3221 sacro
689 3166 919 3222 ductore
978 3169 1101 3233 hoc,
1157 3169 1299 3237 quod
1353 3179 1477 3237 post
1530 3180 1814 3239 peractum
1865 3172 1917 3225 in
1951 3187 2078 3228 aere

494 3275 618 3314 rum
660 3261 950 3329 spiritibus
982 3262 1268 3331 pravitatis
1294 3261 1563 3331 judicium
1587 3272 1638 3317 et
1669 3263 2078 3334 villicationem,

495 3352 802 3408 descensus
858 3356 912 3408 in
969 3354 1244 3410 infernum
1301 3367 1485 3410 manet
1543 3358 1900 3426 peccatores?
1935 3359 2081 3424 Quo-

497 3447 658 3500 modo
714 3447 801 3500 his
867 3447 1162 3503 tremendis
1187 3449 1369 3504 verbis
1434 3448 1593 3503 ﬁdem
1636 3446 1744 3504 non
1806 3451 2072 3506 adhibes?

497 3535 630 3589 Nam
667 3537 759 3605 qtti
792 3537 951 3604 plecti
988 3549 1304 3605 peccatores
1341 3557 1450 3594 non
1487 3542 1626 3604 vult,
1668 3557 1847 3610 neque
1875 3541 2068 3598 ludam

501 3643 646 3684 nunc
679 3629 856 3698 puniri
890 3631 1168 3698 permittet
1201 3649 1215 3685 :
1259 3633 1350 3686 sed
1384 3634 1486 3688 hoc
1532 3633 1845 3689 nullatenus
1879 3649 2068 3691 verum

499 3728 604 3786 est,
639 3735 740 3777 nec
763 3721 874 3776 ullo
904 3737 1145 3790 unquam
1182 3723 1366 3777 modo.

2186 3179 2282 3239 τὰς
2310 3175 2640 3243 ἐπαγγελίας
2665 3189 2678 3204 ·
2707 3175 2756 3226 οἱ
2787 3172 2844 3226 δὲ
2875 3171 2975 3240 τὴν
3006 3168 3304 3239 ἀριστεράν
3352 3166 3543 3219 στάσιν
3564 3161 3766 3232 λαχόν-

2185 3288 2299 3333 τες,
2332 3269 2391 3322 τὺ
2409 3269 2520 3338 πῦρ
2552 3267 2613 3320 τὸ
2643 3263 2995 3327 αίιῦνιον,καὶ
3036 3262 3100 3314 τὸ
3132 3259 3396 3330 ἐξώτερον
3430 3257 3646 3320 σκότος,
3666 3254 3764 3308 καὶ

2187 3360 2280 3413 τδν
2305 3357 2606 3428 ἀκοίμητον
2645 3354 2926 3423 σκώληκα,
2954 3351 3047 3404 τὸν
3096 3349 3342 3420 βρυγμδν
3371 3346 3482 3399 τῶν
3510 3346 3762 3405 ὀδόντων,

2189 3453 2282 3507 καὶ
2315 3452 2375 3505 τὸ
2421 3448 2667 3520 διηνεκές
2703 3447 2957 3516 δάκρυον,
2990 3444 3082 3496 καὶ
3107 3443 3204 3513 τὴν
3232 3441 3544 3510 ἀπέραντον
3576 3435 3765 3506 rxqu-

2179 3566 2299 3616 vry.
2344 3563 2362 3595 ι
2407 3543 2656 3603 ’Ᾱκούεις
2685 3538 2893 3595 καὶτοῦ
2919 3536 3242 3591 διδασκάλου
3262 3533 3478 3596 τούτου,
3508 3533 3590 3585 δτι
3618 3530 3761 3599 μετά

2179 3640 2281 3708 τὴν
2311 3641 2606 3708 γινομένην
2636 3632 2929 3702 διάγνωσίν
2973 3647 3034 3683 τε
3067 3631 3163 3684 καὶ
3209 3627 3564 3696 λογοθέτήσιν
3597 3625 3662 3674 έν
3689 3621 3768 3690 τῷ

2180 3732 2328 3802 ἀέρι,
2381 3730 2518 3801 πρὸς
2568 3735 2637 3780 τά
2671 3723 3020 3786 πνευματικὰ
3072 3722 3172 3790 τῆς
3226 3720 3512 3789 πονηρίας,
3551 3718 3583 3786 ἡ
3625 3715 3768 3784 πρὸς

506 3815 601 3867 τδν
633 3815 769 3886 ᾷδην
822 3816 1145 3883 κατοίκησις
1193 3815 1496 3886 διαδέχεται
1529 3821 1657 3882 τοὺς
1704 3821 2090 3890 ἁμαρτωλούς.
2125 3824 2249 3889 Πῶς
2297 3824 2358 3877 ού
2396 3822 2570 3876 πείθει
2607 3819 2870 3881 τοιούτοις
2928 3817 3022 3870 καὶ
3056 3814 3306 3885 φοϐεροῖς
3353 3813 3596 3881 ﬁll-Ml;
3675 3807 3771 3862 καὶ

501 3910 612 3979 γὰρ
643 3910 670 3962 ὸ
701 3909 778 3979 μὴ
817 3908 988 3963 θέλων
1013 3903 1154 3964 εἶναι
1183 3915 1310 3976 τοὺς
1344 3913 1701 3984 ἁμαρτωλοὺς
1747 3918 1804 3969 έν
1834 3917 2082 3986 κολάσει,
2122 3918 2243 3974 οὐδὲ
2285 3918 2376 3973 τδν
2418 3917 2622 3972 Ἰούδαν
2653 3918 2710 3969 ἐν
2745 3914 2966 3968 κολάσει
3000 3911 3214 3979 θελήσει
3252 3910 3320 3964 ἂν
3372 3903 3512 3963 εἶναι
3575 3905 3768 3962 τανῦν.

516 4005 657 4056 Ἀλλ’
695 4005 795 4056 οὐκ
829 4003 942 4056 ἔστι
975 4003 1150 4067 τοῦτο,
1186 4007 1287 4058 οὐκ
1317 4007 1483 4062 ἔστιν.

574 4096 712 4150 Ecce
748 4097 958 4168 liquido
987 4110 1268 4155 ostensum
1303 4114 1408 4168 cst,
1437 4103 1579 4171 quod
1611 4105 1702 4175 qui
1735 4106 2082 4178 impaeniten-

504 4201 588 4246 tes
627 4189 917 4257 decedunt,
967 4192 1033 4247 ad
1085 4209 1300 4262 pmnam
1340 4196 1647 4264 rapiuntur.
1683 4207 2082 4267 exspectantes,

507 4295 566 4338 ut
625 4295 746 4353 post
801 4285 978 4340 induti
1041 4287 1364 4356 corporibus
1401 4286 1453 4341 in
1487 4297 1720 4358 utroque
1771 4291 1931 4346 simul
1965 4294 2082 4362 ple-

507 4389 748 4445 ctantur,
775 4395 884 4450 quo
923 4388 1164 4447 tempore
1211 4378 1447 4448 perlecta
1504 4383 1725 4451 proprie
1768 4382 1991 4445 dicitur.
2031 4394 2086 4440 et

2270 4107 2401 4161 Ἰδοὺ
2444 4105 2712 4161 δέδεικται
2758 4105 2964 4172 σαφῶς,
2995 4105 3077 4156 δτι
3112 4103 3163 4156 οἱ
3209 4098 3598 4171 άμετανοήτως
3632 4097 3771 4148 ἀπο·

2188 4201 2519 4270 θνήσκοντες
2545 4200 2623 4262 είς
2653 4197 2878 4250 κόλασιν
2901 4195 3258 4264 ἀπέρχονται,
3290 4191 3638 4260 ἐκδεχόμενοι
3676 4188 3774 4241 καὶ

2186 4292 2285 4358 τήν
2310 4289 2596 4344 ὲπένδυσιν
2625 4289 2736 4344 τῶν
2763 4290 3054 4358 σωμάτων,
3085 4289 3172 4340 ἵνα
3221 4287 3364 4340 κατά
3398 4286 3460 4338 τδ
3488 4283 3774 4351 συναμφό-

2186 4400 2347 4452 τερον
2377 4382 2722 4437 κολασθῶσιν
2745 4401 2760 4416 ο
2797 4383 2885 4434 ὅτε
2935 4381 3028 4434 καὶ
3059 4382 3236 4434 τελεία
3275 4381 3492 4446 λέγεται
3535 4379 3774 4446 κυρὲως.

508 4480 592 4525 est
628 4472 748 4526 sine
814 4471 922 4525 line
992 4471 1226 4536 punitio.
1287 4469 1407 4526 Non
1465 4488 1601 4542 opus
1629 4484 1714 4529 est
1755 4475 1921 4542 igitur
1970 4475 2070 4530 hzet

2191 4474 2284 4525 καὶ
2322 4473 2470 4526 ἔστιν
2520 4473 2553 4541 ἡ
2601 4471 2907 4541 ἀπέραντος
2955 4471 3197 4533 κόλασις.
3240 4471 3314 4522 Οὐ
3348 4468 3505 4538 χρεία
3547 4462 3639 4518 οὖν
3677 4467 3772 4520 τοῦ

512 4565 743 4651 ιιιιςρίυε
781 4566 1058 4633 persequi,
1097 4564 1296 4633 quippe
1330 4577 1455 4616 cum
1485 4565 1622 4618 satis
1655 4565 1720 4616 de
1757 4565 1840 4620 his
1873 4566 2082 4621 dictum

509 4657 601 4710 sit.
643 4656 799 4721 Quod
829 4656 875 4708 si
914 4656 997 4708 his
1015 4655 1363 4708 adversarius
1393 4671 1498 4707 non
1535 4654 1868 4724 acqttieseet,
1911 4673 2010 4713 nec
2041 4659 2087 4712 si

512 4749 682 4801 multo
715 4749 867 4817 plura
911 4747 1250 4812 adiunxeris,
1306 4740 1639 4817 acquiescct.
1679 4749 1870 4819 Itaque
1901 4750 1969 4805 de
2003 4751 2089 4807 his

508 4843 714 4894 dictum
763 4848 848 4893 est
886 4839 1233 4903 sullicienter,
1271 4855 1370 4895 nec
1402 4827 1617 4905 Oportet
1658 4841 1893 4898 ulterius
1959 4858 2090 4912 pro-

515 4919 689 4998 gredi.
755 4928 946 4982 Restat
977 4927 1145 4994 igitur
1197 4938 1256 4982 ut
1308 4944 1404 4997 pro
1432 4931 1591 4984 tertia
1637 4932 1832 4997 classe,
1869 4933 1936 4987 de
1985 4949 2092 5002 qua

519 5022 679 5079 nobis
708 5021 1051 5092 propositum
1088 5031 1171 5075 est
1211 5019 1413 5084 dicere,
1453 5036 1646 5089 preces
1707 5014 2010 5078 olferantitr
2042 5033 2094 5078 et

519 5119 604 5185 pia
666 5130 832 5184 opera
894 5114 1254 5168 exhibeantur
1310 5129 1323 5166 :
1385 5129 1507 5168 nam
1571 5115 1664 5184 qui
1716 5115 1768 5170 in
1809 5131 1871 5172 ea
1930 5117 2095 5172 locati

521 5217 669 5273 sunt,
705 5209 757 5263 hi
788 5216 912 5278 post
938 5217 1163 5261 mortem
1199 5217 1527 5276 purgantur,
1575 5224 1747 5278 caque
1773 5219 1858 5264 est
1887 5209 2100 5264 anima-

523 5320 644 5358 rum
672 5303 922 5372 purgatio
954 5316 1118 5370 quam
1157 5315 1258 5356 nos
1290 5302 1668 5357 demonstrare
1695 5303 2099 5358 contendimus.

526 5398 582 5450 In
613 5409 678 5450 ea
721 5394 884 5463 igitur
917 5391 1196 5445 tremenda
1230 5390 1643 5461 demigrationis
1668 5391 1821 5456 hora,
1879 5393 1931 5447 in
1993 5409 2102 5463 qua

527 5487 708 5540 anima
738 5492 1025 5554 separatur
1076 5503 1106 5537 a
1139 5499 1393 5553 corpore,
1428 5494 1483 5538 et
1535 5484 1789 5537 naturale
1824 5484 2102 5539 vinculum

529 5582 610 5632 sic
658 5578 767 5632 Deo
815 5576 1026 5629 volente
1075 5577 1420 5641 discinditur,
1468 5576 1666 5629 anima:
1715 5591 1835 5643 qua:
1885 5577 1938 5630 in
1975 5593 2102 5631 vcra

531 5671 846 5733 pmnitcntia
909 5678 1138 5736 reperta:
1193 5669 1419 5732 fuerint,
1478 5685 1604 5721 cum
1658 5669 2034 5723 liberationem
2079 5685 2104 5722 a

533 5761 791 5830 peccatis,
825 5775 944 5829 qum
981 5762 1188 5814 scilicet
1221 5760 1543 5828 corporibus
1571 5761 1774 5816 induta:
1809 5771 2067 5831 perprtra

2192 4564 2380 4618 λοιποῦ
2429 4564 2612 4631 λέγειν
2647 4566 2775 4632 περὶ
2825 4564 3038 4628 τούτου,
3085 4563 3158 4625 ὡς
3198 4563 3512 4632 ἀρκούντων
3543 4559 3652 4612 τῶν
3693 4561 3772 4612 εί-

2197 4658 2449 4727 ρημένων
2478 4673 2492 4688 ⁸
2526 4659 2574 4710 εί
2597 4657 2653 4710 δὲ
2677 4655 2888 4716 τούτοις
2919 4655 2977 4707 ού
3008 4655 3368 4726 πεισθήσεται
3395 4654 3421 4705 ό
3450 4653 3771 4721 ἀντιλέγων,

2193 4750 2300 4802 οὐδ’
2334 4750 2435 4803 ὅσα
2482 4749 2548 4804 ἄν
2593 4766 2677 4810 τις
2719 4750 2870 4819 εἴπῃ,
2915 4749 3294 4816 πεισθήσεται.
3329 4746 3438 4800 Καὶ
3487 4744 3617 4816 περὶ
3673 4745 3774 4814 μὲν

2194 4843 2402 4910 ταύτης
2465 4841 2663 4904 ἱκανῶς
2721 4843 2938 4910 εἴρηται
2989 4856 3004 4870 ο
3040 4840 3136 4892 καὶ
3186 4839 3247 4891 ού
3294 4839 3403 4908 χρὴ
3459 4836 3775 4908 περαιτέρω

2199 4933 2538 5004 προϐαίνειν.
2597 4931 2859 4985 Λείπεται
2889 4928 2984 4984 οὖν
3011 4931 3140 5002 περὶ
3185 4930 3284 5000 τῆς
3319 4930 3578 4998 δευτέρας
3615 4928 3776 4998 μερί-

2197 5027 2283 5090 δος
2345 5025 2593 5093 γίνεσθαι
2638 5025 2739 5086 τὰς
2790 5024 3122 5094 προσευχὰς,
3153 5026 3246 5077 καὶ⁵
3277 5025 3449 5078 τᾶλλα
3499 5024 3597 5094 τῆς
3621 5023 3779 5075 εὐσε-

2201 5117 2354 5178 ϐείας
2387 5117 2522 5186 ἔργα
2549 5133 2561 5146 ·
2597 5117 2724 5185 περὶ
2844 5118 2937 5170 καὶ
2972 5117 3005 5184 ἡ
3032 5116 3236 5185 σπουδὴ
3263 5116 3419 5185 ἡμῶν
3441 5115 3556 5169 ἐστι
3585 5116 3776 5182 φάναι·

2201 5208 2278 5270 ὡς
2305 5208 2354 5260 οἱ
2386 5207 2592 5277 ταύτης
2627 5206 2904 5277 τυχόντες,
2935 5198 3081 5260 οὗτοι
3125 5207 3482 5275 καθαίρονται
3517 5206 3652 5277 μετά
3685 5206 3780 5258 θά-

2203 5318 2380 5354 νατον.
2429 5301 2540 5354 Καὶ
2569 5301 2707 5369 αὕτη
2741 5301 2887 5353 ἐστὶν
2913 5303 2946 5369 ἡ
2999 5300 3110 5353 τῶν
3155 5299 3346 5370 ψυχῶν
3391 5300 3682 5369 κάθαρσις,
3712 5299 3782 5368 ἢν

2205 5393 2588 5464 πειρασόμεθα
2632 5393 2827 5459 δεῖξαι.
2874 5393 2963 5445 Ἐν
3009 5392 3197 5463 ἐκείνῃ
3239 5391 3420 5446 τοίνυν
3463 5394 3530 5459 τῇ
3566 5391 3686 5460 ὥρᾳ
3715 5391 3779 5459 τῇ

2208 5483 2416 5554 φοϐερᾷ
2448 5485 2544 5550 τῆς
2581 5482 2910 5551 ὲναλλαγῆς,
2944 5481 3067 5536 καθ’
3102 5482 3168 5552 ἦν
3207 5483 3239 5549 ἠ
3269 5480 3419 5550 ψυχὴ
3467 5479 3562 5532 τοῦ
3592 5481 3780 5547 σῶμα·

2208 5592 2298 5638 τος
2331 5576 2648 5644 χωρίζεται,
2682 5576 2776 5627 καὶ
2802 5577 2830 5628 ὁ
2853 5572 3230 5642 φυσικώτατος
3254 5571 3452 5639 δεσμὸς
3483 5569 3782 5638 ἀποτέμνεο

2210 5685 2300 5719 ται
2335 5667 2464 5736 θείῳ
2491 5667 2814 5735 βουλήματι,
2849 5668 2903 5718 αἱ
2936 5667 3106 5734 ψυχαὶ
3151 5665 3355 5725 αἵτινες
3396 5663 3699 5733 εὑρεθῶσιν
3729 5663 3780 5714 ἐν

2217 5759 2474 5830 [ina-toi;
2513 5759 2720 5829 ἀληθεῖ,
2756 5759 2849 5814 καὶ
2900 5757 3113 5830 ἀποχὴν
3147 5758 3255 5812 τῶν
3293 5755 3779 5825 πλημμελημάτων
