3978 6204
260 309 401 374 19.37

930 315 1078 376 PRO
1116 315 1321 377 CONC.
1370 314 1741 374 FLORENT.
1785 314 1946 377 CAP.
1984 312 2099 374 Ill.
2136 312 2237 371 DE
2276 309 2789 373 PURGATOIIIO.

3368 307 3503 372 1238

256 424 292 477 ἃ
319 422 395 485 ώς
449 422 630 490 σάρκα
663 422 929 491 φοροῦσαι
963 424 1417 495 ἐπλημμέλησαν,
1450 425 1525 487 ώς
1560 426 1642 478 δεῖ
1672 441 1826 494 ποιη-

1941 432 2147 484 verunt.
2195 422 2421 478 fecerint
2476 432 2535 477 ut
2591 404 3040 491 oportet,ncquc
3096 418 3260 489 hujus
3316 422 3501 476 Saeculi

256 514 513 582 σάμεναι,
566 498 660 566 καί
709 514 831 583 μηδ’
887 515 1024 572 ὅλως
1065 532 1119 567 τι
1172 514 1266 567 τοῦ
1303 515 1567 580 παρόντος
1626 514 1822 577 αἰῶνος

256 602 644 670 φροντίζουσαι
698 603 730 672 ἢ
780 603 1099 673 φρονοῦσαι,
1154 605 1270 657 ἀλλ’
1322 604 1660 670 ἁπαξαπλῶς
1689 606 1823 667 ὅλως

251 691 375 743 ὅλον
405 691 495 743 τὸν
518 690 642 743 νοῦν
662 691 881 761 ἔχουσαι
911 694 1045 761 πρὸς
1065 694 1123 745 ὃν
1136 694 1459 761 πορεύονται
1481 693 1666 757 τόπον,
1691 691 1830 745 σκύ-

248 783 387 835 ϐαλα
404 784 473 835 τὰ
492 783 737 851 παρόντα
778 784 955 838 πάντα
1004 786 1376 855 ἠγησάμεναι,
1398 786 1484 838 ἵνα
1514 784 1673 852 μόνον
1697 799 1827 852 κερ-

252 874 496 944 δησωσιν
526 874 586 928 ὃν
617 875 877 929 ποθοῦσιν
896 877 1126 944 νυμφίον
1144 878 1232 930 διὰ
1265 876 1361 946 τῆς
1394 876 1702 943 μετανοίας,
1730 876 1826 930 καὶ

253 966 613 1033 ἀπαντήσωσι
658 965 734 1032 τῷ
778 966 997 1034 φοϐερῷ
1046 970 1206 1034 κριτῇ
1255 969 1315 1018 έν
1358 968 1631 1041 νεφέλαις,
1666 963 1826 1021 αὗται

256 1057 502 1123 μεγάλην
527 1056 795 1123 ὠφέλειαν
823 1057 1008 1126 ἔχουσι
1060 1057 1201 1125 μετά
1234 1058 1481 1112 θάνατον.
1530 1060 1618 1111 Ἐν
1655 1076 1825 1127 μετα-

256 1148 380 1216 νοίᾳ
430 1147 537 1216 γὰρ
593 1146 1049 1217 εὖρέθησαν,·καὶ
1094 1149 1153 1201 ὲν
1201 1151 1460 1222 μετανοίᾳ
1506 1150 1826 1221 κρίνονται·

256 1238 448 1306 ὥσπερ
477 1239 680 1291 ἐκεῖναι
725 1241 782 1291 αἱ
823 1241 1133 1310 εὑρεθεῖσαι
1176 1243 1234 1293 ἐν
1284 1242 1617 1311 ἀπογνώσει,
1655 1259 1827 1295 κατα-

253 1326 556 1396 κρίνονται.
594 1332 703 1384 Καὶ
734 1332 892 1383 τοῦτό
921 1334 1068 1386 ἐστιν
1106 1334 1242 1403 ὅπερ
1266 1334 1540 1403 ἀκούομεν
1575 1333 1829 1387 ἀπειλού-

262 1437 421 1486 μενον
451 1420 601 1488 παρά
632 1420 723 1474 τοῦ
756 1422 945 1491 κριτοῦ
970 1437 987 1453 ⁸
1026 1440 1044 1475 ι
1094 1424 1185 1478 Ἑν
1228 1419 1271 1493 ᾧ
1302 1423 1447 1495 εῦρω
1480 1442 1560 1491 σε,
1586 1425 1703 1479 ἐκεῖ
1734 1426 1830 1479 καὶ

260 1531 431 1584 κρίνω
462 1531 544 1568 σε.
581 1532 597 1563 ι

1013 1606 1085 1659 Γ’.

330 1696 537 1762 Καιρὸς
568 1696 623 1747 δὲ
668 1696 856 1749 λοιπὸν
891 1698 987 1751 καὶ
1018 1699 1125 1751 τῶν
1154 1701 1477 1768 μαρτυριῶν
1519 1700 1828 1755 ἐπακοῦσαι

256 1785 322 1848 ἃς
350 1786 729 1857 ὑπεσχέθημεν
763 1789 997 1843 ἀκοῦσαι
1028 1790 1194 1857 ὑμᾶς,
1242 1794 1505 1846 ἐκθεῖναι,
1540 1794 1645 1846 Καὶ
1676 1794 1827 1862 πρῶ-

260 1894 350 1938 τος
382 1877 484 1944 μὲν
516 1880 728 1945 παρίτω
757 1881 784 1932 6
819 1882 1331 1951 προμνημονευθεὶς
1374 1883 1518 1945 θεῖος
1549 1885 1639 1938 καὶ
1687 1886 1828 1956 ἱερὸς

272 1970 542 2037 Ἰωάννης,
583 1972 609 2021 6
642 1971 817 2039 μέγας
842 1973 1119 2043 ὀφθαλμὸς
1144 1975 1241 2044 τῆς
1278 1974 1469 2045 Ἐῴας,
1496 1978 1523 2030 6
1554 1978 1617 2030 ἐκ
1640 1981 1828 2048 Δαμαο

260 2060 392 2112 σκοῦ
446 2062 992 2132 ἀναλάμψαςόῦτος
1049 2068 1158 2137 γὰρ
1210 2068 1268 2121 ὲν
1321 2068 1399 2139 τῷ
1434 2071 1564 2139 περί¹
1607 2071 1717 2123 τῶν
1770 2073 1829 2124 ὲν

260 2152 448 2205 πίστει
494 2156 912 2225 κεκοιμημένων
946 2160 1325 2230 συντακτηρίῳ
1358 2162 1522 2215 αὐτοῦ
1559 2164 1719 2231 λόγῳ,
1750 2163 1829 2233 τῷ

258 2242 572 2317 ἐπιγραφὴν
594 2248 793 2317 ἔχοντι’
832 2248 1059 2313 ιὈπως
1078 2254 1132 2303 αἱ
1163 2253 1304 2323 ὑπὲρ
1335 2254 1514 2307 αὐτῶν
1546 2258 1827 2324 γινόμεναι

260 2339 589 2407 λειτουργίαι
614 2341 709 2393 καὶ
730 2341 966 2395 εὗποιῖαι
983 2342 1207 2405 τούτους
1227 2344 1487 2411 ὀνίνησιν,
1502 2364 1521 2397 ι
1555 2347 1585 2414 ή
1610 2346 1669 2399 δὲ
1686 2348 1828 2418 ἀρχὴ

260 2432 353 2483 τοῦ
390 2432 570 2497 λόγου,
599 2451 617 2483 ι
673 2434 752 2485 Τὰ
777 2432 885 2485 τῶν
908 2434 1212 2503 βρωμάτων
1238 2436 1370 2504 ἡδέα
1393 2453 1408 2467 ·
1440 2455 1458 2488 ι
1493 2438 1631 2506 μετὰ
1658 2439 1828 2493 πολλά

261 2524 353 2574 καὶ
398 2522 555 2585 ἄλλα,
578 2522 656 2576 ἔτι
678 2523 836 2577 τοῦτό
865 2542 1051 2594 φησιν,
1085 2527 1237 2579 «Ὅτι
1266 2528 1411 2581 οίτοῦ
1438 2529 1598 2598 λόγου
1631 2532 1830 2598 μύσται

261 2628 319 2663 τε
349 2611 444 2662 καὶ
489 2611 776 2676 αὐτόπται,
807 2613 855 2664 οἱ
892 2613 984 2665 τὸν
1037 2613 1131 2667 τοῦ
1164 2616 1369 2683 κόσμου
1414 2619 1583 2688 γῦρον
1615 2620 1831 2690 ζωγρή-

264 2719 460 2765 σαντες
511 2703 753 2772 μαθηταὶ
781 2704 874 2757 τοῦ
906 2706 1180 2777 Σωτῆρος,
1229 2710 1322 2761 καὶ
1350 2709 1485 2763 θεῖοι
1516 2713 1827 2778 ἀπόστολοι,

264 2796 359 2849 ἐπὶ
398 2794 507 2848 τῶν
540 2796 787 2864 φρικτῶν
816 2797 911 2849 καὶ
958 2799 1243 2870 άχράντων
1274 2801 1367 2855 καὶ
1417 2803 1700 2866 ζωοποιῶν
1732 2825 1830 2875 μυ-

267 2892 526 2960 στηρίων,
576 2894 795 2962 μνήμην
831 2893 1103 2946 ποιεῖσθαι
1134 2893 1241 2946 τῶν
1289 2896 1496 2958 πιστῶς
1535 2897 1828 2967 κοιμηθένσ

265 3001 376 3036 των
424 2984 718 3038 ἐθέσπισαν
748 3002 762 3016 ·
802 2984 831 3037 ὃ
876 2986 971 3039 καὶ
1024 2989 1244 3056 κατέχει
1300 2987 1534 3056 βεϐαίως
1566 2990 1662 3043 καὶ
1710 2992 1831 3045 λίαν

1931 516 2227 583 quidquam
2277 515 2500 569 omnino
2537 514 2621 567 vel
2653 513 2966 568 curaverint
2998 513 3079 567 vel
3107 513 3489 580 cogitaverim,

1932 604 2027 659 sed
2062 607 2113 658 in
2160 605 2474 660 universum
2517 620 2583 659 eo
2619 614 2827 658 tantum
2883 604 3065 663 modo.
3101 617 3213 671 quo
3268 604 3498 658 abitnrm

1932 708 2082 758 sunt,
2114 704 2283 750 totam
2332 705 2570 748 mentem
2621 692 2943 755 direxerint,
2978 690 3265 761 pra-scotia
3315 690 3501 744 omnia

1930 789 2244 843 retrimenta
2275 792 2549 855 putantes,
2570 792 2629 838 ut
2656 785 2831 838 solum
2864 798 2986 837 eum
3015 781 3504 851 qucmdesiderant

1932 895 2193 949 sponsum
2229 880 2510 934 lucrentur
2545 893 2642 947 per
2683 877 3078 946 paenitentiam,
3111 874 3504 943 tremendoque

1929 973 2100 1045 judici
2166 974 2217 1026 in
2283 970 2517 1024 nubibus
2549 977 2863 1033 occurrant,
2903 968 2984 1020 ha:
3035 968 3332 1020 maximum
3380 974 3506 1035 post

1931 1074 2165 1119 mortem
2226 1062 2604 1132 juvamentum
2652 1060 2982 1128 percipiunt.
3036 1058 3170 1112 Cum
3237 1057 3384 1111 enim
3448 1057 3505 1110 in

1931 1155 2247 1227 poenitentia
2280 1160 2506 1224 repertae
2540 1152 2760 1217 fuerint,
2816 1151 2869 1205 in
2916 1150 3238 1221 pmnitentia
3281 1164 3503 1219 quoque

1928 1248 2267 1319 judicantur,
2294 1243 2750 1315 quemadmodum
2777 1256 2854 1296 cae
2883 1258 3003 1311 qua:
3033 1242 3086 1294 in
3123 1240 3507 1309 desperatione

1931 1348 2160 1407 repertae
2186 1338 2411 1400 fuerint,
2468 1335 2930 1389 condemnamur.
2990 1331 3056 1387 Et
3094 1332 3174 1385 lim
3206 1331 3507 1385 commina-

1934 1431 2108 1485 tioues
2144 1438 2276 1484 sunt
2296 1443 2433 1498 quas
2457 1427 2693 1494 ajudice
2722 1426 2975 1481 audimus
3002 1442 3019 1485 :
3065 1443 3084 1477 ι
3113 1423 3213 1481 Ubi
3245 1424 3505 1481 invenero

1933 1532 2003 1589 te,
2042 1522 2114 1577 ibi
2140 1532 2192 1578 et
2217 1520 2473 1590 judicabo
2506 1529 2610 1575 te.»

2672 1612 2763 1667 ill.

2004 1709 2289 1778 Reliquum
2324 1708 2479 1763 estin
2509 1706 2798 1777 praesentia
2840 1705 3145 1760 testimonia
3179 1720 3276 1759 vos
3302 1704 3495 1765 audire

1935 1817 2054 1871 qua:
2086 1810 2243 1854 antea
2274 1798 2502 1868 polliciti
2544 1813 2759 1852 sumus.
2794 1796 3118 1864 Primusque
3150 1795 3375 1863 prodeat
3405 1810 3501 1849 an-

1935 1895 2168 1948 tedictus
2203 1890 2426 1946 divinus
2456 1898 2511 1945 et
2534 1904 2692 1945 sacer
2716 1886 2977 1953 Joannes,
3011 1902 3241 1956 magnus
3262 1886 3505 1943 Orientis

1934 1987 2147 2050 oculus,
2181 1985 2273 2055 qui
2316 2000 2346 2039 a
2380 1984 2643 2037 Damasco
2674 1981 2871 2036 illuxit.
2935 1980 2985 2033 Is
3023 1982 3165 2035 enim
3206 1980 3259 2034 in
3289 1995 3351 2033 ea
3383 1995 3507 2035 ora.

1936 2081 2082 2135 tione
2109 2058 2272 2147 quam
2321 2074 2652 2144 conscripsit
2702 2074 2769 2128 de
2808 2073 2894 2128 his
2923 2072 3016 2142 qui
3050 2072 3104 2125 in
3150 2072 3254 2127 ﬁde
3301 2072 3504 2126 obdor-

1934 2171 2192 2234 mieruut,
2226 2167 2384 2236 cuius
2410 2166 2602 2221 titulus
2636 2173 2719 2220 est
2749 2181 2764 2221 :
2800 2183 2819 2215 ‹
2854 2163 2970 2229 Qua
2994 2162 3204 2218 ratione
3239 2163 3503 2219 sacriﬁcia

1934 2273 1990 2320 ct
2023 2262 2162 2316 bona
2199 2276 2387 2329 opera,
2420 2274 2541 2328 quze
2597 2272 2696 2327 pro
2744 2257 2809 2311 iis
2866 2263 3119 2326 suscepta
3172 2266 3323 2319 sunt,
3373 2256 3507 2325 ipsis

1933 2353 2293 2425 opitulantur,
2328 2370 2347 2402 ι
2384 2350 2540 2421 cujus
2578 2347 2846 2403 orationis
2877 2347 3093 2401 initium
3123 2354 3206 2402 est
3239 2366 3253 2401 :
3308 2365 3326 2397 ι
3357 2347 3506 2401 Esca!

1933 2461 2150 2510 suaves,
2178 2463 2196 2494 ι
2244 2453 2365 2512 post
2392 2443 2499 2497 alia
2530 2441 2697 2494 multa
2728 2442 2844 2494 haec
2867 2438 3033 2493 etiam
3067 2438 3203 2492 dicit
3230 2457 3245 2493 :
3302 2457 3320 2489 ι
3345 2436 3501 2504 Quod

1937 2537 2236 2593 Salvatoris
2261 2532 2512 2603 discipuli
2534 2541 2588 2587 et
2610 2531 2779 2587 divini
2810 2530 3063 2599 apostoli,
3092 2530 3183 2598 qui
3216 2529 3503 2599 mysterio-

1937 2646 2058 2685 rum
2099 2627 2263 2683 Verbi
2284 2624 2579 2696 participes
2608 2634 2769 2692 atqne
2793 2622 2995 2676 oculati
3024 2630 3191 2676 testes
3218 2620 3387 2686 luere,
3408 2622 3503 2689 qui

1936 2723 2124 2778 ruendi
2160 2723 2346 2775 orbem
2379 2720 2509 2773 dum
2542 2718 2787 2772 viverent
2837 2722 3224 2785 peragrarunt,
3284 2712 3338 2766 in
3389 2720 3507 2766 tre.

1938 2812 2187 2874 mendis,
2249 2809 2587 2864 intemeratis
2652 2817 2707 2862 et
2758 2805 3169 2863 viviﬁcantibus
3230 2804 3506 2875 mysteriis

1936 2902 2508 2959 commemorationem
2562 2899 2674 2954 ﬁeri
2708 2899 2772 2952 de
2803 2898 2890 2953 his
2932 2896 3026 2966 qui
3059 2896 3250 2951 ﬁdeles
3307 2896 3506 2950 obdor-

1938 2998 2128 3062 mierc,
2179 3001 2516 3058 sanxerunt;
2570 2990 2716 3060 quod
2747 2989 2911 3045 etiam
2966 2988 3197 3043 ﬁrmiter
3221 2997 3274 3042 et
3302 2987 3507 3056 absque

265 3077 673 3146 ἀναπιρῤήτως
704 3078 736 3146 ή
763 3076 857 3130 τοῦ
888 3076 1125 3145 Χριστοῦ
1152 3079 1247 3131 καὶ
1274 3079 1409 3132 Θεοῦ
1432 3082 1541 3135 ἀπὸ
1578 3084 1832 3152 περάτων

1941 3089 2046 3141 ulla
2099 3085 2476 3141 controversia
2519 3092 2667 3138 tenet
2720 3096 2750 3136 a
2802 3081 3001 3136 tinibns
3034 3095 3209 3151 usque
3265 3079 3334 3132 ad
3370 3079 3507 3133 ﬁnes

270 3166 365 3218 καὶ
396 3168 554 3236 μέχρι
586 3169 860 3237 περάτων,
894 3169 1228 3238 ἀποστολικὴ
1275 3172 1370 3225 καὶ
1405 3174 1666 3243 καθολικὴ
1710 3174 1835 3228 Ἑκ-

1941 3176 2140 3231 Christi
2176 3175 2267 3231 Dei
2320 3175 2623 3244 apostolica
2676 3183 2731 3225 et
2757 3172 3029 3226 catholica
3056 3170 3302 3225 Ecclesia
3338 3170 3407 3223 ab
3439 3185 3507 3225 eo

271 3258 492 3324 κλησία,
520 3259 732 3311 ὲκτότε
772 3259 932 3327 μέχρι
963 3260 1058 3311 τοῦ
1092 3260 1207 3321 νῦν,
1244 3262 1338 3313 καὶ
1371 3263 1470 3328 τῆς
1499 3263 1594 3315 τοῦ
1626 3267 1835 3332 κόσμου

270 3351 475 3418 λήξεως
500 3350 649 3418 ἀχρι,
687 3349 787 3402 οὐκ
816 3350 1119 3417 ἀλογίστως
1144 3350 1384 3415 πάντως,
1415 3353 1533 3405 οὐδὲ
1565 3357 1832 3421 ματαίως,

267 3438 389 3491 οὐδὲ
425 3438 567 3503 εἰκῇ,
623 3440 716 3488 καὶ⁸
747 3437 820 3498 ώς
855 3436 1011 3504 ἔτυχε
1061 3440 1220 3491 τοῦτο
1264 3439 1639 3504 θεσπίσαντες.
1673 3445 1839 3497 Οὐδὲν

270 3529 383 3594 γὰρ
408 3525 666 3592 ἀνόνητον
696 3527 729 3592 ἡ
772 3525 882 3578 τῶν
913 3526 1259 3596 Χριστιανῶν
1288 3527 1536 3598 ἀπλανὴς
1576 3530 1840 3599 θρησκεία

270 3617 601 3689 παρείληφε,
634 3620 729 3671 καὶ
758 3619 837 3681 είς
862 3619 1034 3672 αἰῶνα
1059 3621 1325 3690 κατέσχεν
1351 3623 1463 3674 ἀπα
1475 3625 1801 3690 ρασάλευτον
1820 3640 1835 3655 ·

273 3711 411 3766 ἀλλὰ
431 3710 612 3766 ,πάντα
641 3710 894 3779 ἐπωφελῆ
929 3712 1020 3763 καὶ
1054 3711 1341 3781 θεάρεστα,
1378 3714 1472 3765 καὶ
1506 3712 1628 3765 λίαν
1661 3715 1842 3785 ὀνησι-

275 3802 442 3869 φόρα,
478 3802 572 3853 καὶ
620 3798 891 3872 σωτηρίας
940 3802 1205 3871 μεγίστης
1247 3804 1505 3873 πρόξενα.
1534 3823 1551 3855 ι
1597 3804 1841 3869 Ἀκούεις

275 3894 358 3944 ὅτι
398 3892 457 3944 οὐ
496 3892 801 3960 παρέλαϐεν
847 3893 879 3962 η
910 3890 1005 3944 τοῦ
1036 3891 1173 3946 Θεοῦ
1224 3894 1520 3963 Ἐκκλησία
1553 3912 1605 3947 τι
1635 3895 1843 3962 πλάνης

276 3984 561 4051 ἐχόμενον,
598 3983 631 4052 ἦ
681 3984 984 4054 ἀνόνητον·
1032 3984 1167 4038 ἀλλά
1223 3985 1399 4038 πάντα
1437 3988 1706 4056 θεάρεστα
1750 3988 1845 4040 καὶ

268 4075 575 4143 »ὀνησιφόρα
618 4074 760 4137 λίαν,
795 4076 890 4127 καὶ
940 4075 1179 4145 πρόξενα
1233 4078 1510 4145 σωτηρίας
1552 4080 1841 4149 μεγίστης.

281 4166 418 4219 Μετ’
442 4166 604 4218 αὐτὸν
634 4166 691 4218 δὲ
719 4166 748 4217 6
780 4167 952 4229 πολὺς
983 4166 1051 4218 τά
1079 4166 1195 4219 θεῖα
1226 4169 1321 4219 καὶ
1349 4167 1517 4235 βαθὺς
1548 4169 1843 4235 Διονύσιος,

280 4262 374 4311 καὶ
403 4259 566 4321 αὐτὸς
589 4259 646 4310 ὲν
672 4259 739 4328 τῇ
771 4258 880 4310 τῶν
903 4257 1326 4327 κεκοιμημένων
1353 4249 1589 4329 μυστικῇ
1615 4260 1841 4331 θεωρίᾳ,

278 4350 506 4403 τοιαῦτα
558 4350 759 4417 φάσκει
784 4366 799 4381 ο
838 4367 858 4400 ι
910 4349 985 4401 Οὐ
1017 4349 1124 4419 γάρ
1156 4349 1223 4403 ἂν
1259 4353 1287 4403 6
1332 4350 1473 4414 θεῖος
1504 4352 1785 4423 ίεράρχης,
1817 4355 1845 4406 ὁ

1939 3278 2184 3333 tempore
2209 3266 2262 3319 in
2306 3281 2546 3335 praesens
2576 3274 2631 3318 et
2669 3280 2842 3333 usque
2875 3263 2929 3316 in
2965 3262 3125 3316 ﬁnem
3159 3263 3347 3316 mundi
3374 3300 3377 3303 »
3401 3277 3506 3314 non

1938 3359 2057 3412 sine
2115 3358 2346 3420 ratione,
2374 3370 2548 3424 neque
2598 3355 2782 3419 stulte,
2833 3369 3011 3423 neque
3064 3363 3294 3418 temere,
3326 3369 3504 3422 neque.

1941 3450 2077 3504 forte
2108 3448 2324 3503 fortuna
2355 3448 2407 3503 id
2437 3447 2819 3501 decernentes.
2856 3444 2990 3500 Nam
3024 3447 3159 3499 nihil
3192 3448 3337 3515 quod
3368 3447 3508 3500 stul-

1941 3542 2112 3597 titiam
2169 3548 2406 3609 saperet,
2463 3539 2684 3593 admisit
2739 3538 3181 3593 Christianorum
3251 3539 3503 3593 inerram

1941 3630 2150 3698 religio,
2181 3638 2235 3682 et
2262 3630 2314 3682 in
2342 3628 2600 3683 saeculum
2632 3628 2957 3684 inconcusse
2992 3629 3167 3683 tenuit
3195 3646 3208 3681 :
3236 3628 3346 3683 imo
3378 3645 3509 3683 vero

1941 3729 2133 3775 cuncta
2169 3719 2317 3774 utilia
2374 3720 2589 3789 Deoque
2636 3728 2788 3789 grata
2828 3729 2883 3775 et
2932 3719 3089 3775 valde
3146 3720 3505 3775 conducibilia

1941 3810 2007 3865 ad
2047 3810 2305 3864 salutem.
2337 3828 2355 3861 ι
2419 3809 2549 3865 Post
2600 3809 2745 3864 hunc
2812 3824 3043 3875 magnus
3096 3810 3148 3862 in
3208 3810 3408 3865 divinis
3456 3822 3510 3863 et

1943 3900 2194 3956 sublimis
2221 3899 2510 3970 Dionysius
2559 3910 2614 3954 ct
2646 3900 2763 3969 ipse
2793 3901 2846 3954 in
2907 3902 3133 3971 mystica
3180 3900 3249 3956 de
3278 3903 3509 3956 mortuis

1943 3992 2383 4047 consideratione
2440 3990 2556 4044 haec
2623 3992 2701 4045 ait
2757 4008 2771 4044 :
2842 3990 3004 4045 cNon
3062 3992 3206 4045 enim
3288 3992 3507 4046 divinus

1945 4098 2225 4140 sacrorum
2264 4096 2487 4151 praeses,
2533 4081 2732 4135 divinae
2775 4081 3192 4150 justiﬁcationis
3231 4084 3499 4146 minister,

1946 4177 2197 4246 petiisset
2224 4190 2343 4244 quae
2375 4174 2485 4229 Deo
2533 4175 2802 4242 praecipue
2831 4188 2939 4226 non
2964 4184 3150 4227 essent
3180 4185 3424 4243 accepta,
3453 4190 3508 4230 et

1946 4282 2066 4337 quae
2120 4282 2179 4321 se
2243 4266 2495 4319 daturum
2552 4265 2815 4319 divinitus
2866 4263 3223 4332 promisisset.
3284 4264 3511 4331 Ideoque

1946 4355 2219 4423 profanis,
2248 4355 2298 4409 id
2328 4363 2412 4409 est
2438 4354 2505 4408 iis
2532 4355 2623 4423 qui
2658 4353 2947 4415 illuminati
2972 4369 3079 4406 non
3109 4359 3238 4405 sunt
3262 4350 3509 4414 mortuis,

278 4446 377 4513 τῆς
402 4446 635 4514 ἀρχικῆς
669 4440 1007 4507 δικαιώσεως
1049 4444 1358 4514 ὑποφήτης,
1392 4444 1574 4513 ἐζήτει
1613 4447 1744 4499 ποτὲ
1778 4448 1836 4499 τὰ

1950 4448 2066 4503 ιιωο
2115 4462 2229 4501 non
2282 4455 2554 4515 precatur.
2589 4463 2607 4495 ι
2669 4444 2733 4498 Ει
2773 4459 2960 4498 rursus
2996 4463 3008 4495 :
3070 4463 3087 4494 ι
3121 4442 3262 4510 Ergo
3295 4441 3512 4497 divinus

284 4538 361 4604 μὴ
388 4534 465 4603 τῷ
509 4535 627 4601 Θεῷ
661 4534 1130 4602 προσφιλέστατα,
1166 4539 1263 4588 καὶ
1310 4536 1446 4604 πρὸς
1492 4537 1657 4591 αὑτοῦ
1687 4539 1848 4609 δοθή-

284 4628 474 4681 σεσθαι
534 4627 767 4691 θειωδῶς
819 4630 1207 4700 ἐπηγγελμένα
1241 4647 1256 4661 ·
1316 4632 1397 4683 διὸ
1450 4634 1559 4695 τοῖς
1613 4633 1849 4703 ἀνιέροις

282 4721 451 4787 ἤγουν
480 4719 830 4785 ἀφωτίστοις,
877 4721 938 4773 οὐ
971 4722 1333 4791 προσεύχεται
1369 4722 1542 4776 ταῦτα
1587 4739 1852 4792 κεκοιμη-

288 4812 490 4879 μένοις.
532 4829 551 4862 ι
583 4811 694 4863 Καὶ
742 4806 937 4872 αὖθις·
977 4830 995 4862 ι
1035 4812 1246 4865 Οὐκοῦν
1293 4815 1322 4866 ὁ
1369 4813 1511 4876 θεῖος
1566 4815 1850 4885 ίεράρχηςη.

284 4904 488 4968 ἐξαιτεῖ
509 4904 578 4956 τὰ
610 4905 737 4972 φίλα
764 4903 904 4972 Θεῷ,
937 4906 1032 4956 καὶ
1074 4907 1291 4965 πάντως
1336 4905 1785 4976 δωρηθησόμενα.
1827 4926 1846 4958 ι

286 4994 398 5046 Kal.
424 4992 587 5048 πάλιν
610 5010 623 5024 ⁸
666 5013 686 5047 ι
737 4994 802 5047 Ἦ
834 4994 934 5063 μὲν
960 4993 1054 5047 οὖν
1084 4995 1238 5064 εὐχὴ,
1270 4995 1368 5064 τῆς
1390 4995 1687 5064 θεαρχικῆς
1720 4996 1854 5063 ἀγα-

288 5085 532 5152 Οότητος,
563 5083 736 5137 δεῖται
767 5086 943 5138 πάντα
994 5084 1094 5153 μὲν
1128 5086 1348 5151 ἀφεῖναι
1382 5088 1447 5138 τὰ
1475 5086 1542 5138 δι’
1577 5087 1852 5157 ἀνθρωπί-

288 5193 387 5242 νην
416 5175 703 5228 ἀσθένειαν
747 5175 824 5243 τῷ
863 5178 1250 5246 κεκοιμημένῳ
1293 5177 1644 5245 πταίσματα·
1693 5176 1853 5241 τάξαι

285 5266 342 5317 ὑὲ
369 5264 577 5329 τοῦτον,
610 5267 669 5318 ὲν
720 5266 872 5336 χώρᾳ
900 5265 1139 5329 ζώντων,
1190 5270 1270 5330 εἰς
1320 5271 1557 5331 κόλπους
1602 5267 1852 5336 Ἀϐραὰμ

292 5357 386 5408 καὶ
428 5358 613 5427 Ἰσαὰκ
651 5358 746 5410 καὶ
790 5357 1009 5418 Ἰακὼϐ,
1059 5358 1116 5408 ὲν
1148 5351 1192 5424 ᾧ
1222 5358 1433 5427 ἀπέδρα
1474 5359 1647 5427 τόπῳ,
1690 5358 1850 5426 ὀδύνη

294 5450 387 5496 καὶ
433 5446 578 5515 λύπη
622 5449 717 5500 καὶ
766 5448 1107 5516 στεναγμόςο
1148 5447 1475 5517 παρορώσης
1503 5450 1599 5516 τῆς
1633 5447 1850 5516 θεαρχι-

300 5537 400 5605 κῆς
432 5524 790 5606 ἁγαθότητος,
823 5538 917 5590 καὶ
948 5538 1044 5600 τὰς
1084 5540 1438 5609 ἑγγιιομένας
1470 5538 1548 5609 τῷ
1596 5554 1855 5606 κεκοιμη-

373 5715 416 5743 ‘9
441 5714 539 5770 Job
593 5733 703 5783 xw,
730 5718 781 5771 73.

1946 4552 2227 4595 sacrorum
2251 4551 2449 4609 praeses
2475 4552 2592 4602 qua:
2625 4534 2732 4588 Deo
2765 4544 2914 4601 grata
2944 4542 3072 4586 sunt
3120 4533 3275 4601 petit,
3307 4538 3362 4585 et
3392 4547 3513 4598 quae

1947 4629 2172 4684 omnino
2205 4627 2511 4681 douaturus
2538 4633 2638 4679 est.
2673 4641 2692 4673 ι
2774 4623 2839 4677 Ει
2871 4622 3065 4676 iterum
3099 4637 3114 4676 :
3161 4640 3180 4672 ι
3206 4621 3342 4675 Cum
3373 4618 3514 4673 divi-

1950 4735 2076 4773 nam
2108 4719 2405 4773 bonitatem
2437 4728 2743 4785 precamur,
2777 4721 2997 4781 peccata
3030 4710 3285 4765 defuncto
3313 4709 3515 4764 condo~

1952 4812 2066 4866 nari
2102 4811 2362 4880 petimus,
2421 4823 2541 4877 quze
2601 4807 2672 4860 ob
2728 4806 3024 4859 humanam
3083 4801 3516 4857 imbecillitatem

1956 4902 2192 4955 admissa
2223 4908 2395 4954 sunt:
2433 4899 2487 4952 in
2523 4900 2854 4968 regioneque
2890 4896 3188 4950 viventium
3232 4908 3358 4949 eum
3404 4895 3517 4949 col-

1955 4991 2147 5055 locari,
2184 4991 2237 5044 in
2272 4990 2397 5044 sinu
2435 4990 2736 5052 Abraham,
2769 4988 2919 5042 lsaac
2959 4996 3014 5042 ct
3047 4987 3239 5050 Jacob,
3303 4987 3355 5039 in
3410 5001 3520 5053 quo

1955 5082 2076 5136 loco
2101 5080 2254 5134 abest
2281 5094 2504 5145 mceror,
2539 5079 2756 5134 tristitia
2809 5089 2864 5133 et
2886 5078 3138 5147 gemitus,
3184 5090 3306 5129 cum
3336 5075 3519 5126 divina

1956 5171 2198 5239 potentia
2229 5170 2297 5223 ob
2325 5184 2478 5226 suam
2511 5170 2803 5224 bonitatem
2833 5173 3147 5221 contemnat
3175 5163 3413 5217 maculas
3450 5164 3520 5215 ah

1959 5262 2327 5317 imbecillitate
2355 5263 2588 5316 humana
2610 5260 3008 5331 provenicntes.
3042 5257 3308 5323 Quoniam
3336 5270 3519 5317 uerno.

1961 5364 2019 5407 ut
2052 5369 2222 5409 sacra:
2256 5356 2449 5410 littera:
2499 5356 2716 5417 docent,
2762 5352 2997 5406 mundus
3027 5365 3058 5405 a
3117 5348 3370 5403 sordibus
3401 5348 3464 5401 δ’.
3496 5365 3514 5398 ι

1962 5444 2125 5501 Vides
2157 5454 2213 5499 tu
2231 5447 2324 5516 qui
2357 5440 2832 5513 contradicis,quo
2865 5452 3022 5512 pacto
3053 5442 3361 5503 conﬁrmat,
3394 5454 3521 5508 pro-

1963 5537 2118 5593 desse
2153 5552 2338 5607 prcccs
2398 5550 2494 5605 pro
2532 5536 2615 5591 his
2654 5544 2934 5604 susceptas
2969 5534 3062 5605 qui
3107 5530 3292 5589 ﬁdeles
3321 5528 3521 5585 mortui
