  <div class='ocr_page' id='page_1' title='image "/cluster/home/n/w/nwhite01/storage/ocr_20150623/159/hvd.32044073502684/679.png"; bbox 0 0 3978 6204; ppageno 0'>
   <div class='ocr_carea' id='block_1_1' title="bbox 471 240 608 304">
    <p class='ocr_par' dir='ltr' id='par_1_1' title="bbox 471 240 608 304">
     <span class='ocr_line' id='line_1_1' title="bbox 471 240 608 304; baseline -0.029 0"><span class='ocrx_word' id='word_1_1' title='bbox 471 240 608 304; x_wconf 71' lang='lat'><strong>1939</strong></span> 
     </span>
    </p>
   </div>
   <div class='ocr_carea' id='block_1_2' title="bbox 1658 242 2557 307">
    <p class='ocr_par' dir='ltr' id='par_1_2' title="bbox 1658 242 2557 307">
     <span class='ocr_line' id='line_1_2' title="bbox 1658 242 2557 307; baseline 0 -4"><span class='ocrx_word' id='word_1_2' title='bbox 1658 242 1975 304; x_wconf 79' lang='lat' dir='ltr'><strong>JOSEPHI</strong></span> <span class='ocrx_word' id='word_1_3' title='bbox 2011 244 2557 307; x_wconf 79' lang='lat' dir='ltr'><strong>METHONENSIS</strong></span> 
     </span>
    </p>
   </div>
   <div class='ocr_carea' id='block_1_3' title="bbox 3588 244 3735 307">
    <p class='ocr_par' dir='ltr' id='par_1_3' title="bbox 3588 244 3735 307">
     <span class='ocr_line' id='line_1_3' title="bbox 3588 244 3735 307; baseline 0 0"><span class='ocrx_word' id='word_1_4' title='bbox 3588 244 3735 307; x_wconf 61' lang='lat'><strong>17.40</strong></span> 
     </span>
    </p>
   </div>
   <div class='ocr_carea' id='block_1_4' title="bbox 466 355 2041 431">
    <p class='ocr_par' dir='ltr' id='par_1_4' title="bbox 466 355 2041 430">
     <span class='ocr_line' id='line_1_4' title="bbox 466 355 2041 430; baseline 0.004 -21"><span class='ocrx_word' id='word_1_5' title='bbox 466 364 616 409; x_wconf 81' lang='lat' dir='ltr'><strong>sunt.</strong></span> <span class='ocrx_word' id='word_1_6' title='bbox 644 355 941 423; x_wconf 80' lang='lat' dir='ltr'><strong>Gregorius</strong></span> <span class='ocrx_word' id='word_1_7' title='bbox 975 356 1168 410; x_wconf 89' lang='lat' dir='ltr'><strong>deinde</strong></span> <span class='ocrx_word' id='word_1_8' title='bbox 1190 356 1498 428; x_wconf 81' lang='lat' dir='ltr'><strong>Thcologus</strong></span> <span class='ocrx_word' id='word_1_9' title='bbox 1526 362 1871 430; x_wconf 78' lang='lat' dir='ltr'><strong>cognomine,</strong></span> <span class='ocrx_word' id='word_1_10' title='bbox 1894 362 2041 416; x_wconf 76' lang='lat' dir='ltr'><strong>divi-</strong></span> 
     </span>
    </p>
   </div>
   <div class='ocr_carea' id='block_1_5' title="bbox 2149 355 3735 431">
    <p class='ocr_par' dir='ltr' id='par_1_5' title="bbox 2149 358 3735 431">
     <span class='ocr_line' id='line_1_5' title="bbox 2149 358 3735 431; baseline -0.003 -17"><span class='ocrx_word' id='word_1_11' title='bbox 2149 362 2298 431; x_wconf 71' lang='grc' dir='ltr'>μένῳ</span> <span class='ocrx_word' id='word_1_12' title='bbox 2342 360 2401 426; x_wconf 74' lang='grc' dir='ltr'><strong>ἐξ</strong></span> <span class='ocrx_word' id='word_1_13' title='bbox 2446 358 2796 430; x_wconf 81' lang='grc' dir='ltr'><strong>ἀνθρωπίνης</strong></span> <span class='ocrx_word' id='word_1_14' title='bbox 2844 358 3135 423; x_wconf 79' lang='grc' dir='ltr'><strong>ἀσθενείας</strong></span> <span class='ocrx_word' id='word_1_15' title='bbox 3185 358 3448 428; x_wconf 74' lang='grc' dir='ltr'>κηλίδας·</span> <span class='ocrx_word' id='word_1_16' title='bbox 3486 360 3735 426; x_wconf 70' lang='grc' dir='ltr'>ἐπείπερ</span> 
     </span>
    </p>
   </div>
   <div class='ocr_carea' id='block_1_6' title="bbox 468 447 2041 518">
    <p class='ocr_par' dir='ltr' id='par_1_6' title="bbox 468 447 2041 518">
     <span class='ocr_line' id='line_1_6' title="bbox 468 447 2041 518; baseline 0.008 -18"><span class='ocrx_word' id='word_1_17' title='bbox 468 463 600 503; x_wconf 92' lang='lat' dir='ltr'><strong>num</strong></span> <span class='ocrx_word' id='word_1_18' title='bbox 620 447 943 518; x_wconf 76' lang='lat' dir='ltr'><strong>eloquentia:</strong></span> <span class='ocrx_word' id='word_1_19' title='bbox 966 449 1191 515; x_wconf 83' lang='lat' dir='ltr'><strong>ﬂumen,</strong></span> <span class='ocrx_word' id='word_1_20' title='bbox 1233 451 1287 505; x_wconf 92' lang='lat' dir='ltr'><strong>in</strong></span> <span class='ocrx_word' id='word_1_21' title='bbox 1316 451 1531 509; x_wconf 77' lang='lat' dir='ltr'><strong>funebri</strong></span> <span class='ocrx_word' id='word_1_22' title='bbox 1560 455 1613 508; x_wconf 88' lang='lat' dir='ltr'><strong>in</strong></span> <span class='ocrx_word' id='word_1_23' title='bbox 1672 454 1895 511; x_wconf 75' lang='lat' dir='ltr'><strong>fratrem</strong></span> <span class='ocrx_word' id='word_1_24' title='bbox 1926 456 2041 511; x_wconf 69' lang='lat' dir='ltr'><strong>Cse-</strong></span> 
     </span>
    </p>
   </div>
   <div class='ocr_carea' id='block_1_7' title="bbox 468 540 2041 614">
    <p class='ocr_par' dir='ltr' id='par_1_7' title="bbox 468 540 2041 614">
     <span class='ocr_line' id='line_1_7' title="bbox 468 540 2041 614; baseline 0.005 -19"><span class='ocrx_word' id='word_1_25' title='bbox 468 540 671 595; x_wconf 86' lang='lat' dir='ltr'><strong>sarium</strong></span> <span class='ocrx_word' id='word_1_26' title='bbox 693 556 947 595; x_wconf 83' lang='lat' dir='ltr'><strong>sermone</strong></span> <span class='ocrx_word' id='word_1_27' title='bbox 975 541 1043 595; x_wconf 92' lang='lat' dir='ltr'><strong>de</strong></span> <span class='ocrx_word' id='word_1_28' title='bbox 1080 551 1254 597; x_wconf 89' lang='lat' dir='ltr'><strong>matre</strong></span> <span class='ocrx_word' id='word_1_29' title='bbox 1284 558 1383 599; x_wconf 84' lang='lat' dir='ltr'><strong>sua</strong></span> <span class='ocrx_word' id='word_1_30' title='bbox 1414 559 1428 596; x_wconf 86' lang='lat'><strong>:</strong></span> <span class='ocrx_word' id='word_1_31' title='bbox 1473 564 1491 597; x_wconf 80' lang='grc' dir='ltr'><strong>ι</strong></span> <span class='ocrx_word' id='word_1_32' title='bbox 1525 546 1786 603; x_wconf 75' lang='lat' dir='ltr'><strong>Auditum</strong></span> <span class='ocrx_word' id='word_1_33' title='bbox 1822 558 1922 614; x_wconf 90' lang='lat' dir='ltr'><strong>est,</strong></span> <span class='ocrx_word' id='word_1_34' title='bbox 1956 549 2041 603; x_wconf 83' lang='lat' dir='ltr'><strong>in-</strong></span> 
     </span>
    </p>
   </div>
   <div class='ocr_carea' id='block_1_8' title="bbox 469 633 2037 705">
    <p class='ocr_par' dir='ltr' id='par_1_8' title="bbox 469 633 2037 705">
     <span class='ocr_line' id='line_1_8' title="bbox 469 633 2037 705; baseline 0.007 -21"><span class='ocrx_word' id='word_1_35' title='bbox 469 633 607 700; x_wconf 90' lang='lat' dir='ltr'><strong>quit,</strong></span> <span class='ocrx_word' id='word_1_36' title='bbox 626 634 873 687; x_wconf 89' lang='lat' dir='ltr'><strong>nuntium</strong></span> <span class='ocrx_word' id='word_1_37' title='bbox 905 635 1131 704; x_wconf 79' lang='lat' dir='ltr'><strong>dignum</strong></span> <span class='ocrx_word' id='word_1_38' title='bbox 1190 638 1419 695; x_wconf 85' lang='lat' dir='ltr'><strong>auribus</strong></span> <span class='ocrx_word' id='word_1_39' title='bbox 1452 640 1720 705; x_wconf 88' lang='lat' dir='ltr'><strong>omnium,</strong></span> <span class='ocrx_word' id='word_1_40' title='bbox 1756 655 1816 697; x_wconf 85' lang='lat' dir='ltr'><strong>se</strong></span> <span class='ocrx_word' id='word_1_41' title='bbox 1847 641 1955 695; x_wconf 84' lang='lat' dir='ltr'><strong>filio</strong></span> <span class='ocrx_word' id='word_1_42' title='bbox 1983 643 2037 695; x_wconf 92' lang='lat' dir='ltr'><strong>in</strong></span> 
     </span>
    </p>
   </div>
   <div class='ocr_carea' id='block_1_9' title="bbox 466 722 2038 799">
    <p class='ocr_par' dir='ltr' id='par_1_9' title="bbox 466 722 2038 799">
     <span class='ocr_line' id='line_1_9' title="bbox 466 722 2038 799; baseline 0.006 -24"><span class='ocrx_word' id='word_1_43' title='bbox 466 722 658 779; x_wconf 88' lang='lat' dir='ltr'><strong>funere</strong></span> <span class='ocrx_word' id='word_1_44' title='bbox 686 737 903 779; x_wconf 89' lang='lat' dir='ltr'><strong>omnem</strong></span> <span class='ocrx_word' id='word_1_45' title='bbox 927 724 1048 794; x_wconf 86' lang='lat' dir='ltr'><strong>ejus</strong></span> <span class='ocrx_word' id='word_1_46' title='bbox 1080 728 1442 784; x_wconf 82' lang='lat' dir='ltr'><strong>substantiam</strong></span> <span class='ocrx_word' id='word_1_47' title='bbox 1466 744 1564 799; x_wconf 90' lang='lat' dir='ltr'><strong>pro</strong></span> <span class='ocrx_word' id='word_1_48' title='bbox 1596 746 1663 785; x_wconf 89' lang='lat' dir='ltr'><strong>eo</strong></span> <span class='ocrx_word' id='word_1_49' title='bbox 1696 731 1839 787; x_wconf 89' lang='lat' dir='ltr'><strong>dono</strong></span> <span class='ocrx_word' id='word_1_50' title='bbox 1863 731 1993 787; x_wconf 86' lang='lat' dir='ltr'><strong>dare</strong></span> <span class='ocrx_word' id='word_1_51' title='bbox 2024 748 2038 785; x_wconf 92' lang='lat'>:</span> 
     </span>
    </p>
   </div>
   <div class='ocr_carea' id='block_1_10' title="bbox 471 818 2039 888">
    <p class='ocr_par' dir='ltr' id='par_1_10' title="bbox 471 818 2039 888">
     <span class='ocr_line' id='line_1_10' title="bbox 471 818 2039 888; baseline 0.008 -23"><span class='ocrx_word' id='word_1_52' title='bbox 471 828 582 882; x_wconf 84' lang='lat' dir='ltr'><strong>qua</strong></span> <span class='ocrx_word' id='word_1_53' title='bbox 603 822 793 868; x_wconf 83' lang='lat' dir='ltr'><strong>sancta</strong></span> <span class='ocrx_word' id='word_1_54' title='bbox 818 825 871 870; x_wconf 91' lang='lat' dir='ltr'><strong>et</strong></span> <span class='ocrx_word' id='word_1_55' title='bbox 900 818 1145 884; x_wconf 85' lang='lat' dir='ltr'><strong>speciosa</strong></span> <span class='ocrx_word' id='word_1_56' title='bbox 1203 819 1600 888; x_wconf 81' lang='lat' dir='ltr'><strong>pollicitatione</strong></span> <span class='ocrx_word' id='word_1_57' title='bbox 1625 824 1807 877; x_wconf 88' lang='lat' dir='ltr'><strong>omnis</strong></span> <span class='ocrx_word' id='word_1_58' title='bbox 1836 837 2039 879; x_wconf 75' lang='lat' dir='ltr'><strong>nueror</strong></span> 
     </span>
    </p>
   </div>
   <div class='ocr_carea' id='block_1_11' title="bbox 467 903 2040 977">
    <p class='ocr_par' dir='ltr' id='par_1_11' title="bbox 467 903 2040 977">
     <span class='ocr_line' id='line_1_11' title="bbox 467 903 2040 977; baseline 0.004 -22"><span class='ocrx_word' id='word_1_59' title='bbox 467 916 535 956; x_wconf 81' lang='lat' dir='ltr'><strong>ex</strong></span> <span class='ocrx_word' id='word_1_60' title='bbox 570 903 755 958; x_wconf 89' lang='lat' dir='ltr'><strong>animo</strong></span> <span class='ocrx_word' id='word_1_61' title='bbox 804 905 925 975; x_wconf 84' lang='lat' dir='ltr'><strong>ejus</strong></span> <span class='ocrx_word' id='word_1_62' title='bbox 980 906 1229 963; x_wconf 84' lang='lat' dir='ltr'><strong>sublatus</strong></span> <span class='ocrx_word' id='word_1_63' title='bbox 1279 916 1398 974; x_wconf 86' lang='lat' dir='ltr'><strong>est;</strong></span> <span class='ocrx_word' id='word_1_64' title='bbox 1448 926 1465 959; x_wconf 79' lang='grc' dir='ltr'><strong>ι</strong></span> <span class='ocrx_word' id='word_1_65' title='bbox 1523 918 1576 962; x_wconf 92' lang='lat' dir='ltr'><strong>et</strong></span> <span class='ocrx_word' id='word_1_66' title='bbox 1631 910 1820 977; x_wconf 86' lang='lat' dir='ltr'><strong>paucis</strong></span> <span class='ocrx_word' id='word_1_67' title='bbox 1870 910 2040 963; x_wconf 62' lang='lat' dir='ltr'><strong>inter.</strong></span> 
     </span>
    </p>
   </div>
   <div class='ocr_carea' id='block_1_12' title="bbox 463 992 2040 1069">
    <p class='ocr_par' dir='ltr' id='par_1_12' title="bbox 463 992 2040 1069">
     <span class='ocr_line' id='line_1_12' title="bbox 463 992 2040 1069; baseline 0.004 -22"><span class='ocrx_word' id='word_1_68' title='bbox 463 992 625 1059; x_wconf 90' lang='lat' dir='ltr'><strong>jcctis</strong></span> <span class='ocrx_word' id='word_1_69' title='bbox 653 1011 667 1048; x_wconf 87' lang='lat'><strong>:</strong></span> <span class='ocrx_word' id='word_1_70' title='bbox 708 1014 725 1047; x_wconf 78' lang='grc' dir='ltr'>ι</span> <span class='ocrx_word' id='word_1_71' title='bbox 756 995 888 1061; x_wconf 71' lang='lat' dir='ltr'><strong>Qua:</strong></span> <span class='ocrx_word' id='word_1_72' title='bbox 911 997 975 1051; x_wconf 91' lang='lat' dir='ltr'><strong>ad</strong></span> <span class='ocrx_word' id='word_1_73' title='bbox 1032 1014 1133 1052; x_wconf 90' lang='lat' dir='ltr'><strong>nos</strong></span> <span class='ocrx_word' id='word_1_74' title='bbox 1160 999 1510 1068; x_wconf 87' lang='lat' dir='ltr'><strong>pertinebant</strong></span> <span class='ocrx_word' id='word_1_75' title='bbox 1549 1000 1677 1055; x_wconf 89' lang='lat' dir='ltr'><strong>talia</strong></span> <span class='ocrx_word' id='word_1_76' title='bbox 1722 1010 1887 1057; x_wconf 79' lang='lat' dir='ltr'><strong>sunt:</strong></span> <span class='ocrx_word' id='word_1_77' title='bbox 1916 1016 2040 1069; x_wconf 88' lang='lat' dir='ltr'><strong>par-</strong></span> 
     </span>
    </p>
   </div>
   <div class='ocr_carea' id='block_1_13' title="bbox 471 1084 2043 1160">
    <p class='ocr_par' dir='ltr' id='par_1_13' title="bbox 471 1084 2043 1160">
     <span class='ocr_line' id='line_1_13' title="bbox 471 1084 2043 1160; baseline 0.004 -22"><span class='ocrx_word' id='word_1_78' title='bbox 471 1084 567 1139; x_wconf 89' lang='lat' dir='ltr'><strong>tim</strong></span> <span class='ocrx_word' id='word_1_79' title='bbox 595 1102 831 1157; x_wconf 83' lang='lat' dir='ltr'><strong>namque</strong></span> <span class='ocrx_word' id='word_1_80' title='bbox 851 1089 1178 1144; x_wconf 75' lang='lat' dir='ltr'><strong>tradidimus</strong></span> <span class='ocrx_word' id='word_1_81' title='bbox 1204 1091 1803 1160; x_wconf 84' lang='lat' dir='ltr'><strong>partimquetrademus</strong></span> <span class='ocrx_word' id='word_1_82' title='bbox 1833 1105 2043 1145; x_wconf 88' lang='lat' dir='ltr'><strong>annuos</strong></span> 
     </span>
    </p>
   </div>
   <div class='ocr_carea' id='block_1_14' title="bbox 468 1178 1752 1267">
    <p class='ocr_par' dir='ltr' id='par_1_14' title="bbox 468 1178 1752 1267">
     <span class='ocr_line' id='line_1_14' title="bbox 468 1178 1752 1267; baseline 0.002 -37"><span class='ocrx_word' id='word_1_83' title='bbox 468 1178 703 1234; x_wconf 81' lang='lat' dir='ltr'><strong>honores</strong></span> <span class='ocrx_word' id='word_1_84' title='bbox 729 1187 783 1233; x_wconf 90' lang='lat' dir='ltr'><strong>et</strong></span> <span class='ocrx_word' id='word_1_85' title='bbox 810 1184 1357 1267; x_wconf 65' lang='lat' dir='ltr'><strong>commemoratioues</strong></span> <span class='ocrx_word' id='word_1_86' title='bbox 1390 1182 1752 1237; x_wconf 67' lang='lat' dir='ltr'><strong>adhibendo.»</strong></span> 
     </span>
    </p>
   </div>
   <div class='ocr_carea' id='block_1_15' title="bbox 2139 451 3729 520">
    <p class='ocr_par' dir='ltr' id='par_1_15' title="bbox 2139 451 3729 520">
     <span class='ocr_line' id='line_1_15' title="bbox 2139 451 3729 520; baseline -0.003 -14"><span class='ocrx_word' id='word_1_87' title='bbox 2139 454 2339 519; x_wconf 74' lang='grc' dir='ltr'>οὐδεὶς,</span> <span class='ocrx_word' id='word_1_88' title='bbox 2369 454 2444 516; x_wconf 84' lang='grc' dir='ltr'>ὡς</span> <span class='ocrx_word' id='word_1_89' title='bbox 2470 453 2537 506; x_wconf 74' lang='grc' dir='ltr'>τὰ</span> <span class='ocrx_word' id='word_1_90' title='bbox 2560 452 2679 507; x_wconf 73' lang='grc' dir='ltr'>Θεῖά</span> <span class='ocrx_word' id='word_1_91' title='bbox 2701 469 2834 520; x_wconf 76' lang='grc' dir='ltr'>φασι</span> <span class='ocrx_word' id='word_1_92' title='bbox 2861 452 3039 519; x_wconf 79' lang='grc' dir='ltr'>λόγια,</span> <span class='ocrx_word' id='word_1_93' title='bbox 3070 452 3312 520; x_wconf 77' lang='grc' dir='ltr'>καθαρὸς</span> <span class='ocrx_word' id='word_1_94' title='bbox 3340 452 3448 506; x_wconf 69' lang='grc' dir='ltr'>ἀπὸ</span> <span class='ocrx_word' id='word_1_95' title='bbox 3472 451 3682 519; x_wconf 78' lang='grc' dir='ltr'>ῥύπου.</span> <span class='ocrx_word' id='word_1_96' title='bbox 3708 470 3729 502; x_wconf 71' lang='grc' dir='ltr'><strong>ι</strong></span> 
     </span>
    </p>
   </div>
   <div class='ocr_carea' id='block_1_16' title="bbox 2142 540 3736 611">
    <p class='ocr_par' dir='ltr' id='par_1_16' title="bbox 2142 540 3736 611">
     <span class='ocr_line' id='line_1_16' title="bbox 2142 540 3736 611; baseline 0.001 -18"><span class='ocrx_word' id='word_1_97' title='bbox 2142 542 2373 604; x_wconf 83' lang='grc' dir='ltr'><strong>Βλέπεις</strong></span> <span class='ocrx_word' id='word_1_98' title='bbox 2402 543 2430 594; x_wconf 99' lang='lat'><strong>6</strong></span> <span class='ocrx_word' id='word_1_99' title='bbox 2466 542 2786 610; x_wconf 80' lang='grc' dir='ltr'><strong>ἀντιλέγων,</strong></span> <span class='ocrx_word' id='word_1_100' title='bbox 2821 542 2938 604; x_wconf 82' lang='grc' dir='ltr'><strong>πῶς</strong></span> <span class='ocrx_word' id='word_1_101' title='bbox 2970 542 3180 611; x_wconf 85' lang='grc' dir='ltr'>βεϐαιοῖ</span> <span class='ocrx_word' id='word_1_102' title='bbox 3214 540 3519 608; x_wconf 64' lang='grc' dir='ltr'>ἑπωφελείς</span> <span class='ocrx_word' id='word_1_103' title='bbox 3554 542 3736 609; x_wconf 65' lang='grc' dir='ltr'><strong>ὑπεὶρ⁴</strong></span> 
     </span>
    </p>
   </div>
   <div class='ocr_carea' id='block_1_17' title="bbox 2141 632 3734 703">
    <p class='ocr_par' dir='ltr' id='par_1_17' title="bbox 2141 632 3734 703">
     <span class='ocr_line' id='line_1_17' title="bbox 2141 632 3734 703; baseline 0.001 -18"><span class='ocrx_word' id='word_1_104' title='bbox 2141 650 2259 701; x_wconf 87' lang='grc' dir='ltr'>χειν</span> <span class='ocrx_word' id='word_1_105' title='bbox 2307 632 2407 695; x_wconf 75' lang='grc' dir='ltr'><strong>τὰς</strong></span> <span class='ocrx_word' id='word_1_106' title='bbox 2442 632 2583 703; x_wconf 80' lang='grc' dir='ltr'>ὑπὲρ</span> <span class='ocrx_word' id='word_1_107' title='bbox 2626 633 2734 685; x_wconf 85' lang='grc' dir='ltr'>τῶν</span> <span class='ocrx_word' id='word_1_108' title='bbox 2789 633 2995 694; x_wconf 79' lang='grc' dir='ltr'>πιστῶς</span> <span class='ocrx_word' id='word_1_109' title='bbox 3041 633 3413 702; x_wconf 83' lang='grc' dir='ltr'>κοιμηθέντων</span> <span class='ocrx_word' id='word_1_110' title='bbox 3467 634 3734 701; x_wconf 75' lang='grc' dir='ltr'>δεήσειςς</span> 
     </span>
    </p>
   </div>
   <div class='ocr_carea' id='block_1_18' title="bbox 2142 724 3734 793">
    <p class='ocr_par' dir='ltr' id='par_1_18' title="bbox 2142 724 3734 793">
     <span class='ocr_line' id='line_1_18' title="bbox 2142 724 3734 793; baseline -0.003 -14"><span class='ocrx_word' id='word_1_111' title='bbox 2142 725 2296 779; x_wconf 85' lang='grc' dir='ltr'>Μετά</span> <span class='ocrx_word' id='word_1_112' title='bbox 2329 725 2385 779; x_wconf 76' lang='grc' dir='ltr'><strong>δὲ</strong></span> <span class='ocrx_word' id='word_1_113' title='bbox 2434 724 2624 778; x_wconf 81' lang='grc' dir='ltr'>τοῦτον</span> <span class='ocrx_word' id='word_1_114' title='bbox 2660 724 2818 789; x_wconf 84' lang='grc' dir='ltr'>αὖθις</span> <span class='ocrx_word' id='word_1_115' title='bbox 2866 728 2893 779; x_wconf 84' lang='lat'><strong>6</strong></span> <span class='ocrx_word' id='word_1_116' title='bbox 2924 725 3023 793; x_wconf 83' lang='grc' dir='ltr'>τῆς</span> <span class='ocrx_word' id='word_1_117' title='bbox 3071 726 3351 792; x_wconf 80' lang='grc' dir='ltr'>θεολογίας</span> <span class='ocrx_word' id='word_1_118' title='bbox 3399 724 3734 791; x_wconf 78' lang='grc' dir='ltr'>ἐπώνυμος,</span> 
     </span>
    </p>
   </div>
   <div class='ocr_carea' id='block_1_19' title="bbox 2142 815 3739 886">
    <p class='ocr_par' dir='ltr' id='par_1_19' title="bbox 2142 815 3739 886">
     <span class='ocr_line' id='line_1_19' title="bbox 2142 815 3739 886; baseline -0.001 -18"><span class='ocrx_word' id='word_1_119' title='bbox 2142 815 2464 886; x_wconf 76' lang='grc' dir='ltr'>θεορῤήμων</span> <span class='ocrx_word' id='word_1_120' title='bbox 2516 817 2837 886; x_wconf 82' lang='grc' dir='ltr'>Γρηγόριος,</span> <span class='ocrx_word' id='word_1_121' title='bbox 2897 819 2957 871; x_wconf 82' lang='grc' dir='ltr'>ὲν</span> <span class='ocrx_word' id='word_1_122' title='bbox 3003 816 3082 885; x_wconf 83' lang='grc' dir='ltr'><strong>τῷ</strong></span> <span class='ocrx_word' id='word_1_123' title='bbox 3134 819 3214 877; x_wconf 81' lang='grc' dir='ltr'>εις</span> <span class='ocrx_word' id='word_1_124' title='bbox 3272 816 3579 883; x_wconf 77' lang='grc' dir='ltr'>Καισάριον</span> <span class='ocrx_word' id='word_1_125' title='bbox 3637 816 3739 866; x_wconf 66' lang='grc' dir='ltr'><strong>τὸν</strong></span> 
     </span>
    </p>
   </div>
   <div class='ocr_carea' id='block_1_20' title="bbox 2144 905 3734 977">
    <p class='ocr_par' dir='ltr' id='par_1_20' title="bbox 2144 905 3734 977">
     <span class='ocr_line' id='line_1_20' title="bbox 2144 905 3734 977; baseline 0.001 -20"><span class='ocrx_word' id='word_1_126' title='bbox 2144 906 2373 976; x_wconf 64' lang='grc' dir='ltr'>ἀδελφὸν</span> <span class='ocrx_word' id='word_1_127' title='bbox 2430 907 2705 976; x_wconf 68' lang='grc' dir='ltr'>ἐπιταφίῳ</span> <span class='ocrx_word' id='word_1_128' title='bbox 2743 908 2908 977; x_wconf 82' lang='grc' dir='ltr'>λόγῳ,</span> <span class='ocrx_word' id='word_1_129' title='bbox 2968 908 3230 974; x_wconf 71' lang='grc' dir='ltr'>περὶτῆς</span> <span class='ocrx_word' id='word_1_130' title='bbox 3280 907 3416 970; x_wconf 75' lang='grc' dir='ltr'>ἰδίας</span> <span class='ocrx_word' id='word_1_131' title='bbox 3470 905 3734 974; x_wconf 59' lang='grc' dir='ltr'>μητρόςμο</span> 
     </span>
    </p>
   </div>
   <div class='ocr_carea' id='block_1_21' title="bbox 2146 998 3737 1070">
    <p class='ocr_par' dir='ltr' id='par_1_21' title="bbox 2146 998 3737 1070">
     <span class='ocr_line' id='line_1_21' title="bbox 2146 998 3737 1070; baseline -0.001 -21"><span class='ocrx_word' id='word_1_132' title='bbox 2146 1016 2164 1049; x_wconf 76' lang='grc' dir='ltr'>ι</span> <span class='ocrx_word' id='word_1_133' title='bbox 2210 1000 2506 1068; x_wconf 78' lang='grc' dir='ltr'>Ἠκούσθη,</span> <span class='ocrx_word' id='word_1_134' title='bbox 2539 1003 2692 1070; x_wconf 82' lang='grc' dir='ltr'>φησὶ,</span> <span class='ocrx_word' id='word_1_135' title='bbox 2726 1001 2990 1069; x_wconf 75' lang='grc' dir='ltr'>κήρυγμα</span> <span class='ocrx_word' id='word_1_136' title='bbox 3013 1002 3192 1063; x_wconf 75' lang='grc' dir='ltr'>πάσης</span> <span class='ocrx_word' id='word_1_137' title='bbox 3223 999 3394 1067; x_wconf 81' lang='grc' dir='ltr'>ἀκοῆς</span> <span class='ocrx_word' id='word_1_138' title='bbox 3422 998 3597 1062; x_wconf 79' lang='grc' dir='ltr'>ἄξιον,</span> <span class='ocrx_word' id='word_1_139' title='bbox 3628 998 3737 1049; x_wconf 74' lang='grc' dir='ltr'>καὶ</span> 
     </span>
    </p>
   </div>
   <div class='ocr_carea' id='block_1_22' title="bbox 2148 1091 3739 1162">
    <p class='ocr_par' dir='ltr' id='par_1_22' title="bbox 2148 1091 3739 1162">
     <span class='ocr_line' id='line_1_22' title="bbox 2148 1091 3739 1162; baseline -0.004 -16"><span class='ocrx_word' id='word_1_140' title='bbox 2148 1092 2354 1160; x_wconf 82' lang='grc' dir='ltr'>μητρὸς</span> <span class='ocrx_word' id='word_1_141' title='bbox 2416 1091 2587 1154; x_wconf 85' lang='grc' dir='ltr'>πάθος</span> <span class='ocrx_word' id='word_1_142' title='bbox 2642 1091 2892 1147; x_wconf 81' lang='grc' dir='ltr'>κενοῦται</span> <span class='ocrx_word' id='word_1_143' title='bbox 2921 1095 2991 1147; x_wconf 87' lang='grc' dir='ltr'><strong>δι’</strong></span> <span class='ocrx_word' id='word_1_144' title='bbox 3022 1094 3372 1162; x_wconf 75' lang='grc' dir='ltr'><strong>ὑποσχέσεως</strong></span> <span class='ocrx_word' id='word_1_145' title='bbox 3422 1093 3599 1158; x_wconf 73' lang='grc' dir='ltr'>καλῆς</span> <span class='ocrx_word' id='word_1_146' title='bbox 3629 1092 3739 1141; x_wconf 73' lang='grc' dir='ltr'>καὶ</span> 
     </span>
    </p>
   </div>
   <div class='ocr_carea' id='block_1_23' title="bbox 2146 1183 3741 1253">
    <p class='ocr_par' dir='ltr' id='par_1_23' title="bbox 2146 1183 3741 1253">
     <span class='ocr_line' id='line_1_23' title="bbox 2146 1183 3741 1253; baseline -0.002 -16"><span class='ocrx_word' id='word_1_147' title='bbox 2146 1184 2299 1248; x_wconf 76' lang='grc' dir='ltr'>ὁσίας</span> <span class='ocrx_word' id='word_1_148' title='bbox 2321 1200 2335 1214; x_wconf 75' lang='grc'>⁸</span> <span class='ocrx_word' id='word_1_149' title='bbox 2370 1184 2554 1238; x_wconf 76' lang='grc' dir='ltr'>δοῦναι</span> <span class='ocrx_word' id='word_1_150' title='bbox 2585 1187 2652 1239; x_wconf 76' lang='grc' dir='ltr'><strong>τὰ,</strong></span> <span class='ocrx_word' id='word_1_151' title='bbox 2685 1185 2864 1239; x_wconf 81' lang='grc' dir='ltr'>πάντα</span> <span class='ocrx_word' id='word_1_152' title='bbox 2890 1185 2967 1252; x_wconf 77' lang='grc' dir='ltr'><strong>τῷ</strong></span> <span class='ocrx_word' id='word_1_153' title='bbox 3000 1186 3153 1238; x_wconf 72' lang='grc' dir='ltr'>παιδὶ</span> <span class='ocrx_word' id='word_1_154' title='bbox 3182 1186 3272 1237; x_wconf 72' lang='grc' dir='ltr'>τὸν</span> <span class='ocrx_word' id='word_1_155' title='bbox 3308 1187 3524 1253; x_wconf 76' lang='grc' dir='ltr'>ἐκείνης</span> <span class='ocrx_word' id='word_1_156' title='bbox 3559 1183 3741 1235; x_wconf 55' lang='grc' dir='ltr'>πῦονῦ-</span> 
     </span>
    </p>
   </div>
   <div class='ocr_carea' id='block_1_24' title="bbox 462 1270 3714 1349">
    <p class='ocr_par' dir='ltr' id='par_1_24' title="bbox 462 1270 3714 1349">
     <span class='ocr_line' id='line_1_24' title="bbox 462 1270 3714 1349; baseline 0.003 -29"><span class='ocrx_word' id='word_1_157' title='bbox 462 1286 553 1321; x_wconf 90' lang='grc' dir='ltr'><strong>τον</strong></span> <span class='ocrx_word' id='word_1_158' title='bbox 587 1270 729 1341; x_wconf 78' lang='grc' dir='ltr'>ὑπὲρ</span> <span class='ocrx_word' id='word_1_159' title='bbox 760 1274 968 1327; x_wconf 82' lang='grc' dir='ltr'>ἐκείνου</span> <span class='ocrx_word' id='word_1_160' title='bbox 1000 1276 1172 1346; x_wconf 78' lang='grc' dir='ltr'>δῶρον</span> <span class='ocrx_word' id='word_1_161' title='bbox 1201 1278 1476 1345; x_wconf 76' lang='grc' dir='ltr'>ἐντάφιον.</span> <span class='ocrx_word' id='word_1_162' title='bbox 1510 1296 1528 1329; x_wconf 79' lang='grc' dir='ltr'><strong>ι</strong></span> <span class='ocrx_word' id='word_1_163' title='bbox 1560 1278 1670 1329; x_wconf 77' lang='grc' dir='ltr'><strong>Καὶ</strong></span> <span class='ocrx_word' id='word_1_164' title='bbox 1694 1276 1813 1344; x_wconf 83' lang='grc' dir='ltr'>μεθ’</span> <span class='ocrx_word' id='word_1_165' title='bbox 1844 1278 2036 1346; x_wconf 80' lang='grc' dir='ltr'>ἕτερα·</span> <span class='ocrx_word' id='word_1_166' title='bbox 2074 1294 2092 1325; x_wconf 76' lang='grc' dir='ltr'>ι</span> <span class='ocrx_word' id='word_1_167' title='bbox 2135 1277 2217 1333; x_wconf 70' lang='lat' dir='ltr'><strong>Td:</strong></span> <span class='ocrx_word' id='word_1_168' title='bbox 2253 1278 2353 1346; x_wconf 82' lang='grc' dir='ltr'><strong>μὲν</strong></span> <span class='ocrx_word' id='word_1_169' title='bbox 2381 1278 2474 1333; x_wconf 72' lang='grc' dir='ltr'><strong>οὖν</strong></span> <span class='ocrx_word' id='word_1_170' title='bbox 2506 1281 2637 1349; x_wconf 84' lang='grc' dir='ltr'>παρ’</span> <span class='ocrx_word' id='word_1_171' title='bbox 2661 1279 2817 1348; x_wconf 81' lang='grc' dir='ltr'>ἡμῶν</span> <span class='ocrx_word' id='word_1_172' title='bbox 2852 1284 3097 1334; x_wconf 79' lang='grc' dir='ltr'>τοιαῦτα.</span> <span class='ocrx_word' id='word_1_173' title='bbox 3127 1280 3238 1333; x_wconf 71' lang='grc' dir='ltr'><strong>Καὶ</strong></span> <span class='ocrx_word' id='word_1_174' title='bbox 3285 1280 3354 1331; x_wconf 76' lang='grc' dir='ltr'><strong>τά</strong></span> <span class='ocrx_word' id='word_1_175' title='bbox 3389 1280 3505 1346; x_wconf 72' lang='grc' dir='ltr'>μὲν,</span> <span class='ocrx_word' id='word_1_176' title='bbox 3566 1280 3714 1331; x_wconf 75' lang='grc' dir='ltr'>ἀπο-</span> 
     </span>
    </p>
   </div>
   <div class='ocr_carea' id='block_1_25' title="bbox 462 1365 2958 1446">
    <p class='ocr_par' dir='ltr' id='par_1_25' title="bbox 462 1365 2958 1446">
     <span class='ocr_line' id='line_1_25' title="bbox 462 1365 2958 1446; baseline 0.005 -29"><span class='ocrx_word' id='word_1_177' title='bbox 462 1365 777 1438; x_wconf 81' lang='grc' dir='ltr'>δεδώκαμεν</span> <span class='ocrx_word' id='word_1_178' title='bbox 800 1386 814 1401; x_wconf 67' lang='grc' dir='ltr'>θ</span> <span class='ocrx_word' id='word_1_179' title='bbox 849 1372 916 1426; x_wconf 74' lang='grc' dir='ltr'><strong>τὰ</strong></span> <span class='ocrx_word' id='word_1_180' title='bbox 944 1373 1020 1435; x_wconf 77' lang='grc' dir='ltr'><strong>δὲ,</strong></span> <span class='ocrx_word' id='word_1_181' title='bbox 1055 1373 1324 1441; x_wconf 80' lang='grc' dir='ltr'>δώσομεν,</span> <span class='ocrx_word' id='word_1_182' title='bbox 1360 1374 1457 1435; x_wconf 73' lang='grc' dir='ltr'><strong>τὰς</strong></span> <span class='ocrx_word' id='word_1_183' title='bbox 1499 1375 1566 1428; x_wconf 87' lang='grc' dir='ltr'><strong>δι’</strong></span> <span class='ocrx_word' id='word_1_184' title='bbox 1601 1376 1756 1437; x_wconf 79' lang='grc' dir='ltr'>ἔτους</span> <span class='ocrx_word' id='word_1_185' title='bbox 1792 1376 2198 1443; x_wconf 71' lang='grc' dir='ltr'>προσφέροντες</span> <span class='ocrx_word' id='word_1_186' title='bbox 2231 1379 2398 1445; x_wconf 80' lang='grc' dir='ltr'>τιμάς</span> <span class='ocrx_word' id='word_1_187' title='bbox 2432 1395 2491 1430; x_wconf 84' lang='grc' dir='ltr'><strong>τε</strong></span> <span class='ocrx_word' id='word_1_188' title='bbox 2524 1380 2617 1431; x_wconf 75' lang='grc' dir='ltr'><strong>καὶ</strong></span> <span class='ocrx_word' id='word_1_189' title='bbox 2658 1379 2899 1446; x_wconf 81' lang='grc' dir='ltr'>μνήμας.</span> <span class='ocrx_word' id='word_1_190' title='bbox 2940 1397 2958 1430; x_wconf 78' lang='grc' dir='ltr'><strong>ι</strong></span> 
     </span>
    </p>
   </div>
   <div class='ocr_carea' id='block_1_26' title="bbox 545 1460 2044 1535">
    <p class='ocr_par' dir='ltr' id='par_1_26' title="bbox 545 1460 2044 1535">
     <span class='ocr_line' id='line_1_26' title="bbox 545 1460 2044 1535; baseline 0.004 -21"><span class='ocrx_word' id='word_1_191' title='bbox 545 1460 706 1517; x_wconf 82' lang='lat' dir='ltr'><strong>Vides</strong></span> <span class='ocrx_word' id='word_1_192' title='bbox 725 1467 1001 1531; x_wconf 88' lang='lat' dir='ltr'><strong>quomodo</strong></span> <span class='ocrx_word' id='word_1_193' title='bbox 1037 1466 1137 1519; x_wconf 86' lang='lat' dir='ltr'><strong>hoc</strong></span> <span class='ocrx_word' id='word_1_194' title='bbox 1166 1481 1419 1535; x_wconf 81' lang='lat' dir='ltr'><strong>magnum</strong></span> <span class='ocrx_word' id='word_1_195' title='bbox 1446 1466 1706 1523; x_wconf 67' lang='lat' dir='ltr'><strong>Ecclesia:</strong></span> <span class='ocrx_word' id='word_1_196' title='bbox 1736 1468 1915 1520; x_wconf 91' lang='lat' dir='ltr'><strong>lumen</strong></span> <span class='ocrx_word' id='word_1_197' title='bbox 1962 1466 2044 1520; x_wconf 84' lang='lat' dir='ltr'><strong>af-</strong></span> 
     </span>
    </p>
   </div>
   <div class='ocr_carea' id='block_1_27' title="bbox 472 1552 2039 1626">
    <p class='ocr_par' dir='ltr' id='par_1_27' title="bbox 472 1552 2039 1626">
     <span class='ocr_line' id='line_1_27' title="bbox 472 1552 2039 1626; baseline 0.004 -21"><span class='ocrx_word' id='word_1_198' title='bbox 472 1552 673 1619; x_wconf 83' lang='lat' dir='ltr'><strong>firmat,</strong></span> <span class='ocrx_word' id='word_1_199' title='bbox 709 1558 985 1625; x_wconf 82' lang='lat' dir='ltr'><strong>speciosas</strong></span> <span class='ocrx_word' id='word_1_200' title='bbox 1015 1566 1068 1611; x_wconf 91' lang='lat' dir='ltr'><strong>et</strong></span> <span class='ocrx_word' id='word_1_201' title='bbox 1102 1567 1319 1613; x_wconf 84' lang='lat' dir='ltr'><strong>sanctas</strong></span> <span class='ocrx_word' id='word_1_202' title='bbox 1341 1558 1643 1612; x_wconf 88' lang='lat' dir='ltr'><strong>oblationes</strong></span> <span class='ocrx_word' id='word_1_203' title='bbox 1697 1557 2039 1626; x_wconf 87' lang='lat' dir='ltr'><strong>appellando,</strong></span> 
     </span>
    </p>
   </div>
   <div class='ocr_carea' id='block_1_28' title="bbox 468 1649 2041 1725">
    <p class='ocr_par' dir='ltr' id='par_1_28' title="bbox 468 1649 2041 1725">
     <span class='ocr_line' id='line_1_28' title="bbox 468 1649 2041 1725; baseline 0.002 -23"><span class='ocrx_word' id='word_1_204' title='bbox 468 1662 589 1725; x_wconf 59' lang='lat' dir='ltr'><strong>qua“:</strong></span> <span class='ocrx_word' id='word_1_205' title='bbox 620 1663 716 1716; x_wconf 84' lang='lat' dir='ltr'><strong>pro</strong></span> <span class='ocrx_word' id='word_1_206' title='bbox 739 1650 823 1703; x_wconf 86' lang='lat' dir='ltr'><strong>Itis</strong></span> <span class='ocrx_word' id='word_1_207' title='bbox 853 1665 974 1717; x_wconf 65' lang='lat' dir='ltr'><strong>qua:</strong></span> <span class='ocrx_word' id='word_1_208' title='bbox 1006 1649 1427 1706; x_wconf 86' lang='lat' dir='ltr'><strong>obdormierunt</strong></span> <span class='ocrx_word' id='word_1_209' title='bbox 1457 1651 1852 1719; x_wconf 85' lang='lat' dir='ltr'><strong>suscipiuntur,</strong></span> <span class='ocrx_word' id='word_1_210' title='bbox 1889 1665 2041 1705; x_wconf 83' lang='lat' dir='ltr'><strong>com-</strong></span> 
     </span>
    </p>
   </div>
   <div class='ocr_carea' id='block_1_29' title="bbox 468 1740 2045 1811">
    <p class='ocr_par' dir='ltr' id='par_1_29' title="bbox 468 1740 2045 1811">
     <span class='ocr_line' id='line_1_29' title="bbox 468 1740 2045 1811; baseline 0.001 -17"><span class='ocrx_word' id='word_1_211' title='bbox 468 1741 770 1811; x_wconf 78' lang='lat' dir='ltr'><strong>probatque</strong></span> <span class='ocrx_word' id='word_1_212' title='bbox 798 1742 1202 1798; x_wconf 83' lang='lat' dir='ltr'><strong>anniversarias</strong></span> <span class='ocrx_word' id='word_1_213' title='bbox 1224 1741 1800 1797; x_wconf 70' lang='lat' dir='ltr'><strong>commemorationes.</strong></span> <span class='ocrx_word' id='word_1_214' title='bbox 1841 1740 2045 1796; x_wconf 89' lang='lat' dir='ltr'><strong>Ubiest</strong></span> 
     </span>
    </p>
   </div>
   <div class='ocr_carea' id='block_1_30' title="bbox 468 1833 2046 1905">
    <p class='ocr_par' dir='ltr' id='par_1_30' title="bbox 468 1833 2046 1905">
     <span class='ocr_line' id='line_1_30' title="bbox 468 1833 2046 1905; baseline 0.003 -22"><span class='ocrx_word' id='word_1_215' title='bbox 468 1834 796 1889; x_wconf 82' lang='lat' dir='ltr'><strong>miserorum</strong></span> <span class='ocrx_word' id='word_1_216' title='bbox 829 1836 1109 1890; x_wconf 86' lang='lat' dir='ltr'><strong>hominum</strong></span> <span class='ocrx_word' id='word_1_217' title='bbox 1133 1834 1340 1889; x_wconf 79' lang='lat' dir='ltr'><strong>nefaria</strong></span> <span class='ocrx_word' id='word_1_218' title='bbox 1360 1849 1633 1905; x_wconf 77' lang='lat' dir='ltr'><strong>synagoga</strong></span> <span class='ocrx_word' id='word_1_219' title='bbox 1662 1850 1781 1900; x_wconf 82' lang='lat' dir='ltr'><strong>quae</strong></span> <span class='ocrx_word' id='word_1_220' title='bbox 1809 1833 1877 1890; x_wconf 87' lang='lat' dir='ltr'><strong>de</strong></span> <span class='ocrx_word' id='word_1_221' title='bbox 1929 1848 2046 1888; x_wconf 91' lang='lat' dir='ltr'><strong>me-</strong></span> 
     </span>
    </p>
   </div>
   <div class='ocr_carea' id='block_1_31' title="bbox 466 1926 2041 1996">
    <p class='ocr_par' dir='ltr' id='par_1_31' title="bbox 466 1926 2041 1996">
     <span class='ocr_line' id='line_1_31' title="bbox 466 1926 2041 1996; baseline 0.003 -17"><span class='ocrx_word' id='word_1_222' title='bbox 466 1926 558 1980; x_wconf 84' lang='lat' dir='ltr'><strong>dio</strong></span> <span class='ocrx_word' id='word_1_223' title='bbox 617 1927 805 1982; x_wconf 89' lang='lat' dir='ltr'><strong>tollere</strong></span> <span class='ocrx_word' id='word_1_224' title='bbox 861 1939 1096 1983; x_wconf 81' lang='lat' dir='ltr'><strong>conatur</strong></span> <span class='ocrx_word' id='word_1_225' title='bbox 1126 1944 1189 1984; x_wconf 90' lang='lat' dir='ltr'><strong>ea</strong></span> <span class='ocrx_word' id='word_1_226' title='bbox 1230 1943 1352 1996; x_wconf 81' lang='lat' dir='ltr'><strong>quae</strong></span> <span class='ocrx_word' id='word_1_227' title='bbox 1394 1929 1648 1983; x_wconf 91' lang='lat' dir='ltr'><strong>doctores</strong></span> <span class='ocrx_word' id='word_1_228' title='bbox 1690 1939 1743 1982; x_wconf 91' lang='lat' dir='ltr'><strong>et</strong></span> <span class='ocrx_word' id='word_1_229' title='bbox 1780 1926 2041 1983; x_wconf 70' lang='lat' dir='ltr'><strong>Ecclesiae</strong></span> 
     </span>
    </p>
   </div>
   <div class='ocr_carea' id='block_1_32' title="bbox 468 2019 2049 2090">
    <p class='ocr_par' dir='ltr' id='par_1_32' title="bbox 468 2019 2049 2090">
     <span class='ocr_line' id='line_1_32' title="bbox 468 2019 2049 2090; baseline 0.003 -21"><span class='ocrx_word' id='word_1_230' title='bbox 468 2019 676 2074; x_wconf 78' lang='lat' dir='ltr'><strong>lumina</strong></span> <span class='ocrx_word' id='word_1_231' title='bbox 710 2022 1181 2090; x_wconf 67' lang='lat' dir='ltr'><strong>conscripserunt,</strong></span> <span class='ocrx_word' id='word_1_232' title='bbox 1214 2021 1385 2076; x_wconf 90' lang='lat' dir='ltr'><strong>multo</strong></span> <span class='ocrx_word' id='word_1_233' title='bbox 1413 2021 1601 2076; x_wconf 84' lang='lat' dir='ltr'><strong>labore</strong></span> <span class='ocrx_word' id='word_1_234' title='bbox 1627 2033 1680 2076; x_wconf 87' lang='lat' dir='ltr'><strong>et</strong></span> <span class='ocrx_word' id='word_1_235' title='bbox 1698 2020 1879 2074; x_wconf 89' lang='lat' dir='ltr'><strong>studio</strong></span> <span class='ocrx_word' id='word_1_236' title='bbox 1897 2019 2049 2074; x_wconf 85' lang='lat' dir='ltr'><strong>adhi-</strong></span> 
     </span>
    </p>
   </div>
   <div class='ocr_carea' id='block_1_33' title="bbox 471 2110 2046 2181">
    <p class='ocr_par' dir='ltr' id='par_1_33' title="bbox 471 2110 2046 2181">
     <span class='ocr_line' id='line_1_33' title="bbox 471 2110 2046 2181; baseline -0.001 -12"><span class='ocrx_word' id='word_1_237' title='bbox 471 2112 583 2169; x_wconf 81' lang='lat' dir='ltr'><strong>bito</strong></span> <span class='ocrx_word' id='word_1_238' title='bbox 608 2127 638 2167; x_wconf 90' lang='lat' dir='ltr'><strong>a</strong></span> <span class='ocrx_word' id='word_1_239' title='bbox 668 2112 877 2167; x_wconf 87' lang='lat' dir='ltr'><strong>sanctis</strong></span> <span class='ocrx_word' id='word_1_240' title='bbox 909 2114 1174 2181; x_wconf 80' lang='lat' dir='ltr'><strong>apostolis</strong></span> <span class='ocrx_word' id='word_1_241' title='bbox 1205 2114 1318 2167; x_wconf 57' lang='lat' dir='ltr'><strong>haec</strong></span> <span class='ocrx_word' id='word_1_242' title='bbox 1346 2111 1696 2181; x_wconf 78' lang='lat' dir='ltr'><strong>colligendo?</strong></span> <span class='ocrx_word' id='word_1_243' title='bbox 1733 2110 1839 2165; x_wconf 82' lang='lat' dir='ltr'><strong>Sed</strong></span> <span class='ocrx_word' id='word_1_244' title='bbox 1880 2126 2046 2179; x_wconf 75' lang='lat' dir='ltr'><strong>prava</strong></span> 
     </span>
    </p>
   </div>
   <div class='ocr_carea' id='block_1_34' title="bbox 469 2203 2046 2277">
    <p class='ocr_par' dir='ltr' id='par_1_34' title="bbox 469 2203 2046 2277">
     <span class='ocr_line' id='line_1_34' title="bbox 469 2203 2046 2277; baseline -0.003 -19"><span class='ocrx_word' id='word_1_245' title='bbox 469 2206 943 2262; x_wconf 85' lang='lat' dir='ltr'><strong>schismaticorum</strong></span> <span class='ocrx_word' id='word_1_246' title='bbox 1019 2209 1380 2275; x_wconf 88' lang='lat' dir='ltr'><strong>quorumdam</strong></span> <span class='ocrx_word' id='word_1_247' title='bbox 1447 2206 1763 2277; x_wconf 69' lang='lat' dir='ltr'><strong>stultorum,</strong></span> <span class='ocrx_word' id='word_1_248' title='bbox 1824 2203 2046 2268; x_wconf 84' lang='lat' dir='ltr'><strong>levium,</strong></span> 
     </span>
    </p>
   </div>
   <div class='ocr_carea' id='block_1_35' title="bbox 478 2296 2046 2371">
    <p class='ocr_par' dir='ltr' id='par_1_35' title="bbox 478 2296 2046 2371">
     <span class='ocr_line' id='line_1_35' title="bbox 478 2296 2046 2371; baseline 0 -23"><span class='ocrx_word' id='word_1_249' title='bbox 478 2296 827 2355; x_wconf 86' lang='lat' dir='ltr'><strong>indoctorum</strong></span> <span class='ocrx_word' id='word_1_250' title='bbox 893 2308 948 2354; x_wconf 86' lang='lat' dir='ltr'><strong>et</strong></span> <span class='ocrx_word' id='word_1_251' title='bbox 977 2300 1338 2355; x_wconf 88' lang='lat' dir='ltr'><strong>obscurorum</strong></span> <span class='ocrx_word' id='word_1_252' title='bbox 1375 2314 1671 2371; x_wconf 75' lang='lat' dir='ltr'><strong>synagoga,</strong></span> <span class='ocrx_word' id='word_1_253' title='bbox 1725 2296 1817 2366; x_wconf 91' lang='lat' dir='ltr'><strong>qui</strong></span> <span class='ocrx_word' id='word_1_254' title='bbox 1854 2310 2046 2350; x_wconf 88' lang='lat' dir='ltr'><strong>omnes</strong></span> 
     </span>
    </p>
   </div>
   <div class='ocr_carea' id='block_1_36' title="bbox 470 2386 2046 2462">
    <p class='ocr_par' dir='ltr' id='par_1_36' title="bbox 470 2386 2046 2462">
     <span class='ocr_line' id='line_1_36' title="bbox 470 2386 2046 2462; baseline -0.004 -15"><span class='ocrx_word' id='word_1_255' title='bbox 470 2397 692 2451; x_wconf 82' lang='lat' dir='ltr'><strong>nostras</strong></span> <span class='ocrx_word' id='word_1_256' title='bbox 720 2394 926 2449; x_wconf 78' lang='lat' dir='ltr'><strong>insiilas</strong></span> <span class='ocrx_word' id='word_1_257' title='bbox 956 2393 1319 2448; x_wconf 86' lang='lat' dir='ltr'><strong>confuderunt</strong></span> <span class='ocrx_word' id='word_1_258' title='bbox 1357 2404 1411 2448; x_wconf 86' lang='lat' dir='ltr'><strong>et</strong></span> <span class='ocrx_word' id='word_1_259' title='bbox 1441 2386 2046 2462; x_wconf 87' lang='lat' dir='ltr'><strong>perturbarunt,omitti</strong></span> 
     </span>
    </p>
   </div>
   <div class='ocr_carea' id='block_1_37' title="bbox 465 2479 2045 2554">
    <p class='ocr_par' dir='ltr' id='par_1_37' title="bbox 465 2479 2045 2554">
     <span class='ocr_line' id='line_1_37' title="bbox 465 2479 2045 2554; baseline -0.006 -11"><span class='ocrx_word' id='word_1_260' title='bbox 465 2491 666 2546; x_wconf 83' lang='lat' dir='ltr'><strong>debere</strong></span> <span class='ocrx_word' id='word_1_261' title='bbox 724 2486 1277 2545; x_wconf 89' lang='lat' dir='ltr'><strong>commemorationes</strong></span> <span class='ocrx_word' id='word_1_262' title='bbox 1330 2501 1430 2554; x_wconf 89' lang='lat' dir='ltr'><strong>pro</strong></span> <span class='ocrx_word' id='word_1_263' title='bbox 1490 2483 1742 2539; x_wconf 78' lang='lat' dir='ltr'><strong>fidelibus</strong></span> <span class='ocrx_word' id='word_1_264' title='bbox 1777 2479 2045 2536; x_wconf 79' lang='lat' dir='ltr'><strong>defunctis</strong></span> 
     </span>
    </p>
   </div>
   <div class='ocr_carea' id='block_1_38' title="bbox 463 2570 2045 2653">
    <p class='ocr_par' dir='ltr' id='par_1_38' title="bbox 463 2570 2045 2653">
     <span class='ocr_line' id='line_1_38' title="bbox 463 2570 2045 2653; baseline -0.004 -18"><span class='ocrx_word' id='word_1_265' title='bbox 463 2570 783 2653; x_wconf 71' lang='lat' dir='ltr'><strong>puedicant,</strong></span> <span class='ocrx_word' id='word_1_266' title='bbox 822 2580 1141 2649; x_wconf 84' lang='lat' dir='ltr'><strong>nullamque</strong></span> <span class='ocrx_word' id='word_1_267' title='bbox 1166 2587 1481 2635; x_wconf 88' lang='lat' dir='ltr'><strong>sanctorum</strong></span> <span class='ocrx_word' id='word_1_268' title='bbox 1514 2576 1835 2632; x_wconf 86' lang='lat' dir='ltr'><strong>memoriam</strong></span> <span class='ocrx_word' id='word_1_269' title='bbox 1864 2589 1927 2627; x_wconf 89' lang='lat' dir='ltr'><strong>ac</strong></span> <span class='ocrx_word' id='word_1_270' title='bbox 1954 2588 2045 2628; x_wconf 82' lang='lat' dir='ltr'><strong>sa-</strong></span> 
     </span>
    </p>
   </div>
   <div class='ocr_carea' id='block_1_39' title="bbox 463 2667 2041 2739">
    <p class='ocr_par' dir='ltr' id='par_1_39' title="bbox 463 2667 2041 2739">
     <span class='ocr_line' id='line_1_39' title="bbox 463 2667 2041 2739; baseline -0.008 -8"><span class='ocrx_word' id='word_1_271' title='bbox 463 2675 693 2739; x_wconf 85' lang='lat' dir='ltr'><strong>crificia,</strong></span> <span class='ocrx_word' id='word_1_272' title='bbox 726 2682 1095 2729; x_wconf 74' lang='lat' dir='ltr'><strong>conventusve</strong></span> <span class='ocrx_word' id='word_1_273' title='bbox 1118 2686 1304 2726; x_wconf 84' lang='lat' dir='ltr'><strong>sacros</strong></span> <span class='ocrx_word' id='word_1_274' title='bbox 1333 2679 1387 2725; x_wconf 92' lang='lat' dir='ltr'><strong>ct</strong></span> <span class='ocrx_word' id='word_1_275' title='bbox 1420 2671 1537 2725; x_wconf 77' lang='lat' dir='ltr'><strong>dies</strong></span> <span class='ocrx_word' id='word_1_276' title='bbox 1554 2668 1722 2725; x_wconf 84' lang='lat' dir='ltr'><strong>festos</strong></span> <span class='ocrx_word' id='word_1_277' title='bbox 1754 2667 2041 2731; x_wconf 87' lang='lat' dir='ltr'><strong>celebrari,</strong></span> 
     </span>
    </p>
   </div>
   <div class='ocr_carea' id='block_1_40' title="bbox 467 2761 2041 2835">
    <p class='ocr_par' dir='ltr' id='par_1_40' title="bbox 467 2761 2041 2835">
     <span class='ocr_line' id='line_1_40' title="bbox 467 2761 2041 2835; baseline -0.003 -14"><span class='ocrx_word' id='word_1_278' title='bbox 467 2777 562 2821; x_wconf 89' lang='lat' dir='ltr'><strong>aut</strong></span> <span class='ocrx_word' id='word_1_279' title='bbox 595 2782 719 2821; x_wconf 90' lang='lat' dir='ltr'><strong>cum</strong></span> <span class='ocrx_word' id='word_1_280' title='bbox 776 2766 880 2835; x_wconf 84' lang='lat' dir='ltr'><strong>piis</strong></span> <span class='ocrx_word' id='word_1_281' title='bbox 910 2765 1288 2820; x_wconf 84' lang='lat' dir='ltr'><strong>sacerdotibus</strong></span> <span class='ocrx_word' id='word_1_282' title='bbox 1351 2763 1584 2831; x_wconf 84' lang='lat' dir='ltr'><strong>psallere</strong></span> <span class='ocrx_word' id='word_1_283' title='bbox 1620 2771 1899 2830; x_wconf 84' lang='lat' dir='ltr'><strong>Oportcre,</strong></span> <span class='ocrx_word' id='word_1_284' title='bbox 1946 2761 2041 2816; x_wconf 90' lang='lat' dir='ltr'><strong>sed</strong></span> 
     </span>
    </p>
   </div>
   <div class='ocr_carea' id='block_1_41' title="bbox 464 2852 2044 2929">
    <p class='ocr_par' dir='ltr' id='par_1_41' title="bbox 464 2852 2044 2929">
     <span class='ocr_line' id='line_1_41' title="bbox 464 2852 2044 2929; baseline -0.004 -15"><span class='ocrx_word' id='word_1_285' title='bbox 464 2860 702 2929; x_wconf 75' lang='lat' dir='ltr'><strong>disjungi</strong></span> <span class='ocrx_word' id='word_1_286' title='bbox 729 2867 921 2912; x_wconf 91' lang='lat' dir='ltr'><strong>mutuo</strong></span> <span class='ocrx_word' id='word_1_287' title='bbox 954 2867 1007 2913; x_wconf 86' lang='lat' dir='ltr'><strong>et</strong></span> <span class='ocrx_word' id='word_1_288' title='bbox 1032 2869 1293 2924; x_wconf 83' lang='lat' dir='ltr'><strong>tanquam</strong></span> <span class='ocrx_word' id='word_1_289' title='bbox 1318 2870 1347 2907; x_wconf 77' lang='grc' dir='ltr'>ιι</span> <span class='ocrx_word' id='word_1_290' title='bbox 1386 2864 1701 2924; x_wconf 86' lang='lat' dir='ltr'><strong>serpentum</strong></span> <span class='ocrx_word' id='word_1_291' title='bbox 1732 2853 1871 2909; x_wconf 89' lang='lat' dir='ltr'><strong>facie</strong></span> <span class='ocrx_word' id='word_1_292' title='bbox 1897 2852 2044 2908; x_wconf 86' lang='lat' dir='ltr'><strong>refu-</strong></span> 
     </span>
    </p>
   </div>
   <div class='ocr_carea' id='block_1_42' title="bbox 464 2945 2037 3023">
    <p class='ocr_par' dir='ltr' id='par_1_42' title="bbox 464 2945 2037 3023">
     <span class='ocr_line' id='line_1_42' title="bbox 464 2945 2037 3023; baseline -0.006 -16"><span class='ocrx_word' id='word_1_293' title='bbox 464 2966 611 3023; x_wconf 78' lang='lat' dir='ltr'><strong>gere.</strong></span> <span class='ocrx_word' id='word_1_294' title='bbox 648 2950 756 3004; x_wconf 81' lang='lat' dir='ltr'><strong>Sed</strong></span> <span class='ocrx_word' id='word_1_295' title='bbox 784 2949 851 3003; x_wconf 87' lang='lat' dir='ltr'><strong>ad</strong></span> <span class='ocrx_word' id='word_1_296' title='bbox 884 2951 936 3003; x_wconf 88' lang='lat' dir='ltr'><strong>id</strong></span> <span class='ocrx_word' id='word_1_297' title='bbox 973 2950 1216 3016; x_wconf 88' lang='lat' dir='ltr'><strong>ipsorum</strong></span> <span class='ocrx_word' id='word_1_298' title='bbox 1252 2947 1492 3003; x_wconf 86' lang='lat' dir='ltr'><strong>dedecus</strong></span> <span class='ocrx_word' id='word_1_299' title='bbox 1521 2956 1577 3001; x_wconf 85' lang='lat' dir='ltr'><strong>et</strong></span> <span class='ocrx_word' id='word_1_300' title='bbox 1604 2945 2037 3009; x_wconf 83' lang='lat' dir='ltr'><strong>confutationem</strong></span> 
     </span>
    </p>
   </div>
   <div class='ocr_carea' id='block_1_43' title="bbox 468 3012 2109 3110">
    <p class='ocr_par' dir='ltr' id='par_1_43' title="bbox 468 3012 2109 3110">
     <span class='ocr_line' id='line_1_43' title="bbox 468 3012 2109 3110; baseline -0.007 -13"><span class='ocrx_word' id='word_1_301' title='bbox 468 3060 526 3097; x_wconf 70' lang='lat' dir='ltr'><strong>re</strong></span> <span class='ocrx_word' id='word_1_302' title='bbox 551 3055 604 3097; x_wconf 90' lang='lat' dir='ltr'><strong>et</strong></span> <span class='ocrx_word' id='word_1_303' title='bbox 645 3042 972 3110; x_wconf 84' lang='lat' dir='ltr'><strong>cognomine</strong></span> <span class='ocrx_word' id='word_1_304' title='bbox 1014 3052 1214 3092; x_wconf 85' lang='lat' dir='ltr'><strong>aureus</strong></span> <span class='ocrx_word' id='word_1_305' title='bbox 1252 3030 1490 3091; x_wconf 84' lang='lat' dir='ltr'><strong>Joannes</strong></span> <span class='ocrx_word' id='word_1_306' title='bbox 1527 3037 1770 3099; x_wconf 85' lang='lat' dir='ltr'><strong>accedat,</strong></span> <span class='ocrx_word' id='word_1_307' title='bbox 1810 3050 2039 3104; x_wconf 79' lang='lat' dir='ltr'><strong>pauper-</strong></span> <span class='ocrx_word' id='word_1_308' title='bbox 2067 3012 2109 3071; x_wconf 68' lang='grc' dir='ltr'>α</span> 
     </span>
    </p>
   </div>
   <div class='ocr_carea' id='block_1_44' title="bbox 465 3126 2040 3199">
    <p class='ocr_par' dir='ltr' id='par_1_44' title="bbox 465 3126 2040 3199">
     <span class='ocr_line' id='line_1_44' title="bbox 465 3126 2040 3199; baseline -0.004 -12"><span class='ocrx_word' id='word_1_309' title='bbox 465 3135 597 3189; x_wconf 85' lang='lat' dir='ltr'><strong>tatis</strong></span> <span class='ocrx_word' id='word_1_310' title='bbox 626 3142 838 3186; x_wconf 85' lang='lat' dir='ltr'><strong>amator</strong></span> <span class='ocrx_word' id='word_1_311' title='bbox 855 3141 908 3186; x_wconf 92' lang='lat' dir='ltr'><strong>et</strong></span> <span class='ocrx_word' id='word_1_312' title='bbox 931 3130 1265 3199; x_wconf 59' lang='lat' dir='ltr'><strong>poenitentiae</strong></span> <span class='ocrx_word' id='word_1_313' title='bbox 1300 3129 1413 3185; x_wconf 83' lang='lat' dir='ltr'><strong>dux</strong></span> <span class='ocrx_word' id='word_1_314' title='bbox 1454 3143 1516 3183; x_wconf 88' lang='lat' dir='ltr'><strong>ac</strong></span> <span class='ocrx_word' id='word_1_315' title='bbox 1544 3129 1818 3197; x_wconf 82' lang='lat' dir='ltr'><strong>magister,</strong></span> <span class='ocrx_word' id='word_1_316' title='bbox 1863 3127 1955 3195; x_wconf 89' lang='lat' dir='ltr'><strong>qui</strong></span> <span class='ocrx_word' id='word_1_317' title='bbox 1986 3126 2040 3180; x_wconf 91' lang='lat' dir='ltr'><strong>in</strong></span> 
     </span>
    </p>
   </div>
   <div class='ocr_carea' id='block_1_45' title="bbox 466 3220 2043 3295">
    <p class='ocr_par' dir='ltr' id='par_1_45' title="bbox 466 3220 2043 3295">
     <span class='ocr_line' id='line_1_45' title="bbox 466 3220 2043 3295; baseline -0.005 -13"><span class='ocrx_word' id='word_1_318' title='bbox 466 3226 806 3295; x_wconf 72' lang='lat' dir='ltr'><strong>expositione</strong></span> <span class='ocrx_word' id='word_1_319' title='bbox 843 3240 938 3280; x_wconf 91' lang='lat' dir='ltr'><strong>sua</strong></span> <span class='ocrx_word' id='word_1_320' title='bbox 974 3224 1157 3278; x_wconf 76' lang='lat' dir='ltr'><strong>divina</strong></span> <span class='ocrx_word' id='word_1_321' title='bbox 1207 3222 1273 3277; x_wconf 84' lang='lat' dir='ltr'><strong>ad</strong></span> <span class='ocrx_word' id='word_1_322' title='bbox 1309 3222 1685 3291; x_wconf 84' lang='lat' dir='ltr'><strong>Philippenses</strong></span> <span class='ocrx_word' id='word_1_323' title='bbox 1741 3232 1793 3275; x_wconf 85' lang='lat' dir='ltr'><strong>et</strong></span> <span class='ocrx_word' id='word_1_324' title='bbox 1822 3220 2043 3275; x_wconf 81' lang='lat' dir='ltr'><strong>Galatas</strong></span> 
     </span>
    </p>
   </div>
   <div class='ocr_carea' id='block_1_46' title="bbox 468 3314 2040 3390">
    <p class='ocr_par' dir='ltr' id='par_1_46' title="bbox 468 3314 2040 3390">
     <span class='ocr_line' id='line_1_46' title="bbox 468 3314 2040 3390; baseline -0.004 -17"><span class='ocrx_word' id='word_1_325' title='bbox 468 3321 546 3376; x_wconf 83' lang='lat' dir='ltr'><strong>sic</strong></span> <span class='ocrx_word' id='word_1_326' title='bbox 580 3319 759 3390; x_wconf 80' lang='lat' dir='ltr'><strong>inquit</strong></span> <span class='ocrx_word' id='word_1_327' title='bbox 788 3336 801 3372; x_wconf 76' lang='grc' dir='ltr'><strong>ε</strong></span> <span class='ocrx_word' id='word_1_328' title='bbox 836 3338 854 3370; x_wconf 79' lang='grc' dir='ltr'>ι</span> <span class='ocrx_word' id='word_1_329' title='bbox 889 3317 944 3372; x_wconf 87' lang='lat' dir='ltr'><strong>8i</strong></span> <span class='ocrx_word' id='word_1_330' title='bbox 984 3318 1127 3371; x_wconf 83' lang='lat' dir='ltr'><strong>enim</strong></span> <span class='ocrx_word' id='word_1_331' title='bbox 1156 3314 1328 3371; x_wconf 85' lang='lat' dir='ltr'><strong>Graeci</strong></span> <span class='ocrx_word' id='word_1_332' title='bbox 1365 3330 1471 3368; x_wconf 88' lang='lat' dir='ltr'><strong>una</strong></span> <span class='ocrx_word' id='word_1_333' title='bbox 1504 3329 1627 3369; x_wconf 91' lang='lat' dir='ltr'><strong>cum</strong></span> <span class='ocrx_word' id='word_1_334' title='bbox 1668 3314 1896 3368; x_wconf 87' lang='lat' dir='ltr'><strong>mortuis</strong></span> <span class='ocrx_word' id='word_1_335' title='bbox 1921 3327 2040 3367; x_wconf 81' lang='lat' dir='ltr'><strong>cre-</strong></span> 
     </span>
    </p>
   </div>
   <div class='ocr_carea' id='block_1_47' title="bbox 470 3406 2039 3485">
    <p class='ocr_par' dir='ltr' id='par_1_47' title="bbox 470 3406 2039 3485">
     <span class='ocr_line' id='line_1_47' title="bbox 470 3406 2039 3485; baseline -0.002 -21"><span class='ocrx_word' id='word_1_336' title='bbox 470 3422 623 3467; x_wconf 85' lang='lat' dir='ltr'><strong>mant</strong></span> <span class='ocrx_word' id='word_1_337' title='bbox 651 3426 773 3481; x_wconf 69' lang='lat' dir='ltr'><strong>qua:</strong></span> <span class='ocrx_word' id='word_1_338' title='bbox 798 3425 906 3485; x_wconf 72' lang='lat' dir='ltr'><strong>sua</strong></span> <span class='ocrx_word' id='word_1_339' title='bbox 938 3408 1183 3473; x_wconf 85' lang='lat' dir='ltr'><strong>fuerunt,</strong></span> <span class='ocrx_word' id='word_1_340' title='bbox 1220 3416 1425 3479; x_wconf 86' lang='lat' dir='ltr'><strong>quanto</strong></span> <span class='ocrx_word' id='word_1_341' title='bbox 1450 3406 1621 3478; x_wconf 72' lang='lat' dir='ltr'><strong>magis</strong></span> <span class='ocrx_word' id='word_1_342' title='bbox 1642 3406 1851 3462; x_wconf 88' lang='lat' dir='ltr'><strong>fidelem</strong></span> <span class='ocrx_word' id='word_1_343' title='bbox 1875 3420 2039 3476; x_wconf 71' lang='lat' dir='ltr'><strong>opor-</strong></span> 
     </span>
    </p>
   </div>
   <div class='ocr_carea' id='block_1_48' title="bbox 464 3500 2041 3560">
    <p class='ocr_par' dir='ltr' id='par_1_48' title="bbox 464 3500 2041 3560">
     <span class='ocr_line' id='line_1_48' title="bbox 464 3500 2041 3560; baseline -0.003 -1"><span class='ocrx_word' id='word_1_344' title='bbox 464 3514 541 3560; x_wconf 88' lang='lat' dir='ltr'><strong>tet</strong></span> <span class='ocrx_word' id='word_1_345' title='bbox 593 3503 699 3559; x_wconf 86' lang='lat' dir='ltr'><strong>una</strong></span> <span class='ocrx_word' id='word_1_346' title='bbox 755 3519 877 3559; x_wconf 91' lang='lat' dir='ltr'><strong>cum</strong></span> <span class='ocrx_word' id='word_1_347' title='bbox 939 3503 1086 3556; x_wconf 90' lang='lat' dir='ltr'><strong>fideli</strong></span> <span class='ocrx_word' id='word_1_348' title='bbox 1137 3517 1235 3556; x_wconf 90' lang='lat' dir='ltr'><strong>sua</strong></span> <span class='ocrx_word' id='word_1_349' title='bbox 1291 3502 1665 3557; x_wconf 87' lang='lat' dir='ltr'><strong>consociare?</strong></span> <span class='ocrx_word' id='word_1_350' title='bbox 1710 3500 1826 3554; x_wconf 84' lang='lat' dir='ltr'><strong>Non</strong></span> <span class='ocrx_word' id='word_1_351' title='bbox 1891 3510 2041 3555; x_wconf 79' lang='lat' dir='ltr'><strong>utea</strong></span> 
     </span>
    </p>
   </div>
   <div class='ocr_carea' id='block_1_49' title="bbox 464 3594 2041 3667">
    <p class='ocr_par' dir='ltr' id='par_1_49' title="bbox 464 3594 2041 3667">
     <span class='ocr_line' id='line_1_49' title="bbox 464 3594 2041 3667; baseline -0.004 -15"><span class='ocrx_word' id='word_1_352' title='bbox 464 3597 927 3667; x_wconf 83' lang='lat' dir='ltr'><strong>quemadmodum</strong></span> <span class='ocrx_word' id='word_1_353' title='bbox 991 3597 1093 3649; x_wconf 90' lang='lat' dir='ltr'><strong>ista</strong></span> <span class='ocrx_word' id='word_1_354' title='bbox 1130 3595 1184 3647; x_wconf 91' lang='lat' dir='ltr'><strong>in</strong></span> <span class='ocrx_word' id='word_1_355' title='bbox 1222 3595 1462 3649; x_wconf 88' lang='lat' dir='ltr'><strong>cinerem</strong></span> <span class='ocrx_word' id='word_1_356' title='bbox 1494 3603 1909 3657; x_wconf 85' lang='lat' dir='ltr'><strong>convertantur,</strong></span> <span class='ocrx_word' id='word_1_357' title='bbox 1946 3594 2041 3648; x_wconf 90' lang='lat' dir='ltr'><strong>sed</strong></span> 
     </span>
    </p>
   </div>
   <div class='ocr_carea' id='block_1_50' title="bbox 462 3681 2041 3756">
    <p class='ocr_par' dir='ltr' id='par_1_50' title="bbox 462 3681 2041 3756">
     <span class='ocr_line' id='line_1_50' title="bbox 462 3681 2041 3756; baseline -0.006 -12"><span class='ocrx_word' id='word_1_358' title='bbox 462 3696 525 3744; x_wconf 88' lang='lat' dir='ltr'><strong>ut</strong></span> <span class='ocrx_word' id='word_1_359' title='bbox 574 3689 779 3756; x_wconf 88' lang='lat' dir='ltr'><strong>majore</strong></span> <span class='ocrx_word' id='word_1_360' title='bbox 804 3685 977 3756; x_wconf 82' lang='lat' dir='ltr'><strong>gloria</strong></span> <span class='ocrx_word' id='word_1_361' title='bbox 1012 3683 1262 3738; x_wconf 85' lang='lat' dir='ltr'><strong>cumules</strong></span> <span class='ocrx_word' id='word_1_362' title='bbox 1302 3683 1477 3737; x_wconf 89' lang='lat' dir='ltr'><strong>illum.</strong></span> <span class='ocrx_word' id='word_1_363' title='bbox 1508 3681 1576 3737; x_wconf 91' lang='lat' dir='ltr'><strong>Et</strong></span> <span class='ocrx_word' id='word_1_364' title='bbox 1631 3682 1677 3737; x_wconf 89' lang='lat' dir='ltr'><strong>si</strong></span> <span class='ocrx_word' id='word_1_365' title='bbox 1720 3682 1881 3736; x_wconf 80' lang='lat' dir='ltr'><strong>fuerit</strong></span> <span class='ocrx_word' id='word_1_366' title='bbox 1918 3697 2041 3751; x_wconf 73' lang='lat' dir='ltr'><strong>prc-</strong></span> 
     </span>
    </p>
   </div>
   <div class='ocr_carea' id='block_1_51' title="bbox 464 3774 2043 3845">
    <p class='ocr_par' dir='ltr' id='par_1_51' title="bbox 464 3774 2043 3845">
     <span class='ocr_line' id='line_1_51' title="bbox 464 3774 2043 3845; baseline -0.003 -14"><span class='ocrx_word' id='word_1_367' title='bbox 464 3790 616 3835; x_wconf 78' lang='lat' dir='ltr'><strong>calor</strong></span> <span class='ocrx_word' id='word_1_368' title='bbox 647 3778 967 3844; x_wconf 71' lang='lat' dir='ltr'><strong>defunctus,</strong></span> <span class='ocrx_word' id='word_1_369' title='bbox 1002 3787 1062 3833; x_wconf 88' lang='lat' dir='ltr'><strong>ut</strong></span> <span class='ocrx_word' id='word_1_370' title='bbox 1087 3792 1209 3829; x_wconf 86' lang='lat' dir='ltr'><strong>eum</strong></span> <span class='ocrx_word' id='word_1_371' title='bbox 1248 3775 1429 3831; x_wconf 81' lang='lat' dir='ltr'><strong>solvas</strong></span> <span class='ocrx_word' id='word_1_372' title='bbox 1471 3791 1498 3829; x_wconf 89' lang='lat' dir='ltr'><strong>a</strong></span> <span class='ocrx_word' id='word_1_373' title='bbox 1532 3774 1913 3845; x_wconf 80' lang='lat' dir='ltr'><strong>peccatis;sin</strong></span> <span class='ocrx_word' id='word_1_374' title='bbox 1952 3776 2043 3841; x_wconf 88' lang='lat' dir='ltr'><strong>ju-</strong></span> 
     </span>
    </p>
   </div>
   <div class='ocr_carea' id='block_1_52' title="bbox 465 3867 2043 3937">
    <p class='ocr_par' dir='ltr' id='par_1_52' title="bbox 465 3867 2043 3937">
     <span class='ocr_line' id='line_1_52' title="bbox 465 3867 2043 3937; baseline -0.004 -10"><span class='ocrx_word' id='word_1_375' title='bbox 465 3884 605 3937; x_wconf 87' lang='lat' dir='ltr'><strong>stus,</strong></span> <span class='ocrx_word' id='word_1_376' title='bbox 643 3874 1154 3927; x_wconf 85' lang='lat' dir='ltr'><strong>utadditamentum</strong></span> <span class='ocrx_word' id='word_1_377' title='bbox 1195 3870 1288 3923; x_wconf 84' lang='lat' dir='ltr'><strong>fiat</strong></span> <span class='ocrx_word' id='word_1_378' title='bbox 1344 3869 1609 3922; x_wconf 85' lang='lat' dir='ltr'><strong>mercedis</strong></span> <span class='ocrx_word' id='word_1_379' title='bbox 1638 3878 1689 3921; x_wconf 90' lang='lat' dir='ltr'><strong>et</strong></span> <span class='ocrx_word' id='word_1_380' title='bbox 1724 3867 2043 3921; x_wconf 82' lang='lat' dir='ltr'><strong>retributio-</strong></span> 
     </span>
    </p>
   </div>
   <div class='ocr_carea' id='block_1_53' title="bbox 465 3959 2038 4026">
    <p class='ocr_par' dir='ltr' id='par_1_53' title="bbox 465 3959 2038 4026">
     <span class='ocr_line' id='line_1_53' title="bbox 465 3959 2038 4026; baseline -0.004 -9"><span class='ocrx_word' id='word_1_381' title='bbox 465 3967 569 4019; x_wconf 88' lang='lat' dir='ltr'><strong>nis.</strong></span> <span class='ocrx_word' id='word_1_382' title='bbox 605 3984 624 4015; x_wconf 73' lang='grc' dir='ltr'><strong>ι</strong></span> <span class='ocrx_word' id='word_1_383' title='bbox 659 3961 723 4018; x_wconf 77' lang='lat' dir='ltr'><strong>Et</strong></span> <span class='ocrx_word' id='word_1_384' title='bbox 765 3964 818 4017; x_wconf 92' lang='lat' dir='ltr'><strong>in</strong></span> <span class='ocrx_word' id='word_1_385' title='bbox 858 3963 964 4016; x_wconf 88' lang='lat' dir='ltr'><strong>alio</strong></span> <span class='ocrx_word' id='word_1_386' title='bbox 989 3975 1242 4016; x_wconf 89' lang='lat' dir='ltr'><strong>sermone</strong></span> <span class='ocrx_word' id='word_1_387' title='bbox 1274 3976 1288 4013; x_wconf 89' lang='lat'><strong>:</strong></span> <span class='ocrx_word' id='word_1_388' title='bbox 1329 3977 1348 4011; x_wconf 75' lang='grc' dir='ltr'><strong>ι</strong></span> <span class='ocrx_word' id='word_1_389' title='bbox 1408 3960 1608 4014; x_wconf 84' lang='lat' dir='ltr'><strong>lterum</strong></span> <span class='ocrx_word' id='word_1_390' title='bbox 1640 3959 2038 4026; x_wconf 75' lang='lat' dir='ltr'><strong>excogitemus,</strong></span> 
     </span>
    </p>
   </div>
   <div class='ocr_carea' id='block_1_54' title="bbox 466 4050 2040 4125">
    <p class='ocr_par' dir='ltr' id='par_1_54' title="bbox 466 4050 2040 4125">
     <span class='ocr_line' id='line_1_54' title="bbox 466 4050 2040 4125; baseline -0.001 -18"><span class='ocrx_word' id='word_1_391' title='bbox 466 4056 662 4124; x_wconf 84' lang='lat' dir='ltr'><strong>inquit,</strong></span> <span class='ocrx_word' id='word_1_392' title='bbox 706 4054 981 4125; x_wconf 88' lang='lat' dir='ltr'><strong>quomodo</strong></span> <span class='ocrx_word' id='word_1_393' title='bbox 1017 4053 1245 4107; x_wconf 90' lang='lat' dir='ltr'><strong>mortuis</strong></span> <span class='ocrx_word' id='word_1_394' title='bbox 1274 4051 1572 4122; x_wconf 83' lang='lat' dir='ltr'><strong>prosimus,</strong></span> <span class='ocrx_word' id='word_1_395' title='bbox 1609 4060 1930 4120; x_wconf 74' lang='lat' dir='ltr'><strong>prmstemus</strong></span> <span class='ocrx_word' id='word_1_396' title='bbox 1955 4050 2040 4106; x_wconf 80' lang='lat' dir='ltr'><strong>his</strong></span> 
     </span>
    </p>
   </div>
   <div class='ocr_carea' id='block_1_55' title="bbox 464 4142 2042 4215">
    <p class='ocr_par' dir='ltr' id='par_1_55' title="bbox 464 4142 2042 4215">
     <span class='ocr_line' id='line_1_55' title="bbox 464 4142 2042 4215; baseline -0.004 -13"><span class='ocrx_word' id='word_1_397' title='bbox 464 4149 726 4202; x_wconf 78' lang='lat' dir='ltr'><strong>auxilium</strong></span> <span class='ocrx_word' id='word_1_398' title='bbox 753 4146 899 4215; x_wconf 87' lang='lat' dir='ltr'><strong>quod</strong></span> <span class='ocrx_word' id='word_1_399' title='bbox 933 4146 1200 4211; x_wconf 80' lang='lat' dir='ltr'><strong>valemus,</strong></span> <span class='ocrx_word' id='word_1_400' title='bbox 1227 4144 1606 4214; x_wconf 81' lang='lat' dir='ltr'><strong>eleemosynas</strong></span> <span class='ocrx_word' id='word_1_401' title='bbox 1636 4144 1761 4198; x_wconf 89' lang='lat' dir='ltr'><strong>dico</strong></span> <span class='ocrx_word' id='word_1_402' title='bbox 1798 4150 1854 4197; x_wconf 90' lang='lat' dir='ltr'><strong>et</strong></span> <span class='ocrx_word' id='word_1_403' title='bbox 1888 4142 2042 4196; x_wconf 81' lang='lat' dir='ltr'><strong>obla-</strong></span> 
     </span>
    </p>
   </div>
   <div class='ocr_carea' id='block_1_56' title="bbox 464 4236 2038 4309">
    <p class='ocr_par' dir='ltr' id='par_1_56' title="bbox 464 4236 2038 4309">
     <span class='ocr_line' id='line_1_56' title="bbox 464 4236 2038 4309; baseline -0.004 -16"><span class='ocrx_word' id='word_1_404' title='bbox 464 4243 683 4304; x_wconf 86' lang='lat' dir='ltr'><strong>tiones;</strong></span> <span class='ocrx_word' id='word_1_405' title='bbox 717 4253 837 4309; x_wconf 62' lang='lat' dir='ltr'><strong>quae</strong></span> <span class='ocrx_word' id='word_1_406' title='bbox 868 4238 1087 4307; x_wconf 87' lang='lat' dir='ltr'><strong>quidem</strong></span> <span class='ocrx_word' id='word_1_407' title='bbox 1137 4252 1224 4291; x_wconf 86' lang='lat' dir='ltr'><strong>res</strong></span> <span class='ocrx_word' id='word_1_408' title='bbox 1275 4237 1410 4305; x_wconf 86' lang='lat' dir='ltr'><strong>ipsis</strong></span> <span class='ocrx_word' id='word_1_409' title='bbox 1441 4236 1749 4298; x_wconf 87' lang='lat' dir='ltr'><strong>utilitatem,</strong></span> <span class='ocrx_word' id='word_1_410' title='bbox 1783 4248 2038 4305; x_wconf 79' lang='lat' dir='ltr'><strong>magnum</strong></span> 
     </span>
    </p>
   </div>
   <div class='ocr_carea' id='block_1_57' title="bbox 466 4326 2041 4389">
    <p class='ocr_par' dir='ltr' id='par_1_57' title="bbox 466 4326 2041 4389">
     <span class='ocr_line' id='line_1_57' title="bbox 466 4326 2041 4389; baseline -0.004 -2"><span class='ocrx_word' id='word_1_411' title='bbox 466 4336 677 4389; x_wconf 89' lang='lat' dir='ltr'><strong>lucrum</strong></span> <span class='ocrx_word' id='word_1_412' title='bbox 699 4343 753 4387; x_wconf 86' lang='lat' dir='ltr'><strong>et</strong></span> <span class='ocrx_word' id='word_1_413' title='bbox 784 4328 1133 4386; x_wconf 90' lang='lat' dir='ltr'><strong>commodum</strong></span> <span class='ocrx_word' id='word_1_414' title='bbox 1164 4327 1342 4383; x_wconf 77' lang='lat' dir='ltr'><strong>alfcrt.</strong></span> <span class='ocrx_word' id='word_1_415' title='bbox 1384 4346 1402 4379; x_wconf 73' lang='grc' dir='ltr'><strong>ι</strong></span> <span class='ocrx_word' id='word_1_416' title='bbox 1444 4326 1558 4380; x_wconf 85' lang='grc' dir='ltr'>Νοη</span> <span class='ocrx_word' id='word_1_417' title='bbox 1593 4328 1738 4380; x_wconf 91' lang='lat' dir='ltr'><strong>enim</strong></span> <span class='ocrx_word' id='word_1_418' title='bbox 1767 4336 1970 4380; x_wconf 90' lang='lat' dir='ltr'><strong>temere</strong></span> <span class='ocrx_word' id='word_1_419' title='bbox 1988 4333 2041 4380; x_wconf 85' lang='lat' dir='ltr'><strong>et</strong></span> 
     </span>
    </p>
   </div>
   <div class='ocr_carea' id='block_1_58' title="bbox 463 4417 2041 4482">
    <p class='ocr_par' dir='ltr' id='par_1_58' title="bbox 463 4417 2041 4482">
     <span class='ocr_line' id='line_1_58' title="bbox 463 4417 2041 4482; baseline -0.004 -4"><span class='ocrx_word' id='word_1_420' title='bbox 463 4426 689 4479; x_wconf 87' lang='lat' dir='ltr'><strong>fortuito</strong></span> <span class='ocrx_word' id='word_1_421' title='bbox 719 4424 832 4478; x_wconf 80' lang='lat' dir='ltr'><strong>lucc</strong></span> <span class='ocrx_word' id='word_1_422' title='bbox 866 4422 1115 4475; x_wconf 88' lang='lat' dir='ltr'><strong>instituta</strong></span> <span class='ocrx_word' id='word_1_423' title='bbox 1150 4429 1301 4482; x_wconf 89' lang='lat' dir='ltr'><strong>sunt,</strong></span> <span class='ocrx_word' id='word_1_424' title='bbox 1352 4427 1406 4472; x_wconf 92' lang='lat' dir='ltr'><strong>et</strong></span> <span class='ocrx_word' id='word_1_425' title='bbox 1452 4418 1545 4473; x_wconf 87' lang='lat' dir='ltr'><strong>Dei</strong></span> <span class='ocrx_word' id='word_1_426' title='bbox 1580 4417 1834 4473; x_wconf 79' lang='lat' dir='ltr'><strong>Ecclesiae</strong></span> <span class='ocrx_word' id='word_1_427' title='bbox 1866 4433 1895 4470; x_wconf 86' lang='lat' dir='ltr'><strong>a</strong></span> <span class='ocrx_word' id='word_1_428' title='bbox 1928 4417 2041 4471; x_wconf 90' lang='lat' dir='ltr'><strong>suis</strong></span> 
     </span>
    </p>
   </div>
   <div class='ocr_carea' id='block_1_59' title="bbox 461 4511 2044 4587">
    <p class='ocr_par' dir='ltr' id='par_1_59' title="bbox 461 4511 2044 4587">
     <span class='ocr_line' id='line_1_59' title="bbox 461 4511 2044 4587; baseline -0.004 -15"><span class='ocrx_word' id='word_1_429' title='bbox 461 4514 886 4587; x_wconf 85' lang='lat' dir='ltr'><strong>sapientissimis</strong></span> <span class='ocrx_word' id='word_1_430' title='bbox 921 4512 1208 4581; x_wconf 88' lang='lat' dir='ltr'><strong>discipulis</strong></span> <span class='ocrx_word' id='word_1_431' title='bbox 1240 4526 1335 4580; x_wconf 90' lang='lat' dir='ltr'><strong>per</strong></span> <span class='ocrx_word' id='word_1_432' title='bbox 1365 4525 1559 4565; x_wconf 81' lang='lat' dir='ltr'><strong>manus</strong></span> <span class='ocrx_word' id='word_1_433' title='bbox 1591 4511 1809 4575; x_wconf 85' lang='lat' dir='ltr'><strong>tradita,</strong></span> <span class='ocrx_word' id='word_1_434' title='bbox 1861 4519 1922 4564; x_wconf 92' lang='lat' dir='ltr'><strong>ut</strong></span> <span class='ocrx_word' id='word_1_435' title='bbox 1956 4527 2044 4565; x_wconf 90' lang='lat' dir='ltr'><strong>sa-</strong></span> 
     </span>
    </p>
   </div>
   <div class='ocr_carea' id='block_1_60' title="bbox 461 4602 2041 4674">
    <p class='ocr_par' dir='ltr' id='par_1_60' title="bbox 461 4602 2041 4674">
     <span class='ocr_line' id='line_1_60' title="bbox 461 4602 2041 4674; baseline -0.005 -9"><span class='ocrx_word' id='word_1_436' title='bbox 461 4611 655 4666; x_wconf 87' lang='lat' dir='ltr'><strong>cerdos</strong></span> <span class='ocrx_word' id='word_1_437' title='bbox 684 4610 734 4662; x_wconf 90' lang='lat' dir='ltr'><strong>in</strong></span> <span class='ocrx_word' id='word_1_438' title='bbox 761 4605 1062 4663; x_wconf 84' lang='lat' dir='ltr'><strong>tremendis</strong></span> <span class='ocrx_word' id='word_1_439' title='bbox 1101 4603 1379 4674; x_wconf 81' lang='lat' dir='ltr'><strong>mysteriis</strong></span> <span class='ocrx_word' id='word_1_440' title='bbox 1408 4616 1506 4671; x_wconf 89' lang='lat' dir='ltr'><strong>pro</strong></span> <span class='ocrx_word' id='word_1_441' title='bbox 1535 4602 1783 4656; x_wconf 88' lang='lat' dir='ltr'><strong>fidelibus</strong></span> <span class='ocrx_word' id='word_1_442' title='bbox 1810 4604 2041 4659; x_wconf 86' lang='lat' dir='ltr'><strong>mortuis</strong></span> 
     </span>
    </p>
   </div>
   <div class='ocr_carea' id='block_1_61' title="bbox 466 4692 2042 4767">
    <p class='ocr_par' dir='ltr' id='par_1_61' title="bbox 466 4692 2042 4767">
     <span class='ocr_line' id='line_1_61' title="bbox 466 4692 2042 4767; baseline -0.004 -13"><span class='ocrx_word' id='word_1_443' title='bbox 466 4716 654 4767; x_wconf 86' lang='lat' dir='ltr'><strong>preces</strong></span> <span class='ocrx_word' id='word_1_444' title='bbox 693 4698 969 4763; x_wconf 66' lang='lat' dir='ltr'><strong>cﬂ‘undat;</strong></span> <span class='ocrx_word' id='word_1_445' title='bbox 1036 4711 1163 4749; x_wconf 89' lang='lat' dir='ltr'><strong>nam</strong></span> <span class='ocrx_word' id='word_1_446' title='bbox 1242 4699 1378 4749; x_wconf 89' lang='lat' dir='ltr'><strong>henc</strong></span> <span class='ocrx_word' id='word_1_447' title='bbox 1433 4693 1567 4761; x_wconf 83' lang='lat' dir='ltr'><strong>ipsis</strong></span> <span class='ocrx_word' id='word_1_448' title='bbox 1625 4692 1899 4761; x_wconf 78' lang='lat' dir='ltr'><strong>cognitum</strong></span> <span class='ocrx_word' id='word_1_449' title='bbox 1938 4702 2042 4760; x_wconf 90' lang='lat' dir='ltr'><strong>est,</strong></span> 
     </span>
    </p>
   </div>
   <div class='ocr_carea' id='block_1_62' title="bbox 466 4786 2042 4863">
    <p class='ocr_par' dir='ltr' id='par_1_62' title="bbox 466 4786 2042 4863">
     <span class='ocr_line' id='line_1_62' title="bbox 466 4786 2042 4863; baseline -0.004 -16"><span class='ocrx_word' id='word_1_450' title='bbox 466 4808 724 4863; x_wconf 75' lang='lat' dir='ltr'><strong>magnum</strong></span> <span class='ocrx_word' id='word_1_451' title='bbox 769 4791 895 4845; x_wconf 91' lang='lat' dir='ltr'><strong>inde</strong></span> <span class='ocrx_word' id='word_1_452' title='bbox 956 4791 1167 4843; x_wconf 90' lang='lat' dir='ltr'><strong>lucrum</strong></span> <span class='ocrx_word' id='word_1_453' title='bbox 1223 4798 1276 4841; x_wconf 92' lang='lat' dir='ltr'><strong>et</strong></span> <span class='ocrx_word' id='word_1_454' title='bbox 1307 4787 1662 4841; x_wconf 88' lang='lat' dir='ltr'><strong>commodum</strong></span> <span class='ocrx_word' id='word_1_455' title='bbox 1716 4786 2042 4855; x_wconf 85' lang='lat' dir='ltr'><strong>comparari.</strong></span> 
     </span>
    </p>
   </div>
   <div class='ocr_carea' id='block_1_63' title="bbox 461 4874 2040 4944">
    <p class='ocr_par' dir='ltr' id='par_1_63' title="bbox 461 4874 2040 4944">
     <span class='ocr_line' id='line_1_63' title="bbox 461 4874 2040 4944; baseline -0.006 -5"><span class='ocrx_word' id='word_1_456' title='bbox 461 4884 637 4941; x_wconf 82' lang='lat' dir='ltr'><strong>Audis</strong></span> <span class='ocrx_word' id='word_1_457' title='bbox 666 4897 892 4938; x_wconf 88' lang='lat' dir='ltr'><strong>aureum</strong></span> <span class='ocrx_word' id='word_1_458' title='bbox 933 4880 1117 4934; x_wconf 87' lang='lat' dir='ltr'><strong>animo</strong></span> <span class='ocrx_word' id='word_1_459' title='bbox 1151 4889 1204 4933; x_wconf 89' lang='lat' dir='ltr'><strong>et</strong></span> <span class='ocrx_word' id='word_1_460' title='bbox 1253 4879 1455 4944; x_wconf 71' lang='lat' dir='ltr'><strong>lingua,</strong></span> <span class='ocrx_word' id='word_1_461' title='bbox 1485 4877 1669 4930; x_wconf 83' lang='lat' dir='ltr'><strong>divum</strong></span> <span class='ocrx_word' id='word_1_462' title='bbox 1702 4876 1823 4931; x_wconf 86' lang='lat' dir='ltr'><strong>dico</strong></span> <span class='ocrx_word' id='word_1_463' title='bbox 1871 4874 2040 4930; x_wconf 77' lang='lat' dir='ltr'><strong>Joan-</strong></span> 
     </span>
    </p>
   </div>
   <div class='ocr_carea' id='block_1_64' title="bbox 465 4968 2041 5041">
    <p class='ocr_par' dir='ltr' id='par_1_64' title="bbox 465 4968 2041 5041">
     <span class='ocr_line' id='line_1_64' title="bbox 465 4968 2041 5041; baseline -0.006 -10"><span class='ocrx_word' id='word_1_464' title='bbox 465 4992 610 5041; x_wconf 90' lang='lat' dir='ltr'><strong>nem,</strong></span> <span class='ocrx_word' id='word_1_465' title='bbox 654 4995 672 5027; x_wconf 81' lang='grc' dir='ltr'>ι</span> <span class='ocrx_word' id='word_1_466' title='bbox 712 4972 868 5039; x_wconf 82' lang='lat' dir='ltr'><strong>Quod</strong></span> <span class='ocrx_word' id='word_1_467' title='bbox 917 4974 960 5027; x_wconf 90' lang='lat' dir='ltr'><strong>si</strong></span> <span class='ocrx_word' id='word_1_468' title='bbox 993 4970 1137 5037; x_wconf 85' lang='lat' dir='ltr'><strong>impii</strong></span> <span class='ocrx_word' id='word_1_469' title='bbox 1196 4984 1291 5037; x_wconf 89' lang='lat' dir='ltr'><strong>pro</strong></span> <span class='ocrx_word' id='word_1_470' title='bbox 1337 4968 1517 5036; x_wconf 88' lang='lat' dir='ltr'><strong>impiis</strong></span> <span class='ocrx_word' id='word_1_471' title='bbox 1560 4968 1789 5029; x_wconf 80' lang='lat' dir='ltr'><strong>faciunt,</strong></span> <span class='ocrx_word' id='word_1_472' title='bbox 1835 4976 2041 5036; x_wconf 82' lang='lat' dir='ltr'><strong>quanto</strong></span> 
     </span>
    </p>
   </div>
   <div class='ocr_carea' id='block_1_65' title="bbox 464 5058 2035 5139">
    <p class='ocr_par' dir='ltr' id='par_1_65' title="bbox 464 5058 2035 5139">
     <span class='ocr_line' id='line_1_65' title="bbox 464 5058 2035 5139; baseline -0.009 -16"><span class='ocrx_word' id='word_1_473' title='bbox 464 5071 637 5139; x_wconf 71' lang='lat' dir='ltr'><strong>magis</strong></span> <span class='ocrx_word' id='word_1_474' title='bbox 654 5084 754 5121; x_wconf 83' lang='lat' dir='ltr'><strong>nos</strong></span> <span class='ocrx_word' id='word_1_475' title='bbox 774 5066 960 5120; x_wconf 77' lang='lat' dir='ltr'><strong>fideles</strong></span> <span class='ocrx_word' id='word_1_476' title='bbox 986 5080 1082 5133; x_wconf 88' lang='lat' dir='ltr'><strong>pro</strong></span> <span class='ocrx_word' id='word_1_477' title='bbox 1110 5061 1363 5116; x_wconf 85' lang='lat' dir='ltr'><strong>fidelibus</strong></span> <span class='ocrx_word' id='word_1_478' title='bbox 1390 5061 1604 5116; x_wconf 83' lang='lat' dir='ltr'><strong>elliccre</strong></span> <span class='ocrx_word' id='word_1_479' title='bbox 1624 5060 1885 5114; x_wconf 86' lang='lat' dir='ltr'><strong>debemus</strong></span> <span class='ocrx_word' id='word_1_480' title='bbox 1903 5058 2035 5127; x_wconf 65' lang='grc' dir='ltr'><strong>(ηερ.</strong></span> 
     </span>
    </p>
   </div>
   <div class='ocr_carea' id='block_1_66' title="bbox 465 5152 2038 5229">
    <p class='ocr_par' dir='ltr' id='par_1_66' title="bbox 465 5152 2038 5229">
     <span class='ocr_line' id='line_1_66' title="bbox 465 5152 2038 5229; baseline -0.005 -15"><span class='ocrx_word' id='word_1_481' title='bbox 465 5162 581 5214; x_wconf 70' lang='lat' dir='ltr'><strong>Non</strong></span> <span class='ocrx_word' id='word_1_482' title='bbox 618 5161 681 5213; x_wconf 89' lang='lat' dir='ltr'><strong>ad</strong></span> <span class='ocrx_word' id='word_1_483' title='bbox 707 5158 1065 5229; x_wconf 84' lang='lat' dir='ltr'><strong>perditionem</strong></span> <span class='ocrx_word' id='word_1_484' title='bbox 1104 5157 1216 5209; x_wconf 64' lang='lat' dir='ltr'><strong>lucc</strong></span> <span class='ocrx_word' id='word_1_485' title='bbox 1238 5154 1399 5206; x_wconf 81' lang='lat' dir='ltr'><strong>veluti</strong></span> <span class='ocrx_word' id='word_1_486' title='bbox 1439 5153 1548 5218; x_wconf 82' lang='lat' dir='ltr'><strong>illa,</strong></span> <span class='ocrx_word' id='word_1_487' title='bbox 1578 5152 1671 5208; x_wconf 88' lang='lat' dir='ltr'><strong>sed</strong></span> <span class='ocrx_word' id='word_1_488' title='bbox 1703 5153 2038 5221; x_wconf 85' lang='lat' dir='ltr'><strong>utmajorem</strong></span> 
     </span>
    </p>
   </div>
   <div class='ocr_carea' id='block_1_67' title="bbox 469 5246 2042 5318">
    <p class='ocr_par' dir='ltr' id='par_1_67' title="bbox 469 5246 2042 5318">
     <span class='ocr_line' id='line_1_67' title="bbox 469 5246 2042 5318; baseline -0.006 -13"><span class='ocrx_word' id='word_1_489' title='bbox 469 5262 685 5305; x_wconf 83' lang='lat' dir='ltr'><strong>mortuo</strong></span> <span class='ocrx_word' id='word_1_490' title='bbox 739 5250 967 5318; x_wconf 76' lang='lat' dir='ltr'><strong>gloriam</strong></span> <span class='ocrx_word' id='word_1_491' title='bbox 1011 5248 1389 5308; x_wconf 75' lang='lat' dir='ltr'><strong>conciliemus,</strong></span> <span class='ocrx_word' id='word_1_492' title='bbox 1437 5261 1500 5299; x_wconf 88' lang='lat' dir='ltr'><strong>ac</strong></span> <span class='ocrx_word' id='word_1_493' title='bbox 1564 5246 1608 5297; x_wconf 89' lang='lat' dir='ltr'><strong>si</strong></span> <span class='ocrx_word' id='word_1_494' title='bbox 1658 5255 1912 5313; x_wconf 83' lang='lat' dir='ltr'><strong>peccator</strong></span> <span class='ocrx_word' id='word_1_495' title='bbox 1939 5253 2042 5309; x_wconf 88' lang='lat' dir='ltr'><strong>est,</strong></span> 
     </span>
    </p>
   </div>
   <div class='ocr_carea' id='block_1_68' title="bbox 464 5336 2047 5411">
    <p class='ocr_par' dir='ltr' id='par_1_68' title="bbox 464 5336 2047 5411">
     <span class='ocr_line' id='line_1_68' title="bbox 464 5336 2047 5411; baseline -0.001 -19"><span class='ocrx_word' id='word_1_496' title='bbox 464 5344 583 5411; x_wconf 59' lang='lat' dir='ltr'><strong>ejus</strong></span> <span class='ocrx_word' id='word_1_497' title='bbox 612 5351 829 5409; x_wconf 85' lang='lat' dir='ltr'><strong>peccata</strong></span> <span class='ocrx_word' id='word_1_498' title='bbox 849 5355 1171 5409; x_wconf 76' lang='lat' dir='ltr'><strong>purgamus,</strong></span> <span class='ocrx_word' id='word_1_499' title='bbox 1210 5348 1260 5391; x_wconf 83' lang='lat' dir='ltr'><strong>et</strong></span> <span class='ocrx_word' id='word_1_500' title='bbox 1287 5355 1315 5391; x_wconf 88' lang='lat' dir='ltr'><strong>a</strong></span> <span class='ocrx_word' id='word_1_501' title='bbox 1352 5336 1591 5391; x_wconf 82' lang='lat' dir='ltr'><strong>vinculis</strong></span> <span class='ocrx_word' id='word_1_502' title='bbox 1624 5336 1911 5401; x_wconf 76' lang='lat' dir='ltr'><strong>solvimus,</strong></span> <span class='ocrx_word' id='word_1_503' title='bbox 1937 5346 1990 5388; x_wconf 93' lang='lat' dir='ltr'><strong>ct</strong></span> <span class='ocrx_word' id='word_1_504' title='bbox 2017 5350 2047 5390; x_wconf 92' lang='lat' dir='ltr'><strong>e</strong></span> 
     </span>
    </p>
   </div>
   <div class='ocr_carea' id='block_1_69' title="bbox 471 5428 2049 5498">
    <p class='ocr_par' dir='ltr' id='par_1_69' title="bbox 471 5428 2049 5498">
     <span class='ocr_line' id='line_1_69' title="bbox 471 5428 2049 5498; baseline -0.003 -12"><span class='ocrx_word' id='word_1_505' title='bbox 471 5437 711 5490; x_wconf 84' lang='lat' dir='ltr'><strong>tenebris</strong></span> <span class='ocrx_word' id='word_1_506' title='bbox 746 5433 1049 5491; x_wconf 82' lang='lat' dir='ltr'><strong>educimus,</strong></span> <span class='ocrx_word' id='word_1_507' title='bbox 1073 5448 1099 5483; x_wconf 90' lang='lat' dir='ltr'><strong>a</strong></span> <span class='ocrx_word' id='word_1_508' title='bbox 1129 5433 1275 5485; x_wconf 78' lang='lat' dir='ltr'><strong>luctu</strong></span> <span class='ocrx_word' id='word_1_509' title='bbox 1306 5441 1362 5484; x_wconf 89' lang='lat' dir='ltr'><strong>et</strong></span> <span class='ocrx_word' id='word_1_510' title='bbox 1388 5448 1433 5498; x_wconf 61' lang='lat' dir='ltr'><strong>gi</strong></span> <span class='ocrx_word' id='word_1_511' title='bbox 1456 5432 1588 5483; x_wconf 56' lang='lat' dir='ltr'><strong>m‘tu</strong></span> <span class='ocrx_word' id='word_1_512' title='bbox 1618 5429 1812 5481; x_wconf 88' lang='lat' dir='ltr'><strong>inferni</strong></span> <span class='ocrx_word' id='word_1_513' title='bbox 1832 5428 2049 5481; x_wconf 89' lang='lat' dir='ltr'><strong>redimi-</strong></span> 
     </span>
    </p>
   </div>
   <div class='ocr_carea' id='block_1_70' title="bbox 471 5520 2045 5593">
    <p class='ocr_par' dir='ltr' id='par_1_70' title="bbox 471 5520 2045 5593">
     <span class='ocr_line' id='line_1_70' title="bbox 471 5520 2045 5593; baseline -0.003 -15"><span class='ocrx_word' id='word_1_514' title='bbox 471 5544 616 5583; x_wconf 86' lang='lat' dir='ltr'><strong>mns.</strong></span> <span class='ocrx_word' id='word_1_515' title='bbox 670 5529 723 5580; x_wconf 89' lang='lat' dir='ltr'><strong>Si</strong></span> <span class='ocrx_word' id='word_1_516' title='bbox 764 5542 891 5580; x_wconf 70' lang='lat' dir='ltr'><strong>vero</strong></span> <span class='ocrx_word' id='word_1_517' title='bbox 918 5524 1123 5593; x_wconf 75' lang='lat' dir='ltr'><strong>justus,</strong></span> <span class='ocrx_word' id='word_1_518' title='bbox 1156 5540 1403 5578; x_wconf 86' lang='lat' dir='ltr'><strong>noneum</strong></span> <span class='ocrx_word' id='word_1_519' title='bbox 1434 5542 1461 5574; x_wconf 85' lang='lat' dir='ltr'><strong>a</strong></span> <span class='ocrx_word' id='word_1_520' title='bbox 1491 5522 1721 5574; x_wconf 72' lang='lat' dir='ltr'><strong>vinculis</strong></span> <span class='ocrx_word' id='word_1_521' title='bbox 1758 5520 2045 5583; x_wconf 72' lang='lat' dir='ltr'><strong>solvimus,</strong></span> 
     </span>
    </p>
   </div>
   <div class='ocr_carea' id='block_1_71' title="bbox 470 5604 2046 5689">
    <p class='ocr_par' dir='ltr' id='par_1_71' title="bbox 470 5604 2046 5689">
     <span class='ocr_line' id='line_1_71' title="bbox 470 5604 2046 5689; baseline -0.002 -18"><span class='ocrx_word' id='word_1_522' title='bbox 470 5636 569 5674; x_wconf 70' lang='lat' dir='ltr'><strong>nec</strong></span> <span class='ocrx_word' id='word_1_523' title='bbox 588 5604 704 5689; x_wconf 75' lang='lat' dir='ltr'><strong>ejus</strong></span> <span class='ocrx_word' id='word_1_524' title='bbox 722 5629 939 5689; x_wconf 68' lang='lat' dir='ltr'><strong>peccata</strong></span> <span class='ocrx_word' id='word_1_525' title='bbox 960 5633 1277 5688; x_wconf 79' lang='lat' dir='ltr'><strong>purgamus,</strong></span> <span class='ocrx_word' id='word_1_526' title='bbox 1303 5616 1395 5670; x_wconf 82' lang='lat' dir='ltr'><strong>scd</strong></span> <span class='ocrx_word' id='word_1_527' title='bbox 1418 5616 1599 5684; x_wconf 47' lang='grc' dir='ltr'>εἱστία·</span> <span class='ocrx_word' id='word_1_528' title='bbox 1618 5615 2046 5668; x_wconf 79' lang='lat' dir='ltr'><strong>additamentum</strong></span> 
     </span>
    </p>
   </div>
   <div class='ocr_carea' id='block_1_72' title="bbox 442 5729 1939 5801">
    <p class='ocr_par' dir='ltr' id='par_1_72' title="bbox 442 5729 1939 5801">
     <span class='ocr_line' id='line_1_72' title="bbox 442 5729 1939 5801; baseline 0.003 -19"><span class='ocrx_word' id='word_1_529' title='bbox 442 5793 446 5801; x_wconf 27' lang='grc' dir='ltr'><strong><em>τ</em></strong></span> <span class='ocrx_word' id='word_1_530' title='bbox 546 5730 625 5801; x_wconf 79' lang='grc'><strong>(1)</strong></span> <span class='ocrx_word' id='word_1_531' title='bbox 649 5730 771 5785; x_wconf 78' lang='lat' dir='ltr'><strong>Ian</strong></span> <span class='ocrx_word' id='word_1_532' title='bbox 797 5744 1013 5801; x_wconf 83' lang='lat' dir='ltr'><strong>sumpta</strong></span> <span class='ocrx_word' id='word_1_533' title='bbox 1048 5747 1113 5788; x_wconf 76' lang='lat' dir='ltr'><strong>ex</strong></span> <span class='ocrx_word' id='word_1_534' title='bbox 1153 5733 1190 5786; x_wconf 93' lang='lat' dir='ltr'><strong>l.</strong></span> <span class='ocrx_word' id='word_1_535' title='bbox 1224 5747 1337 5798; x_wconf 73' lang='lat' dir='ltr'><strong>un,</strong></span> <span class='ocrx_word' id='word_1_536' title='bbox 1365 5747 1415 5784; x_wconf 76' lang='grc' dir='ltr'>ρ.</span> <span class='ocrx_word' id='word_1_537' title='bbox 1440 5733 1495 5796; x_wconf 73' lang='grc'><strong>4,</strong></span> <span class='ocrx_word' id='word_1_538' title='bbox 1525 5729 1712 5800; x_wconf 83' lang='lat' dir='ltr'><strong>Apost.</strong></span> <span class='ocrx_word' id='word_1_539' title='bbox 1748 5730 1939 5786; x_wconf 85' lang='lat' dir='ltr'><strong>Const.</strong></span> 
     </span>
    </p>
   </div>
   <div class='ocr_carea' id='block_1_73' title="bbox 2237 1465 3741 1539">
    <p class='ocr_par' dir='ltr' id='par_1_73' title="bbox 2237 1465 3741 1539">
     <span class='ocr_line' id='line_1_73' title="bbox 2237 1465 3741 1539; baseline -0.003 -18"><span class='ocrx_word' id='word_1_540' title='bbox 2237 1468 2401 1539; x_wconf 84' lang='grc' dir='ltr'><strong>Ὁρᾷς</strong></span> <span class='ocrx_word' id='word_1_541' title='bbox 2429 1468 2543 1529; x_wconf 79' lang='grc' dir='ltr'>πῶς</span> <span class='ocrx_word' id='word_1_542' title='bbox 2572 1470 2667 1521; x_wconf 73' lang='grc' dir='ltr'><strong>καὶ</strong></span> <span class='ocrx_word' id='word_1_543' title='bbox 2693 1465 2847 1530; x_wconf 73' lang='grc' dir='ltr'>οὗτος</span> <span class='ocrx_word' id='word_1_544' title='bbox 2870 1471 2898 1520; x_wconf 93' lang='lat'><strong>6</strong></span> <span class='ocrx_word' id='word_1_545' title='bbox 2927 1469 3096 1537; x_wconf 81' lang='grc' dir='ltr'>μέγας</span> <span class='ocrx_word' id='word_1_546' title='bbox 3122 1470 3220 1532; x_wconf 83' lang='grc' dir='ltr'>τῆς</span> <span class='ocrx_word' id='word_1_547' title='bbox 3256 1466 3588 1539; x_wconf 84' lang='grc' dir='ltr'>Ἐκκλησίας</span> <span class='ocrx_word' id='word_1_548' title='bbox 3616 1485 3741 1535; x_wconf 76' lang='grc' dir='ltr'>φω-</span> 
     </span>
    </p>
   </div>
   <div class='ocr_carea' id='block_1_74' title="bbox 2152 1560 3737 1629">
    <p class='ocr_par' dir='ltr' id='par_1_74' title="bbox 2152 1560 3737 1629">
     <span class='ocr_line' id='line_1_74' title="bbox 2152 1560 3737 1629; baseline -0.001 -17"><span class='ocrx_word' id='word_1_549' title='bbox 2152 1560 2288 1629; x_wconf 84' lang='grc' dir='ltr'>στὴρ</span> <span class='ocrx_word' id='word_1_550' title='bbox 2317 1560 2544 1629; x_wconf 83' lang='grc' dir='ltr'>βεϐαιοῖ,</span> <span class='ocrx_word' id='word_1_551' title='bbox 2569 1560 2663 1613; x_wconf 78' lang='grc' dir='ltr'>καὶ</span> <span class='ocrx_word' id='word_1_552' title='bbox 2682 1560 2849 1623; x_wconf 83' lang='grc' dir='ltr'>καλάς</span> <span class='ocrx_word' id='word_1_553' title='bbox 2866 1561 2960 1613; x_wconf 73' lang='grc' dir='ltr'><strong>καὶ</strong></span> <span class='ocrx_word' id='word_1_554' title='bbox 2981 1561 3133 1622; x_wconf 81' lang='grc' dir='ltr'>ὁσίας</span> <span class='ocrx_word' id='word_1_555' title='bbox 3145 1560 3301 1611; x_wconf 88' lang='grc' dir='ltr'>καλεί</span> <span class='ocrx_word' id='word_1_556' title='bbox 3330 1560 3427 1621; x_wconf 78' lang='grc' dir='ltr'>τὰς</span> <span class='ocrx_word' id='word_1_557' title='bbox 3461 1560 3604 1628; x_wconf 77' lang='grc' dir='ltr'>ὑπὲρ</span> <span class='ocrx_word' id='word_1_558' title='bbox 3620 1560 3737 1611; x_wconf 77' lang='grc' dir='ltr'>τῶν</span> 
     </span>
    </p>
   </div>
   <div class='ocr_carea' id='block_1_75' title="bbox 2078 1651 3737 1739">
    <p class='ocr_par' dir='ltr' id='par_1_75' title="bbox 2078 1651 3737 1739">
     <span class='ocr_line' id='line_1_75' title="bbox 2078 1651 3737 1739; baseline -0.003 -33"><span class='ocrx_word' id='word_1_559' title='bbox 2078 1684 2119 1739; x_wconf 74' lang='grc' dir='ltr'><strong>Β</strong></span> <span class='ocrx_word' id='word_1_560' title='bbox 2148 1653 2567 1722; x_wconf 71' lang='grc' dir='ltr'>κεκοιμημένων</span> <span class='ocrx_word' id='word_1_561' title='bbox 2604 1657 2976 1721; x_wconf 72' lang='grc' dir='ltr'>προσαγωγὰς</span> <span class='ocrx_word' id='word_1_562' title='bbox 2997 1668 3011 1683; x_wconf 87' lang='grc'><strong>·</strong></span> <span class='ocrx_word' id='word_1_563' title='bbox 3041 1652 3137 1704; x_wconf 77' lang='grc' dir='ltr'><strong>καὶ</strong></span> <span class='ocrx_word' id='word_1_564' title='bbox 3163 1652 3261 1715; x_wconf 80' lang='grc' dir='ltr'>τὰς</span> <span class='ocrx_word' id='word_1_565' title='bbox 3293 1651 3414 1703; x_wconf 84' lang='grc' dir='ltr'>κατ’</span> <span class='ocrx_word' id='word_1_566' title='bbox 3445 1651 3566 1713; x_wconf 78' lang='grc' dir='ltr'>ἔτος</span> <span class='ocrx_word' id='word_1_567' title='bbox 3600 1652 3737 1716; x_wconf 76' lang='grc' dir='ltr'>ἐτη-</span> 
     </span>
    </p>
   </div>
   <div class='ocr_carea' id='block_1_76' title="bbox 2152 1744 3738 1814">
    <p class='ocr_par' dir='ltr' id='par_1_76' title="bbox 2152 1744 3738 1814">
     <span class='ocr_line' id='line_1_76' title="bbox 2152 1744 3738 1814; baseline -0.001 -17"><span class='ocrx_word' id='word_1_568' title='bbox 2152 1745 2299 1806; x_wconf 86' lang='grc' dir='ltr'>σίους</span> <span class='ocrx_word' id='word_1_569' title='bbox 2328 1745 2547 1813; x_wconf 82' lang='grc' dir='ltr'>μνήμας</span> <span class='ocrx_word' id='word_1_570' title='bbox 2592 1745 2917 1814; x_wconf 84' lang='grc' dir='ltr'>συνίστησι;</span> <span class='ocrx_word' id='word_1_571' title='bbox 2953 1744 3057 1797; x_wconf 87' lang='grc' dir='ltr'>ποῦ</span> <span class='ocrx_word' id='word_1_572' title='bbox 3088 1746 3121 1814; x_wconf 84' lang='grc' dir='ltr'>ὴ</span> <span class='ocrx_word' id='word_1_573' title='bbox 3163 1744 3274 1797; x_wconf 85' lang='grc' dir='ltr'><strong>τῶν</strong></span> <span class='ocrx_word' id='word_1_574' title='bbox 3299 1744 3502 1798; x_wconf 73' lang='grc' dir='ltr'>ἀθλίων</span> <span class='ocrx_word' id='word_1_575' title='bbox 3556 1745 3738 1813; x_wconf 62' lang='grc' dir='ltr'>μιαρὰ</span> 
     </span>
    </p>
   </div>
   <div class='ocr_carea' id='block_1_77' title="bbox 2151 1837 3732 1907">
    <p class='ocr_par' dir='ltr' id='par_1_77' title="bbox 2151 1837 3732 1907">
     <span class='ocr_line' id='line_1_77' title="bbox 2151 1837 3732 1907; baseline -0.001 -17"><span class='ocrx_word' id='word_1_576' title='bbox 2151 1840 2443 1906; x_wconf 82' lang='grc' dir='ltr'>συναγωγή</span> <span class='ocrx_word' id='word_1_577' title='bbox 2467 1854 2483 1903; x_wconf 88' lang='grc'>;</span> <span class='ocrx_word' id='word_1_578' title='bbox 2510 1838 2544 1906; x_wconf 80' lang='grc' dir='ltr'>ἡ</span> <span class='ocrx_word' id='word_1_579' title='bbox 2587 1837 2763 1890; x_wconf 81' lang='grc' dir='ltr'>ταῦτα</span> <span class='ocrx_word' id='word_1_580' title='bbox 2792 1839 2856 1891; x_wconf 74' lang='grc' dir='ltr'>ἐκ</span> <span class='ocrx_word' id='word_1_581' title='bbox 2892 1838 3057 1907; x_wconf 79' lang='grc' dir='ltr'>μέσου</span> <span class='ocrx_word' id='word_1_582' title='bbox 3095 1837 3320 1905; x_wconf 86' lang='grc' dir='ltr'>ποιῆσαι</span> <span class='ocrx_word' id='word_1_583' title='bbox 3354 1837 3732 1899; x_wconf 70' lang='grc' dir='ltr'>σπουδάσασα,</span> 
     </span>
    </p>
   </div>
   <div class='ocr_carea' id='block_1_78' title="bbox 2148 1930 3734 2000">
    <p class='ocr_par' dir='ltr' id='par_1_78' title="bbox 2148 1930 3734 2000">
     <span class='ocr_line' id='line_1_78' title="bbox 2148 1930 3734 2000; baseline -0.003 -16"><span class='ocrx_word' id='word_1_584' title='bbox 2148 1930 2183 1984; x_wconf 83' lang='grc' dir='ltr'><strong>ἀ</strong></span> <span class='ocrx_word' id='word_1_585' title='bbox 2212 1931 2262 1982; x_wconf 77' lang='grc' dir='ltr'>οἱ</span> <span class='ocrx_word' id='word_1_586' title='bbox 2292 1930 2607 1983; x_wconf 78' lang='grc' dir='ltr'>διδάσκαλοι</span> <span class='ocrx_word' id='word_1_587' title='bbox 2628 1932 2723 1985; x_wconf 72' lang='grc' dir='ltr'>καὶ</span> <span class='ocrx_word' id='word_1_588' title='bbox 2750 1931 3036 1999; x_wconf 81' lang='grc' dir='ltr'>φωστῆρες</span> <span class='ocrx_word' id='word_1_589' title='bbox 3063 1931 3160 2000; x_wconf 77' lang='grc' dir='ltr'>τῆς</span> <span class='ocrx_word' id='word_1_590' title='bbox 3197 1930 3548 1999; x_wconf 76' lang='grc' dir='ltr'>Ἐκκλησίας,</span> <span class='ocrx_word' id='word_1_591' title='bbox 3576 1930 3734 1996; x_wconf 74' lang='grc' dir='ltr'>κόπῳ</span> 
     </span>
    </p>
   </div>
   <div class='ocr_carea' id='block_1_79' title="bbox 2149 2022 3735 2094">
    <p class='ocr_par' dir='ltr' id='par_1_79' title="bbox 2149 2022 3735 2094">
     <span class='ocr_line' id='line_1_79' title="bbox 2149 2022 3735 2094; baseline -0.004 -17"><span class='ocrx_word' id='word_1_592' title='bbox 2149 2025 2243 2077; x_wconf 74' lang='grc' dir='ltr'><strong>καὶ</strong></span> <span class='ocrx_word' id='word_1_593' title='bbox 2277 2023 2461 2094; x_wconf 80' lang='grc' dir='ltr'>μόχθῳ</span> <span class='ocrx_word' id='word_1_594' title='bbox 2507 2024 2689 2092; x_wconf 82' lang='grc' dir='ltr'>πολλῷ</span> <span class='ocrx_word' id='word_1_595' title='bbox 2728 2025 3075 2094; x_wconf 80' lang='grc' dir='ltr'>παρέδωκαν,</span> <span class='ocrx_word' id='word_1_596' title='bbox 3130 2025 3195 2076; x_wconf 79' lang='grc' dir='ltr'>ὲκ</span> <span class='ocrx_word' id='word_1_597' title='bbox 3240 2022 3351 2074; x_wconf 84' lang='grc' dir='ltr'><strong>τῶν</strong></span> <span class='ocrx_word' id='word_1_598' title='bbox 3400 2022 3567 2093; x_wconf 73' lang='grc' dir='ltr'>ἱερῶν</span> <span class='ocrx_word' id='word_1_599' title='bbox 3596 2022 3735 2073; x_wconf 80' lang='grc' dir='ltr'>ἁπο-</span> 
     </span>
    </p>
   </div>
   <div class='ocr_carea' id='block_1_80' title="bbox 2150 2114 3731 2186">
    <p class='ocr_par' dir='ltr' id='par_1_80' title="bbox 2150 2114 3731 2186">
     <span class='ocr_line' id='line_1_80' title="bbox 2150 2114 3731 2186; baseline -0.003 -17"><span class='ocrx_word' id='word_1_600' title='bbox 2150 2118 2352 2170; x_wconf 65' lang='grc' dir='ltr'>στολων</span> <span class='ocrx_word' id='word_1_601' title='bbox 2399 2121 2583 2170; x_wconf 82' lang='grc' dir='ltr'>πάντα</span> <span class='ocrx_word' id='word_1_602' title='bbox 2621 2114 3057 2186; x_wconf 81' lang='grc' dir='ltr'>παραλαϐόντες.</span> <span class='ocrx_word' id='word_1_603' title='bbox 3098 2115 3261 2168; x_wconf 80' lang='grc' dir='ltr'>Ἀλλὰ</span> <span class='ocrx_word' id='word_1_604' title='bbox 3306 2114 3603 2181; x_wconf 73' lang='grc' dir='ltr'>συναγωγὴ</span> <span class='ocrx_word' id='word_1_605' title='bbox 3635 2131 3731 2165; x_wconf 79' lang='grc' dir='ltr'>πο-</span> 
     </span>
    </p>
   </div>
   <div class='ocr_carea' id='block_1_81' title="bbox 2148 2206 3732 2278">
    <p class='ocr_par' dir='ltr' id='par_1_81' title="bbox 2148 2206 3732 2278">
     <span class='ocr_line' id='line_1_81' title="bbox 2148 2206 3732 2278; baseline -0.004 -15"><span class='ocrx_word' id='word_1_606' title='bbox 2148 2209 2288 2278; x_wconf 80' lang='grc' dir='ltr'><strong>νηρά</strong></span> <span class='ocrx_word' id='word_1_607' title='bbox 2322 2209 2718 2277; x_wconf 83' lang='grc' dir='ltr'>σχισματικῶν,</span> <span class='ocrx_word' id='word_1_608' title='bbox 2753 2209 2847 2261; x_wconf 74' lang='grc' dir='ltr'><strong>καὶ</strong></span> <span class='ocrx_word' id='word_1_609' title='bbox 2886 2207 3249 2277; x_wconf 85' lang='grc' dir='ltr'>παπαδαρίων</span> <span class='ocrx_word' id='word_1_610' title='bbox 3277 2206 3442 2260; x_wconf 83' lang='grc' dir='ltr'>τινῶν</span> <span class='ocrx_word' id='word_1_611' title='bbox 3485 2206 3732 2271; x_wconf 58' lang='grc' dir='ltr'>κούφων,</span> 
     </span>
    </p>
   </div>
   <div class='ocr_carea' id='block_1_82' title="bbox 2146 2301 3734 2372">
    <p class='ocr_par' dir='ltr' id='par_1_82' title="bbox 2146 2301 3734 2372">
     <span class='ocr_line' id='line_1_82' title="bbox 2146 2301 3734 2372; baseline -0.001 -20"><span class='ocrx_word' id='word_1_612' title='bbox 2146 2303 2529 2372; x_wconf 80' lang='grc' dir='ltr'>ἀγραμμάτων</span> <span class='ocrx_word' id='word_1_613' title='bbox 2561 2304 2657 2358; x_wconf 72' lang='grc' dir='ltr'>καὶ</span> <span class='ocrx_word' id='word_1_614' title='bbox 2688 2302 3007 2366; x_wconf 77' lang='grc' dir='ltr'>σκοτεινῶν,</span> <span class='ocrx_word' id='word_1_615' title='bbox 3036 2302 3087 2355; x_wconf 81' lang='grc' dir='ltr'>οἳ</span> <span class='ocrx_word' id='word_1_616' title='bbox 3116 2302 3298 2363; x_wconf 81' lang='grc' dir='ltr'>πάσας</span> <span class='ocrx_word' id='word_1_617' title='bbox 3326 2303 3422 2361; x_wconf 86' lang='grc' dir='ltr'><strong>τάς</strong></span> <span class='ocrx_word' id='word_1_618' title='bbox 3449 2301 3734 2369; x_wconf 76' lang='grc' dir='ltr'>ἡμετέρας</span> 
     </span>
    </p>
   </div>
   <div class='ocr_carea' id='block_1_83' title="bbox 2148 2395 3731 2467">
    <p class='ocr_par' dir='ltr' id='par_1_83' title="bbox 2148 2395 3731 2467">
     <span class='ocr_line' id='line_1_83' title="bbox 2148 2395 3731 2467; baseline -0.004 -18"><span class='ocrx_word' id='word_1_619' title='bbox 2148 2400 2346 2467; x_wconf 87' lang='grc' dir='ltr'>νήσους</span> <span class='ocrx_word' id='word_1_620' title='bbox 2399 2397 2659 2467; x_wconf 83' lang='grc' dir='ltr'>συνέχεάν</span> <span class='ocrx_word' id='word_1_621' title='bbox 2687 2414 2745 2449; x_wconf 83' lang='grc' dir='ltr'><strong>τε</strong></span> <span class='ocrx_word' id='word_1_622' title='bbox 2781 2398 2874 2451; x_wconf 78' lang='grc' dir='ltr'>καὶ</span> <span class='ocrx_word' id='word_1_623' title='bbox 2914 2396 3291 2466; x_wconf 78' lang='grc' dir='ltr'>συνετάραξαν</span> <span class='ocrx_word' id='word_1_624' title='bbox 3314 2412 3329 2427; x_wconf 74' lang='grc' dir='ltr'><strong>ο</strong></span> <span class='ocrx_word' id='word_1_625' title='bbox 3380 2395 3731 2454; x_wconf 72' lang='grc' dir='ltr'>διδάσκοντες</span> 
     </span>
    </p>
   </div>
   <div class='ocr_carea' id='block_1_84' title="bbox 2145 2489 3730 2561">
    <p class='ocr_par' dir='ltr' id='par_1_84' title="bbox 2145 2489 3730 2561">
     <span class='ocr_line' id='line_1_84' title="bbox 2145 2489 3730 2561; baseline -0.004 -16"><span class='ocrx_word' id='word_1_626' title='bbox 2145 2493 2196 2546; x_wconf 83' lang='grc' dir='ltr'>οἱ</span> <span class='ocrx_word' id='word_1_627' title='bbox 2228 2493 2485 2561; x_wconf 80' lang='grc' dir='ltr'>ἀμαθεῖς,</span> <span class='ocrx_word' id='word_1_628' title='bbox 2529 2492 2602 2561; x_wconf 78' lang='grc' dir='ltr'><strong>μὴ</strong></span> <span class='ocrx_word' id='word_1_629' title='bbox 2635 2493 2811 2545; x_wconf 79' lang='grc' dir='ltr'>ποιεῖν</span> <span class='ocrx_word' id='word_1_630' title='bbox 2844 2493 3067 2560; x_wconf 85' lang='grc' dir='ltr'>μνήμας</span> <span class='ocrx_word' id='word_1_631' title='bbox 3092 2490 3199 2543; x_wconf 86' lang='grc' dir='ltr'><strong>τῶν</strong></span> <span class='ocrx_word' id='word_1_632' title='bbox 3237 2492 3297 2540; x_wconf 80' lang='grc' dir='ltr'>ἐν</span> <span class='ocrx_word' id='word_1_633' title='bbox 3330 2489 3511 2542; x_wconf 80' lang='grc' dir='ltr'>πίστει</span> <span class='ocrx_word' id='word_1_634' title='bbox 3542 2505 3730 2540; x_wconf 72' lang='grc' dir='ltr'>κεκοεο</span> 
     </span>
    </p>
   </div>
   <div class='ocr_carea' id='block_1_85' title="bbox 2148 2576 3729 2653">
    <p class='ocr_par' dir='ltr' id='par_1_85' title="bbox 2148 2576 3729 2653">
     <span class='ocr_line' id='line_1_85' title="bbox 2148 2576 3729 2653; baseline -0.008 -17"><span class='ocrx_word' id='word_1_635' title='bbox 2148 2583 2426 2653; x_wconf 82' lang='grc' dir='ltr'>μημένων.</span> <span class='ocrx_word' id='word_1_636' title='bbox 2477 2582 2611 2650; x_wconf 83' lang='grc' dir='ltr'>μηδὲ</span> <span class='ocrx_word' id='word_1_637' title='bbox 2644 2581 2830 2651; x_wconf 79' lang='grc' dir='ltr'>μνείας</span> <span class='ocrx_word' id='word_1_638' title='bbox 2862 2580 3032 2648; x_wconf 83' lang='grc' dir='ltr'>ἁγίων</span> <span class='ocrx_word' id='word_1_639' title='bbox 3055 2580 3146 2633; x_wconf 74' lang='grc' dir='ltr'>καὶ</span> <span class='ocrx_word' id='word_1_640' title='bbox 3177 2578 3400 2636; x_wconf 83' lang='grc' dir='ltr'>τελετάς</span> <span class='ocrx_word' id='word_1_641' title='bbox 3422 2593 3440 2607; x_wconf 85' lang='grc'><strong>·</strong></span> <span class='ocrx_word' id='word_1_642' title='bbox 3477 2576 3554 2643; x_wconf 80' lang='grc' dir='ltr'>μὴ</span> <span class='ocrx_word' id='word_1_643' title='bbox 3604 2592 3729 2626; x_wconf 85' lang='grc' dir='ltr'>συν-</span> 
     </span>
    </p>
   </div>
   <div class='ocr_carea' id='block_1_86' title="bbox 2144 2666 3727 2742">
    <p class='ocr_par' dir='ltr' id='par_1_86' title="bbox 2144 2666 3727 2742">
     <span class='ocr_line' id='line_1_86' title="bbox 2144 2666 3727 2742; baseline -0.009 -13"><span class='ocrx_word' id='word_1_644' title='bbox 2144 2675 2291 2738; x_wconf 81' lang='grc' dir='ltr'>άξεις</span> <span class='ocrx_word' id='word_1_645' title='bbox 2339 2674 2493 2742; x_wconf 80' lang='grc' dir='ltr'>ίεράς</span> <span class='ocrx_word' id='word_1_646' title='bbox 2525 2689 2585 2724; x_wconf 83' lang='grc' dir='ltr'><strong>τε</strong></span> <span class='ocrx_word' id='word_1_647' title='bbox 2646 2674 2739 2725; x_wconf 82' lang='grc' dir='ltr'>καὶ</span> <span class='ocrx_word' id='word_1_648' title='bbox 2787 2670 3168 2740; x_wconf 79' lang='grc' dir='ltr'>πανηγύρεις·</span> <span class='ocrx_word' id='word_1_649' title='bbox 3218 2669 3349 2737; x_wconf 71' lang='grc' dir='ltr'>μηδὲ</span> <span class='ocrx_word' id='word_1_650' title='bbox 3386 2666 3727 2737; x_wconf 69' lang='grc' dir='ltr'>συμψάλλειν</span> 
     </span>
    </p>
   </div>
   <div class='ocr_carea' id='block_1_87' title="bbox 2142 2758 3722 2834">
    <p class='ocr_par' dir='ltr' id='par_1_87' title="bbox 2142 2758 3722 2834">
     <span class='ocr_line' id='line_1_87' title="bbox 2142 2758 3722 2834; baseline -0.008 -14"><span class='ocrx_word' id='word_1_651' title='bbox 2142 2772 2256 2831; x_wconf 79' lang='grc' dir='ltr'>τοῖς</span> <span class='ocrx_word' id='word_1_652' title='bbox 2291 2767 2577 2819; x_wconf 83' lang='grc' dir='ltr'>εύσεϐέσιν</span> <span class='ocrx_word' id='word_1_653' title='bbox 2606 2763 2845 2834; x_wconf 73' lang='grc' dir='ltr'>ἱερεῦσιν</span> <span class='ocrx_word' id='word_1_654' title='bbox 2869 2780 2882 2793; x_wconf 88' lang='grc'>·</span> <span class='ocrx_word' id='word_1_655' title='bbox 2934 2763 3071 2818; x_wconf 87' lang='grc' dir='ltr'><strong>ἁλλά</strong></span> <span class='ocrx_word' id='word_1_656' title='bbox 3115 2760 3399 2832; x_wconf 79' lang='grc' dir='ltr'>σχίζεσθαι</span> <span class='ocrx_word' id='word_1_657' title='bbox 3425 2759 3524 2812; x_wconf 83' lang='grc' dir='ltr'>ἀπ’</span> <span class='ocrx_word' id='word_1_658' title='bbox 3557 2758 3722 2824; x_wconf 80' lang='grc' dir='ltr'>ἀλλή-</span> 
     </span>
    </p>
   </div>
   <div class='ocr_carea' id='block_1_88' title="bbox 2142 2850 3723 2926">
    <p class='ocr_par' dir='ltr' id='par_1_88' title="bbox 2142 2850 3723 2926">
     <span class='ocr_line' id='line_1_88' title="bbox 2142 2850 3723 2926; baseline -0.005 -18"><span class='ocrx_word' id='word_1_659' title='bbox 2142 2858 2285 2911; x_wconf 82' lang='grc' dir='ltr'>λων⁸</span> <span class='ocrx_word' id='word_1_660' title='bbox 2318 2859 2413 2911; x_wconf 60' lang='grc' dir='ltr'><strong>καὶ¹</strong></span> <span class='ocrx_word' id='word_1_661' title='bbox 2463 2856 2687 2926; x_wconf 78' lang='grc' dir='ltr'>φεύγειν</span> <span class='ocrx_word' id='word_1_662' title='bbox 2712 2856 2788 2917; x_wconf 83' lang='grc' dir='ltr'>ὡς</span> <span class='ocrx_word' id='word_1_663' title='bbox 2827 2855 2937 2908; x_wconf 86' lang='grc' dir='ltr'>ἀπδ</span> <span class='ocrx_word' id='word_1_664' title='bbox 2986 2855 3186 2922; x_wconf 72' lang='grc' dir='ltr'>ὄφεως.</span> <span class='ocrx_word' id='word_1_665' title='bbox 3225 2852 3319 2914; x_wconf 75' lang='lat' dir='ltr'><strong>Ei;</strong></span> <span class='ocrx_word' id='word_1_666' title='bbox 3361 2850 3631 2920; x_wconf 69' lang='grc' dir='ltr'>αἰσχύνην</span> <span class='ocrx_word' id='word_1_667' title='bbox 3668 2850 3723 2901; x_wconf 74' lang='grc' dir='ltr'><strong>δὲ</strong></span> 
     </span>
    </p>
   </div>
   <div class='ocr_carea' id='block_1_89' title="bbox 2144 2944 3724 3018">
    <p class='ocr_par' dir='ltr' id='par_1_89' title="bbox 2144 2944 3724 3018">
     <span class='ocr_line' id='line_1_89' title="bbox 2144 2944 3724 3018; baseline -0.008 -14"><span class='ocrx_word' id='word_1_668' title='bbox 2144 2952 2238 3004; x_wconf 74' lang='grc' dir='ltr'>καὶ</span> <span class='ocrx_word' id='word_1_669' title='bbox 2281 2949 2596 3018; x_wconf 73' lang='grc' dir='ltr'>ἀνατροπὴν</span> <span class='ocrx_word' id='word_1_670' title='bbox 2633 2948 2834 3013; x_wconf 80' lang='grc' dir='ltr'>αὐτῶν,</span> <span class='ocrx_word' id='word_1_671' title='bbox 2898 2947 2992 3001; x_wconf 76' lang='grc' dir='ltr'>καὶ</span> <span class='ocrx_word' id='word_1_672' title='bbox 3020 2949 3048 2999; x_wconf 86' lang='lat'><strong>6</strong></span> <span class='ocrx_word' id='word_1_673' title='bbox 3098 2946 3503 3016; x_wconf 70' lang='grc' dir='ltr'>χρυσορρήμων</span> <span class='ocrx_word' id='word_1_674' title='bbox 3553 2944 3724 3001; x_wconf 77' lang='grc' dir='ltr'>ὅντως</span> 
     </span>
    </p>
   </div>
   <div class='ocr_carea' id='block_1_90' title="bbox 2148 3032 3720 3110">
    <p class='ocr_par' dir='ltr' id='par_1_90' title="bbox 2148 3032 3720 3110">
     <span class='ocr_line' id='line_1_90' title="bbox 2148 3032 3720 3110; baseline -0.008 -16"><span class='ocrx_word' id='word_1_675' title='bbox 2148 3044 2244 3094; x_wconf 72' lang='lat' dir='ltr'><strong>xui.</strong></span> <span class='ocrx_word' id='word_1_676' title='bbox 2297 3040 2731 3110; x_wconf 84' lang='grc' dir='ltr'>χρυσεπώνυμος</span> <span class='ocrx_word' id='word_1_677' title='bbox 2771 3041 3025 3107; x_wconf 77' lang='grc' dir='ltr'>Ἰωάννης</span> <span class='ocrx_word' id='word_1_678' title='bbox 3082 3039 3298 3105; x_wconf 80' lang='grc' dir='ltr'>παρίτω</span> <span class='ocrx_word' id='word_1_679' title='bbox 3321 3053 3335 3068; x_wconf 88' lang='grc'><strong>·</strong></span> <span class='ocrx_word' id='word_1_680' title='bbox 3373 3038 3401 3088; x_wconf 88' lang='lat'><strong>6</strong></span> <span class='ocrx_word' id='word_1_681' title='bbox 3436 3036 3529 3103; x_wconf 80' lang='grc' dir='ltr'>τῆς</span> <span class='ocrx_word' id='word_1_682' title='bbox 3568 3032 3720 3099; x_wconf 70' lang='grc' dir='ltr'>φιλο-</span> 
     </span>
    </p>
   </div>
   <div class='ocr_carea' id='block_1_91' title="bbox 2148 3124 3719 3202">
    <p class='ocr_par' dir='ltr' id='par_1_91' title="bbox 2148 3124 3719 3202">
     <span class='ocr_line' id='line_1_91' title="bbox 2148 3124 3719 3202; baseline -0.007 -15"><span class='ocrx_word' id='word_1_683' title='bbox 2148 3134 2426 3202; x_wconf 81' lang='grc' dir='ltr'>πτωχείας</span> <span class='ocrx_word' id='word_1_684' title='bbox 2458 3135 2553 3186; x_wconf 70' lang='grc' dir='ltr'><strong>καὶ</strong></span> <span class='ocrx_word' id='word_1_685' title='bbox 2576 3134 2675 3201; x_wconf 73' lang='grc' dir='ltr'>τῆς</span> <span class='ocrx_word' id='word_1_686' title='bbox 2712 3133 3004 3201; x_wconf 84' lang='grc' dir='ltr'>μετανοίας</span> <span class='ocrx_word' id='word_1_687' title='bbox 3035 3130 3230 3199; x_wconf 76' lang='grc' dir='ltr'>ὁδηγὸς</span> <span class='ocrx_word' id='word_1_688' title='bbox 3256 3130 3351 3182; x_wconf 66' lang='grc' dir='ltr'><strong>κοιλ⁵</strong></span> <span class='ocrx_word' id='word_1_689' title='bbox 3370 3124 3685 3183; x_wconf 77' lang='grc' dir='ltr'>διδάσκαλος</span> <span class='ocrx_word' id='word_1_690' title='bbox 3704 3140 3719 3152; x_wconf 84' lang='lat'><strong><em>°</em></strong></span> 
     </span>
    </p>
   </div>
   <div class='ocr_carea' id='block_1_92' title="bbox 2147 3217 3727 3295">
    <p class='ocr_par' dir='ltr' id='par_1_92' title="bbox 2147 3217 3727 3295">
     <span class='ocr_line' id='line_1_92' title="bbox 2147 3217 3727 3295; baseline -0.016 -3"><span class='ocrx_word' id='word_1_691' title='bbox 2147 3230 2227 3291; x_wconf 68' lang='grc' dir='ltr'>δεῖν</span> <span class='ocrx_word' id='word_1_692' title='bbox 2276 3228 2334 3278; x_wconf 76' lang='grc' dir='ltr'>ἐν</span> <span class='ocrx_word' id='word_1_693' title='bbox 2367 3229 2433 3294; x_wconf 76' lang='grc' dir='ltr'>τῇ</span> <span class='ocrx_word' id='word_1_694' title='bbox 2471 3227 2608 3295; x_wconf 72' lang='grc' dir='ltr'>πρὸς</span> <span class='ocrx_word' id='word_1_695' title='bbox 2658 3224 3055 3293; x_wconf 81' lang='grc' dir='ltr'>Φιλιππησίους</span> <span class='ocrx_word' id='word_1_696' title='bbox 3109 3221 3276 3277; x_wconf 74' lang='grc' dir='ltr'><strong>αύτοῦ</strong></span> <span class='ocrx_word' id='word_1_697' title='bbox 3328 3218 3422 3272; x_wconf 67' lang='grc' dir='ltr'><strong>καλ</strong></span> <span class='ocrx_word' id='word_1_698' title='bbox 3483 3217 3727 3275; x_wconf 71' lang='grc' dir='ltr'>Γαλάτας</span> 
     </span>
    </p>
   </div>
   <div class='ocr_carea' id='block_1_93' title="bbox 2150 3310 3726 3386">
    <p class='ocr_par' dir='ltr' id='par_1_93' title="bbox 2150 3310 3726 3386">
     <span class='ocr_line' id='line_1_93' title="bbox 2150 3310 3726 3386; baseline -0.008 -14"><span class='ocrx_word' id='word_1_699' title='bbox 2150 3319 2442 3386; x_wconf 84' lang='grc' dir='ltr'>θεοφεγγεῖ</span> <span class='ocrx_word' id='word_1_700' title='bbox 2485 3315 2777 3386; x_wconf 79' lang='grc' dir='ltr'>ἑρμηνεία,</span> <span class='ocrx_word' id='word_1_701' title='bbox 2807 3316 2950 3368; x_wconf 76' lang='grc' dir='ltr'>οὕτω</span> <span class='ocrx_word' id='word_1_702' title='bbox 2978 3316 3177 3383; x_wconf 76' lang='grc' dir='ltr'>φησίν·</span> <span class='ocrx_word' id='word_1_703' title='bbox 3224 3333 3243 3365; x_wconf 78' lang='grc' dir='ltr'>ι</span> <span class='ocrx_word' id='word_1_704' title='bbox 3282 3313 3347 3367; x_wconf 84' lang='grc' dir='ltr'><strong>Εἰ</strong></span> <span class='ocrx_word' id='word_1_705' title='bbox 3393 3312 3504 3379; x_wconf 88' lang='grc' dir='ltr'><strong>γάρ</strong></span> <span class='ocrx_word' id='word_1_706' title='bbox 3530 3310 3726 3377; x_wconf 66' lang='grc' dir='ltr'>Ἕλλης</span> 
     </span>
    </p>
   </div>
   <div class='ocr_carea' id='block_1_94' title="bbox 2148 3394 3721 3480">
    <p class='ocr_par' dir='ltr' id='par_1_94' title="bbox 2148 3394 3721 3480">
     <span class='ocr_line' id='line_1_94' title="bbox 2148 3394 3721 3480; baseline -0.005 -15"><span class='ocrx_word' id='word_1_707' title='bbox 2148 3427 2234 3475; x_wconf 86' lang='grc' dir='ltr'><strong>νες</strong></span> <span class='ocrx_word' id='word_1_708' title='bbox 2272 3409 2741 3480; x_wconf 74' lang='grc' dir='ltr'>συγκατακαίουσι</span> <span class='ocrx_word' id='word_1_709' title='bbox 2784 3410 2899 3473; x_wconf 72' lang='grc' dir='ltr'>τοῖς</span> <span class='ocrx_word' id='word_1_710' title='bbox 2930 3394 3227 3464; x_wconf 66' lang='grc' dir='ltr'>ἀπελθοῦσι</span> <span class='ocrx_word' id='word_1_711' title='bbox 3254 3409 3321 3462; x_wconf 76' lang='grc' dir='ltr'>τὰ</span> <span class='ocrx_word' id='word_1_712' title='bbox 3360 3407 3494 3474; x_wconf 81' lang='grc' dir='ltr'>παρ’</span> <span class='ocrx_word' id='word_1_713' title='bbox 3527 3403 3721 3465; x_wconf 70' lang='grc' dir='ltr'>αὐτῶν.</span> 
     </span>
    </p>
   </div>
   <div class='ocr_carea' id='block_1_95' title="bbox 2149 3496 3724 3570">
    <p class='ocr_par' dir='ltr' id='par_1_95' title="bbox 2149 3496 3724 3570">
     <span class='ocr_line' id='line_1_95' title="bbox 2149 3496 3724 3570; baseline -0.004 -17"><span class='ocrx_word' id='word_1_714' title='bbox 2149 3504 2299 3569; x_wconf 68' lang='grc' dir='ltr'>πόσῳ</span> <span class='ocrx_word' id='word_1_715' title='bbox 2331 3518 2396 3567; x_wconf 83' lang='grc' dir='ltr'><strong>γε</strong></span> <span class='ocrx_word' id='word_1_716' title='bbox 2425 3501 2622 3570; x_wconf 83' lang='grc' dir='ltr'>μᾶλλον</span> <span class='ocrx_word' id='word_1_717' title='bbox 2676 3499 2788 3552; x_wconf 82' lang='grc' dir='ltr'>τὺν“</span> <span class='ocrx_word' id='word_1_718' title='bbox 2807 3500 3000 3552; x_wconf 69' lang='grc' dir='ltr'>πιστὸν</span> <span class='ocrx_word' id='word_1_719' title='bbox 3041 3518 3103 3552; x_wconf 85' lang='grc' dir='ltr'><strong>συ</strong></span> <span class='ocrx_word' id='word_1_720' title='bbox 3114 3498 3511 3567; x_wconf 65' lang='grc' dir='ltr'>μπαραμεῖψαι</span> <span class='ocrx_word' id='word_1_721' title='bbox 3538 3498 3620 3549; x_wconf 84' lang='grc' dir='ltr'>δεῖ</span> <span class='ocrx_word' id='word_1_722' title='bbox 3652 3496 3724 3563; x_wconf 74' lang='grc' dir='ltr'>τῷ</span> 
     </span>
    </p>
   </div>
   <div class='ocr_carea' id='block_1_96' title="bbox 2150 3589 3723 3663">
    <p class='ocr_par' dir='ltr' id='par_1_96' title="bbox 2150 3589 3723 3663">
     <span class='ocr_line' id='line_1_96' title="bbox 2150 3589 3723 3663; baseline -0.003 -18"><span class='ocrx_word' id='word_1_723' title='bbox 2150 3594 2324 3661; x_wconf 80' lang='grc' dir='ltr'>πιστῷ</span> <span class='ocrx_word' id='word_1_724' title='bbox 2373 3595 2439 3645; x_wconf 74' lang='grc' dir='ltr'>τὰ</span> <span class='ocrx_word' id='word_1_725' title='bbox 2481 3594 2658 3646; x_wconf 79' lang='grc' dir='ltr'>οἰκεῖα</span> <span class='ocrx_word' id='word_1_726' title='bbox 2693 3610 2705 3656; x_wconf 91' lang='grc'>;</span> <span class='ocrx_word' id='word_1_727' title='bbox 2756 3594 2853 3663; x_wconf 78' lang='grc' dir='ltr'><strong>οὐχ</strong></span> <span class='ocrx_word' id='word_1_728' title='bbox 2887 3593 2974 3646; x_wconf 80' lang='grc' dir='ltr'><strong>ἵνα</strong></span> <span class='ocrx_word' id='word_1_729' title='bbox 3000 3593 3178 3661; x_wconf 77' lang='grc' dir='ltr'>τέφρα</span> <span class='ocrx_word' id='word_1_730' title='bbox 3230 3592 3500 3654; x_wconf 64' lang='grc' dir='ltr'>γέηυνται</span> <span class='ocrx_word' id='word_1_731' title='bbox 3546 3589 3723 3649; x_wconf 82' lang='grc' dir='ltr'>καθὼς</span> 
     </span>
    </p>
   </div>
   <div class='ocr_carea' id='block_1_97' title="bbox 2148 3681 3718 3752">
    <p class='ocr_par' dir='ltr' id='par_1_97' title="bbox 2148 3681 3718 3752">
     <span class='ocr_line' id='line_1_97' title="bbox 2148 3681 3718 3752; baseline -0.003 -18"><span class='ocrx_word' id='word_1_732' title='bbox 2148 3684 2332 3735; x_wconf 74' lang='grc' dir='ltr'>ἐκεῖνα</span> <span class='ocrx_word' id='word_1_733' title='bbox 2365 3682 2460 3735; x_wconf 71' lang='grc' dir='ltr'>καὶ</span> <span class='ocrx_word' id='word_1_734' title='bbox 2492 3683 2687 3746; x_wconf 74' lang='grc' dir='ltr'>ταῦτα,</span> <span class='ocrx_word' id='word_1_735' title='bbox 2728 3683 2841 3735; x_wconf 79' lang='grc' dir='ltr'>ἀλλ’</span> <span class='ocrx_word' id='word_1_736' title='bbox 2876 3683 2961 3735; x_wconf 83' lang='grc' dir='ltr'>ῖνα</span> <span class='ocrx_word' id='word_1_737' title='bbox 2992 3682 3216 3752; x_wconf 82' lang='grc' dir='ltr'>μείζονα</span> <span class='ocrx_word' id='word_1_738' title='bbox 3231 3683 3409 3751; x_wconf 84' lang='grc' dir='ltr'>τούτῳ</span> <span class='ocrx_word' id='word_1_739' title='bbox 3431 3681 3718 3747; x_wconf 70' lang='grc' dir='ltr'>περιϐάλῃς</span> 
     </span>
    </p>
   </div>
   <div class='ocr_carea' id='block_1_98' title="bbox 2148 3753 3716 3844">
    <p class='ocr_par' dir='ltr' id='par_1_98' title="bbox 2148 3753 3716 3844">
     <span class='ocr_line' id='line_1_98' title="bbox 2148 3753 3716 3844; baseline -0.004 -16"><span class='ocrx_word' id='word_1_740' title='bbox 2148 3777 2244 3843; x_wconf 76' lang='grc' dir='ltr'>τὴν</span> <span class='ocrx_word' id='word_1_741' title='bbox 2272 3776 2432 3840; x_wconf 81' lang='grc' dir='ltr'>δόξαν</span> <span class='ocrx_word' id='word_1_742' title='bbox 2459 3791 2474 3807; x_wconf 77' lang='grc' dir='ltr'><strong><em>ο</em></strong></span> <span class='ocrx_word' id='word_1_743' title='bbox 2511 3776 2606 3828; x_wconf 77' lang='grc' dir='ltr'>καὶ</span> <span class='ocrx_word' id='word_1_744' title='bbox 2635 3776 2682 3826; x_wconf 85' lang='grc' dir='ltr'>εἰ</span> <span class='ocrx_word' id='word_1_745' title='bbox 2715 3775 2813 3843; x_wconf 83' lang='grc' dir='ltr'>μὲν</span> <span class='ocrx_word' id='word_1_746' title='bbox 2841 3774 3166 3844; x_wconf 78' lang='grc' dir='ltr'>ἁμαρτωλὸς</span> <span class='ocrx_word' id='word_1_747' title='bbox 3190 3777 3217 3828; x_wconf 87' lang='lat'><strong>6</strong></span> <span class='ocrx_word' id='word_1_748' title='bbox 3242 3753 3523 3841; x_wconf 66' lang='grc' dir='ltr'>τεθνηκὼς</span> <span class='ocrx_word' id='word_1_749' title='bbox 3637 3773 3716 3823; x_wconf 73' lang='grc' dir='ltr'>ἱνα</span> 
     </span>
    </p>
   </div>
   <div class='ocr_carea' id='block_1_99' title="bbox 2146 3866 3711 3939">
    <p class='ocr_par' dir='ltr' id='par_1_99' title="bbox 2146 3866 3711 3939">
     <span class='ocr_line' id='line_1_99' title="bbox 2146 3866 3711 3939; baseline -0.003 -20"><span class='ocrx_word' id='word_1_750' title='bbox 2146 3868 2216 3921; x_wconf 84' lang='grc' dir='ltr'><strong>τά</strong></span> <span class='ocrx_word' id='word_1_751' title='bbox 2247 3869 2627 3938; x_wconf 79' lang='grc' dir='ltr'>ἁμαρτήματα</span> <span class='ocrx_word' id='word_1_752' title='bbox 2654 3868 2825 3939; x_wconf 79' lang='grc' dir='ltr'>λύσῃς</span> <span class='ocrx_word' id='word_1_753' title='bbox 2851 3882 2865 3899; x_wconf 86' lang='grc'>⁶</span> <span class='ocrx_word' id='word_1_754' title='bbox 2896 3870 2943 3919; x_wconf 81' lang='grc' dir='ltr'>εξ</span> <span class='ocrx_word' id='word_1_755' title='bbox 2969 3867 3022 3919; x_wconf 72' lang='grc' dir='ltr'><strong>δὲ</strong></span> <span class='ocrx_word' id='word_1_756' title='bbox 3053 3868 3283 3928; x_wconf 81' lang='grc' dir='ltr'>δίκαιος.</span> <span class='ocrx_word' id='word_1_757' title='bbox 3320 3868 3408 3919; x_wconf 74' lang='grc' dir='ltr'>ἶνα</span> <span class='ocrx_word' id='word_1_758' title='bbox 3440 3866 3711 3933; x_wconf 74' lang='grc' dir='ltr'>προσθήκη</span> 
     </span>
    </p>
   </div>
   <div class='ocr_carea' id='block_1_100' title="bbox 2147 3960 3713 4030">
    <p class='ocr_par' dir='ltr' id='par_1_100' title="bbox 2147 3960 3713 4030">
     <span class='ocr_line' id='line_1_100' title="bbox 2147 3960 3713 4030; baseline -0.002 -18"><span class='ocrx_word' id='word_1_759' title='bbox 2147 3961 2372 4029; x_wconf 81' lang='grc' dir='ltr'>γένηται</span> <span class='ocrx_word' id='word_1_760' title='bbox 2419 3960 2567 4030; x_wconf 80' lang='grc' dir='ltr'>αὐτῷ</span> <span class='ocrx_word' id='word_1_761' title='bbox 2614 3960 2807 4029; x_wconf 80' lang='grc' dir='ltr'>μισθοῦ</span> <span class='ocrx_word' id='word_1_762' title='bbox 2841 3961 2935 4012; x_wconf 76' lang='grc' dir='ltr'>καὶ</span> <span class='ocrx_word' id='word_1_763' title='bbox 2970 3961 3313 4023; x_wconf 76' lang='grc' dir='ltr'>ἀντιδόσεως.</span> <span class='ocrx_word' id='word_1_764' title='bbox 3349 3980 3367 4012; x_wconf 76' lang='grc' dir='ltr'><strong>ι</strong></span> <span class='ocrx_word' id='word_1_765' title='bbox 3408 3962 3515 4014; x_wconf 72' lang='grc' dir='ltr'>Καὶ</span> <span class='ocrx_word' id='word_1_766' title='bbox 3565 3960 3713 4013; x_wconf 77' lang='grc' dir='ltr'>πάλιν</span> 
     </span>
    </p>
   </div>
   <div class='ocr_carea' id='block_1_101' title="bbox 2148 4051 3711 4124">
    <p class='ocr_par' dir='ltr' id='par_1_101' title="bbox 2148 4051 3711 4124">
     <span class='ocr_line' id='line_1_101' title="bbox 2148 4051 3711 4124; baseline -0.002 -20"><span class='ocrx_word' id='word_1_767' title='bbox 2148 4053 2205 4104; x_wconf 76' lang='grc' dir='ltr'>ἐν</span> <span class='ocrx_word' id='word_1_768' title='bbox 2241 4051 2414 4120; x_wconf 77' lang='grc' dir='ltr'>ἑτέρῳ</span> <span class='ocrx_word' id='word_1_769' title='bbox 2447 4052 2590 4119; x_wconf 79' lang='grc' dir='ltr'>λόγῳ</span> <span class='ocrx_word' id='word_1_770' title='bbox 2609 4051 2775 4104; x_wconf 72' lang='grc' dir='ltr'>αὐτοῦ</span> <span class='ocrx_word' id='word_1_771' title='bbox 2798 4069 2813 4083; x_wconf 89' lang='grc'><strong>·</strong></span> <span class='ocrx_word' id='word_1_772' title='bbox 2862 4071 2879 4103; x_wconf 81' lang='grc' dir='ltr'>ι</span> <span class='ocrx_word' id='word_1_773' title='bbox 2933 4053 3378 4122; x_wconf 78' lang='grc' dir='ltr'>Ἐπινοήσωμεν,</span> <span class='ocrx_word' id='word_1_774' title='bbox 3425 4054 3578 4124; x_wconf 68' lang='grc' dir='ltr'>φησὶ,</span> <span class='ocrx_word' id='word_1_775' title='bbox 3610 4052 3711 4111; x_wconf 81' lang='grc' dir='ltr'>τοῖς</span> 
     </span>
    </p>
   </div>
   <div class='ocr_carea' id='block_1_102' title="bbox 2148 4143 3724 4214">
    <p class='ocr_par' dir='ltr' id='par_1_102' title="bbox 2148 4143 3724 4214">
     <span class='ocr_line' id='line_1_102' title="bbox 2148 4143 3724 4214; baseline -0.001 -19"><span class='ocrx_word' id='word_1_776' title='bbox 2148 4143 2480 4197; x_wconf 79' lang='grc' dir='ltr'>ἀπελθοῦσιν</span> <span class='ocrx_word' id='word_1_777' title='bbox 2510 4144 2785 4213; x_wconf 79' lang='grc' dir='ltr'>ὠφέλειαν</span> <span class='ocrx_word' id='word_1_778' title='bbox 2806 4160 2824 4175; x_wconf 83' lang='grc'>⁶</span> <span class='ocrx_word' id='word_1_779' title='bbox 2854 4144 3036 4213; x_wconf 83' lang='grc' dir='ltr'>δῶμεν</span> <span class='ocrx_word' id='word_1_780' title='bbox 3063 4146 3247 4207; x_wconf 79' lang='grc' dir='ltr'>αὐτοῖς</span> <span class='ocrx_word' id='word_1_781' title='bbox 3286 4145 3387 4214; x_wconf 74' lang='grc' dir='ltr'><strong>τὴν</strong></span> <span class='ocrx_word' id='word_1_782' title='bbox 3420 4144 3724 4214; x_wconf 76' lang='grc' dir='ltr'>προσοῦσαν·</span> 
     </span>
    </p>
   </div>
   <div class='ocr_carea' id='block_1_103' title="bbox 2151 4234 3710 4313">
    <p class='ocr_par' dir='ltr' id='par_1_103' title="bbox 2151 4234 3710 4313">
     <span class='ocr_line' id='line_1_103' title="bbox 2151 4234 3710 4313; baseline -0.003 -25"><span class='ocrx_word' id='word_1_783' title='bbox 2151 4234 2403 4304; x_wconf 86' lang='grc' dir='ltr'>βοήθειαν</span> <span class='ocrx_word' id='word_1_784' title='bbox 2428 4251 2442 4266; x_wconf 92' lang='grc'><strong>·</strong></span> <span class='ocrx_word' id='word_1_785' title='bbox 2503 4236 2878 4305; x_wconf 80' lang='grc' dir='ltr'>ἐλεημοσύνας</span> <span class='ocrx_word' id='word_1_786' title='bbox 2910 4236 3051 4303; x_wconf 79' lang='grc' dir='ltr'>λέγω</span> <span class='ocrx_word' id='word_1_787' title='bbox 3104 4239 3197 4289; x_wconf 75' lang='grc' dir='ltr'>καὶ</span> <span class='ocrx_word' id='word_1_788' title='bbox 3246 4239 3598 4313; x_wconf 54' lang='grc' dir='ltr'>προσφοράς</span> <span class='ocrx_word' id='word_1_789' title='bbox 3627 4234 3710 4287; x_wconf 66' lang='grc' dir='ltr'><strong>καὶ</strong></span> 
     </span>
    </p>
   </div>
   <div class='ocr_carea' id='block_1_104' title="bbox 2148 4327 3707 4401">
    <p class='ocr_par' dir='ltr' id='par_1_104' title="bbox 2148 4327 3707 4401">
     <span class='ocr_line' id='line_1_104' title="bbox 2148 4327 3707 4401; baseline -0.003 -19"><span class='ocrx_word' id='word_1_790' title='bbox 2148 4332 2305 4400; x_wconf 73' lang='grc' dir='ltr'>φέρει</span> <span class='ocrx_word' id='word_1_791' title='bbox 2337 4330 2551 4392; x_wconf 85' lang='grc' dir='ltr'>τούτοις</span> <span class='ocrx_word' id='word_1_792' title='bbox 2583 4331 2718 4384; x_wconf 73' lang='grc' dir='ltr'>πολὺ</span> <span class='ocrx_word' id='word_1_793' title='bbox 2744 4330 2803 4382; x_wconf 75' lang='grc' dir='ltr'>τὸ</span> <span class='ocrx_word' id='word_1_794' title='bbox 2826 4333 3059 4401; x_wconf 76' lang='grc' dir='ltr'>πρᾶγμα</span> <span class='ocrx_word' id='word_1_795' title='bbox 3090 4331 3188 4401; x_wconf 78' lang='grc' dir='ltr'><strong>τὴν</strong></span> <span class='ocrx_word' id='word_1_796' title='bbox 3217 4331 3428 4398; x_wconf 77' lang='grc' dir='ltr'>ὄνησιν,</span> <span class='ocrx_word' id='word_1_797' title='bbox 3459 4332 3552 4383; x_wconf 70' lang='grc' dir='ltr'><strong>καὶ</strong></span> <span class='ocrx_word' id='word_1_798' title='bbox 3580 4327 3707 4399; x_wconf 68' lang='grc' dir='ltr'>μάλα</span> 
     </span>
    </p>
   </div>
   <div class='ocr_carea' id='block_1_105' title="bbox 2146 4420 3709 4493">
    <p class='ocr_par' dir='ltr' id='par_1_105' title="bbox 2146 4420 3709 4493">
     <span class='ocr_line' id='line_1_105' title="bbox 2146 4420 3709 4493; baseline -0.003 -18"><span class='ocrx_word' id='word_1_799' title='bbox 2146 4423 2206 4475; x_wconf 82' lang='grc' dir='ltr'>τδ</span> <span class='ocrx_word' id='word_1_800' title='bbox 2239 4421 2428 4492; x_wconf 79' lang='grc' dir='ltr'>κέρδος</span> <span class='ocrx_word' id='word_1_801' title='bbox 2479 4422 2574 4474; x_wconf 78' lang='grc' dir='ltr'>καὶ</span> <span class='ocrx_word' id='word_1_802' title='bbox 2629 4420 2724 4490; x_wconf 78' lang='grc' dir='ltr'><strong>τὴν</strong></span> <span class='ocrx_word' id='word_1_803' title='bbox 2756 4420 3061 4489; x_wconf 58' lang='grc' dir='ltr'>ὠφέλειαν</span> <span class='ocrx_word' id='word_1_804' title='bbox 3105 4423 3166 4474; x_wconf 86' lang='grc' dir='ltr'><strong>ού</strong></span> <span class='ocrx_word' id='word_1_805' title='bbox 3198 4423 3306 4493; x_wconf 72' lang='grc' dir='ltr'><strong>γὰρ</strong></span> <span class='ocrx_word' id='word_1_806' title='bbox 3353 4424 3480 4493; x_wconf 72' lang='grc' dir='ltr'>εἰκῇ</span> <span class='ocrx_word' id='word_1_807' title='bbox 3529 4421 3617 4474; x_wconf 77' lang='grc' dir='ltr'>καὶ</span> <span class='ocrx_word' id='word_1_808' title='bbox 3644 4420 3709 4481; x_wconf 83' lang='grc' dir='ltr'>ὡς</span> 
     </span>
    </p>
   </div>
   <div class='ocr_carea' id='block_1_106' title="bbox 2147 4511 3706 4585">
    <p class='ocr_par' dir='ltr' id='par_1_106' title="bbox 2147 4511 3706 4585">
     <span class='ocr_line' id='line_1_106' title="bbox 2147 4511 3706 4585; baseline -0.001 -21"><span class='ocrx_word' id='word_1_809' title='bbox 2147 4512 2304 4581; x_wconf 81' lang='grc' dir='ltr'>ἔτυχε</span> <span class='ocrx_word' id='word_1_810' title='bbox 2336 4511 2505 4564; x_wconf 79' lang='grc' dir='ltr'>ταῦτα</span> <span class='ocrx_word' id='word_1_811' title='bbox 2554 4512 2997 4582; x_wconf 79' lang='grc' dir='ltr'>νενομοθέτηται,</span> <span class='ocrx_word' id='word_1_812' title='bbox 3033 4516 3125 4566; x_wconf 75' lang='grc' dir='ltr'>καὶ</span> <span class='ocrx_word' id='word_1_813' title='bbox 3167 4518 3231 4585; x_wconf 78' lang='grc' dir='ltr'>τῇ</span> <span class='ocrx_word' id='word_1_814' title='bbox 3278 4512 3375 4566; x_wconf 83' lang='grc' dir='ltr'>τοῦ</span> <span class='ocrx_word' id='word_1_815' title='bbox 3423 4514 3557 4567; x_wconf 79' lang='grc' dir='ltr'>Θεοῦ</span> <span class='ocrx_word' id='word_1_816' title='bbox 3597 4514 3706 4565; x_wconf 83' lang='grc' dir='ltr'><strong>Ἐκο</strong></span> 
     </span>
    </p>
   </div>
   <div class='ocr_carea' id='block_1_107' title="bbox 2147 4602 3708 4673">
    <p class='ocr_par' dir='ltr' id='par_1_107' title="bbox 2147 4602 3708 4673">
     <span class='ocr_line' id='line_1_107' title="bbox 2147 4602 3708 4673; baseline 0 -19"><span class='ocrx_word' id='word_1_817' title='bbox 2147 4603 2351 4673; x_wconf 72' lang='grc' dir='ltr'>κλησία</span> <span class='ocrx_word' id='word_1_818' title='bbox 2399 4602 2503 4654; x_wconf 81' lang='grc' dir='ltr'><strong>ὑπὸ</strong></span> <span class='ocrx_word' id='word_1_819' title='bbox 2548 4603 2658 4654; x_wconf 85' lang='grc' dir='ltr'>τῶν</span> <span class='ocrx_word' id='word_1_820' title='bbox 2696 4602 2863 4655; x_wconf 76' lang='grc' dir='ltr'>αὐτοῦ</span> <span class='ocrx_word' id='word_1_821' title='bbox 2923 4604 3218 4672; x_wconf 80' lang='grc' dir='ltr'>πανσόφων</span> <span class='ocrx_word' id='word_1_822' title='bbox 3254 4604 3515 4673; x_wconf 81' lang='grc' dir='ltr'>μαθητῶν</span> <span class='ocrx_word' id='word_1_823' title='bbox 3546 4621 3708 4670; x_wconf 81' lang='grc' dir='ltr'>παρα-</span> 
     </span>
    </p>
   </div>
   <div class='ocr_carea' id='block_1_108' title="bbox 2116 4696 3715 4768">
    <p class='ocr_par' dir='ltr' id='par_1_108' title="bbox 2116 4696 3715 4768">
     <span class='ocr_line' id='line_1_108' title="bbox 2116 4696 3715 4768; baseline -0.002 -19"><span class='ocrx_word' id='word_1_824' title='bbox 2116 4696 2357 4749; x_wconf 73' lang='grc' dir='ltr'>’δέδοται</span> <span class='ocrx_word' id='word_1_825' title='bbox 2385 4710 2399 4727; x_wconf 79' lang='lat'><strong>&#39;</strong></span> <span class='ocrx_word' id='word_1_826' title='bbox 2448 4697 2593 4765; x_wconf 73' lang='grc' dir='ltr'>φημὶ</span> <span class='ocrx_word' id='word_1_827' title='bbox 2640 4696 2703 4765; x_wconf 88' lang='grc' dir='ltr'>δὴ</span> <span class='ocrx_word' id='word_1_828' title='bbox 2733 4697 2794 4749; x_wconf 80' lang='grc' dir='ltr'><strong>τὸ</strong></span> <span class='ocrx_word' id='word_1_829' title='bbox 2827 4696 2918 4747; x_wconf 69' lang='grc' dir='ltr'>ἐπὶ</span> <span class='ocrx_word' id='word_1_830' title='bbox 2964 4696 3075 4749; x_wconf 85' lang='grc' dir='ltr'>τῶν</span> <span class='ocrx_word' id='word_1_831' title='bbox 3120 4698 3363 4768; x_wconf 80' lang='grc' dir='ltr'>φρικτῶν</span> <span class='ocrx_word' id='word_1_832' title='bbox 3415 4696 3715 4767; x_wconf 81' lang='grc' dir='ltr'>μυστηρίων</span> 
     </span>
    </p>
   </div>
   <div class='ocr_carea' id='block_1_109' title="bbox 2154 4788 3718 4859">
    <p class='ocr_par' dir='ltr' id='par_1_109' title="bbox 2154 4788 3718 4859">
     <span class='ocr_line' id='line_1_109' title="bbox 2154 4788 3718 4859; baseline -0.001 -20"><span class='ocrx_word' id='word_1_833' title='bbox 2154 4788 2319 4856; x_wconf 82' lang='grc' dir='ltr'>εὐχὰς</span> <span class='ocrx_word' id='word_1_834' title='bbox 2354 4790 2622 4842; x_wconf 85' lang='grc' dir='ltr'>ποιεῖσθαι</span> <span class='ocrx_word' id='word_1_835' title='bbox 2668 4788 2760 4840; x_wconf 80' lang='grc' dir='ltr'><strong>τὸν</strong></span> <span class='ocrx_word' id='word_1_836' title='bbox 2792 4788 2965 4857; x_wconf 59' lang='lat' dir='ltr'><strong>lapsa,</strong></span> <span class='ocrx_word' id='word_1_837' title='bbox 3007 4788 3150 4859; x_wconf 72' lang='grc' dir='ltr'>ὑπὲρ</span> <span class='ocrx_word' id='word_1_838' title='bbox 3180 4788 3285 4840; x_wconf 84' lang='grc' dir='ltr'><strong>τῶν</strong></span> <span class='ocrx_word' id='word_1_839' title='bbox 3320 4790 3379 4841; x_wconf 84' lang='grc' dir='ltr'>ὲν</span> <span class='ocrx_word' id='word_1_840' title='bbox 3424 4790 3601 4841; x_wconf 77' lang='grc' dir='ltr'>πίστει</span> <span class='ocrx_word' id='word_1_841' title='bbox 3639 4804 3718 4841; x_wconf 75' lang='grc' dir='ltr'>κε-</span> 
     </span>
    </p>
   </div>
   <div class='ocr_carea' id='block_1_110' title="bbox 2156 4880 3719 4950">
    <p class='ocr_par' dir='ltr' id='par_1_110' title="bbox 2156 4880 3719 4950">
     <span class='ocr_line' id='line_1_110' title="bbox 2156 4880 3719 4950; baseline -0.003 -15"><span class='ocrx_word' id='word_1_842' title='bbox 2156 4881 2544 4950; x_wconf 82' lang='grc' dir='ltr'>κοιμημένων·</span> <span class='ocrx_word' id='word_1_843' title='bbox 2603 4881 2751 4933; x_wconf 79' lang='grc' dir='ltr'>ἴσασι</span> <span class='ocrx_word' id='word_1_844' title='bbox 2783 4881 2831 4933; x_wconf 83' lang='grc' dir='ltr'><strong>δ’</strong></span> <span class='ocrx_word' id='word_1_845' title='bbox 2885 4882 3092 4945; x_wconf 76' lang='grc' dir='ltr'>αὐτοῖς,</span> <span class='ocrx_word' id='word_1_846' title='bbox 3143 4880 3279 4933; x_wconf 80' lang='grc' dir='ltr'>πολὺ</span> <span class='ocrx_word' id='word_1_847' title='bbox 3312 4880 3373 4933; x_wconf 83' lang='grc' dir='ltr'>τὸ</span> <span class='ocrx_word' id='word_1_848' title='bbox 3422 4880 3613 4949; x_wconf 79' lang='grc' dir='ltr'>κέρδος</span> <span class='ocrx_word' id='word_1_849' title='bbox 3660 4882 3719 4931; x_wconf 73' lang='grc' dir='ltr'>ἐκ</span> 
     </span>
    </p>
   </div>
   <div class='ocr_carea' id='block_1_111' title="bbox 2154 4972 3720 5044">
    <p class='ocr_par' dir='ltr' id='par_1_111' title="bbox 2154 4972 3720 5044">
     <span class='ocr_line' id='line_1_111' title="bbox 2154 4972 3720 5044; baseline -0.001 -18"><span class='ocrx_word' id='word_1_850' title='bbox 2154 4974 2346 5026; x_wconf 84' lang='grc' dir='ltr'>τούτου</span> <span class='ocrx_word' id='word_1_851' title='bbox 2395 4975 2488 5025; x_wconf 77' lang='grc' dir='ltr'>καὶ</span> <span class='ocrx_word' id='word_1_852' title='bbox 2534 4972 2735 5044; x_wconf 83' lang='grc' dir='ltr'>πολλὴν</span> <span class='ocrx_word' id='word_1_853' title='bbox 2788 4972 2887 5043; x_wconf 74' lang='grc' dir='ltr'><strong>τὴν</strong></span> <span class='ocrx_word' id='word_1_854' title='bbox 2930 4972 3217 5038; x_wconf 82' lang='grc' dir='ltr'>ὠφέλειαν.</span> <span class='ocrx_word' id='word_1_855' title='bbox 3263 4990 3280 5022; x_wconf 76' lang='grc' dir='ltr'><strong>ι</strong></span> <span class='ocrx_word' id='word_1_856' title='bbox 3333 4973 3579 5037; x_wconf 82' lang='grc' dir='ltr'>Ἀκούεις</span> <span class='ocrx_word' id='word_1_857' title='bbox 3633 4973 3720 5025; x_wconf 82' lang='grc' dir='ltr'>τοῦ</span> 
     </span>
    </p>
   </div>
   <div class='ocr_carea' id='block_1_112' title="bbox 2155 5062 3721 5133">
    <p class='ocr_par' dir='ltr' id='par_1_112' title="bbox 2155 5062 3721 5133">
     <span class='ocr_line' id='line_1_112' title="bbox 2155 5062 3721 5133; baseline 0.001 -17"><span class='ocrx_word' id='word_1_858' title='bbox 2155 5065 2373 5133; x_wconf 81' lang='grc' dir='ltr'>Χρυσοῦ</span> <span class='ocrx_word' id='word_1_859' title='bbox 2431 5064 2529 5132; x_wconf 79' lang='grc' dir='ltr'>τὴν</span> <span class='ocrx_word' id='word_1_860' title='bbox 2588 5062 2769 5132; x_wconf 73' lang='grc' dir='ltr'>ψυχὴν</span> <span class='ocrx_word' id='word_1_861' title='bbox 2824 5065 2920 5115; x_wconf 76' lang='grc' dir='ltr'>καὶ</span> <span class='ocrx_word' id='word_1_862' title='bbox 2968 5062 3067 5132; x_wconf 81' lang='grc' dir='ltr'><strong>τὴν</strong></span> <span class='ocrx_word' id='word_1_863' title='bbox 3109 5062 3380 5128; x_wconf 81' lang='grc' dir='ltr'>γλῶτταν,</span> <span class='ocrx_word' id='word_1_864' title='bbox 3434 5065 3530 5117; x_wconf 74' lang='grc' dir='ltr'>τοῦ</span> <span class='ocrx_word' id='word_1_865' title='bbox 3584 5066 3721 5117; x_wconf 85' lang='grc' dir='ltr'>θείου</span> 
     </span>
    </p>
   </div>
   <div class='ocr_carea' id='block_1_113' title="bbox 2158 5154 3725 5227">
    <p class='ocr_par' dir='ltr' id='par_1_113' title="bbox 2158 5154 3725 5227">
     <span class='ocr_line' id='line_1_113' title="bbox 2158 5154 3725 5227; baseline 0.001 -22"><span class='ocrx_word' id='word_1_866' title='bbox 2158 5156 2302 5224; x_wconf 79' lang='grc' dir='ltr'>φημὶ</span> <span class='ocrx_word' id='word_1_867' title='bbox 2342 5154 2615 5217; x_wconf 84' lang='grc' dir='ltr'>Ἰωάννου,</span> <span class='ocrx_word' id='word_1_868' title='bbox 2650 5155 2732 5206; x_wconf 82' lang='grc' dir='ltr'><strong>ὅτι</strong></span> <span class='ocrx_word' id='word_1_869' title='bbox 2778 5155 2824 5205; x_wconf 83' lang='grc' dir='ltr'>εἰ</span> <span class='ocrx_word' id='word_1_870' title='bbox 2855 5155 2955 5222; x_wconf 84' lang='grc' dir='ltr'>μὲν</span> <span class='ocrx_word' id='word_1_871' title='bbox 3002 5154 3052 5207; x_wconf 78' lang='grc' dir='ltr'><strong>οἱ</strong></span> <span class='ocrx_word' id='word_1_872' title='bbox 3079 5155 3298 5217; x_wconf 83' lang='grc' dir='ltr'>ἀσεϐεῖς</span> <span class='ocrx_word' id='word_1_873' title='bbox 3332 5156 3475 5227; x_wconf 79' lang='grc' dir='ltr'>ὑπὲρ</span> <span class='ocrx_word' id='word_1_874' title='bbox 3516 5158 3725 5209; x_wconf 74' lang='grc' dir='ltr'>ἀσεϐῶν</span> 
     </span>
    </p>
   </div>
   <div class='ocr_carea' id='block_1_114' title="bbox 2156 5245 3723 5321">
    <p class='ocr_par' dir='ltr' id='par_1_114' title="bbox 2156 5245 3723 5321">
     <span class='ocr_line' id='line_1_114' title="bbox 2156 5245 3723 5321; baseline 0.002 -23"><span class='ocrx_word' id='word_1_875' title='bbox 2156 5248 2393 5311; x_wconf 82' lang='grc' dir='ltr'>ποιοῦσι,</span> <span class='ocrx_word' id='word_1_876' title='bbox 2430 5248 2580 5312; x_wconf 87' lang='grc' dir='ltr'>πόσῳ</span> <span class='ocrx_word' id='word_1_877' title='bbox 2608 5263 2669 5313; x_wconf 86' lang='grc' dir='ltr'><strong>γε</strong></span> <span class='ocrx_word' id='word_1_878' title='bbox 2714 5245 2917 5314; x_wconf 82' lang='grc' dir='ltr'>μᾶλλον</span> <span class='ocrx_word' id='word_1_879' title='bbox 2944 5246 3104 5315; x_wconf 73' lang='grc' dir='ltr'>ἡμεῖς</span> <span class='ocrx_word' id='word_1_880' title='bbox 3132 5248 3179 5300; x_wconf 77' lang='grc' dir='ltr'>οἱ</span> <span class='ocrx_word' id='word_1_881' title='bbox 3214 5249 3416 5311; x_wconf 65' lang='grc' dir='ltr'>πιστοὶ,</span> <span class='ocrx_word' id='word_1_882' title='bbox 3452 5250 3591 5321; x_wconf 74' lang='grc' dir='ltr'>ὑπὲρ</span> <span class='ocrx_word' id='word_1_883' title='bbox 3619 5250 3723 5301; x_wconf 80' lang='grc' dir='ltr'>τῶν</span> 
     </span>
    </p>
   </div>
   <div class='ocr_carea' id='block_1_115' title="bbox 2154 5336 3727 5407">
    <p class='ocr_par' dir='ltr' id='par_1_115' title="bbox 2154 5336 3727 5407">
     <span class='ocr_line' id='line_1_115' title="bbox 2154 5336 3727 5407; baseline 0.001 -18"><span class='ocrx_word' id='word_1_884' title='bbox 2154 5341 2365 5391; x_wconf 78' lang='grc' dir='ltr'>πιστῶν</span> <span class='ocrx_word' id='word_1_885' title='bbox 2405 5340 2579 5391; x_wconf 86' lang='grc' dir='ltr'>ποιεῖν</span> <span class='ocrx_word' id='word_1_886' title='bbox 2608 5336 2893 5405; x_wconf 80' lang='grc' dir='ltr'>ὀφείλομεν</span> <span class='ocrx_word' id='word_1_887' title='bbox 2918 5352 2933 5404; x_wconf 90' lang='grc'><strong>;</strong></span> <span class='ocrx_word' id='word_1_888' title='bbox 2962 5339 3054 5389; x_wconf 67' lang='grc' dir='ltr'>καὶ</span> <span class='ocrx_word' id='word_1_889' title='bbox 3084 5339 3180 5407; x_wconf 81' lang='grc' dir='ltr'><strong>οὐχ</strong></span> <span class='ocrx_word' id='word_1_890' title='bbox 3209 5340 3289 5391; x_wconf 83' lang='grc' dir='ltr'>ὅτι</span> <span class='ocrx_word' id='word_1_891' title='bbox 3338 5342 3420 5400; x_wconf 82' lang='grc' dir='ltr'><strong>είς</strong></span> <span class='ocrx_word' id='word_1_892' title='bbox 3451 5343 3727 5395; x_wconf 73' lang='grc' dir='ltr'>ἀπώλειαν</span> 
     </span>
    </p>
   </div>
   <div class='ocr_carea' id='block_1_116' title="bbox 2155 5429 3724 5501">
    <p class='ocr_par' dir='ltr' id='par_1_116' title="bbox 2155 5429 3724 5501">
     <span class='ocr_line' id='line_1_116' title="bbox 2155 5429 3724 5501; baseline 0.002 -20"><span class='ocrx_word' id='word_1_893' title='bbox 2155 5431 2328 5483; x_wconf 74' lang='grc' dir='ltr'>ταῦτα</span> <span class='ocrx_word' id='word_1_894' title='bbox 2362 5431 2549 5497; x_wconf 76' lang='grc' dir='ltr'>ὥσπερ</span> <span class='ocrx_word' id='word_1_895' title='bbox 2584 5430 2787 5493; x_wconf 82' lang='grc' dir='ltr'>ἐκεῖνα,</span> <span class='ocrx_word' id='word_1_896' title='bbox 2832 5429 2949 5481; x_wconf 83' lang='grc' dir='ltr'>ἀλλ’</span> <span class='ocrx_word' id='word_1_897' title='bbox 2977 5430 3057 5481; x_wconf 82' lang='grc' dir='ltr'><strong>ὃτι</strong></span> <span class='ocrx_word' id='word_1_898' title='bbox 3103 5429 3281 5497; x_wconf 79' lang='grc' dir='ltr'>μείζω</span> <span class='ocrx_word' id='word_1_899' title='bbox 3309 5432 3469 5498; x_wconf 78' lang='grc' dir='ltr'>δόξαν</span> <span class='ocrx_word' id='word_1_900' title='bbox 3502 5434 3724 5501; x_wconf 57' lang='lat' dir='ltr'><strong>apocri-</strong></span> 
     </span>
    </p>
   </div>
   <div class='ocr_carea' id='block_1_117' title="bbox 2158 5523 3726 5595">
    <p class='ocr_par' dir='ltr' id='par_1_117' title="bbox 2158 5523 3726 5595">
     <span class='ocr_line' id='line_1_117' title="bbox 2158 5523 3726 5595; baseline 0.004 -22"><span class='ocrx_word' id='word_1_901' title='bbox 2158 5526 2323 5590; x_wconf 83' lang='grc' dir='ltr'>θεμεν</span> <span class='ocrx_word' id='word_1_902' title='bbox 2388 5523 2466 5590; x_wconf 80' lang='grc' dir='ltr'><strong>τῷ</strong></span> <span class='ocrx_word' id='word_1_903' title='bbox 2522 5524 2943 5591; x_wconf 80' lang='grc' dir='ltr'><strong>κεκοιμημένῳ⁹</strong></span> <span class='ocrx_word' id='word_1_904' title='bbox 3000 5524 3093 5574; x_wconf 73' lang='grc' dir='ltr'><strong>καὶ</strong></span> <span class='ocrx_word' id='word_1_905' title='bbox 3145 5524 3193 5574; x_wconf 87' lang='grc' dir='ltr'>εἰ</span> <span class='ocrx_word' id='word_1_906' title='bbox 3248 5526 3347 5591; x_wconf 84' lang='grc' dir='ltr'>μὲν</span> <span class='ocrx_word' id='word_1_907' title='bbox 3403 5527 3726 5595; x_wconf 73' lang='grc' dir='ltr'>ἁμαρτωλός</span> 
     </span>
    </p>
   </div>
   <div class='ocr_carea' id='block_1_118' title="bbox 2158 5614 3721 5687">
    <p class='ocr_par' dir='ltr' id='par_1_118' title="bbox 2158 5614 3721 5687">
     <span class='ocr_line' id='line_1_118' title="bbox 2158 5614 3721 5687; baseline 0.003 -21"><span class='ocrx_word' id='word_1_908' title='bbox 2158 5617 2292 5678; x_wconf 75' lang='grc' dir='ltr'>ἐστι,</span> <span class='ocrx_word' id='word_1_909' title='bbox 2331 5614 2667 5684; x_wconf 80' lang='grc' dir='ltr'>καθαίρομεν</span> <span class='ocrx_word' id='word_1_910' title='bbox 2706 5614 2870 5669; x_wconf 74' lang='grc' dir='ltr'>αὐτοῦ</span> <span class='ocrx_word' id='word_1_911' title='bbox 2906 5616 2973 5668; x_wconf 86' lang='grc' dir='ltr'><strong>τά</strong></span> <span class='ocrx_word' id='word_1_912' title='bbox 3026 5616 3404 5687; x_wconf 74' lang='grc' dir='ltr'>ἁμαρτήματα</span> <span class='ocrx_word' id='word_1_913' title='bbox 3461 5622 3556 5672; x_wconf 70' lang='grc' dir='ltr'><strong>καὶ</strong></span> <span class='ocrx_word' id='word_1_914' title='bbox 3602 5618 3721 5671; x_wconf 72' lang='grc' dir='ltr'>λύο-</span> 
     </span>
    </p>
   </div>
  </div>
