3978 6204
234 276 361 344 1241

935 274 1081 335 ΡΒΟ
1108 272 1317 335 CONC.
1353 270 1721 333 FLORENT.
1764 273 1920 334 CAP.
1974 273 2088 333 III.
2127 274 2224 334 DE
2259 272 2781 335 PURGATORIO.

3342 278 3477 344 12i2

235 418 335 468 μεν
366 394 526 449 αὐτὸν
554 392 647 446 τοῦ
694 393 930 461 δεσμοῦο
961 392 1055 445 καὶ
1096 392 1371 460 ἀνάγομεν
1424 393 1487 445 ὲκ
1530 391 1625 445 τοῦ
1675 390 1799 443 σκό-

1908 390 2255 452 adhibemus,
2285 398 2339 444 et
2378 389 2454 444 illi
2485 405 2678 459 magna
2704 389 2992 444 commoda
3025 398 3076 443 et
3120 390 3474 445 ιιιίιίιειιυςςιί-

230 507 396 551 τους·
428 489 519 541 καλ⁸
566 487 675 539 τῶν
719 484 971 554 δακρύων
1017 486 1113 538 καὶ
1168 484 1488 553 στεναγμῶν
1533 484 1627 537 τοῦ
1672 484 1801 554 ᾅδου

232 580 555 650 λυτροῦμεν.
588 579 651 631 Ei
685 576 743 629 δὲ
789 576 1015 641 δίκαιος,
1047 576 1107 628 ού
1156 575 1462 644 λυτροῦμεν
1512 576 1676 629 αὑτὸν
1705 573 1803 627 τοῦ

233 676 480 736 σκότους,
510 673 622 726 οὐδ’
674 670 984 739 ἀπολύομεν
1016 671 1122 723 τῶν
1169 669 1406 737 δεσμῶν,
1436 670 1554 723 οὐδὲ
1605 669 1803 723 καθαίο

235 783 403 834 ρομεν
431 763 596 817 αὐτοῦ
619 763 689 816 τὰ
712 764 1109 834 ἁμαρτήματα,
1137 761 1275 814 ἀλλά
1303 761 1623 831 προσθήκην
1649 760 1805 829 δόξης

235 852 385 921 αὐτῷ
420 852 807 920 περιτίθεμεν·
841 852 936 904 καὶ
966 851 1048 904 ὅτι
1100 852 1346 920 μεγάλην
1380 852 1564 914 αὐτοῖς
1608 851 1804 920 προξε-

236 944 433 1012 νοῦμεν
463 944 650 1013 ὄνησιν
680 945 772 995 καὶ
814 943 1104 1010 ὠφέλειαν.
1133 942 1243 996 Ποῦ
1290 944 1429 996 εἰσιν
1458 944 1506 995 oi
1556 942 1804 1010 λέγοντες

240 1034 316 1104 μὴ
343 1030 484 1088 εἶναι
519 1035 786 1103 κάθαρσιν
814 1034 1001 1103 ψυχῶν
1030 1035 1169 1102 μετά
1199 1035 1460 1099 θάνατον;
1504 1034 1634 1088 Ἰδοὺ
1662 1035 1805 1101 Χρυ-

238 1127 501 1196 σόστομος
533 1127 751 1194 φάσκει,
776 1128 875 1179 ούκ
911 1128 1127 1196 ἔχουσιν
1158 1129 1457 1181 ἀντειπεῖν.
1503 1126 1663 1181 Ἀλλά
1698 1130 1799 1183 καὶ

233 1218 263 1271 ὁ
304 1220 577 1285 πάνσοφος
634 1213 791 1281 αὖθις
854 1218 1152 1272 Νυσσαέων
1214 1203 1539 1287 Γρηγόριος,
1593 1216 1804 1279 τούτοις

234 1311 401 1362 οἱονεὶ
456 1310 766 1379 μαχόμενός
823 1327 1037 1379 φησιν*
1094 1311 1263 1367 Οὐδὲν
1315 1311 1619 1379 ἀλογίστως
1684 1312 1805 1365 οὐδὲ

234 1403 502 1471 ἀκερδῶς,
532 1402 635 1454 ὑπὸ
670 1403 777 1455 τῶν
806 1402 899 1455 τοῦ
930 1403 1171 1471 Χριστοῦ
1218 1404 1477 1472 κηρύκων
1510 1404 1603 1456 καὶ
1628 1405 1805 1472 μαθη-

234 1495 345 1547 τῶν
396 1495 793 1564 παραδέδοται·
822 1495 957 1547 ἀλλὰ
1006 1496 1066 1547 τὸ
1106 1497 1341 1565 πρᾶγμα
1390 1497 1605 1556 πάντως
1657 1498 1804 1549 ἐπω-

232 1585 391 1651 φελὲς
442 1588 538 1639 καὶ
591 1586 923 1654 θεάρεστονο
958 1586 1019 1639 τδ
1065 1587 1287 1656 μνήμην
1330 1587 1574 1657 δηλονότι
1631 1590 1804 1641 ποιεῖν

232 1679 325 1727 ἐπὶ
356 1677 456 1744 τῆς
503 1677 653 1739 θείας
686 1678 779 1729 καὶ
815 1679 1109 1747 παμφαοῦς
1160 1680 1575 1748 μυσταγωγίας,
1607 1679 1714 1732 τῶν
1746 1681 1806 1732 ἐν

229 1770 364 1839 ὀρθῇ
418 1770 598 1822 πίστει
649 1771 1093 1840 κεκοιμημένων.
1154 1772 1400 1835 ’Δκούεις
1444 1773 1539 1827 καὶ
1588 1773 1802 1839 τούτου,

228 1862 310 1911 ὅτι
331 1860 480 1913 οὐδὲν
504 1863 697 1929 ποιεῖή
736 1861 1029 1931 Ἐκκλησία
1048 1862 1219 1933 χωρὶς
1236 1863 1393 1930 λόγου
1428 1881 1440 1929 ;
1465 1844 1599 1918 ἀλλὰ
1625 1865 1804 1919 πάντα

232 1952 374 2015 μετά
416 1949 599 2015 λόγου,
650 1951 747 2003 καὶ
791 1951 901 2003 ἀπὸ
933 1952 1288 2020 παραδόσεως
1320 1953 1425 2005 τῶν
1463 1954 1626 2021 ἱερῶν
1675 1956 1807 2006 ἀπο-

229 2041 433 2093 στόλων
459 2056 474 2071 '
505 2042 597 2095 καὶ
622 2042 682 2094 τὸ
707 2045 881 2095 ποιεῖν
917 2044 1109 2108 μνείαν
1136 2046 1193 2097 ἐν
1221 2047 1341 2106 ταῖς
1381 2045 1802 2113 ίεροτελεστίαις

229 2133 371 2201 ὑπὲρ
411 2133 519 2184 τῶν
544 2132 751 2195 πιστῶς
776 2135 1172 2204 κοιμηθέντων,
1199 2135 1319 2188 λίαν
1349 2137 1495 2190 ἐστὶν
1525 2137 1803 2205 ὲποιφελὲς

228 2225 322 2277 καὶ
349 2224 427 2293 τῷ
465 2224 582 2293 Θεῷ
614 2225 846 2290 ἀρεστόν
868 2242 880 2255 ’
921 2226 1067 2278 θέλει
1095 2226 1202 2295 γὰρ
1236 2228 1452 2281 πάντων
1481 2229 1581 2297 τὴν
1625 2245 1801 2295 σωτη-

232 2316 355 2382 ρίαν
385 2315 413 2367 ό
451 2314 746 2383 φιλόψυχος
797 2317 890 2368 καὶ
925 2316 1225 2383 φιλάγαθος
1265 2320 1359 2370 καὶ
1396 2321 1803 2388 πανοικτίρμων

226 2406 378 2468 Θεός.
411 2407 484 2459 Τὸ
506 2406 615 2477 γάρ
645 2408 818 2460 εἰπεῖν
848 2410 938 2459 τὸν
986 2410 1295 2477 προφήτην,
1328 2410 1440 2473 ὅτι,
1479 2410 1550 2463 Σὺ
1593 2408 1803 2462 ἀποδώ-

229 2515 341 2560 σεις
374 2498 593 2568 ἑκάστῳ
626 2498 765 2550 κατὰ
794 2497 862 2550 τὰ
894 2499 1028 2567 ἔργα
1060 2498 1224 2552 αὐτοῦ
1254 2514 1267 2527 ⁸
1299 2501 1414 2563 καὶ,
1444 2499 1662 2570 Θερίσει
1696 2501 1803 2563 πᾶς

226 2608 311 2653 τις
355 2590 383 2642 ὃ
429 2592 686 2661 ἔσπειρε·
724 2593 817 2645 καὶ
846 2591 911 2644 τά
958 2594 1161 2645 τούτων
1198 2592 1490 2655 ἀκόλουθα,
1547 2594 1804 2663 περὶτῆς

228 2684 532 2753 παρουσίας
550 2684 769 2747 πάντως
792 2684 885 2737 τοῦ
910 2685 1149 2748 κτίστου,
1179 2686 1273 2737 καὶ
1297 2685 1393 2752 τῆς
1417 2686 1539 2737 τότε
1565 2685 1805 2753 φρικτῆς

229 2773 560 2839 ἁποςάσεως
585 2774 827 2842 εἴρηται,
855 2776 947 2827 καὶ
977 2775 1076 2842 τῆς
1117 2776 1210 2828 τοῦ
1241 2776 1446 2844 κόσμου
1478 2776 1632 2828 τοῦδε
1666 2794 1804 2845 συμο

229 2861 617 2933 περατὼσεως.
650 2864 784 2918 Τότε
817 2867 925 2934 γὰρ
958 2868 1094 2927 ὅλως
1126 2867 1379 2936 βοηθείας
1401 2867 1500 2920 ούκ
1528 2868 1643 2920 ἔστι
1682 2886 1807 2923 και-

231 2955 326 3023 ρός
350 2971 363 2983 ·
402 2955 537 3008 ἀλλά
572 2957 723 3008 πᾶσα
774 2957 1119 3025 παράκλησις
1149 2958 1453 3027 ἄπρακτος.
1483 2958 1597 3025 Τῆς
1626 2975 1804 3028 πανη-

1908 481 2154 537 fcritnus.
2193 481 2293 537 Ubi
2330 491 2459 536 sunt
2488 482 2581 548 qui
2615 484 2915 535 animarum
2941 490 3063 548 post
3096 493 3323 537 mortem
3350 500 3474 551 pur-

1907 573 2177 640 gationem
2206 588 2312 627 non
2341 574 2571 627 inveniri
2604 574 2794 628 dicunt
2823 575 2846 627 ?
2882 575 3021 629 Ecce
3054 576 3476 645 Cbrysostornus

1907 661 2059 725 dicit,
2103 678 2201 716 nec
2240 671 2421 730 potest
2455 664 2505 717 ei
2524 665 2862 727 fcontradici.
2903 664 3006 718 Sed
3039 666 3476 734 sapientissimus
3526 670 3533 734 ξ

1908 753 2106 808 iterum
2140 755 2486 825 Nyssteorum
2511 756 2818 824 episcopus,
2847 756 3010 809 veluti
3043 772 3167 810 cum
3191 758 3273 813 his
3297 759 3477 813 verbis

1908 842 2194 900 decertans
2252 848 2377 903 ait;
2438 866 2455 897 ι
2493 846 2640 901 Nihil
2691 848 2999 903 inconsulto
3055 864 3231 917 neque
3269 850 3479 919 absque

1908 936 2278 991 emolumento
2305 953 2333 991 a
2364 937 2565 991 Chriin
2606 940 2948 1007 praeconibus
2974 948 3030 994 et
3060 941 3343 1009 discipulis
3371 952 3480 996 tra-

1908 1027 2081 1079 ditum
2111 1036 2214 1092 est,
2248 1028 2342 1083 sed
2368 1045 2453 1083 res
2474 1030 2631 1096 plena
2660 1030 2908 1085 utilitatis
2932 1039 3016 1085 est
3058 1032 3276 1101 Dcoque
3316 1046 3475 1087 acce-

1907 1127 2019 1187 pta,
2048 1136 2067 1169 ι
2097 1120 2553 1175 commemoratio
2598 1121 2851 1177 videlicet
2878 1137 2999 1191 qua:
3046 1123 3278 1178 habetur
3310 1125 3361 1178 in
3393 1125 3479 1180 di-

1908 1210 2035 1265 vino
2070 1220 2122 1265 et
2145 1211 2454 1265 admirabili
2490 1212 2765 1266 sacriﬁcio
2806 1230 2903 1282 pro
2939 1215 3022 1268 his
3047 1216 3137 1283 qui
3164 1216 3214 1269 in
3246 1216 3349 1270 lide
3372 1217 3473 1271 ob-

1910 1300 2272 1357 dormieruut.
2313 1301 2486 1356 Audis
2523 1300 2736 1357 Patrem
2764 1304 2925 1367 hunc,
2943 1304 3087 1373 quod
3126 1304 3258 1358 nihil
3290 1306 3478 1358 incon-

1910 1393 2074 1457 sulto,
2102 1394 2194 1447 sed
2230 1396 2377 1447 omni
2419 1410 2539 1448 cum
2578 1395 3054 1450 animadversione
3101 1406 3157 1452 et
3192 1412 3256 1452 ex
3307 1398 3476 1451 tradi-

1912 1486 2059 1539 tione
2083 1495 2399 1539 sanctorum
2427 1487 2793 1555 apostolorum
2816 1487 2924 1556 agit
2945 1488 3206 1552 Ecclesia,
3224 1488 3478 1558 quodque

1912 1580 1964 1631 in
2000 1578 2206 1633 divinis
2236 1577 2433 1634 olﬁciis
2464 1580 2528 1633 de
2562 1579 2809 1634 ﬁdelibus
2838 1581 3069 1634 mortuis
3084 1596 3478 1636 commemora-

1909 1670 2106 1724 tionem
2130 1668 2307 1724 facere
2332 1680 2413 1726 est
2450 1672 2578 1727 utile
2628 1672 2917 1727 admodum
2952 1688 3016 1727 ac
3074 1673 3183 1727 Deo
3211 1684 3422 1743 gratum
3454 1675 3478 1726 ?

1908 1760 2033 1814 Vult
2063 1762 2469 1815 enimomnium
2502 1762 2733 1817 salutem
2767 1766 3168 1831 animarum,et
3209 1766 3476 1819 bonorum

1909 1862 2121 1908 amator
2157 1862 2212 1906 el
2239 1854 2469 1909 dilector
2502 1863 2557 1908 et
2595 1855 2908 1912 misericors
2942 1856 3107 1911 Deus.
3154 1857 3289 1910 Nam
3328 1857 3475 1925 quod

1908 1943 2038 1997 dicit
2067 1943 2354 2012 propheta,
2389 1945 2535 2015 quod
2604 1945 2899 2014 unicuique
2949 1947 3136 2001 reddet
3173 1948 3473 2001 secundum

1906 2048 2070 2101 opera
2101 2034 2241 2101 ejus,
2277 2043 2330 2088 et
2396 2043 2559 2088 metet
2609 2034 2839 2103 quisque
2884 2035 3027 2102 quod
3088 2034 3395 2097 seminavit,
3425 2043 3480 2084 ct

1906 2140 2026 2201 qum
2047 2136 2370 2192 sequuntur,
2419 2126 2485 2179 de
2525 2126 2759 2181 adventu
2793 2127 3015 2180 omnino
3037 2125 3371 2187 Conditoris,
3421 2133 3477 2177 et

1906 2217 1974 2269 de
2007 2231 2070 2269 eo
2124 2218 2407 2273 tremendo
2440 2216 2649 2285 judicio
2713 2216 2918 2272 dictum
2979 2228 3083 2282 est,
3114 2228 3168 2271 et
3199 2217 3266 2271 de
3314 2216 3477 2285 hujus

1906 2308 2091 2361 mundi
2125 2309 2618 2371 consummatione,
2657 2309 2782 2377 quia
2842 2319 2974 2363 tunc
3016 2309 3203 2362 auxilii
3256 2318 3472 2375 tempus

1905 2398 2185 2468 praeteriit,
2219 2408 2273 2453 et
2312 2400 2489 2453 omnis
2510 2399 2794 2453 advocatio
2816 2400 3061 2465 inutilis;
3092 2415 3215 2453 nam
3246 2398 3475 2459 dimisso

1906 2500 2180 2547 conventu
2233 2491 2443 2545 tollitur
2498 2491 2885 2561 negotiationis
2927 2492 3337 2556 commercium,
3368 2501 3473 2556 Ubi

1907 2592 2036 2636 tunc
2070 2583 2373 2651 pauperes?
2401 2583 2497 2640 ubi
2522 2582 2837 2643 sacriﬁcia?
2874 2583 2964 2644 ubi
2995 2591 3311 2659 psalmodiac
3328 2592 3472 2648 ?.ubi

1908 2673 2050 2730 bona
2075 2684 2239 2747 o-pL‘ra
2267 2673 2290 2729 ?
2322 2677 2534 2732 Idcirco
2563 2686 2688 2733 ante
2737 2679 2865 2735 illud
2914 2689 3128 2749 tempus
3162 2690 3349 2735 mutuo
3380 2698 3475 2736 no-

1906 2767 1988 2823 bis
2024 2769 2376 2837 opitulemur,
2415 2779 2469 2822 et
2501 2767 2716 2823 Christo
2750 2769 2878 2833 Deo,
2912 2770 3163 2833 fratrum,
3190 2771 3473 2824 hominum

1903 2870 1958 2917 et
1994 2862 2301 2917 animarum
2344 2863 2598 2925 amatori,
2645 2862 2900 2918 fraternae
2963 2864 3248 2920 charitatis
3299 2865 3474 2919 ollicia

1905 2967 2225 3024 prtestetnus
2264 2971 2280 3019 ;
2315 2970 2438 3008 nam
2474 2956 2706 3010 libenter
2778 2957 3066 3010 admodum
3112 2956 3338 3026 recipit,
3382 2972 3477 3011 ett-

230 3046 448 3116 γύρεως
509 3046 617 3116 γὰρ
677 3047 1059 3117 διαλυθείσης,
1121 3049 1220 3105 οὐκ
1272 3049 1354 3101 ἔτι
1413 3050 1799 3119 πραγματείας

1908 3046 2096 3114 pitque
2124 3054 2185 3101 ut
2233 3056 2507 3125 petamus,
2567 3057 2623 3101 ut
2654 3048 2828 3103 nostri
2871 3063 3061 3103 amans
3100 3047 3397 3115 Dominus;
3428 3051 3475 3105 is

231 3137 579 3207 ἑμπόρευμα.
618 3138 729 3190 Ποῦ
754 3138 862 3206 γάρ
891 3140 941 3191 οἱ
973 3140 1202 3207 πένητες
1234 3140 1353 3193 τότε
1380 3154 1393 3169 ⁸
1424 3139 1525 3192 ποῦ
1560 3142 1803 3209 λειτουρ-

226 3230 382 3295 γίαι;
440 3228 544 3280 ποῦ
583 3227 933 3296 ψαλμῳδίαι;
964 3229 1068 3280 ποῦ
1108 3230 1385 3293 εύποιῖαις
1436 3231 1515 3281 διὸ
1565 3231 1668 3296 πρὸ
1708 3233 1804 3296 τῆς

224 3318 374 3386 ὥρας
427 3319 679 3387 ἐκείνης,
728 3317 979 3387 ἀλλήλοις
1032 3320 1529 3386 ὲπικουρήσωμεν’
1588 3322 1682 3372 καὶ
1725 3320 1804 3389 τῷ

224 3409 539 3477 φιλαδέλφῳ
585 3407 679 3460 καὶ
716 3407 1083 3475 φιλανθρώπῳ
1122 3408 1215 3460 καὶ
1260 3410 1542 3477 φιλοψύχῳ
1574 3409 1797 3477 Χριστῷ

220 3499 302 3567 τῷ
333 3496 476 3566 Θεῷ,
506 3498 572 3549 τὰ
598 3497 697 3562 τῆς
741 3496 1096 3565 φιλαδελφίας
1130 3497 1508 3565 προσοίσωμεν
1535 3513 1547 3526 '
1586 3497 1800 3566 δέχεται

1904 3152 2033 3192 vero
2057 3137 2217 3191 veluti
2247 3137 2406 3193 dator
2442 3138 2731 3192 muniﬁcus
2748 3137 3028 3192 exhibebit
3066 3155 3185 3208 quae
3210 3154 3305 3208 pro
3338 3140 3478 3193 alte-

1905 3230 2019 3281 rius
2056 3228 2228 3280 salute
2260 3228 2606 3294 postulantur
2644 3243 2819 3295 eoque
2855 3237 3095 3295 tempore
3156 3232 3473 3296 plenissime

1906 3316 2160 3377 ﬂectitur,
2188 3331 2293 3368 non
2310 3303 2481 3368 solum
2508 3318 2722 3383 quando
2753 3316 2875 3383 quis
2906 3317 2971 3369 dc
2991 3330 3084 3370 Sua
3109 3317 3287 3368 anima
3322 3318 3476 3372 solli-

1908 3408 2047 3460 citus
2078 3416 2179 3465 est,
2219 3420 2405 3458 verum
2439 3407 2837 3477 etiamquaudo
2890 3422 2986 3475 pro
3021 3406 3253 3474 proximi
3290 3408 3473 3462 anima

1910 3495 2056 3549 omni
2094 3496 2277 3551 studio
2302 3496 2533 3551 laborat.

222 3594 335 3661 γὰρ
394 3588 453 3644 εὖ
490 3583 683 3659 μάλατ
738 3592 882 3644 θέλει
944 3590 1044 3659 μὲν
1120 3592 1285 3653 αὐτὸς
1357 3589 1432 3652 ὡς
1489 3590 1866 3659 φιλάνθρωπος
1900 3590 2047 3656 ἡμᾶς
2081 3590 2252 3641 αίτεῖν
2276 3607 2289 3619 ·
2324 3589 2485 3651 αὐτὸς
2509 3590 2562 3642 δὲ
2609 3585 2693 3642 οἶα
2731 3589 2890 3659 δοτὴρ
2927 3591 3177 3660 ἄφθονος,
3211 3592 3475 3661 ἀπονέμει

224 3689 440 3759 ἑκάστῳ
470 3690 538 3742 τά
564 3689 700 3758 πρὸς
731 3687 1009 3756 σωτηρίαν
1035 3686 1329 3755 αἰτούμενα
1352 3702 1365 3713 ⁸
1394 3687 1484 3738 καὶ
1540 3686 1658 3738 τότε
1706 3686 1836 3753 ἡμῖν
1876 3685 2073 3746 όλικῶς
2124 3685 2553 3753 ὲπικάμπτεται,
2604 3687 2701 3755 οὐχ
2746 3687 2873 3740 ὅταν
2903 3705 2985 3750 τις
3018 3686 3177 3757 μόνον
3204 3687 3344 3760 ὑπὲρ
3374 3689 3474 3755 τῆς

229 3785 367 3845 ἰδίας
408 3781 585 3850 ψυχῆς
621 3779 972 3848 ἀγωνίζεται,
1032 3779 1146 3831 ἀλλ’
1183 3780 1311 3832 ὅταν
1357 3779 1449 3830 καὶ
1474 3776 1617 3844 ὑπὲρ
1667 3774 1761 3828 τοῦ
1798 3775 1970 3838 πέλας
2005 3776 2162 3829 τοῦτο
2194 3776 2487 3847 προθύμως
2521 3777 2835 3847 ἐργάζεται.
3056 3792 3061 3797 ‘

967 3878 1037 3925 Ν.

298 3968 362 4019 Τί
387 3966 443 4017 δὲ
497 3965 591 4019 καῖ⁵
630 3966 661 4034 ἡ
706 3965 843 4033 μετὰ
888 3964 983 4016 τὸν
1036 3962 1323 4030 Μακάριον
1377 3960 1585 4028 ίστορία
1616 3958 1801 4029 δηλοῖ·

224 4059 359 4110 εταν
382 4056 442 4110 τὸ
476 4054 639 4125 ξηρὸν
672 4054 893 4121 κρανίον
919 4052 1202 4122 ἠρώτησεν
1229 4052 1368 4119 ὑπὲρ
1394 4050 1502 4101 τῶν
1535 4066 1800 4117 κεκοιμη-

227 4149 427 4218 μένων,
465 4148 514 4199 εί
564 4146 925 4198 αίσθάνωνται
970 4144 1097 4195 ὅταν
1122 4159 1205 4204 τις
1234 4141 1376 4208 νπὲρ
1409 4138 1588 4192 αὐτῶν
1621 4154 1797 4208 προσ·

224 4244 491 4308 summit
534 4239 634 4292 οὐκ
690 4236 1005 4305 ἀπελογήθη
1080 4236 1142 4288 τὸ
1202 4235 1367 4304 ξηρὸν
1422 4232 1659 4297 ὀστοῦν,
1714 4234 1798 4285 ὅτι

227 4333 475 4401 μεγάλην
519 4332 703 4384 ἄνεσιν
736 4331 831 4382 καὶ
877 4327 1166 4397 ἀνακωχὴν
1209 4328 1447 4396 ἔχουσιν,
1484 4328 1613 4379 ὅταν
1654 4308 1797 4392 ὑπὲρ

2659 3873 2747 3930 lV.

1981 3964 2118 4029 Quid
2149 3972 2329 4020 autem
2371 3975 2424 4019 et
2447 3966 2671 4020 historia
2702 3982 2821 4032 qlia:
2855 3967 2917 4020 de
2954 3967 3186 4023 Macario
3216 3980 3470 4023 narratur

1908 4056 2168 4120 ostendit,
2202 4054 2420 4122 quando
2450 4056 2655 4110 aridam
2681 4060 2972 4111 calvariam
3005 4069 3351 4125 percontatus
3370 4072 3472 4117 est.

1904 4161 1972 4199 an
2002 4146 2290 4201 sitsensus
2328 4147 2555 4201 mortuis
2591 4162 2713 4200 cum
2751 4164 2846 4214 pro
2891 4148 2954 4201 iis
2996 4150 3255 4203 oramus?
3284 4148 3473 4204 Nonne

1902 4238 2183 4306 respondit
2212 4238 2423 4291 aridum
2461 4254 2543 4300 os.
2580 4254 2831 4309 magnum
2863 4240 3103 4293 levamen
3144 4250 3194 4292 ct
3227 4242 3411 4309 requie
3436 4260 3464 4291 ιι

1900 4331 2120 4395 sentire,
2141 4331 2361 4399 quando
2385 4348 2481 4400 pro
2507 4332 2572 4385 iis
2600 4333 2656 4385 lit
2685 4334 3131 4387 commemoratio
3157 4333 3179 4384 ?
3208 4331 3471 4384 Praeterea

222 4422 403 4475 αὐτῶν
436 4422 596 4490 μνεία
627 4422 881 4491 γίνηται;
909 4421 1027 4473 Ἔτι
1049 4421 1104 4473 δὲ
1135 4422 1228 4473 καὶ
1263 4422 1321 4472 ὲν
1354 4421 1467 4491 τοῖς
1491 4418 1597 4470 τῶν
1624 4417 1796 4485 ἁγίων

1907 4422 1955 4473 lu
1992 4417 2127 4473 Vitis
2156 4419 2376 4475 Patrum
2403 4437 2507 4475 una
2546 4437 2666 4475 cum
2702 4424 2822 4476 aliis
2846 4424 3027 4476 multis
3063 4432 3116 4475 et
3148 4422 3470 4477 liocinvcui.

221 4519 498 4586 γερόντων
538 4517 695 4585 βίοις,
737 4517 833 4578 σὺν
867 4514 1087 4577 πολλοῖς
1128 4513 1327 4578 ἄλλοις,
1364 4513 1459 4566 καὶ
1492 4512 1651 4564 τοῦτο
1696 4508 1790 4561 εῦ-

226 4626 393 4677 ρομεν
417 4626 430 4639 ο
474 4627 491 4658 ι
526 4608 619 4669 Τίς
650 4607 755 4658 τῶν
783 4606 1064 4675 θεοφόρων
1093 4605 1317 4657 ἐκείνων
1346 4603 1578 4673 ἀνδρῶν,
1618 4601 1794 4670 μαθη-

222 4700 325 4768 τὴν
359 4698 499 4767 ἔχων
531 4700 588 4749 ὲν
619 4696 850 4765 ἀμελείᾳ
902 4695 1142 4763 βιοῦντα,
1189 4696 1281 4747 καὶ
1307 4693 1497 4744 τοῦτον
1550 4692 1687 4761 πρὸς
1730 4689 1793 4742 τὸ

222 4791 316 4844 τοῦ
352 4792 469 4861 βίου
499 4791 670 4859 πέρας
700 4788 958 4858 ῥᾳθύμως
989 4787 1294 4856 φθάσαντα,
1322 4788 1349 4837 ό
1380 4783 1793 4852 πανοικτίρμων

222 4880 321 4935 καὶ
354 4878 652 4947 φιλόψυχος
704 4876 930 4946 Κύριος,
963 4877 1099 4945 μετά
1140 4875 1389 4945 δακρύων
1420 4874 1789 4943 αἰτησαμένου

220 4966 317 5021 τοῦ
348 4968 624 5037 γέροντος,
649 4968 721 5027 ὡς
756 4968 848 5017 τὸν
882 4966 1019 5019 κατὰ
1048 4965 1298 5033 Λάζαρον
1324 4965 1602 5026 πλούσιον,
1639 4965 1696 5016 ὲν
1724 4966 1789 5033 τῇ

223 5058 387 5125 φλογὶ
423 5056 793 5125 καυσούμενον
832 5057 993 5124 μέχρι
1023 5054 1294 5125 τραχήλου
1331 5052 1650 5119 ὑπέδειξεν,
1703 5052 1790 5115 Ὠς

225 5147 473 5201 ὲντείθεν
519 5148 687 5200 πολλά
730 5146 823 5199 τοῦ
864 5148 1017 5213 ἁγίου
1046 5148 1398 5215 πονήσαντος,
1436 5145 1527 5197 καὶ
1578 5146 1673 5197 σὺν
1697 5145 1793 5198 δά-

227 5256 389 5307 κρυσι
423 5241 512 5291 τὸν
536 5239 668 5292 Θεὸν
692 5239 1115 5308 λιπαρήσαντος,
1155 5238 1311 5305 μέχρι
1338 5237 1437 5305 τῆς
1471 5237 1647 5306 ζώνης
1683 5240 1790 5290 πά·

219 5332 306 5385 λιν
352 5332 648 5396 ὑπέδειξεν.
705 5328 835 5385 Εἶτα
875 5334 971 5383 καὶ
1012 5330 1164 5389 αῦΟι;
1202 5331 1391 5391 κόποις
1422 5334 1547 5391 τοὺς
1586 5331 1789 5393 κόπους

219 5423 315 5477 τοῦ
365 5424 521 5489 ἁγίου
581 5424 1011 5492 προσθησαντος,
1070 5420 1495 5489 παντελεύθερον
1548 5422 1642 5473 καὶ
1687 5420 1785 5473 τοῦ

222 5517 394 5583 πυρδνς
443 5516 849 5585 λελυτρωμένον
882 5517 938 5567 ἐν
987 5512 1227 5580 ὀπτασίᾳ.
1266 5512 1342 5579 τῷ
1372 5514 1587 5580 γερόντι
1622 5513 1788 5565 δέδει·

222 5624 337 5675 χεν.
378 5609 475 5660 Διὰ
504 5609 609 5676 γάρ
636 5608 736 5675 τῆς
770 5590 1052 5676 ἀμελείας,
1090 5604 1188 5672 τὴν
1210 5604 1428 5655 κόλασιν
1455 5603 1743 5672 ὑπέμεινες
1770 5618 1784 5633 ο

226 5700 315 5754 διὰ
346 5700 499 5753 τοῦτο
545 5701 632 5754 καὶ
685 5700 927 5763 εύῖλατος
966 5701 996 5767 η
1042 5698 1267 5765 τοιαύτη
1312 5697 1578 5767 ἁμαρτία.
1624 5716 1640 5748 ι
1678 5697 1784 5750 Καὶ

1911 4509 2047 4564 Cum
2090 4512 2310 4580 quidam
2355 4529 2419 4568 ex
2452 4513 2537 4567 his
2564 4513 2763 4567 divinis
2798 4514 3108 4567 hominibus
3143 4513 3467 4581 discipulum

1910 4605 2136 4660 haberet
2166 4606 2525 4677 negligentius
2550 4606 2841 4669 viventem,
2882 4615 2935 4660 et
2964 4606 3017 4658 in
3077 4616 3317 4659 extremo
3350 4606 3473 4659 vita:

1917 4696 1969 4749 in
1998 4696 2188 4749 eadem
2220 4697 2412 4750 inertia
2449 4696 2871 4767 deprehensum,
2931 4697 3237 4749 misericors
3276 4704 3329 4748 et
3355 4698 3473 4748 aui~

1914 4803 2125 4845 marum
2154 4798 2363 4843 amator
2400 4788 2559 4850 Dens,
2605 4789 2786 4842 multis
2815 4804 2937 4842 cum
2975 4790 3228 4857 lacrytnis
3260 4800 3475 4855 petente

1910 4894 2059 4943 sene,
2096 4890 2351 4948 tanquam
2386 4879 2609 4933 divitem
2642 4878 2815 4945 illum,
2847 4880 3048 4947 dequo
3083 4878 3271 4933 Lazari
3309 4878 3474 4932 refert

1910 4971 2155 5033 historia.
2181 4986 2305 5025 eum
2339 4971 2596 5036 ostendit,
2656 4971 2747 5042 qui
2790 4973 2841 5025 in
2878 4970 2999 5039 igne
3049 4973 3262 5026 cervice
3314 4981 3470 5024 tenus

1908 5065 2219 5119 tenebatur.
2262 5062 2367 5116 Sed
2400 5078 2522 5117 cum
2572 5064 2616 5118 is
2667 5063 3042 5117 vehementius
3100 5062 3349 5120 instaret,
3418 5069 3472 5112 et

1906 5172 2030 5210 cum
2066 5156 2323 5224 lacrymis
2363 5153 2529 5209 Deum
2560 5159 2886 5215 obsoeraret,
2914 5168 3085 5220 usque
3114 5152 3179 5203 ad
3232 5150 3468 5203 cinctum

1907 5264 2095 5302 rursus
2127 5246 2366 5300 ostendit
2391 5262 2407 5298 :
2431 5245 2623 5299 deinde
2649 5246 2843 5297 iterum
2892 5256 3078 5312 preces
3104 5240 3351 5309 precibus
3369 5238 3469 5294 ad-

1905 5339 2081 5393 dendo
2103 5350 2154 5393 et
2187 5338 2484 5409 impensius
2518 5337 2786 5406 augendo,
2816 5337 3032 5404 penitus
3064 5334 3292 5387 liberum
3321 5342 3371 5388 et
3396 5333 3479 5387 ab

1907 5429 2030 5497 igne
2080 5429 2315 5481 solutum
2377 5444 2471 5496 per
2506 5428 2767 5479 visionem
2829 5427 2941 5477 seni
2971 5424 3417 5478 cornmoustravit
3449 5439 3483 5479 :.

1909 5533 2032 5570 nam
2068 5528 2286 5586 propter
2314 5516 2653 5583 negligentiae
2686 5523 2965 5583 peccatum
3003 5514 3359 5583 plectebatur,
3384 5513 3465 5566 id-

1905 5610 2050 5662 circo
2072 5608 2122 5660 id
2159 5607 2313 5660 facile
2339 5606 2546 5674 expiari
2575 5616 2771 5673 potest.
2806 5608 2872 5659 At
2910 5606 3032 5677 quis
3061 5606 3252 5661 ordine
3272 5607 3475 5674 poterit

1904 5699 2094 5752 harum
2127 5710 2305 5750 rerum
2340 5694 2647 5749 testimonia
2682 5710 3121 5764 recutiset'c,qttw
3164 5695 3213 5747 in
3247 5701 3463 5748 sancto—
