3978 6204
492 270 636 339 124⁴3

1681 272 2000 336 JOSEPllI
2031 237 2582 341 METHONENSIS

3615 285 3641 348 1
3659 282 3759 345 244

492 405 612 444 runt
653 385 790 442 Vitis
834 387 1199 450 continentur,
1249 387 1462 441 divinas
1505 387 1628 442 dico
1677 391 2062 457 revelationes,

2168 393 2252 454 τίς
2283 391 2349 444 ἂν
2378 391 2635 462 δυνηθείη
2671 393 2793 447 καθ’
2839 393 3032 466 εἱρμδν
3066 393 3164 458 τὰς
3200 394 3329 465 περὶ
3359 393 3571 447 τούτων
3610 413 3758 465 pap-

491 496 612 546 qu:e
658 480 867 546 liquido
898 481 1260 546 comprobant
1324 480 1552 533 mortuis
1603 481 1897 534 admodum
1936 498 2066 551 pro-

489 573 651 627 desse
681 573 888 627 oblatas
917 587 1016 640 pro
1045 572 1111 626 iis
1140 587 1351 637 preces,
1387 572 1653 628 sacriﬁcia
1676 583 1730 629 et
1761 575 2063 646 eleemosy-

493 681 590 719 nas
609 665 634 717 ?
661 663 804 717 Nihil
835 663 978 715 enim
1000 663 1208 731 deperit
1227 679 1413 717 eorum
1441 680 1557 733 quae
1583 665 1696 718 Deo
1722 678 1913 721 mutuo
1933 667 2066 722 dan-

491 768 599 820 tur,
633 756 726 810 sed
779 770 976 826 magno
1014 771 1136 810 cunt
1194 755 1404 811 foenore
1455 757 1610 812 nobis
1666 759 2060 814 retribuuntur.

490 848 645 904 Nunc
707 847 871 916 igitur
902 857 985 902 est
1047 857 1263 917 tempus
1310 850 1498 902 auxilii
1549 850 1864 919 praestandi,
1916 867 2063 907 nunc

489 940 652 993 etiam
709 948 930 993 sanctos
980 940 1263 995 nobiscum
1302 939 1582 1001 habemus.
1611 940 1702 1009 qui
1745 955 1850 994 una
1908 941 2058 1008 lega-

489 1030 633 1083 tione
653 1031 950 1092 funguntur
976 1045 1070 1098 pro
1089 1031 1318 1084 mortuis
1345 1045 1408 1083 ac
1433 1045 1531 1099 pro
1562 1031 1628 1085 iis
1651 1031 2016 1099 deprecantur
2042 1049 2058 1086 :

486 1139 610 1176 nam
642 1123 709 1176 de
736 1123 918 1177 futuro
949 1139 1054 1178 non
1087 1124 1250 1178 datur
1275 1125 1493 1188 legatio,
1519 1124 1738 1192 quando
1759 1133 2060 1178 conventus

488 1219 816 1279 dimittetur,
842 1230 895 1271 et
923 1219 1102 1273 omnis
1131 1220 1360 1272 subsidii
1420 1233 1545 1288 spes
1621 1219 1841 1272 tolletur
1867 1234 1883 1284 ;
1917 1233 2060 1271 nunc

490 1319 702 1379 tempus
735 1312 1118 1377 negotiationis
1146 1321 1198 1366 et
1237 1312 1581 1374 commercii,
1611 1321 1825 1379 tempus
1856 1312 2060 1366 laboris

488 1413 540 1456 et
575 1405 927 1472 pmnitentize.
966 1405 1026 1458 Et
1050 1405 1240 1458 beatus
1276 1403 1367 1472 qui
1393 1404 1803 1458 emollitns'non
1836 1415 2060 1472 est,spe

488 1497 747 1551 delinitus
779 1497 1146 1564 etpt-eribns;
1207 1496 1417 1550 beatior
1457 1495 1546 1564 qui
1593 1510 1690 1563 pro
1720 1511 1780 1550 se
1829 1506 1882 1550 et
1933 1510 2061 1565 pro-

493 1588 640 1642 ximo
670 1603 768 1641 suo
803 1589 1165 1641 decertaverit
1191 1605 1206 1654 ;
1234 1587 1284 1640 id
1313 1589 1454 1640 enim
1488 1588 1664 1656 magis
1695 1587 1930 1640 oblectat
1960 1585 2058 1640 mi-

491 1681 824 1736 sericordem
863 1680 1231 1734 Dominnm‘et
1263 1680 1524 1744 laetificat,
1559 1678 1818 1734 festinare
1850 1679 2056 1733 scilicet

494 1787 946 1839 unumquemque
979 1772 1043 1823 ad
1108 1769 1412 1824 subsidium
1445 1771 1696 1838 proximo
1726 1769 2004 1823 ferendum
2042 1785 2057 1823 ε

491 1866 592 1918 hoe
629 1879 864 1930 namque
895 1864 1097 1930 expetit
1131 1863 1442 1917 misericors
1475 1871 1530 1914 et
1582 1861 1714 1927 vult,
1771 1869 1830 1913 ttt
1869 1871 2060 1916 mutuo

493 1956 751 2009 beneficia
783 1956 910 2008 dum
937 1955 1170 2010 vivimus
1203 1962 1256 2008 et
1285 1964 1406 2023 post
1443 1962 1672 2007 mortem
1716 1962 2058 2022 praestemus.

491 2047 570 2100 Ad
596 2048 725 2104 .htec
757 2063 853 2120 per
879 2057 1093 2100 sanctos
1111 2046 1390 2113 apostolos
1449 2046 1796 2099 incruentum
1853 2044 2062 2098 sacrifi-

491 2140 635 2190 cium
669 2153 766 2206 pro
801 2137 1032 2191 mortuis
1064 2137 1221 2191 nobis
1257 2134 1502 2199 tradidit,
1536 2135 1750 2201 tertias,
1779 2143 1833 2188 et
1865 2149 2058 2197 nonas,

491 2242 547 2282 et
581 2230 1047 2298 quadragesimas,
1078 2227 1481 2282 anniversarias
1511 2235 1564 2281 et
1589 2225 2061 2294 commemoratio-

490 2335 609 2386 nes,
660 2330 714 2374 et
751 2335 929 2382 saera,
964 2336 1082 2390 qua:
1115 2319 1331 2388 absque
1383 2319 1756 2375 controversia
1792 2319 2067 2374 catholica

489 2423 542 2466 et
577 2413 873 2481 apostolica
909 2412 1170 2476 Ecclesia,
1205 2413 1431 2481 ejusque
1481 2412 1534 2464 in
1573 2412 1681 2465 Deo
1707 2420 2064 2481 congregatus

490 2513 546 2556 et
566 2505 1010 2572 religiosissimus
1032 2507 1266 2574 populus
1286 2513 1435 2560 tenet
1453 2506 1784 2559 inconcussa
1808 2513 1862 2558 et
1885 2507 2061 2556 firma.

494 2596 679 2650 Solum
711 2597 1188 2652 schisntaticorum
1237 2605 1536 2652 sectatores
1574 2611 1872 2662 eorumque
1909 2594 2059 2648 nefa-

491 2688 632 2742 rium
657 2689 948 2744 concilium
983 2689 1098 2744 haec
1131 2702 1236 2744 non
1275 2688 1579 2757 recipiunt;
1613 2687 1818 2742 idcirco
1844 2699 1906 2741 ea
1937 2699 2064 2740 sus-

493 2781 739 2832 tulerunt
791 2788 846 2835 et
889 2781 1249 2834 decreverunt
1295 2794 1364 2834 ne
1413 2787 1715 2833 conventus
1746 2786 2063 2847 agerentur,

491 2884 592 2924 nec
613 2886 798 2938 preces
819 2885 912 2938 pro
930 2869 1202 2924 defunctis
1232 2869 1590 2931 offerrentur,
1616 2881 1678 2922 ac
1701 2868 1745 2921 si
1775 2867 1955 2921 omnis
1986 2867 2065 2920 la-

492 2965 594 3016 bor
637 2961 838 3015 frustra
887 2969 1010 3028 post
1068 2971 1297 3015 mortem
1336 2962 1728 3014 insumeretur.
1765 2956 1834 3012 At
1881 2958 2063 3013 dehis

2167 482 2362 549 τυρίας
2409 482 2834 554 ἐκδιηγήσασθαι
2863 505 2876 552 ;
2907 486 3008 548 τὰς
3037 487 3096 540 ἐν
3123 487 3239 548 τοῖς
3283 485 3448 540 ὁσίων
3485 485 3626 556 βίοις
3667 490 3756 540 ἐν·

2167 574 2510 642 τεταγμένας
2541 575 2694 638 θείας
2731 578 3108 646 ἀποκαλύψεις
3131 595 3146 610 ο
3176 577 3422 650 ἐναργῶς
3458 579 3755 648 παριστῶ-

2168 680 2266 726 σας
2293 665 2388 717 καὶ
2439 667 2580 734 μετά
2607 667 2837 722 θάνατον
2871 669 3100 738 μέγιστα
3144 671 3271 732 τοὺς
3316 668 3758 739 κατοιχομένους

2166 757 2481 826 εὐεργετεῖν
2510 760 2608 820 τὰς
2639 760 2783 831 ὑπὲρ
2813 760 2998 814 αὐτῶν
3033 763 3327 829 γινομένας
3353 761 3521 830 εὐχάς
3562 777 3620 813 τε
3654 763 3759 813 καὶ

2166 848 2511 918 λειτουργίας
2535 851 2630 904 καὶ
2661 851 3071 921 ἐλεημοσύνας;
3102 853 3272 906 Οὖδέν
3303 853 3411 922 γάρ
3432 853 3541 905 τῶν
3571 854 3759 907 δανει-

2169 941 2406 995 σθέντων
2457 943 2597 1008 θεῷ,
2654 944 2980 1008 ἀφανίζεται
3027 945 3206 1007 ὂλως’
3260 945 3398 997 ἀλλά
3446 947 3545 998 σὺν
3598 947 3761 1014 τόκῳ

2167 1035 2414 1103 μεγίστῳ
2435 1035 2464 1088 ὁ
2490 1035 2793 1102 φιλάγαθος
2821 1037 3234 1108 ἀνταμείϐεται.
3266 1037 3382 1090 Νῦν
3411 1039 3592 1091 τοίνυν
3618 1039 3758 1107 βοη-

2166 1125 2316 1188 θείας
2336 1127 2528 1194 καιρός
2553 1146 2567 1160 ·
2597 1126 2692 1181 νῦν
2719 1128 2814 1182 καὶ
2839 1128 2967 1192 τοὺς
2991 1130 3181 1198 ἁγίους
3205 1128 3400 1198 ἔχομεν
3433 1131 3557 1199 μεθ’
3584 1131 3758 1198 ἡμῶν

2165 1219 2632 1284 συμπρεσϐευτὰς
2661 1220 2802 1288 ὑπὲρ
2825 1221 2935 1274 τῶν
2965 1223 3402 1291 κεκοιμημένων,
3437 1223 3534 1275 καὶ
3557 1222 3758 1292 δεομέρ

2165 1327 2290 1371 νους
2339 1309 2477 1378 ὑπὲρ
2532 1312 2728 1366 αὐτῶν.
2774 1313 2862 1366 Ἐν
2916 1315 3024 1384 γὰρ
3050 1313 3128 1379 τῷ
3167 1314 3415 1383 μέλλοντι
3471 1313 3756 1384 πρεσϐεία

2163 1401 2262 1456 οὐκ
2294 1401 2463 1468 ἔστιν,
2509 1404 2596 1456 ὅτε
2630 1405 2662 1474 ἡ
2702 1405 2857 1460 λύσις
2907 1406 3007 1473 τῆς
3056 1407 3421 1476 πανηγύρεως
3455 1407 3611 1477 ἦξειο
3645 1410 3751 1460 καὶ

2164 1491 2418 1560 βοηθείας
2446 1493 2546 1546 οὐκ
2575 1493 2722 1546 ἔστιν
2773 1494 2926 1558 ἐλπίς
2949 1513 2964 1528 ·
3001 1495 3100 1551 νῦν
3127 1497 3319 1565 καιρὸς
3355 1499 3750 1568 πραγματείας

2162 1581 2261 1633 καὶ
2317 1582 2788 1652 συναλλάγματος,
2841 1587 3033 1654 καιρὸς
3083 1585 3251 1638 κόπου
3303 1590 3396 1638 καὶ
3429 1587 3747 1656 μετανοίας.

2165 1676 2273 1727 Καὶ
2330 1675 2603 1746 μακάριος
2651 1678 2679 1730 ό
2729 1677 2804 1746 μὴ
2855 1677 3155 1746 χαυνωθεὶς
3201 1680 3267 1746 τῇ
3308 1677 3481 1730 ἐλπίδι
3525 1695 3588 1730 τε
3641 1680 3746 1731 καὶ

2162 1767 2380 1837 δεήσει’
2435 1768 2854 1838 μακαριώτερος
2905 1771 2963 1824 δὲ
3015 1772 3043 1824 δ
3087 1771 3184 1823 καὶ
3237 1769 3376 1838 ύπέρ
3421 1769 3594 1823 αὐτοϋ
3648 1774 3748 1823 καὶ

2164 1860 2304 1929 ὑπὲρ
2333 1858 2426 1912 τοῦ
2473 1861 2699 1930 πλησίον
2726 1861 3162 1930 ἀγωνισάμενος.
3191 1861 3362 1913 Τοῦτο
3392 1862 3500 1929 γὰρ
3535 1863 3750 1930 μᾶλλον

2163 1954 2256 2005 καὶ
2289 1954 2480 2021 τέρπει
2511 1954 2604 2006 καὶ
2638 1954 3029 2023 κατευφραίνει
3062 1953 3154 2005 τὸν
3185 1952 3607 2022 φιλοικτίρμονα
3633 1952 3748 2007 Κ-ῖο

2133 2039 2138 2045 ’
2165 2063 2280 2115 ριον
2306 2062 2322 2078 ο
2354 2045 2416 2098 τὺ
2469 2045 2726 2098 σπεύδειν
2759 2045 2990 2100 ἕκαστον
3021 2047 3100 2108 είς
3131 2045 3229 2116 τὴν
3259 2044 3354 2098 τοῦ
3407 2046 3579 2105 πέλας
3616 2045 3747 2114 βοή-ο

2167 2138 2320 2190 θειαν
2349 2152 2364 2167 ⁸
2395 2137 2558 2190 τοῦτο
2592 2137 2688 2192 καὶ
2712 2136 2858 2190 θέλει
2882 2139 2910 2190 ὁ
2942 2137 3192 2207 ἐλεήμων
3220 2136 3311 2189 καὶ
3347 2135 3624 2206 βούλεται,
3653 2137 3746 2189 ἵνα

2167 2224 2259 2278 ὑπ’
2293 2223 2541 2293 ἀλλήλων
2578 2227 2626 2278 οί
2675 2225 2882 2290 πάντες
2915 2225 3362 2297 εύεργετώμεθα,
3412 2227 3508 2278 καὶ
3541 2227 3749 2290 ζῶντες

2165 2316 2257 2368 καὶ
2289 2316 2428 2381 μετά
2481 2316 2736 2371 θάνατον.
2781 2318 2880 2370 Διά
2908 2315 3066 2370 τοῦτο
3098 2316 3193 2370 καὶ
3243 2317 3446 2370 ἔδωκεν
3494 2319 3627 2385 ἡμῖν
3657 2318 3749 2371 διὰ

2164 2403 2273 2455 τῶν
2299 2404 2461 2473 ἱερῶν
2492 2405 2808 2458 ἀποστόλων
2831 2409 2924 2460 καὶ
2949 2407 3058 2458 τῶν
3082 2408 3201 2475 μετ’
3219 2407 3418 2468 αὐτοὺς
3446 2408 3611 2460 θείων
3635 2409 3744 2460 Πα-

2165 2500 2362 2568 τέρων,
2395 2499 2770 2567 ἀναιμάκτους
2808 2499 3001 2564 Θυσίας
3037 2501 3180 2569 ὑπὲρ
3213 2495 3322 2554 τῶν
3353 2501 3745 2572 προλαϐόντων

2165 2594 2338 2644 ποιεῖν
2361 2607 2375 2621 ο
2402 2592 2500 2646 καὶ
2525 2591 2682 2660 τρίτα
2701 2609 2715 2622 ο
2732 2593 2824 2645 καὶ
2841 2592 3004 2646 ἔνατα
3033 2609 3044 2623 ’
3073 2595 3169 2646 καὶ
3187 2595 3623 2662 τεσσαρακοστίῃ
3651 2597 3745 2648 καὶ

2167 2688 2414 2754 ἐτησίους
2442 2685 2687 2754 μνήμας,
2721 2686 2814 2738 καὶ
2850 2685 3096 2742 τελετάς.
3127 2687 3192 2738 ’Δ
3222 2687 3407 2756 πάσης
3434 2689 3745 2754 ἀντιλογίας

2166 2776 2317 2838 ἀνευ,
2356 2774 2683 2844 ἡκαθολικὴ
2724 2774 2818 2826 καὶ
2860 2775 3193 2843 ἀποστολικὴ
3233 2777 3552 2846 Ἐκκλησία,
3592 2779 3687 2830 καὶ
3714 2779 3745 2830 δ

2164 2865 2369 2932 ταύτης
2421 2866 2808 2927 θεοσύλλεκτος
2842 2867 2936 2918 καὶ
2973 2868 3317 2938 πανευσεδὴς
3347 2868 3478 2931 λαὸς
3522 2870 3742 2938 ἀπαρα-

2169 2955 2404 3009 σάλευτα
2454 2957 2674 3024 κατέχει
2728 2957 2823 3010 καὶ
2873 2957 3262 3024 εύδιάγνωστα.
3299 2959 3478 3011 Μόνον
3521 2961 3571 3012 ei
3631 2961 3741 3023 τοίς

490 3053 711 3115 quidem
737 3053 887 3112 satis,
921 3051 1178 3126 quoniam
1207 3058 1421 3118 oportet
1443 3057 1495 3102 et
1519 3047 1754 3108 aliarum
1791 3062 1972 3102 rerun'.
1997 3047 2060 3100 ad

2173 3047 2555 3116 σχισματικοῖς
2607 3046 2864 3116 ἐπόμενοι
2895 3049 2987 3100 καὶ
3033 3047 3110 3117 τῷ
3140 3047 3323 3100 αὐτῶν
3368 3049 3624 3118 συνεδρίῳ
3655 3049 3735 3117 τῷ

492 3146 731 3198 tidelinm
765 3143 1179 3198 aedificationem
1234 3143 1563 3196 mentionem
1585 3141 1786 3205 facere,
1817 3139 1873 3194 in
1909 3138 2067 3206 ignoc

493 3237 715 3290 miltiam
754 3251 881 3289 vero
908 3248 1094 3287 eorum
1131 3233 1224 3302 qui
1265 3249 1373 3287 non
1428 3232 1702 3301 recipiunt
1753 3231 2059 3286 animarum

495 3340 614 3398 post
647 3337 873 3382 mortem
917 3325 1293 3396 purgationem
1325 3333 1376 3376 ct
1395 3323 1673 3389 suffragia.

2170 3139 2372 3210 μιαρῷ,
2419 3138 2593 3191 ταῦτα
2639 3140 2742 3192 οὐκ
2798 3141 3176 3210 ἀποδέχονται.
3222 3143 3316 3194 Διὸ
3363 3144 3456 3195 καὶ
3499 3142 3744 3195 ἔπαυσαν

2166 3228 2360 3292 ταῦτα,
2394 3229 2488 3282 καὶ
2542 3229 2840 3283 ἐθέσπισαν
2878 3231 2954 3302 μὴ
3001 3231 3250 3300 γίνεσθαι
3287 3232 3558 3299 συνάξεις,
3611 3233 3741 3299 μηδὲ

2165 3322 2375 3374 δεῖσθαι
2406 3320 2546 3390 ὑπὲρ
2583 3321 2684 3374 τῶν
2731 3321 3129 3391 προλαϐόντων,
3169 3325 3244 3386 ὡς
3287 3324 3424 3386 ὅλως
3463 3323 3539 3392 μὴ
3571 3323 3736 3391 οθσης

491 3427 755 3496 ὡφελείας
786 3425 928 3486 τινὸς
957 3423 1090 3489 μετὰ
1118 3421 1367 3474 θάνατον.
1393 3419 1611 3474 Τούτων
1639 3421 1739 3488 μὲν
1766 3421 1904 3483 ἃλις.
1957 3422 2086 3473 Δέον
2135 3418 2192 3471 δέ
2240 3418 2337 3471 καὶ
2387 3418 2561 3472 ἄλλων
2638 3418 2890 3488 ἱστοριῶν
2944 3421 3268 3490 μνησθῆναι,
3315 3421 3396 3480 είς
3447 3420 3741 3489 θεραπείαν

496 3522 595 3586 μὲν
634 3519 740 3574 τῶν
770 3517 999 3581 πιστῶν,
1033 3516 1110 3576 είς
1138 3511 1402 3585 αἰσχύνην
1431 3513 1487 3567 δὲ
1518 3514 1627 3567 τῶν
1655 3514 1730 3583 μὴ
1759 3512 2063 3583 δεχομένων
2091 3510 2190 3582 τὴν
2227 3511 2336 3564 τῶν
2373 3509 2564 3580 ψυχῶν
2615 3509 2755 3578 μετά
2808 3510 3042 3565 θάνατον
3107 3511 3375 3581 κάθαρσιν
3436 3515 3532 3564 καὶ
3601 3513 3738 3582 ὠφέ-

493 3614 551 3664 λε
559 3631 666 3665 ιαν.

567 3707 971 3777 Magnusigitur
985 3714 1040 3760 et
1064 3705 1354 3760 vehemens
1377 3702 1714 3756 Athanasius
1742 3701 1796 3754 in
1816 3697 2065 3752 oratione

493 3799 899 3868 elegantissima
932 3799 984 3850 in
1013 3811 1108 3850 eos
1135 3795 1226 3864 qui
1247 3793 1681 3858 obdorntierunt,
1712 3791 1827 3845 haec
1853 3787 2062 3868 inquit:

496 3911 514 3942 ι
550 3863 700 3948 Licet
730 3891 776 3944 is
804 3889 897 3957 qui
939 3863 1189 3955 religiose
1213 3885 1319 3939 vita
1357 3885 1578 3938 functus
1599 3892 1704 3946 est,
1762 3879 1972 3948 positus
2004 3863 2059 3932 iit

491 3983 634 4036 εαξιο
670 3980 856 4041 fuerit,
884 3995 950 4032 ne
977 3993 1203 4046 respuas
1233 3990 1423 4031 cerens
1459 3983 1514 4029 et
1537 3975 1716 4028 oleum
1766 3972 1934 4027 Deum
1967 3972 2062 4025 de-

493 4072 790 4139 precando,
849 4071 917 4124 ad
998 4071 1143 4148 illius
1220 4067 1528 4136 sepulcrum
1580 4065 1986 4120 accendendum
2042 4077 2057 4114 :

493 4165 693 4234 quippe
718 4177 842 4217 cum
873 4160 1014 4216 Deus
1053 4161 1166 4216 haec
1201 4161 1450 4229 recipiat,
1477 4157 1630 4227 quasi
1684 4173 1750 4210 ex
1779 4173 1844 4212 eo
1869 4169 2061 4225 magna

494 4256 720 4311 accedat
759 4254 1064 4319 retributio,
1095 4253 1221 4322 quia
1241 4255 1419 4307 oleum
1455 4261 1654 4307 etcera
1687 4259 1772 4305 est
1802 4250 2063 4304 holocau-

494 4359 661 4410 stum,
713 4346 1057 4400 incruentum
1125 4358 1254 4397 vero
1287 4342 1649 4405 sacrificium,
1683 4339 1997 4410 propitiatio
2041 4354 2054 4391 :

2260 3687 2320 3740 Ὀ
2360 3686 2533 3755 μέγας
2564 3685 2746 3738 τοίνυν
2777 3685 2871 3737 καὶ
2895 3684 3061 3748 πολὺς
3102 3684 3438 3747 ’Λθανάσιος,
3469 3685 3528 3737 ἐν
3553 3684 3639 3754 τῷ
3665 3687 3737 3746 είς

2169 3782 2298 3842 τοὺς
2350 3779 2718 3849 κοιμηθέντας
2769 3777 2936 3830 αὐτοῦ
2986 3778 3340 3847 παναρμονίῳ
3399 3777 3562 3848 λόγῳ,
3616 3777 3736 3831 τάδε

2169 3873 2337 3942 φησίν
2362 3889 2377 3904 ο
2420 3892 2439 3923 ι
2480 3872 2602 3923 Ὅτι
2635 3870 2736 3925 κᾶν
2775 3871 2855 3931 εἰς
2888 3871 3027 3938 ἀέρα
3058 3871 3086 3922 ὁ
3116 3873 3174 3922 ἐν
3219 3869 3476 3938 εὐσεϐείᾳ
3521 3869 3736 3922 τελειωο

2171 3963 2286 4026 θεὶς
2340 3961 2633 4031 κατετέθη,
2699 3961 2776 4031 μὴ
2820 3961 3122 4014 ἀπαναίνου
3179 3961 3382 4030 κηροὺς
3417 3959 3513 4014 καὶ
3539 3958 3734 4023 ἔλαιον,

2170 4055 2408 4123 Χριστὸν
2435 4053 2527 4105 τὸν
2556 4051 2687 4105 Θεὸν
2715 4051 3168 4118 ἐπικαλούμενος,
3223 4050 3301 4118 τῷ
3329 4049 3490 4117 τάφῳ
3533 4047 3734 4114 προσά-

2167 4145 2287 4215 ψαι.
2322 4143 2526 4196 Δεκτέα
2553 4143 2662 4211 γὰρ
2707 4141 2883 4195 ταῦτα
2921 4141 3041 4210 θεῷ
3075 4142 3167 4193 καὶ
3217 4139 3416 4209 πολλὴν
3451 4139 3512 4204 ἐξ
3557 4137 3730 4191 αὐτῶν

2171 4239 2410 4308 φέροντα
2436 4237 2536 4308 τὴν
2567 4235 2863 4289 ἀντίδοσιν.
2903 4235 2976 4288 Τὸ
3005 4234 3114 4304 γὰρ
3147 4233 3326 4286 ἔλαιον
3360 4233 3455 4286 καὶ
3485 4234 3515 4284 ὁ
3546 4234 3727 4303 κηρὸς,

2165 4331 2529 4392 ὁλοκαύτωσις
2549 4343 2562 4356 ·
2595 4329 2627 4396 ἡ
2651 4328 2706 4380 δέ
2730 4343 2793 4396 γε
2817 4327 3151 4395 ἀναίμακτος
3212 4325 3395 4388 θυσία,
3421 4324 3698 4392 ἐξιλασμός
3715 4337 3726 4352 ·

495 4439 820 4495 benefacere
883 4437 1212 4507 pauperibus
1278 4444 1361 4489 est
1412 4434 1838 4489 additamentum
1888 4431 2062 4485 omnis

2171 4422 2204 4490 η
2236 4422 2370 4490 πρὶς
2397 4419 2524 4479 τοὺς
2549 4419 2786 4488 πένητας
2813 4416 3053 4481 εὐποιῒα,
3085 4414 3370 4484 προσθήκη
3402 4414 3586 4481 πάσης
3607 4414 3729 4478 ἀγα-

497 4531 684 4600 proba:
710 4527 1106 4585 retributionis.
1147 4546 1166 4580 ι
1223 4527 1397 4580 Audis
1443 4527 1826 4580 holocaustum
1855 4535 1906 4577 et
1938 4538 2064 4592 pro-

494 4625 862 4692 pitiationem,
892 4630 950 4675 et
1001 4619 1369 4690 quodcunque
1418 4616 1565 4672 a|iud
1598 4615 1802 4670 bonum
1846 4629 1945 4684 pro
1968 4615 2065 4668 dc-

498 4717 702 4769 t'unctis
729 4715 966 4768 salutare
987 4712 1220 4766 evadere
1244 4709 1506 4764 adhibitis
1532 4725 1561 4763 a
1583 4706 1742 4762 nobis
1775 4703 2068 4777 precibus?

496 4809 710 4860 ltursus
746 4821 911 4859 aurea
943 4805 1121 4872 lingua
1155 4809 1210 4858 et
1233 4817 1395 4857 aurea
1427 4802 1587 4856 verba
1618 4800 1852 4856 fundens
1897 4798 2068 4854 Joan-

497 4915 614 4964 nes,
643 4918 660 4949 ι
699 4897 835 4960 Nisi,
868 4897 1066 4965 inquit,
1096 4907 1223 4950 ante
1263 4895 1546 4964 providisti
1604 4893 1660 4948 in
1705 4895 1814 4947 vita
1853 4908 1916 4947 ea
1947 4907 2069 4962 qua:

497 4993 563 5044 ad
588 4989 828 5044 animant
855 4985 1130 5056 pertinent
1155 4985 1435 5051 ordinare,
1472 4998 1787 5055 quanquam
1825 4983 1877 5036 itt
1920 4981 2067 5036 exitu

496 5083 622 5135 vitae
651 5081 1003 5142 constitutus,
1026 5079 1156 5148 jube
1205 5087 1384 5131 tamen
1415 5076 1722 5131 heredibus
1747 5074 1858 5129 tuis
1899 5084 1955 5128 ut
1979 5083 2069 5127 tua

498 5175 563 5224 :td
597 5184 645 5226 te
673 5174 1067 5232 transmittant,
1107 5180 1162 5225 et
1192 5171 1286 5223 tibi
1315 5169 1664 5237 opitulentur
1689 5166 1851 5222 bonis
1887 5164 2068 5235 operi-

497 5268 598 5318 bus
629 5265 909 5328 adhibitis,
947 5263 1307 5334 cleetnosyttis
1339 5262 1465 5316 dico
1495 5271 1549 5316 et
1583 5257 1978 5316 oblationibus.
2015 5266 2072 5309 ut

499 5358 585 5412 his
625 5359 716 5411 tibi
749 5357 1179 5426 redemptionem
1210 5353 1495 5418 concilies,
1527 5367 1652 5407 nam
1677 5353 1724 5405 is
1771 5363 1836 5404 ea
1881 5347 2072 5417 recipit

497 5462 551 5504 et
577 5451 729 5504 milia
759 5460 908 5503 sunt.
950 5468 966 5498 ο

573 5629 880 5686 Intellexisti
915 5647 1077 5684 aurea
1109 5630 1270 5684 verba
1299 5628 1423 5698 quid
1455 5634 1672 5681 sonent.
1705 5622 1854 5688 Quod
1883 5621 1927 5675 si
1958 5635 2067 5672 non

503 5731 634 5774 ante
680 5719 963 5789 providisti
1005 5721 1133 5775 dum
1185 5720 1394 5773 viveres
1444 5715 1552 5772 Deo
1603 5710 1966 5780 reconciliari,
2025 5719 2076 5764 et

2169 4513 2269 4582 θῆς
2324 4511 2670 4572 ἀντιδόσεως.
2725 4528 2743 4562 ι
2790 4507 3036 4571 ’Δκούεις
3085 4508 3169 4560 ὅτι
3229 4507 3595 4568 ὁλοκαύτωσις
3645 4506 3727 4557 καὶ

2170 4603 2400 4674 ίλασμδς
2431 4608 2525 4657 καὶ
2575 4605 2685 4656 πᾶν
2719 4602 2772 4655 εί
2805 4619 2856 4654 τι
2889 4599 3094 4668 ἀγαθὸν
3139 4597 3267 4653 ἀλλο
3314 4598 3410 4650 καὶ
3458 4596 3728 4665 σωτήριον,

2169 4698 2311 4770 ὑπὲρ
2349 4700 2459 4752 τῶν
2487 4697 2804 4752 τεθνεώτων
2829 4696 3064 4763 γίνεται,
3097 4693 3258 4762 ἡμῶν
3289 4692 3729 4762 προσευχομένων

2169 4794 2309 4862 ὑπὲρ
2351 4791 2530 4846 αὐτῶν
2562 4808 2575 4857 ;
2611 4786 2721 4844 Εἶτ’
2749 4787 2902 4849 αὖθις
2926 4789 2953 4841 ὁ
2977 4787 3076 4856 τὴν
3111 4786 3359 4853 γλῶτταν
3387 4784 3622 4854 χρυσοῦς
3649 4783 3735 4832 καὶ

2169 4882 2594 4954 χρυσόρῤειθρος
2643 4879 2919 4949 Ἰωάννης,
2953 4896 2974 4930 ι
3030 4879 3089 4930 ΕΞ
3120 4875 3221 4929 οὐκ
3252 4875 3520 4942 ἔφθασας,
3557 4873 3733 4941 φησιν,

2169 4973 2244 5026 ὢν
2269 4975 2325 5026 ἐν
2355 4971 2432 5040 τῷ
2464 4971 2584 5039 βίῳ,
2611 4971 2679 5022 τά
2707 4970 2808 5036 τῆς
2830 4968 3005 5037 ψυχῆς
3039 4981 3134 5018 σου
3170 4964 3349 5017 πάντα
3377 4961 3736 5029 διευθετῆσαι,

2171 5064 2275 5116 κᾶν
2302 5064 2360 5116 ἐν
2389 5062 2465 5130 τῷ
2513 5061 2659 5115 τέλει
2691 5060 2785 5113 τοῦ
2821 5059 2962 5130 βίου,
3008 5057 3243 5111 ἐντειλαι
3291 5058 3408 5119 τοῖς
3453 5057 3565 5116 σοῖς
3606 5053 3738 5124 μετὰ

2172 5155 2405 5208 θάνατον
2437 5151 2954 5222 παραμεταπέμψαι
2985 5151 3053 5204 τά
3096 5151 3166 5204 σά
3195 5151 3335 5220 πρδς
3363 5151 3425 5202 σέ
3448 5165 3464 5177 ο
3502 5149 3593 5202 καὶ
3623 5147 3742 5216 poi,-

2173 5246 2327 5299 θειαν
2377 5243 2560 5297 δοῦναί
2614 5261 2698 5296 σοι
2747 5243 2814 5296 δι’
2861 5243 3040 5312 ἔργων
3090 5243 3312 5310 ἀγαθῶν
3367 5241 3744 5311 Hammon-«iw

2171 5339 2334 5404 λέγω,
2367 5336 2462 5388 καὶ
2511 5335 2836 5405 προσφορῶν
2865 5333 3164 5388 κάντεῦθεν
3197 5335 3289 5384 τὸν
3333 5334 3623 5400 λυτρωτὴν
3653 5351 3745 5386 κιο

2175 5431 2490 5496 ταλλάξειας
2523 5447 2534 5459 ·
2589 5431 2781 5484 δεκτέα
2829 5431 2938 5500 γὰρ
2992 5429 3142 5498 αὐτῷ
3186 5429 3363 5483 ταῦτα
3420 5433 3516 5484 καὶ
3577 5431 3743 5500 πρόσ-

2177 5541 2336 5592 φορα.
2376 5543 2392 5573 ι

2259 5613 2515 5684 Ἐνόησας
2549 5613 2661 5684 ἄρα
2708 5615 2802 5666 καὶ
2837 5613 2926 5667 τὸν
2967 5613 3392 5684 χρυσορῤἠμονσ
3438 5613 3491 5663 τί
3539 5625 3744 5678 eqs-co;

2181 5707 2385 5765 ’Ότιεὶ
2435 5706 2533 5760 οῦκ
2582 5706 2822 5776 ἔφθασας
2879 5708 2968 5760 ἐπὶ
3005 5706 3147 5775 ζωῆς
3189 5721 3282 5757 σου
3335 5703 3741 5771 καταλλαγῆναι
