3978 6204
359 377 380 388 ι
460 280 608 356 1241.

1647 287 1967 352 JOSEPHI
2008 291 2062 351 Μ
2071 291 2552 353 ETHONENSIS
2619 297 2622 300 ’

3585 295 3725 361 1248

458 405 684 466 tionem,
721 409 774 455 et
822 412 1012 472 praeter
1056 419 1204 475 spem
1240 403 1308 458 de
1351 402 1532 459 medio
1575 405 1798 468 sublati,
1834 407 2030 462 horum

2156 426 2264 471 ςτος
2293 409 2401 463 τῶν
2434 408 2767 478 ἀνθρώπιον,
2803 411 2832 461 ὁ
2869 411 3074 490 μικρὰν
3114 410 3328 480 ἀρετῶν
3371 409 3561 480 ζύμην
3585 430 3722 480 κτη-

461 509 572 548 ηοη
603 493 960 550 obliviscetur
984 495 1168 565 justus
1197 496 1368 564 iudex
1416 503 1471 551 et
1515 496 1777 553 Dominus
1805 513 1819 550 :
1853 500 1947 553 sed
1981 500 2035 554 in

2156 501 2391 565 τάμενος,
2449 503 2526 571 μὴ
2575 502 2873 570 πεφΟακὼς
2942 503 2999 554 δέ
3053 503 3257 571 ταύτην
3303 503 3718 573 ἀρτοποιῆσαι·

460 601 649 641 eorum
684 601 841 652 opem
873 587 1062 642 aliines
1087 599 1203 656 post
1226 596 1452 644 mortem
1487 590 1793 656 suscitabit,
1819 605 2037 644 eorum-

2137 591 2272 644 ἀλλὰ
2308 591 2593 660 βουληθεὶς
2623 591 2744 662 μὲν,
2783 591 2858 660 μὴ
2901 593 3151 663 δυνηθεὶς
3186 593 3243 645 δέ
3271 594 3451 653 τοῦτο.
3483 595 3518 664 ἦ
3562 596 3729 666 ρᾳθυ-

461 691 570 745 que
626 686 831 733 mentes
867 677 1081 746 diriget,
1130 688 1183 734 et
1236 679 1400 734 corda
1442 681 1638 742 trahet,
1689 691 1744 736 et
1791 682 2036 735 animum

2156 685 2271 747 ιίας
2321 683 2354 752 ἢ
2418 686 2740 755 ἀνανδρείας
2779 689 2968 749 ἓνεκα,
3025 688 3058 758 ἢ
3105 687 3209 754 τῆς
3268 688 3330 754 ἐξ
3376 688 3597 758 ἡμέρας
3648 690 3731 752 εἰς

459 767 718 832 inﬂectet,
774 779 833 822 ut
879 767 1180 825 subsidium
1220 781 1272 826 et
1320 772 1584 827 auxilium
1622 772 1751 826 huic
1785 771 2035 838 aderant,

462 873 527 914 ac
559 858 892 914 festinubunt
919 860 1030 916 Deo
1060 862 1352 932 instigante
1384 874 1439 919 et
1469 873 1721 934 tangente
1750 866 1914 919 corda
1945 881 2040 920 eo-

462 965 604 1015 rum,
637 962 691 1004 et
719 953 1092 1022 adimplebun’t
1118 971 1238 1025 qua
1281 971 1309 1011 a
1357 956 1616 1012 defuncto
1644 958 1844 1012 omissa
1887 966 2036 1023 Stltll,

461 1052 521 1096 ut
556 1045 745 1100 multis
775 1063 876 1102 usu
914 1048 1076 1103 venit.

2134 776 2352 846 ἡμέραν
2383 777 2677 848 ἀναϐολῆς.
2711 779 3012 847 Ἀρπαγείς
3034 779 3092 831 δὲ
3124 782 3255 850 παρ’
3278 780 3494 845 ἐλπίδα,
3528 783 3731 835 τούτου

2145 869 2244 922 οὐκ
2276 869 2710 940 ἐπιλησοήσεται
2741 874 2768 924 ό
2798 871 3004 934 δίκαιος
3045 873 3238 943 κριτὴς
3268 876 3362 928 καὶ
3414 874 3694 944 δεσπότης
3716 893 3729 906 ·

2145 961 2260 1013 ἀλλ’
2288 963 2473 1032 ἐγερεῖ
2505 963 2656 1032 αὐτῷ
2706 963 2845 1031 μετὰ
2891 965 3120 1018 θάνατον
3153 966 3280 1032 τοὺς
3318 966 3556 1029 οἰκείους
3579 983 3593 995 ·
3636 969 3737 1020 καὶ

2143 1052 2350 1104 τούτων
2380 1054 2479 1116 τὰς
2518 1052 2745 1122 γνώμας
2779 1053 2949 1106 ἰθυνεῖ
2973 1070 2987 1082 ·
3019 1058 3113 1108 καὶ
3150 1055 3253 1118 τάς
3302 1059 3529 1125 καρδίας
3569 1058 3740 1110 me-

463 1155 579 1191 σει·
615 1142 711 1196 καὶ
760 1143 858 1204 τὰς
898 1144 1076 1213 ψυχὰς
1133 1145 1436 1216 ἐπικάμψει
1488 1148 1625 1217 πρὸς
1675 1150 1901 1216 ἀρωγὴν
1946 1147 2034 1200 καὶ
2062 1145 2320 1216 βοήθειαν
2345 1150 2575 1202 τούτσυο
2637 1149 2732 1202 καὶ
2764 1149 3062 1203 σπεύσουσι
3123 1153 3439 1221 κινηθέντες
3512 1153 3734 1209 Θεοῢεν.

463 1234 559 1286 καὶ
615 1234 892 1303 ἁψαμένου
925 1236 1016 1290 τοῦ
1063 1239 1328 1293 δεσπότου
1373 1241 1484 1293 τῶν
1535 1241 1774 1312 καρδιῶν
1820 1239 2504 1314 αὐτῶν,ἁναπληρὼσουσι
2553 1241 2650 1296 τοῦ
2688 1243 2972 1312 οἰχομένου
2999 1243 3066 1295 τά
3104 1242 3488 1314 ὑστερήματα·
3532 1244 3738 1312 ὥσπερ

459 1331 552 1384 ἐπὶ
583 1331 796 1384 πολλῶν
825 1336 1039 1402 γέγονε.

1223 1425 1289 1482 ν.

539 1517 778 1590 Hujusce
812 1523 890 1577 rei
927 1526 1078 1580 testis
1115 1526 1385 1594 Trajanus
1423 1527 1719 1596 imperator
1762 1533 1814 1580 et
1846 1525 2043 1596 imagi-

2902 1430 2974 1485 E'.

2223 1521 2332 1574 Καὶ
2354 1521 2545 1574 τούτου
2580 1521 2795 1591 μάρτυς
2819 1522 3088 1590 Τραϊανὸς
3115 1523 3143 1576 ό
3173 1523 3447 1594 βασιλεὺς,
3477 1527 3577 1579 καὶ
3601 1530 3743 1582 Θεό-

464 1628 597 1666 num
649 1627 994 1684 oppugnator
1025 1619 1357 1686 Theophilus
1385 1659 1400 1681 .
1434 1635 1666 1688 quorum
1713 1619 1853 1674 alter
1899 1616 2042 1673 beati

2156 1611 2306 1681 φιλος
2339 1614 2367 1666 ὁ
2419 1613 2827 1683 Είκονομάχος·
2870 1608 2944 1666 ὧν
2983 1614 3075 1670 τὸν
3129 1615 3228 1683 μὲν
3288 1598 3494 1670 ἔσωσεν
3546 1622 3579 1689 ἡ
3637 1622 3740 1674 to?»

466 1698 715 1770 Gregorii
753 1705 953 1776 Dialogi
987 1723 1157 1778 papae,
1195 1711 1332 1764 alter
1362 1710 1672 1767 divinorum
1719 1721 1776 1766 et
1825 1720 2042 1765 sancto-

468 1809 590 1866 rum
643 1796 884 1852 virorum
937 1809 992 1855 et
1038 1801 1294 1871 Augusta:
1327 1812 1577 1858 servatus
1629 1811 1713 1860 est
1762 1803 2039 1872 precibus.

467 1884 762 1954 Nunquam
796 1891 940 1944 enim
978 1891 1032 1946 hi
1071 1893 1303 1949 salutem
1340 1893 1573 1949 fuissent
1602 1897 1906 1961 consecuti,
1941 1895 2042 1951 nisi

465 1987 520 2033 et
550 1978 732 2049 aliqua
765 1980 900 2052 ipsis
933 1984 1109 2040 virtus
1137 1986 1362 2049 inesset,
1391 2001 1554 2054 quam
1586 1985 1679 2041 Dei
1702 1987 1914 2055 justitia
1949 2003 2046 2042 no-

465 2071 568 2125 luit
602 2073 966 2141 intercidere;
1000 2076 1084 2131 vel
1127 2076 1170 2130 si
1205 2092 1314 2130 non
1343 2077 1538 2141 virtus,
1587 2085 1644 2132 at
1686 2078 1876 2134 saltem
1910 2093 2046 2132 con-

466 2165 656 2220 fessio.
692 2166 878 2236 Neque
902 2169 1046 2222 enim
1084 2177 1177 2222 aut
1207 2179 1522 2224 sane-torum
1551 2171 1793 2226 virorum
1831 2187 2042 2240 preces,

469 2269 563 2314 aut
610 2261 868 2329 Augusta:
914 2262 1156 2318 studium
1198 2279 1296 2332 pro
1349 2265 1657 2335 Thcophilo
1709 2266 2043 2334 valuissentf,

467 2351 572 2408 nisi
609 2355 761 2423 prius
789 2355 879 2409 ille
907 2371 1066 2410 suum
1117 2366 1398 2427 peceatum
1435 2373 1583 2414 esset
1625 2359 1908 2416 confessus
1944 2362 2045 2430 (ί),

470 2457 798 2516 sanctasque
821 2449 1086 2519 imagines
1108 2450 1286 2505 colere
1311 2458 1366 2504 et
1398 2452 1656 2506 honorari
1689 2453 1894 2520 justum
1928 2469 2048 2508 esse

468 2542 830 2596 asseruisset:
869 2542 1130 2611 quoniam
1163 2545 1208 2598 is
1243 2544 1400 2598 valde
1446 2546 1646 2599 virtute
1677 2547 1906 2600 illustris
1954 2561 2048 2599 ex-

468 2632 632 2696 stitit,
665 2634 757 2689 sed
808 2650 931 2689 cum
981 2634 1035 2688 in
1088 2635 1337 2689 haeresim
1391 2635 1648 2703 delapsus
1678 2643 1824 2689 esset
1855 2650 2047 2690 eorum

468 2728 560 2794 qui
598 2726 861 2797 imagines
884 2729 1293 2797 oppugnabant,
1326 2737 1385 2783 ut
1415 2729 1484 2784 de
1503 2744 1568 2784 eo
1598 2731 1912 2800 conscripta
1942 2731 2046 2784 do-

471 2829 554 2870 cet
591 2818 842 2883 historia,
895 2819 1124 2888 os-ejus
1162 2819 1458 2875 admodum
1515 2819 1796 2876 diductum
1827 2831 1932 2886 est,
1976 2823 2050 2879 ita

473 2918 532 2962 ut
561 2908 776 2963 viscera
809 2909 1304 2980 conspicerentur;
1339 2921 1462 2982 post
1494 2927 1618 2967 eum
1651 2914 1767 2982 ipsa
1799 2929 1856 2969 re
1890 2929 2053 2970 vene-

2148 1706 2425 1774 μακαρίου
2477 1707 2514 1758 Γ
2521 1708 2778 1778 ρηγορίου
2807 1709 2900 1761 τοῦ
2932 1709 3190 1777 Διαλόγου
3249 1711 3449 1764 πάππα
3505 1713 3740 1782 Ῥώμης

2145 1800 2330 1868 δέησις
2357 1816 2375 1831 ⁸
2413 1800 2507 1852 τδν
2544 1801 2624 1863 δέ,
2673 1801 2782 1853 τῶν
2815 1800 3092 1869 Οεοφόρων
3142 1803 3238 1854 καὶ
3272 1803 3445 1867 ἁγίων
3492 1804 3735 1874 ἀνδρῶν,

2147 1895 2242 1945 καὶ
2271 1894 2373 1962 τῆς
2409 1893 2754 1964 βασιλίσσης.
2787 1894 2862 1946 Οὐ
2907 1894 3017 1962 γὰρ
3051 1893 3117 1948 ἄν
3158 1913 3289 1947 ποτε
3319 1896 3468 1950 οὗτοι
3519 1898 3740 1967 ἐσώθης

2149 2002 2268 2046 σαν,
2309 1987 2381 2054 μὴ
2432 1985 2528 2039 καὶ
2563 1986 2718 2039 αὐτοί
2759 2003 2882 2039 τινα
2931 1987 3134 2056 ἀρετὴν
3184 1987 3423 2056 ἔχοντες,
3451 1989 3520 2060 ἢν
3573 1992 3610 2060 ἡ
3641 1993 3740 2043 τοῦ

2147 2078 2282 2131 Θεοῦ
2311 2078 2629 2148 δικαιοσύνη
2660 2078 2760 2131 οὐκ
2809 2077 3081 2149 ἠθέλησεν
3125 2078 3452 2133 άπολέσθαν
3483 2079 3518 2149 ἢ
3563 2083 3612 2132 εἰ
3661 2081 3739 2150 μὴ

2148 2169 2375 2238 ἀρετὴν.
2428 2169 2546 2224 ἀλλ’
2581 2170 2972 2240 ἐξομολόγησιν
3003 2187 3087 2238 γε.
3126 2171 3200 2222 Οὐ
3253 2173 3365 2240 γὰρ
3407 2171 3474 2224 ἂν
3506 2172 3740 2241 ἴσχυσεν

2147 2264 2180 2331 ἡ
2215 2263 2319 2316 τῶν
2349 2262 2524 2327 ἁγίων
2558 2262 2769 2328 ἀνδρῶν
2805 2261 3033 2315 ἐκείνων
3077 2261 3284 2333 δέησις,
3317 2263 3413 2314 καὶ
3438 2265 3472 2332 ἠ
3504 2263 3605 2332 τῆς
3638 2265 3738 2332 βας

2150 2354 2398 2424 σιλίσσης
2425 2355 2631 2426 σπουδὴ
2664 2353 2808 2421 ὑπὲρ
2831 2354 3116 2424 Θεοφίλου,
3159 2357 3206 2407 εἰ
3240 2356 3318 2424 μὴ
3346 2355 3558 2414 ἐκεῖνος
3582 2358 3739 2425 πρῶ-

2149 2464 2242 2498 τον
2279 2447 2600 2517 ὡμολόγησε
2656 2447 2718 2500 τὸ
2764 2449 2962 2500 οίκεῖον
3019 2448 3268 2518 πταῖσμα
3293 2489 3309 2512 ,
3362 2447 3536 2501 καλὸν
3589 2444 3737 2502 εἷναι

2150 2541 2333 2610 φήσας
2363 2539 2460 2603 τὰς
2490 2542 2652 2609 ἁγίας
2682 2541 2895 2603 εἰκόνας
2921 2540 3184 2610 τιμᾶσθαι
3223 2541 3316 2593 καὶ
3346 2542 3608 2595 σέϐεσθαι
3628 2559 3642 2574 ο
3667 2537 3738 2611 ἦν

2150 2632 2260 2700 γάρ
2291 2631 2565 2701 ἐνάρετος,
2597 2633 2626 2685 δ
2668 2632 2807 2699 ἀνὴρ
2846 2630 3072 2700 σφόδρα,
3104 2629 3192 2683 διὰ
3225 2627 3283 2682 δὲ
3321 2629 3383 2682 τὸ
3426 2632 3608 2682 νοσεῖν
3637 2631 3738 2698 τὴν

2153 2725 2260 2777 τῶν
2289 2723 2681 2794 Εἰκονομάχων
2705 2725 2940 2792 αἵρεσιν,
2983 2723 3060 2787 ὡς
3087 2725 3119 2792 ὴ
3175 2723 3298 2776 κατ’
3324 2723 3496 2776 αὑτὸν
3523 2723 3738 2792 ίστορῖα

2151 2816 2320 2887 δηλοῖ,
2358 2817 2418 2869 τὸ
2452 2817 2626 2885 στόμα
2675 2817 2842 2870 αὐτοῦ
2873 2816 3151 2886 ’ὑπερλίαν
3196 2815 3462 2885 ἀνέῳκτο,
3489 2816 3636 2868 ὥστε
3666 2818 3736 2868 τά

2153 2911 2361 2979 ἔγκατα
2395 2910 2561 2963 αὐτοῦ
2594 2910 2902 2978 φαίνεσθαι.
2941 2905 3074 2964 Εἶτα
3106 2909 3200 2963 καὶ⁸
3246 2909 3392 2980 ἔργῳ
3425 2910 3607 2976 δείξας
3635 2911 3736 2980 τὴν

471 3002 727 3056 rabilium
757 3003 1050 3073 imaginum
1081 3006 1455 3062 adorationem
1490 3015 1738 3060 sanctam
1757 3023 1878 3064 esse
1899 3023 2050 3063 com-

2156 3002 2264 3053 τῶν
2301 3001 2619 3070 σεϐασμίων
2657 3001 2883 3054 εἰκόνων
2939 2999 3316 3070 προσκύνησιν
3359 2999 3516 3069 ἁγίαν
3559 2995 3733 3063 εἶναι,

471 3094 778 3160 probasset,
821 3105 1095 3164 arreptam
1137 3112 1200 3149 ex
1237 3097 1362 3151 sinu
1414 3097 1701 3164 cujusdam
1730 3114 1923 3153 eorum
1958 3102 2051 3168 qui

473 3189 700 3243 aderant
734 3203 858 3243 cum
897 3201 1090 3259 torque
1141 3190 1429 3259 imaginem
1479 3201 1794 3247 reverenter
1828 3193 2051 3247 oscula-

471 3282 652 3347 batur,
683 3282 954 3351 pauloque
991 3291 1116 3351 post
1156 3283 1221 3336 ad
1249 3283 1486 3338 tribunal
1533 3285 1658 3340 inde
1709 3293 1896 3355 raptus
1927 3295 2051 3340 est:

473 3391 572 3444 pro
612 3391 718 3446 quo
748 3391 874 3432 cum
914 3376 1134 3431 assidue
1166 3392 1355 3446 preces
1382 3394 1410 3432 a
1449 3379 1653 3434 sanctis
1686 3379 1751 3434 iis
1776 3380 1906 3433 viris
1941 3388 1995 3434 et
2023 3393 2054 3432 a

473 3469 656 3538 regina
687 3469 1120 3534 eﬂunderentur,
1153 3469 1201 3523 ei
1239 3471 1395 3524 venia
1424 3471 1547 3524 data
1583 3481 1684 3524 est.
1712 3469 1847 3524 Nam
1879 3469 2057 3525 Theo—
2087 3479 2092 3482 '

473 3557 684 3626 philum
738 3556 792 3609 in
846 3558 1057 3610 somnis
1103 3558 1292 3627 regina
1339 3560 1626 3628 conspexit
1659 3562 1897 3616 vinctum
1946 3573 2056 3616 tra-

476 3659 735 3718 ctumque
771 3649 839 3703 ab
874 3649 1259 3703 innumerabili
1311 3652 1732 3718 pra-cedentium
1765 3661 1818 3707 et
1868 3653 2057 3709 subse-

478 3740 765 3808 quentium
819 3738 1205 3803 multitudine;
1250 3748 1378 3792 ante
1419 3739 1568 3793 illum
1618 3739 1933 3796 ferebantur
1970 3744 2054 3798 di-

474 3845 633 3888 versa
664 3831 1157 3887 instrumentorum
1195 3845 1394 3897 genera
1438 3831 1504 3884 ad
1554 3833 1918 3900 torquendum
1965 3849 2058 3889 ac-

476 3922 848 3986 commodata,
894 3921 1123 3990 ipsaque
1150 3921 1256 3976 sibi
1287 3920 1573 3977 videbatur
1606 3938 1702 3979 eos
1736 3927 1911 3996 sequi,
1960 3929 2055 3998 qui

477 4019 542 4073 ad
577 4032 794 4088 pmnam
844 4017 1211 4085 adducebant,
1259 4035 1547 4090 quousque
1578 4021 1644 4077 ad
1693 4031 2050 4092 conspectum

479 4108 740 4164 terribilis
763 4107 961 4179 judicis
1002 4119 1390 4177 pervenerunt,
1422 4111 1898 4184 TlteOphilumque
1932 4127 2057 4182 ante

478 4204 656 4269 ipsum
691 4209 1016 4256 statuerunt.
1045 4199 1338 4258 Provoluta
1385 4203 1555 4274 igitur
1579 4205 1646 4260 ad
1672 4205 1873 4275 judicis
1910 4208 2057 4264 illius

476 4292 748 4348 tremendi
777 4295 963 4363 pedes,
993 4294 1153 4350 enixe
1177 4295 1363 4352 multis
1386 4311 1508 4352 cum
1539 4297 1795 4370 lacrymis
1812 4301 2054 4370 Augusta

475 4401 578 4452 pro
605 4386 723 4439 viro
753 4399 857 4440 suo
881 4389 1314 4455 deprecabatur;
1349 4388 1415 4443 ad
1452 4405 1616 4459 quam
1663 4391 1920 4446 terribilis
1967 4393 2058 4447 ille

471 4477 639 4546 judex
675 4479 854 4534 dixit:
904 4479 1115 4546 Mulier,
1149 4496 1346 4550 magna
1378 4491 1462 4538 est
1495 4482 1628 4540 ﬁdes
1659 4492 1749 4538 tua
1778 4501 1792 4539 :
1839 4492 2060 4554 propter

477 4581 530 4624 te
570 4573 1028 4644 sacerdotumque
1075 4590 1319 4629 meorum
1357 4591 1547 4646 preces
1593 4577 1808 4647 conjugi
1863 4587 1955 4632 tuo
1989 4577 2059 4634 do

474 4664 688 4717 veniam
717 4680 732 4726 ;
769 4672 898 4718 tunc
931 4665 1194 4723 ministris
1223 4668 1338 4723 suis
1359 4667 1516 4732 dixit,
1540 4665 1750 4724 Solvite
1775 4685 1898 4723 cum
1925 4686 2061 4726 uxo-

475 4756 634 4823 rique
685 4755 804 4823 ejus
857 4757 1078 4813 tradite.
1123 4759 1388 4814 Similiter
1428 4770 1482 4815 et
1531 4776 1686 4816 sacer
1725 4762 2056 4832 patriarcha,

478 4845 726 4900 omnium
752 4846 1132 4903 haereticorum
1159 4850 1561 4924 Theophilique
1585 4853 1756 4922 ipsius
1783 4855 2057 4911 adnotatis

476 4946 530 4990 et
561 4937 779 5007 scriptis
803 4938 1143 5007 nominibus,
1177 4943 1290 4998 haec
1319 4945 1510 4999 eadem
1555 4946 1658 5000 sub
1685 4962 1837 5002 sacra
1868 4961 2057 5002 mensa

476 5029 790 5098 collocavit,
836 5031 1139 5103 eademque
1183 5044 1342 5090 nocte
1399 5052 1505 5108 qua
1556 5038 1741 5107 regina
1790 5038 2055 5093 visionem

477 5124 708 5194 aspexit,
744 5125 880 5180 vidit
929 5136 982 5182 et
1034 5127 1153 5196 ipse
1200 5127 1442 5184 divinum
1501 5130 1751 5198 angelum
1801 5146 2054 5200 maguum

481 5218 742 5287 templum
776 5218 1194 5289 ingredientem,
1223 5222 1313 5290 qui
1345 5222 1526 5278 dixit:
1574 5222 1860 5292 Episcope,
1892 5238 2059 5277 exau-

477 5311 604 5364 ditm
641 5318 769 5364 sunt
815 5325 1005 5380 preces
1047 5322 1172 5378 tuae,
1226 5323 1282 5369 et
1325 5316 1538 5371 veniam
1579 5313 1918 5384 Theophilus
1958 5315 2057 5368 im-

485 5399 738 5466 patravit.
771 5399 979 5455 Somno
1012 5413 1142 5472 ergo
1169 5415 1524 5475 experrectus
1552 5404 1618 5460 ad
1655 5421 1869 5460 sacram
1903 5423 2058 5460 men-

481 5503 598 5542 sam
633 5491 867 5558 devenit,
908 5493 1093 5564 ibique
1140 5511 1266 5551 cum
1319 5498 1522 5569 legeret
1560 5498 1722 5567 paulo
1756 5507 1880 5553 ante
1930 5515 2058 5555 cou-

484 5581 747 5652 scriptum
767 5584 1029 5655 libellum,
1056 5589 1262 5644 invenit
1289 5590 1340 5661 (ιι
1369 5591 1462 5647 Dei
1481 5590 1684 5663 judicia
1710 5590 1746 5658 ἰ)
1772 5592 2058 5671 Theophili

559 5767 636 5837 Η)
668 5769 795 5826 Vide
821 5769 1112 5826 Zonarum.

2081 4338 2134 4400 D

2156 3094 2230 3154 ὡς
2256 3094 2556 3146 ἐπελάϐετο
2589 3093 2880 3162 ἐγκολπίου
2913 3093 3057 3155 τινὸς
3084 3093 3191 3146 τῶν
3222 3093 3608 3164 παρεστώτων,
3635 3094 3734 3144 εὖ·

2154 3187 2336 3250 Μδῶς
2366 3186 2681 3254 κατεφίλει;
2715 3189 2811 3239 κςιί⁸
2851 3187 2970 3256 μετ’
2991 3185 3172 3253 ὀλίγον
3194 3185 3638 3256 ἁρπαγεὶς,πρδς
3668 3186 3738 3238 τὰ

2155 3279 2367 3334 ἐκεῖθεν
2394 3280 2755 3354 δικαιωτήρια
2805 3275 3139 3352 κατερῤίφη,
3188 3276 3359 3346 ’Υπέρ
3401 3270 3464 3328 οὗ
3519 3276 3740 3344 δεήσεις

2157 3375 2399 3437 ἐκτενεῖς
2434 3373 2726 3442 γενόμεναι
2776 3371 2926 3440 παρᾶ
2955 3372 3059 3422 τῶν
3095 3370 3372 3439 θεοφόρων
3413 3369 3508 3422 καὶ
3562 3370 3738 3436 ἁγίων

2159 3468 2382 3520 ἐκείνων
2408 3465 2636 3535 ἀνδρῶν,
2671 3465 2766 3517 καὶ
2797 3463 2964 3533 αὐτῆς
3010 3465 3109 3533 τῆς
3143 3461 3486 3533 βασιλίσσης,
3517 3461 3729 3530 συγχώ-

2162 3578 2319 3630 ρησις
2354 3558 2502 3628 αὐτῷ
2545 3559 2778 3611 δέδοται.
2821 3556 2884 3608 Ἡ
2918 3555 3026 3625 γάρ
3079 3556 3370 3624 βασίλισσα
3401 3555 3655 3607 κατεῖδεν
3681 3556 3738 3604 ἐν

2157 3654 2352 3723 ὀνείρῳ
2385 3651 2476 3705 τὸν
2503 3649 2762 3720 Θεόφιλον
2787 3648 3097 3717 δεδεμένον,
3130 3646 3432 3716 συρόμενον
3461 3644 3736 3712 diremit:-

2161 3745 2286 3809 θους
2347 3743 2602 3813 ἀπείρου,
2661 3741 3076 3812 προηγουμένου
3132 3739 3228 3791 καὶ
3275 3738 3587 3807 ἑπομένου-
3644 3735 3737 3788 καὶ

2160 3837 2473 3908 ἔμπροσθεν
2508 3835 2702 3899 αὐτοῦ,
2725 3835 2960 3903 διάφορα
2996 3830 3375 3899 κολαστηρίων
3405 3830 3616 3899 ὄργανα
3641 3846 3736 3896 φεο

2161 3931 2368 4001 ρόμενα
2401 3947 2414 3959 ·
2471 3929 2596 4000 ἥτις
2645 3927 2824 3992 ἔδοξεν
2875 3924 3196 3980 ἀκολουθεῖν
3242 3925 3354 3986 τοῖς
3404 3924 3730 3989 ἀπάγουσιν,

2159 4023 2263 4085 ἕως
2295 4022 2356 4075 οὗ
2389 4021 2638 4083 ἐλθόντες
2662 4018 2798 4087 πρός
2831 4034 2953 4070 τινα
2981 4019 3178 4087 κριτὴν
3213 4014 3469 4084 φοϐερὸν,
3496 4015 3732 4082 ἔστησαν

2161 4112 2483 4186 ἐμπροσοην
2533 4111 2698 4165 αὐτοῦ
2738 4111 2830 4163 τὸν
2877 4110 3137 4177 Θεόφιλον
3163 4124 3177 4138 ·
3217 4107 3604 4177 προσπεσοῦσα
3641 4105 3731 4158 οὖν

2160 4210 2238 4270 είς
2268 4207 2394 4269 τοὺς
2441 4203 2607 4265 πὺδας
2639 4203 2734 4256 τοῦ
2766 4201 3004 4273 φοϐεροῦ
3037 4201 3252 4254 ἐκείνου
3299 4198 3487 4262 κριτοῦ
3517 4199 3549 4266 ἠ
3581 4197 3729 4265 βασί-

2159 4300 2344 4363 λισσα,
2400 4296 2636 4361 ἐκτενῶς
2664 4295 2935 4366 ἠντιϐόλει
2991 4297 3090 4349 σὺν
3135 4294 3400 4363 δάκρυσιν
3438 4292 3580 4362 ὑπὲρ
3635 4289 3724 4341 τοῦ

2159 4393 2352 4463 ἀνδρὸς
2397 4391 2589 4460 αὐτῆς.
2646 4389 2788 4457 Πρὸς
2827 4387 2894 4459 ἢν
2923 4389 2950 4441 ὁ
2983 4385 3213 4457 φοϐερὸς
3263 4384 3368 4454 ἔφη
3419 4385 3628 4453 κριτὴς,
3658 4379 3727 4434 Ὠ

2157 4483 2341 4553 γύναι,
2391 4479 2606 4552 μεγάλη
2639 4497 2732 4534 σου
2782 4480 2815 4542 ὴ
2856 4477 3075 4540 πίστις·
3113 4476 3203 4529 διά
3251 4475 3333 4537 σὲ,
3381 4475 3475 4528 καὶ
3519 4475 3606 4528 διὰ
3631 4473 3726 4541 τὴν

2156 4577 2344 4645 δέησιν
2368 4574 2478 4626 τῶν
2508 4573 2702 4644 ίερὲων
2733 4589 2863 4640 μου,
2890 4569 3223 4640 συγγνώμην
3256 4569 3451 4637 δίδωμι
3475 4567 3557 4637 τῷ
3580 4565 3724 4634 ἀνδρί

2161 4687 2278 4724 σου.
2315 4668 2452 4720 Τότε
2506 4648 2603 4720 καί
2652 4667 2764 4728 τοῖς
2798 4664 3105 4735 ὑπηρέταις
3148 4661 3277 4732 ἔφη,
3310 4661 3524 4715 Λύσατε
3571 4657 3724 4712 αὑτὸν

2161 4762 2256 4814 καὶ
2285 4759 2404 4812 δότε
2435 4761 2499 4828 τῇ
2531 4756 2754 4825 γυναικὶ
2783 4753 2974 4807 αὐτοῦ.
3021 4752 3258 4823 Ὁμοίως
3285 4752 3381 4805 καί⁸
3404 4755 3431 4804 ό
3456 4751 3600 4819 ίερδς
3628 4766 3723 4800 πα-

2157 4852 2422 4923 τριάρχης
2467 4848 2687 4917 γράψας
2745 4847 2966 4899 πάντων
3002 4846 3114 4898 τῶν
3165 4841 3460 4912 αἰρετικών
3499 4841 3564 4894 τά
3617 4839 3720 4892 δνό-

2159 4963 2325 5015 ματα,
2354 4943 2448 4996 καί⁵
2475 4941 2642 4995 αὑτοῦ
2670 4939 2766 4993 τοῦ
2791 4938 3076 5007 Θεοφίλου,
3126 4937 3322 5006 ἔθηκεν
3350 4936 3606 4987 ὑποκάτω
3632 4931 3722 4998 τῆς

2157 5039 2321 5106 ἁγίας
2352 5036 2636 5108 τραπέζης
2660 5050 2674 5066 ⁸
2711 5033 2805 5086 καὶ
2839 5034 2898 5085 ὲν
2934 5032 3072 5101 αὐτῇ
3113 5031 3178 5098 τῇ
3227 5028 3385 5080 νυκτὶ
3416 5027 3476 5078 ἐν
3574 5028 3606 5092 ὴ
3645 5023 3732 5091 βσ-

2160 5132 2298 5195 aut;
2330 5131 2432 5200 τὴν
2479 5127 2748 5180 ὀπτασίαν
2803 5125 3067 5194 ἑώρακεν,
3123 5123 3225 5191 ὁρᾷ
3257 5120 3352 5172 καὶ
3403 5117 3732 5206 αὐτὸςχθείον

2163 5224 2417 5292 ἄγγελον,
2453 5221 2545 5273 τὸν
2580 5220 2753 5289 μέγαν
2793 5217 3034 5271 εἰσιόντα
3061 5215 3191 5269 ναόν
3217 5230 3233 5247 ο
3275 5212 3372 5266 καὶ
3404 5209 3544 5280 πρὸς
3580 5208 3736 5262 αὑτὸν

2164 5318 2291 5386 ἔφη,
2320 5310 2394 5367 Ὦ
2438 5303 2731 5377 ἐπίσκοπε,
2791 5307 3127 5379 εἰσηκούσθη
3171 5306 3205 5376 ἡ
3242 5304 3428 5375 δέησίς
3469 5319 3564 5355 σου
3595 5318 3612 5332 ο
3646 5298 3737 5352 καὶ

2166 5406 2500 5478 συγγνώμης
2549 5405 2712 5474 ἔτυχε
2750 5401 3030 5470 Θεόφιλος.
3062 5399 3331 5464 Ἐξυπνος
3371 5391 3468 5450 οὖν
3517 5395 3738 5462 γενόμεο

2165 5521 2273 5566 ννις,
2317 5499 2416 5571 τὴν
2446 5497 2600 5567 ίερᾶν
2625 5496 2908 5567 τράπεζαν
2949 5491 3362 5562 καταλαμϐάνει
3388 5505 3401 5519 ο
3431 5488 3526 5542 καὶ
3552 5485 3740 5540 ἀναλεσ

2170 5595 2400 5663 ξάμενος
2432 5591 2522 5644 τὸν
2551 5588 2654 5657 πρὸ
2681 5586 2880 5658 μικροῦ
2905 5586 3181 5656 γραφέντα
3221 5584 3451 5654 χάρτην,
3485 5571 3668 5647 εὗρεν,
3698 5573 3740 5625 ὦ
