3978 6204
246 337 268 398 1
284 334 382 395 17.49

934 331 1083 391 PRO
1121 329 1333 390 CONC.
1370 325 1746 386 FLORENT.
1784 325 1966 385 CAP.‘
1991 323 2111 383 [ΙΙ.
2161 320 2258 382 DE
2296 318 2847 382 PURGATORIO...

3361 316 3502 379 19.50

239 447 384 498 Θεοῦ
406 446 720 515 κριμάτωνί
749 447 807 497 τὸ
828 445 922 498 τοῦ
942 443 1203 512 Θεοφίλου
1227 441 1399 512 ὄνομα
1421 442 1830 512 ἀπηλειμμένον

1953 453 2132 490 tamen
2185 437 2466 490 abolitum.
2512 435 2586 487 Ex
2643 437 2746 488 hoc
2788 431 2950 502 igitur
2983 431 3102 488 loco
3164 431 3496 500 propositum

243 539 459 592 θεόθεν.
497 536 629 589 Ἀπί,
657 537 850 590 τούτου
881 536 974 588 οὖν
1003 534 1100 588 τοῦ
1126 535 1308 601 λόγου,
1342 535 1403 587 τὸ
1434 532 1696 606 προτεθὲν
1725 533 1821 586 τοῦ

248 631 622 699 καθαρτηρίου
657 630 833 698 δόγμα
893 629 1195 698 διαρρήδην
1243 628 1612 696 ἐμφαίνεται·
1649 626 1732 680 ὃτι
1774 627 1822 678 εί

245 717 315 790 ἦν
348 722 524 787 ἆγιος,
563 721 664 773 οὐκ
698 721 761 772 ἃν
794 720 1080 787 δεδεμένος
1118 721 1211 772 καὶ
1245 719 1322 780 ὡς
1354 719 1645 781 κατάδικος
1691 719 1822 770 ἐπο-

249 812 441 882 ρεύετο
467 828 482 842 ·
517 813 565 864 εί
610 811 667 864 δὲ
702 811 979 873 παντελῶς
1023 811 1475 878 ἀπεγνωσμένος,
1523 809 1618 861 καὶ
1661 824 1827 876 μετα-

245 905 397 963 νοίας
431 902 676 970 καρποὺς
705 903 805 955 οὐκ
833 903 1144 972 ἐκέρδησεν,
1179 903 1277 954 οὐκ
1304 900 1368 954 ἂν
1397 900 1555 969 ἔτυχε
1583 898 1825 967 συγγνὼ-

251 1013 382 1066 μης.
455 995 616 1058 Ὦςτε
691 995 792 1064 τῆς
848 995 1022 1063 μέσης
1077 993 1311 1062 μερίδος
1355 991 1560 1062 τυχὼν,
1625 993 1718 1044 καὶ
1768 992 1827 1043 ἐν

254 1088 516 1157 μετανοίᾳ
546 1088 810 1157 εὑρεθεὶς.
851 1087 1108 1155 ὠφελήθη
1139 1086 1224 1138 διά
1261 1086 1362 1152 τῆς
1407 1085 1516 1137 τῶν
1548 1084 1826 1153 θεοφόρων

250 1181 348 1232 καὶ
379 1180 551 1246 ἁγίων
599 1179 810 1247 ἀνδρῶν
843 1179 1103 1247 δεήσεως.
1140 1180 1278 1248 Περὶ
1323 1179 1378 1230 δὲ
1418 1175 1528 1230 τῶν
1574 1178 1828 1243 ἀπεγνω-

253 1273 487 1336 σμένων,
545 1273 592 1324 εί
639 1272 733 1322 τὸν
785 1273 991 1337 κόσμον
1037 1271 1158 1324 ὅλον
1196 1269 1390 1331 δώσεις
1436 1269 1513 1332 ὡς
1564 1269 1828 1331 πολλάκις

253 1366 491 1432 εἴρηται,
528 1363 590 1416 οὗ
629 1362 923 1434 βοηθήσεις
958 1363 1112 1432 αὐτῷ
1143 1362 1251 1416 οὐδ’
1282 1362 1440 1423 ὅλως.

325 1457 554 1524 Μάρτυς
583 1456 642 1507 ἐν
670 1455 847 1524 τούτῳ
868 1456 896 1508 ὁ
923 1454 1434 1524 προμνημονευθεὶς
1464 1453 1610 1521 ἱερδς
1647 1453 1833 1506 Ἰωάν-

256 1564 355 1614 νης
390 1549 417 1599 ὁ
449 1548 834 1615 Δαμασκηνῖς,
872 1549 931 1599 ὲν
960 1545 1036 1617 τῷ
1073 1545 1612 1616 προμνημονευθέντι
1645 1546 1789 1616 λόγῳ
1814 1562 1828 1577 ο

256 1639 385 1690 ἔνθα
417 1639 583 1706 φησίν
603 1656 616 1670 ·
651 1658 668 1689 ι
717 1638 776 1692 '0
807 1639 851 1690 δ’
883 1635 950 1693 αὖ
971 1656 1036 1706 γε
1070 1638 1185 1709 βίον
1212 1639 1446 1708 πονηρὸν
1470 1639 1830 1707 κεκτημένος,

258 1732 726 1799 συμπεφυρμένον
755 1731 876 1785 ὅλον
908 1735 968 1785 ὲν
1009 1733 1128 1794 ταῖς
1164 1730 1454 1794 ἀκάνθαις,
1491 1730 1584 1783 καὶ
1617 1732 1831 1801 πλήρης

257 1823 437 1876 πέλων
469 1823 610 1875 ὑλῶν
657 1824 766 1876 τῶν
803 1823 1155 1895 ἀκαθάρτων,
1187 1824 1247 1888 ὃς
1293 1825 1548 1879 οὐδέποτε
1591 1826 1836 1896 συνειδή-

259 1932 344 1968 σει
391 1916 592 1984 διῆξεν,
636 1917 754 1969 ἀλλ’
810 1918 983 1981 ἀδεῶς
1015 1917 1151 1987 ὁμοῦ
1189 1918 1283 1970 καὶ
1341 1918 1669 1986 ἀδιαφόρως,
1715 1921 1835 1981 ταῖς

257 2009 368 2060 τῶν
402 2007 608 2078 ἡδονῶν
637 2008 816 2062 ἔκειτο
845 2010 1162 2077 δυσωδίαις,
1199 2012 1454 2081 πράττων
1489 2011 1713 2073 ἁπάσας
1738 2011 1838 2074 τάς

255 2101 362 2170 τῆς
411 2100 617 2169 σαρκὸς
667 2101 898 2170 ὀρέξεις,
956 2102 1053 2155 καὶ
1101 2104 1271 2169 μηδὲν
1309 2102 1446 2165 ὅλως
1495 2104 1626 2171 περὶ
1660 2102 1839 2171 ψυχῆς

257 2192 586 2260 φροντίζων,
634 2192 774 2262 ἔχων
819 2210 879 2245 τε
938 2193 998 2244 τὸ
1057 2193 1314 2262 φρόνημα
1355 2197 1621 2260 σαρκικόν
1673 2194 1838 2261 ἅπαν,

258 2283 361 2338 εἷθ’
395 2285 571 2348 οὕτως
628 2286 890 2353 φθασθεὶς
950 2286 1258 2357 ὲκδημήσει
1308 2288 1404 2340 τοῦ
1467 2288 1605 2358 βίου,
1664 2288 1840 2357 τούτῳ

261 2379 544 2440 παντελῶς
573 2379 750 2441 οὐδεὶς
789 2379 967 2448 ὀρέξει
1011 2381 1173 2450 χεῖρα
1201 2399 1213 2410 ·
1249 2379 1366 2434 ἀλλ’
1391 2380 1534 2434 οὕτω
1559 2381 1738 2435 πάντα
1773 2382 1841 2434 τά

261 2471 385 2524 κατ’
411 2471 572 2524 αὑτὸν
607 2471 1104 2540 διαπραχθήσεται,
1139 2472 1215 2535 ὡς
1257 2474 1393 2544 μήτε
1427 2473 1532 2526 ὑπὸ
1563 2475 1839 2538 συνεύνου,

262 2563 296 2630 ἦ
325 2563 538 2623 τέκνου,
568 2563 602 2633 ἦ
637 2562 901 2630 ἀδελφῶν,
934 2563 966 2630 ἦ
1000 2563 1302 2631 συγγενῶν,
1339 2564 1371 2634 ἢ
1416 2565 1587 2633 φίλων
1615 2567 1842 2618 ὲπικου·

266 2656 387 2721 ρίας
417 2657 634 2723 τυχεῖνσ
671 2655 752 2707 ὅτι
807 2655 944 2724 μηδὲ
976 2655 1088 2725 ἔχει
1117 2655 1251 2718 Θεὸς
1301 2656 1358 2708 ἐν
1402 2657 1589 2726 μέτρῳ
1629 2657 1839 2713 τοῦτον.

275 2745 440 2814 Ὀρᾷς
471 2746 588 2808 πῶς
617 2762 784 2816 φησιν
811 2749 838 2798 ὀ
873 2745 1027 2812 ἅγιος
1058 2740 1236 2810 οὗτος,
1261 2750 1343 2800 ὃτι
1373 2749 1502 2818 περὶ
1531 2750 1643 2801 τῶν
1667 2750 1843 2802 τοιού-

264 2854 373 2889 των
401 2838 694 2905 ματαιάζει
723 2839 751 2890 ὀ
777 2837 1036 2906 δεόμενος
1054 2855 1067 2869 ·
1094 2839 1177 2892 ὅτι
1207 2840 1308 2893 οὐκ
1334 2839 1446 2908 ἔχει
1475 2843 1501 2893 ὁ
1525 2841 1657 2905 Θεὸς
1680 2843 1844 2896 αὑτὸν

269 2931 328 2980 ἐν
347 2927 547 2997 μέτρῳ.
581 2929 717 2998 Περὶ
737 2928 942 2982 τούτων
970 2930 1307 3000 γέγραπται.
1343 2933 1490 2986 «Οὐκ
1511 2933 1656 2987 ἔστιν
1685 2937 1745 2988 ὲν
1767 2936 1844 3005 τῷ

266 3022 368 3092 ᾅδῃ
403 3023 664 3089 μετάνοια
690 3038 704 3052 ·
743 3042 761 3074 ι
797 3024 893 3076 καὶ
923 3024 991 3077 τὰ
1023 3025 1214 3079 λοιπά.
1248 3025 1380 3095 Περὶ
1426 3026 1482 3079 δὲ
1516 3026 1626 3079 τῶν
1657 3027 1844 3095 μέσων

1927 531 1996 586 de
2027 529 2340 598 purgatorio
2393 529 2586 597 dOgma
2625 535 2810 596 aperte
2856 524 3240 590 convincitur;
3295 540 3419 578 nam
3455 527 3500 581 si

1930 633 2156 677 sanctus
2208 621 2533 684 exstitisset,
2571 621 2786 673 vinctus
2841 617 3001 672 veluti
3056 617 3348 674 damnatus
3396 635 3505 672 non

1929 715 2289 770 incessisset:
2328 715 2374 769 si
2423 709 2821 783 vero'penitus
2869 713 3186 781 desperatus
3234 723 3287 765 et
3323 711 3511 780 pinni-

1933 808 2113 862 tentia:
2147 808 2325 862 fruetu
2363 807 2608 871 orbatus,
2650 804 2864 859 veniam
2908 819 3015 858 non
3061 811 3207 860 esset
3253 797 3510 859 consecu-

1933 909 2040 955 tus.
2075 901 2262 969 Itaque
2289 900 2479 952 media:
2509 898 2703 953 classis
2736 913 2860 953 cum
2898 906 3041 953 esset
3081 907 3136 951 et
3174 898 3506 966 pmnitentiae

1933 974 2199 1050 beneﬁcio
2252 992 2354 1046 sibi
2401 991 2712 1058 prtesidiutn
2751 1001 3145 1059 comparasset,
3194 989 3507 1044 divinorum

1934 1097 1986 1142 et
2005 1095 2318 1139 sanctorum
2339 1083 2580 1137 virorum
2612 1085 2865 1150 precibus
2884 1082 3148 1135 auxilium
3171 1081 3504 1148 impetravit.

1935 1179 2040 1233 Pro
2085 1176 2389 1246 desperatis
2435 1174 2582 1229 enim
2612 1176 2654 1229 si
2695 1184 2865 1229 totum
2902 1175 3162 1227 mundum
3201 1171 3508 1235 tradideris,

1937 1279 1997 1324 ιιι
2025 1261 2168 1340 επρρο
2198 1269 2402 1323 dictum
2433 1276 2539 1332 est,
2572 1267 2848 1322 incassum
2873 1264 3167 1322 laborabis.

2007 1448 2183 1519 Hujus
2211 1449 2287 1503 rei
2322 1448 2475 1503 testis
2505 1447 2811 1503 antedictus
2857 1461 3011 1501 sacer
3035 1443 3274 1501 Joannes
3314 1443 3514 1497 Dama-

1936 1559 2132 1599 scenus
2153 1535 2216 1596 in
2247 1544 2491 1598 oratione
2526 1550 2686 1595 antea
2721 1544 3169 1604 commemorata,
3201 1537 3292 1593 ubi
3335 1537 3460 1590 dicit
3489 1555 3504 1590 :

1945 1656 1964 1690 ι
1993 1637 2094 1704 Qui
2135 1636 2300 1689 vitam
2329 1633 2598 1702 ﬂagitiose
2649 1633 2906 1698 traducit,
2940 1643 2992 1686 et
3023 1633 3269 1687 sentibus
3302 1645 3516 1700 semper

1939 1730 2260 1792 involutam,
2317 1735 2370 1780 et
2423 1727 2667 1782 sordium
2719 1725 2962 1781 foeditate
3003 1738 3348 1794 respersam.
3410 1737 3515 1776 nec

1941 1837 2096 1878 suam
2128 1835 2367 1890 unquam
2400 1817 2795 1890 conscientiam
2828 1817 3176 1885 introspexit,
3217 1815 3309 1870 sed
3343 1816 3514 1869 intre-

1940 1914 2063 1981 pide
2105 1913 2271 1967 simul
2303 1913 2454 1966 nullo
2489 1911 2675 1966 habito
2703 1909 3028 1965 discrimine
3075 1908 3416 1976 voluptatum
3454 1919 3514 1959 se

1940 2005 2286 2063 l'ceditatibus
2329 2003 2806 2067 contaminaverit,
2832 2001 3087 2054 omnibus
3122 1997 3518 2066 cupiditatibus

1942 2100 2125 2155 carnis
2147 2097 2558 2168 subsequendo,
2578 2095 2803 2149 omnino
2834 2093 3031 2148 animae
3063 2106 3192 2146 cura
3225 2091 3472 2160 despecta
3499 2129 3515 2152 ,

1944 2192 2188 2260 nihilque
2216 2191 2360 2244 aliud
2391 2204 2551 2258 quam
2589 2202 2806 2241 carnem
2843 2185 3105 2247 sentiens,
3140 2185 3196 2238 in
3222 2182 3400 2251 iisque
3426 2195 3519 2236 co-

1943 2283 2301 2354 gitationibus
2331 2280 2707 2348 deprehensus
2755 2291 2785 2330 e
2836 2275 2945 2328 vita
2997 2274 3339 2334 discesserit,
3391 2269 3521 2324 huic

1948 2389 2109 2430 nemo
2141 2388 2361 2427 mamnn
2395 2368 2726 2440 porrexerit,
2757 2366 2852 2422 sed
2895 2366 2966 2420 ita
2996 2380 3180 2420 secum
3212 2373 3423 2433 agetur,
3461 2373 3521 2414 ιιι

1947 2483 2048 2523 nec
2076 2469 2144 2521 ab
2176 2479 2372 2528 uxore,
2420 2463 2503 2516 vel
2556 2461 2765 2522 liberis,
2811 2458 3096 2522 fratribus,
3129 2449 3401 2524 cognatis,
3432 2454 3520 2508 νιιΙ

1948 2559 2141 2615 amicis
2189 2557 2239 2612 ei
2283 2555 2510 2611 omnino
2562 2550 2840 2609 subveniri
2895 2551 3092 2620 possit,
3125 2550 3265 2618 quod
3298 2558 3424 2602 eum
3462 2548 3517 2600 in

1945 2665 2203 2705 mensura
2232 2649 2509 2706 Deus.n0u
2536 2647 2786 2702 habeam
2819 2645 2979 2700 Vides
3004 2645 3275 2714 quomodo
3299 2651 3524 2696 sanctus

1950 2744 2038 2797 hic
2064 2744 2147 2796 vir
2174 2741 2333 2803 dixit,
2370 2740 2514 2811 quod
2545 2740 2638 2809 qui
2673 2754 2772 2808 pro
2801 2738 2884 2791 his
2915 2738 3264 2805 deprecatur,
3297 2734 3521 2795 insanit.

1948 2835 2114 2890 veluti
2143 2846 2293 2890 extra
2329 2833 2422 2886 Dei
2455 2848 2764 2888 menSuram
2796 2829 3121 2886 collocatis?
3155 2829 3226 2882 De
3267 2829 3352 2882 his
3383 2829 3524 2882 scri-

1947 2941 2099 3001 ptum
2127 2939 2231 2991 est,
2266 2926 2414 2981 «Non
2445 2928 2596 2982 estin
2627 2925 2843 2979 inl‘eruo
2874 2922 3190 2991 ptenitentia
3214 2923 3312 2987 “,t
3346 2931 3401 2976 et
3439 2937 3526 2975 rc-

1950 3025 2117 3092 liqua.
2163 3023 2238 3076 De
2273 3022 2450 3074 media
2493 3020 2686 3084 classe,
2725 3019 2776 3070 id
2808 3025 2909 3080 est,
2939 3018 3004 3072 de
3037 3017 3122 3071 his
3153 3017 3245 3085 qui
3277 3015 3378 3070 sub
3405 3031 3523 3084 pne.

269 3115 524 3166 τουτέστι
558 3114 667 3166 τῶν
696 3115 754 3166 ἐν
786 3116 1048 3185 μετανοίᾳ
1077 3117 1542 3186 τελευτησάντων,
1573 3117 1667 3170 καὶ
1700 3118 1840 3185 μάλα

1951 3115 2172 3170 nitentia
2205 3116 2512 3167 moriuntur
2547 3127 2670 3167 esse
2709 3098 2973 3166 sollicitos
3000 3148 3015 3173 ,
3054 3111 3278 3164 lucrosa
3323 3124 3410 3163 res
3443 3117 3525 3160 est.

268 3206 552 3274 ἑπικερδὲς
583 3206 643 3257 τὸ
674 3209 928 3276 πρᾶγμα,
954 3210 1050 3260 καὶ
1075 3209 1243 3269 ὅντως
1273 3209 1573 3276 ὠφέλιμον.
1603 3211 1677 3262 Οὐ
1705 3210 1843 3262 δίδο-

270 3314 371 3366 μεν
421 3295 516 3351 οὖν
553 3299 811 3367 ἀφορμὰς
842 3298 937 3350 καὶ
974 3299 1300 3366 προφάσεις,
1347 3300 1444 3352 τοῦ
1499 3300 1681 3362 ζῶντά
1721 3318 1844 3354 τινα

269 3388 347 3457 μὴ
381 3391 556 3440 ποιεῖν
582 3387 978 3456 ἐλεημοσύνας,
1011 3389 1144 3441 ἀλλὰ
1171 3390 1464 3457 φυλάττειν
1497 3391 1671 3452 αὐτὰς
1708 3392 1844 3459 μετὰ

265 3479 535 3533 θάνατον·
574 3478 774 3531 ἄτοπον
818 3481 926 3549 γὰρ
964 3480 1122 3532 τοῦτο
1172 3482 1264 3533 καὶ
1318 3482 1567 3553 βέϐηλον,
1619 3483 1713 3535 καὶ
1744 3486 1842 3550 τῆς

266 3571 421 3632 θείας
475 3571 802 3639 νομοθεσίας
850 3572 1170 3641 ἀλλότριον·
1224 3573 1358 3624 ἀλλὰ
1413 3572 1700 3626 κάλλιστον
1748 3575 1842 3628 καὶ

269 3663 561 3731 θεάρεστον
616 3665 710 3715 καὶ
761 3664 842 3719 εἰς
889 3665 1036 3716 ἅπαν
1087 3663 1514 3732 εὐπρόσδεκτον,
1550 3665 1609 3717 τὸ
1664 3665 1843 3720 πάντα

269 3753 581 3824 ἄνθρωπον,
609 3753 837 3822 θεοσεϐῆ
882 3757 975 3807 καὶ
1005 3755 1355 3824 φιλόχριστον
1404 3752 1547 3811 εἶναι
1571 3772 1586 3788 ’
1626 3759 1719 3810 καὶ
1748 3775 1848 3810 κα-

272 3845 487 3912 θαίρειν
514 3845 706 3897 ἑαυτὸν
737 3845 806 3898 δι’
844 3847 1216 3915 άγαθοεργίας
1262 3848 1544 3912 παντοίας,
1575 3849 1850 3920 ἀπεχόμε-

270 3951 362 3987 νον
405 3935 584 4002 πάσης
620 3935 965 4006 ἀκαθαρσίας
997 3954 1012 3968 ο
1048 3939 1305 4005 ἐχόμενον
1342 3938 1399 3991 δὲ
1433 3939 1542 3990 τῶν
1584 3939 1678 3991 τοῦ
1711 3939 1846 3992 Θεοῦ

270 4029 510 4094 φαεινῶν
547 4029 1010 4097 προσταγμάτων,
1055 4029 1128 4090 ὠς
1159 4029 1226 4082 ἂν
1263 4031 1401 4098 πρὸς
1430 4031 1490 4083 τὸ
1531 4031 1685 4093 τέλος
1722 4033 1850 4099 ἐλη-

271 4121 478 4184 λακὼς,
516 4121 656 4188 μετὰ
701 4122 1018 4192 παρρησίας
1063 4120 1192 4193 λέξῃ
1229 4123 1366 4192 πρὸς
1404 4123 1498 4175 τὸν
1543 4123 1847 4193 δεσπότηνο

277 4231 298 4264 ι
345 4213 566 4282 Ἐτοίμη
599 4214 633 4281 ἡ
664 4214 863 4282 καρδία
889 4232 1011 4282 μου.
1045 4232 1063 4265 ι
1096 4216 1206 4268 Καὶ
1253 4215 1430 4278 οὕτως
1461 4216 1634 4285 ἡδέως
1685 4234 1851 4285 προσ-

272 4304 703 4370 υπαντήσειοτοῖς
723 4304 1030 4368 σπουδαίοις
1063 4305 1349 4368 ὲπείκταις
1380 4307 1662 4374 ἀγγέλοις.’
1691 4307 1851 4361 Ἀλλὰ

271 4393 432 4447 τοῦτο
468 4396 570 4462 μὲν
592 4395 762 4463 ὀλίγοι
790 4397 1028 4460 ποιοῦσι,
1054 4398 1147 4450 καὶ
1170 4398 1436 4466 ὀλιγάκις,
1473 4401 1617 4452 κατὰ
1640 4400 1731 4452 τὸν
1754 4401 1849 4453 τοῦ

273 4485 550 4538 Δεσιιότου
592 4486 750 4555 λόγον
776 4501 789 4517 °
820 4488 902 4540 ὅτι
943 4507 962 4538 ι
1009 4489 1234 4558 Ὀλίγοι,
1282 4491 1471 4560 φησιν,
1511 4493 1561 4543 ol
1606 4493 1849 4561 σωζόμε-
1885 4469 1925 4522 D

274 4594 375 4630 νοι.
417 4593 435 4628 ι
469 4575 640 4629 Τοῦτο
691 4577 878 4630 λοιπδν
912 4581 1288 4650 ἐπιστάμενοι,
1333 4583 1416 4634 ὅτι
1459 4583 1695 4652 ἐργῶδες
1731 4584 1847 4635 λίαν

271 4667 396 4720 τινὰ
438 4668 730 4737 εὑρεθῆναι,
782 4671 880 4739 τῆς
917 4667 1144 4738 πρώτης
1196 4669 1437 4739 μερίδος,
1488 4669 1546 4734 ἐξ
1603 4670 1849 4739 ἀνάγκης

273 4759 552 4830 ὲπάγομεν
579 4763 680 4830 τὴν
713 4761 996 4831 δευτέραν,
1028 4763 1411 4824 ἀποστολικοῑς
1438 4778 1498 4815 τε
1530 4764 1621 4816 καὶ
1652 4780 1850 4832 πατρι·

273 4854 390 4915 κοῖς
430 4853 685 4923 ἑπόμενοι
729 4857 990 4925 ῥήμασιν.
1037 4855 1256 4916 Ἐπειδὴ
1301 4857 1474 4919 ὀντως
1518 4859 1566 4908 οί
1599 4857 1851 4927 κατοιχό-

277 4959 451 5012 μενοι,
501 4946 568 5014 τῇ
627 4945 721 4997 τοῦ
778 4944 913 4996 Θεοῦ
969 4944 1199 5012 άγαθότι
1250 4945 1620 5014 ὠφελοῦνταιο
1671 4948 1768 4999 καὶ
1817 4949 1848 5017 ἡ

275 5037 600 5105 φιλαδελφία
659 5037 1065 5102 ἐπαυξάνεται·
1127 5039 1221 5090 καὶ
1267 5039 1299 5108 ἡ
1349 5039 1448 5108 τῆς
1494 5039 1852 5101 ἀναστάσεως

274 5127 430 5190 ἐλπὶς
484 5127 802 5197 βεϐαιοῦται
833 5119 979 5181 "atat
1023 5129 1058 5198 ἠ
1114 5130 1251 5200 πρὸς
1299 5131 1427 5193 τοὺς
1473 5131 1654 5193 θείους
1690 5131 1852 5191 ναοὺς

278 5220 556 5290 συνδρομὴ
589 5219 939 5290 θερμοτέρως
971 5221 1326 5290 πληθύνεται,
1361 5223 1457 5274 καὶ
1491 5225 1523 5291 ἡ
1560 5224 1700 5292 πρὸς
1725 5223 1853 5284 τοὺς

275 5314 516 5382 πένητας
547 5315 765 5367 εὐποιία
794 5313 1144 5369 πλατύνεται.
1174 5314 1280 5367 Ἴδε
1314 5315 1454 5368 κατὰ
1493 5317 1691 5379 πόσους
1724 5316 1852 5386 τρόο

276 5420 410 5467 πους
443 5405 504 5456 τὸ
555 5407 790 5476 πρᾶγμα
831 5407 1117 5474 ὲπικερδὲς
1167 5408 1262 5458 καὶ
1307 5407 1586 5475 ὠφέλιμον
1613 5422 1629 5439 ·
1665 5410 1758 5461 καὶ
1795 5412 1851 5460 ἐν

278 5495 463 5556 πόσοις
483 5496 703 5562 τρόποις
724 5499 755 5563 ἠ
781 5496 890 5548 τῶν
914 5497 1322 5565 κατοιχομένων
1344 5497 1602 5566 ὠφέλεια,
1627 5498 1851 5568 ἀφορμὴ

278 5584 488 5653 γίνεται
529 5586 628 5654 τῆς
653 5586 761 5639 τῶν
796 5587 1051 5640 ἁπάντων
1083 5587 1457 5661 καταλλαγῆς.
1491 5592 1664 5646 Τοῦτο
1691 5594 1740 5646 oi
1775 5594 1850 5664 μὴ

391 5766 436 5847 ξ’
468 5766 614 5827 Psal.
658 5787 730 5840 rt,
758 5769 810 5826 6.
927 5775 966 5805 ⁵¹
1009 5771 1151 5830 Psal.
1187 5789 1295 5840 LVI,
1328 5775 1385 5831 8.

1946 3204 2238 3259 admodum
2268 3211 2321 3255 et
2353 3201 2511 3268 plane
2552 3199 2856 3253 fructuosa.
2900 3195 3148 3252 Nolimus
3191 3198 3356 3265 igitur
3385 3196 3524 3248 vivis

1947 3309 2133 3348 ansam
2163 3301 2218 3346 et
2249 3299 2570 3360 praetextum
2619 3290 2857 3358 praebere
2883 3289 3256 3357 clcemosynas
3287 3302 3394 3340 non
3423 3296 3523 3341 e'x-

1948 3383 2197 3449 hibendi,
2244 3381 2341 3436 sed
2388 3389 2511 3448 post
2561 3379 2771 3434 obitum
2807 3393 3110 3443 reservare,
3162 3377 3363 3446 quippe
3396 3391 3521 3431 cum

1948 3475 2244 3531 absurdum
2273 3472 2327 3528 id
2353 3482 2406 3527 et
2429 3471 2738 3543 profanum,
2761 3479 2814 3526 et
2843 3484 2871 3523 a
2899 3468 3080 3524 divina
3113 3469 3228 3538 lege
3257 3469 3521 3535 alienum;

1948 3570 2039 3624 sed
2072 3565 2524 3640 praestantissima
2561 3577 2648 3618 res
2694 3561 2806 3617 Deo
2850 3570 3001 3632 grata
3031 3572 3085 3616 et
3125 3562 3178 3616 iu
3216 3569 3389 3616 totum
3426 3576 3517 3614 ac-

1949 3660 2252 3731 ceptabilis,
2289 3673 2508 3713 onmem
2553 3657 2827 3711 hominem
2855 3655 3169 3724 religiosum
3207 3654 3522 3724 Christique

1950 3762 2222 3808 amantem
2248 3766 2393 3818 esse,
2420 3765 2585 3820 seque
2614 3749 2794 3819 ipsum
2836 3747 3231 3818 multiplicibus
3264 3761 3327 3800 ac
3363 3747 3522 3820 bonis

1950 3845 2205 3914 operibus
2234 3818 2575 3914 purgare,iet
2600 3818 2747 3897 omni
2777 3841 2846 3896 ab
2880 3841 3196 3911 impuritate
3225 3818 3522 3902 abstinere,

1953 3935 2045 3990 Dei
2075 3935 2339 4004 speciosis
2373 3936 2661 4004 praeceptis
2703 3932 3156 3993 obsecundando,
3206 3941 3264 3985 ut
3299 3945 3421 3984 cum
3459 3933 3524 3984 ad

1950 4031 2154 4085 exitum
2192 4029 2312 4082 vita:
2339 4027 2654 4089 devenerit,
2685 4040 2807 4079 cum
2845 4025 3039 4079 liducia
3073 4023 3302 4078 Domino
3335 4023 3525 4084 dicat,

1958 4141 1976 4173 ι
2016 4121 2270 4174 Paratum
2298 4128 2385 4174 est
2410 4133 2508 4173 cor
2537 4133 2714 4172 meum
2749 4117 2845 4180 ⁵¹,›
2881 4118 3066 4185 itaque
3095 4116 3337 4184 jucunde
3367 4115 3527 4170 bonis

1953 4214 2158 4284 angelis
2206 4210 2620 4282 instigatoribus
2683 4217 2956 4262 occurrat.
3013 4207 3082 4261 At
3145 4208 3249 4262 hoc
3301 4205 3520 4275 quidem

1953 4305 2113 4377 pauci
2154 4305 2382 4368 faciunt,
2438 4313 2492 4357 et
2539 4304 2722 4357 minus
2771 4314 2913 4367 saepe
2957 4298 3256 4354 secundum
3289 4298 3517 4351 verbum

1959 4396 2192 4459 Domini,
2221 4395 2344 4465 quia
2377 4392 2557 4464 pauci,
2597 4392 2794 4460 inquit,
2829 4390 3129 4444 salvantur.
3161 4387 3216 4441 ιι]
3248 4401 3346 4457 pro
3373 4401 3527 4440 com-

1959 4498 2113 4559 perto
2145 4489 2434 4554 habentes,
2469 4485 2698 4540 arduum
2745 4470 2870 4539 esse
2904 4485 3107 4538 multos
3141 4499 3203 4537 ex
3240 4482 3414 4551 primo
3440 4495 3533 4534 or-

1958 4584 2085 4638 dine
2122 4580 2392 4651 reperiri;
2432 4579 2852 4647 necessarioque
2888 4576 3187 4631 secundum
3219 4573 3530 4628 inducimus

1959 4676 2226 4737 ordinem,
2267 4672 2637 4742 aposwlorum
2670 4679 2721 4724 et
2754 4671 2974 4724 Patrum
3001 4668 3244 4737 vestigiis
3276 4666 3536 4723 insisten-

1961 4777 2062 4830 tes,
2095 4765 2353 4835 quoniam
2410 4763 2651 4819 defuncd
2708 4761 2800 4816 Dei
2847 4762 3088 4817 bonitate
3131 4764 3426 4828 juvantur,
3479 4768 3534 4814 et

1962 4859 2196 4914 Charitas
2227 4855 2477 4929 \fraterna
2527 4863 2778 4923 augetur,
2831 4865 2884 4908 et
2938 4851 3363 4908 resurrectionis
3408 4867 3534 4920 spes

1960 4941 2254 5014 stabili—tur,
2283 4959 2336 5002 et
2364 4948 2430 5001 ad
2463 4959 2652 5000 sacras
2699 4945 2844 5000 aedes
2899 4957 3202 4998 concursus
3251 4943 3534 4996 ardentius
3588 4995 3596 5001 _

1960 5055 2207 5114 augetur,
2241 5052 2294 5096 et
2325 5055 2454 5111 erga
2503 5053 2772 5110 pauperes
2823 5038 3178 5094 beneficentia
3230 5033 3406 5104 magis
3440 5049 3536 5087 ex-

1963 5134 2218 5189 tenditur.
2255 5133 2382 5187 Vide
2409 5131 2797 5202 quotupliciter
2831 5131 2946 5182 haec
2967 5142 3054 5182 res
3091 5126 3332 5196 prolieua
3365 5134 3449 5177 est
3481 5133 3536 5179 et

1963 5230 2129 5294 utilis,
2167 5237 2220 5282 et
2251 5235 2384 5296 quot
2411 5227 2584 5280 modis
2621 5222 2838 5279 occasio
2874 5216 3341 5275 reconciliationis
3390 5215 3535 5270 inter

1959 5335 2148 5373 omnes
2176 5319 2446 5373 oboritur.
2474 5314 2586 5371 Iloc
2614 5315 2708 5384 qui
2742 5312 2958 5374 nolunt,
2987 5323 3164 5378 neque
3193 5311 3530 5376 amplectun-

1963 5420 2070 5475 tur,
2100 5409 2538 5464 ecclesiasticum
2572 5405 2816 5460 ordinem
2852 5401 3068 5466 tollunt,
3099 5410 3153 5454 et
3186 5407 3530 5452 mortuorum

1962 5499 2232 5556 sacrificia
2270 5499 2528 5553 abdicant
2569 5506 2623 5549 et
2657 5493 2986 5561 impediunt,
3049 5506 3170 5562 qua:
3211 5505 3320 5544 non
3353 5489 3536 5543 incas-

1961 5607 2080 5648 sum
2111 5608 2139 5648 a
2169 5591 2486 5647 doctoribus
2521 5587 2827 5658 excogitata
2855 5595 3004 5642 sunt.
3037 5585 3140 5640 Sed
3169 5584 3310 5639 absit
3337 5591 3395 5639 ut
3431 5582 3534 5638 hoc
