3978 6204
427 263 557 327 1251

1609 243 1927 307 JOSEPHI
1971 242 2131 303 MET
2144 240 2531 302 IIONENSIS

3534 234 3689 298 1252

420 387 661 444 unquam
700 369 941 425 fidelium
990 366 1113 435 quis
1149 362 1340 418 credat
1369 362 1454 417 vel
1486 362 1709 416 omnino
1738 359 1988 428 recipiat.

2121 359 2388 421 ιέλοντες,
2450 354 2587 424 μηδὲ
2641 352 2985 422 στέργοντες,
3052 346 3150 419 τὴν
3202 347 3687 416 ἐκκλησιαστικὴν

341 524 345 531 ,
421 467 527 522 Sed
561 466 663 519 hoc
686 460 979 516 admodum
1018 457 1150 511 utile
1181 455 1583 517 existimantes,
1619 466 1686 506 ne
1707 464 1988 506 cessemus

343 532 377 561 ’⁷
422 572 680 627 unquam,
723 554 939 614 fratres,
991 566 1088 619 pro
1122 546 1355 603 mortuis
1402 544 1987 601 commemorationem

423 650 601 703 facere
646 660 820 699 :nam
876 642 911 694 ii
967 655 1223 709 magnum
1280 638 1523 692 levamen
1578 645 1633 689 et
1674 630 1991 688 subsidium

422 738 663 793 sentiunt
719 749 785 788 ex
841 731 1201 795 orationibus,
1267 728 1547 798 precibus,
1627 722 1998 791 eleemosynis

423 830 651 895 aliisque
688 826 791 896 piis
842 825 1101 893 operibus
1133 838 1254 896 qua:
1304 818 1464 874 nobis
1497 831 1654 886 opem
1695 814 1995 870 ferentibus

422 894 776 989 prastautur.
797 916 870 969 De
893 915 996 969 hoc
1030 894 1370 983 igitursacri
1397 919 1450 963 et
1482 907 1656 963 divini
1683 905 1910 975 apostoli
1944 903 1998 956 in

426 1010 543 1060 suis
597 1002 1090 1058 Cnnstitntionibns
1153 998 1498 1069 principium,
1572 996 1667 1050 ubi
1736 995 1998 1061 scriptum

430 1105 519 1150 est
549 1095 624 1163 fl)
672 1110 685 1145 :
737 1112 754 1144 ι
796 1093 1150 1147 Celebrentur
1180 1091 1353 1144 tertia:
1386 1098 1725 1143 mortuorum
1761 1086 1814 1139 in
1856 1085 2002 1154 psal-

428 1184 555 1248 mis,
584 1182 907 1236 lectionibus
936 1192 1101 1248 atque
1148 1179 1489 1233 orationibus
1516 1186 1735 1247 propter
1757 1190 1880 1229 eum
1908 1174 2003 1243 qui

429 1277 588 1330 tertia
617 1276 703 1329 die
727 1274 1049 1340 resurrexit;
1077 1282 1128 1326 et
1154 1287 1311 1326 nona:
1342 1273 1394 1325 in
1420 1268 2003 1325 commemorationem

430 1369 782 1437 superstitum
830 1377 883 1421 et
906 1366 1317 1424 defunctorum.
1350 1373 1403 1418 et
1434 1361 1873 1433 quadragesima:
1906 1374 1996 1414 se-

430 1464 669 1519 cundum
712 1470 949 1516 veterem
989 1460 1243 1514 formam.
1276 1458 1512 1528 Moysem
1547 1456 1691 1509 enim
1728 1456 1800 1508 ita
1833 1467 2006 1523 popu-

435 1556 524 1608 lus
560 1553 727 1607 flevit.
766 1552 831 1605 Et
865 1550 1241 1604 anniversaria
1278 1563 1375 1616 pro
1403 1563 1589 1602 eorum
1635 1544 1919 1607 memoria,
1954 1550 2010 1596 et

440 1634 787 1698 tradatur-de
817 1656 1005 1696 eorum
1036 1640 1393 1695 facultatibus
1438 1638 1643 1708 aliquid
1677 1636 2007 1707 pauperibus

2100 448 2255 512 τάξιν
2286 446 2606 517 ἀναιροῦσιν
2631 460 2645 475 ο
2676 443 2903 496 παύουσι
2933 442 3023 494 καὶ
3050 442 3146 501 τὰς
3177 440 3283 492 τῶν
3324 440 3545 508 νεκρῶν
3572 439 3685 490 λει-

2097 541 2382 609 τουργίας,
2425 538 2499 599 ὥς
2525 552 2585 587 τε
2619 534 2693 604 μὴ
2723 534 2970 600 γίνεσθαι
2996 549 3010 563 ο
3039 533 3243 593 αἵτινες
3264 531 3363 583 οὐκ
3387 533 3467 592 εἰς
3502 531 3695 598 μάτην

2102 629 2256 697 παρά
2291 628 2402 680 τῶν
2435 625 2773 680 διδασκάλων
2809 626 3205 693 ἐπενοήθησαν.
3266 623 3429 675 Ἀλλά
3483 623 3566 691 μὴ
3594 624 3695 686 γέ-

2099 736 2244 772 νοιτο
2295 717 2452 769 τοῦτο
2501 716 2724 782 δοξάσαι
2774 715 2896 768 τινὰ
2942 716 3051 766 τῶν
3107 713 3318 767 πιστῶν
3368 712 3611 765 καθόλου
3658 714 3693 767 ἦ

2100 808 2513 881 παραδέξασθαι
2540 826 2555 839 '
2595 808 2732 862 ἀλλὰ
2760 807 3111 869 πιστεύοντες
3142 807 3262 857 λίαν
3297 806 3582 873 ὠφέλιμον
3614 802 3693 856 εἷο

2102 921 2210 966 ναι,
2239 903 2314 972 μὴ
2348 902 2651 967 παυώμεθα
2686 902 2774 953 ἀεὶ
2822 901 3013 967 μνείας
3061 900 3237 951 ποιεῖν
3279 899 3503 965 ἀδελφοὶ
3535 899 3691 965 ὑπὲρ

2102 993 2209 1046 τῶν
2240 992 2666 1060 κεκοιμημένων
2693 1004 2707 1020 ·
2739 989 2873 1041 διότι
2904 987 3151 1055 μεγάλην
3184 986 3372 1040 ἄνεσιν
3417 987 3515 1038 καὶ
3554 986 3701 1053 βοή-

2105 1086 2258 1138 θειαν
2281 1084 2519 1152 ἔχουσιν,
2543 1083 2699 1150 ἡμῶν
2722 1080 3162 1147 ἐπικουρούντων
3185 1077 3370 1138 αὐτοῖς
3394 1077 3484 1129 διὰ
3515 1094 3703 1145 :90;-

2105 1176 2269 1244 ευχῆς
2304 1172 2439 1243 ὁμοῦ
2485 1173 2579 1226 καὶ
2623 1172 2862 1240 δεήσεως
2901 1167 3275 1236 ἐλεημοσύνης
3322 1184 3381 1219 τε
3447 1169 3548 1218 καὶ
3598 1168 3700 1231 τῆς

2106 1268 2273 1338 ἄλλης
2325 1266 2546 1334 ἁπάσης
2601 1265 2874 1327 εὐποιῖας.
2926 1262 3059 1331 Περὶ
3093 1262 3285 1313 τούτου
3344 1255 3437 1313 οὗν
3488 1260 3593 1311 καὶ
3649 1261 3702 1310 οἱ

2110 1361 2244 1413 θεῖοι
2280 1359 2377 1412 καὶ
2425 1357 2562 1428 ἱεροὶ⁹
2605 1355 2895 1409 ἀπόστολοι
2949 1353 3379 1424 προστάττουσιν
3433 1351 3597 1419 ἡμῖν,
3642 1352 3701 1399 ἑν

2108 1452 2227 1512 ταῖς
2265 1449 2445 1502 αὐτῶν
2471 1448 2784 1513 διατάξεσιν
2823 1446 2951 1498 ἔνθα
2994 1445 3194 1512 φασίν·
3227 1461 3247 1494 ι
3295 1442 3702 1495 Ἐπιτελεξσθω

2108 1541 2270 1611 τρίτα
2304 1540 2414 1593 τῶν
2445 1541 2868 1610 κεκοιμημένων
2898 1541 2954 1591 ἐν
2984 1539 3219 1607 ψαλμοῖς
3252 1537 3340 1589 καὶ
3369 1538 3424 1587 ἐν
3459 1551 3701 1603 προσευο

2112 1637 2255 1705 χαίς,
2305 1634 2395 1687 διὰ
2445 1636 2535 1685 τὸν
2581 1633 2668 1686 διὰ
2716 1632 2885 1700 τριῶν
2934 1632 3156 1701 ἡμερῶν
3206 1630 3543 1701 ἐγερθέντα·
3602 1631 3705 1682 καί

437 1738 490 1790 in
525 1734 1096 1789 commemorationem
1125 1748 1337 1786 eorum.
1378 1750 1395 1783 ι
1439 1729 1562 1784 llec
1611 1731 1679 1784 de
1729 1728 1835 1798 piis
1865 1727 2005 1780 dici-

2121 1727 2275 1779 ἔνατα
2302 1728 2381 1786 εἰς
2417 1727 2729 1794 ὑπόμνησιν
2763 1724 2871 1776 τῶν
2902 1723 3204 1791 περιόντων
3234 1724 3328 1775 καὶ
3359 1723 3468 1774 τῶν
3502 1740 3703 1774 κεκοι-

439 1842 579 1880 mus.
610 1826 741 1880 Nam
783 1827 849 1881 de
882 1825 1062 1893 impiis
1090 1825 1135 1878 si
1171 1833 1343 1878 totum
1368 1823 1554 1877 orbem
1589 1820 2001 1883 tradiderimus,

441 1919 577 1973 nihil
601 1917 840 1987 proderit
866 1932 878 1969 ε
906 1918 991 1972 cui
1018 1917 1162 1971 enim
1203 1917 1402 1969 viventi
1436 1915 1538 1968 fuit
1560 1912 1701 1967 Deus
1724 1914 2008 1977 adversus,

441 2020 686 2078 apertqu
713 2019 816 2071 est,
844 2007 1087 2062 futurum
1120 2008 1168 2061 ei
1201 2007 1363 2060 etiam
1395 2005 1687 2058 adversum
1716 2017 1837 2057 esse
1866 2018 2011 2056 mor-

443 2113 558 2165 tuo,
591 2102 791 2171 quippe
821 2115 943 2156 eum
970 2116 1078 2155 non
1104 2098 1174 2153 sit
1202 2098 1461 2167 iniquitas
1483 2099 1624 2166 apud
1657 2096 1846 2151 Deum.
1872 2094 2009 2149 Nam

437 2195 620 2265 justus
653 2203 735 2247 est
762 2192 1100 2254 Dominus_et
1124 2190 1367 2260 jnstitias
1400 2189 1596 2257 diligit,
1624 2196 1677 2242 et
1698 2202 1825 2242 ecce
1844 2188 2009 2242 homo

445 2294 500 2338 et
529 2300 666 2353 opus
700 2284 836 2354 ejus,
870 2293 925 2337 et
968 2291 1024 2337 tu
1070 2282 1349 2337 retribues
1381 2280 1677 2350 unicuique
1701 2280 2006 2336 secundum

442 2390 610 2445 opera
647 2390 766 2431 sua.
799 2393 818 2426 ι

2116 1819 2379 1888 μημένων
2401 1832 2413 1846 ’
2442 1814 2861 1885 τεσσαρακοστά
2909 1815 3048 1866 κατὰ
3087 1814 3178 1865 τὸν
3216 1814 3448 1866 παλαιῖιν
3476 1813 3659 1865 τύπον
3687 1828 3704 1843 ’

2115 1910 2320 1979 Μωσῆν
2352 1908 2460 1977 γάρ
2496 1909 2523 1960 ὁ
2563 1906 2689 1969 λαὸς
2733 1904 2906 1965 οὕτως
2941 1904 3240 1975 ἐπένθησεν
3264 1921 3279 1936 ·
3314 1906 3408 1956 καὶ
3443 1905 3706 1956 ἐνιαύσια

2120 2003 2260 2071 ὑπὲρ
2294 2002 2520 2071 μνήμης
2550 2000 2752 2053 αὐτῶν.
2784 1998 2894 2051 Καὶ
2927 1998 3151 2050 διδόσθω
3184 1998 3248 2050 ἐκ
3277 1997 3384 2049 τῶν
3417 1996 3705 2067 ὑπαρχόν-

2115 2110 2223 2146 των
2246 2093 2426 2146 αὐτῶν
2445 2093 2555 2154 τοῖς
2576 2091 2824 2159 πένησιν,
2849 2093 2926 2154 εἰς
2948 2090 3255 2159 ἀνάμνησιν
3277 2088 3480 2143 αὐτῶν,
3504 2088 3705 2141 Ταῦτα

2118 2186 2218 2255 μὲν
2252 2186 2381 2255 περὶ
2404 2185 2646 2237 εὐσεϐῶν
2673 2184 2927 2254 λέγομεν.
2957 2185 3092 2255 Περὶ
3116 2182 3172 2235 δέ
3207 2182 3448 2246 άσεὸῶν,
3478 2180 3575 2233 ἐὰν
3608 2180 3708 2232 καὶ

2114 2280 2183 2330 τά
2214 2278 2310 2331 τοῦ
2360 2278 2567 2347 κόσμου
2618 2277 2723 2346 δῷς
2761 2278 3007 2345 πένησιν,
3051 2274 3203 2327 οὐδὲν
3241 2274 3463 2341 ὀνήσεις
3499 2272 3669 2323 αὐτόν
3692 2289 3704 2300 ·

2116 2363 2159 2438 ᾧ
2190 2370 2298 2440 γάρ
2328 2369 2570 2439 περιόντι
2597 2369 2787 2438 ἐχθρὸν
2815 2363 2883 2438 ἦν
2913 2368 2973 2420 τὸ
2999 2367 3165 2431 θεῖον,
3191 2365 3435 2434 δηλονότι
3468 2366 3565 2415 καὶ
3596 2379 3667 2431 με
3696 2392 3697 2395 η

443 2466 720 2520 ταστάντι.
749 2467 823 2520 Οὐ
850 2467 956 2536 γάρ
982 2468 1128 2519 ἐστιν
1158 2467 1341 2520 ἀδικία
1363 2467 1517 2537 παρὰ
1538 2465 1614 2536 τῷ
1637 2465 1777 2536 Θεῷ,
1808 2466 2018 2528 δίκαιος
2050 2466 2158 2537 γάρ
2186 2464 2420 2543 ,Κύριος
2472 2464 2565 2518 καὶ
2618 2461 2967 2528 δικαιοσύνας
3043 2461 3301 2533 ἠγάπησε
3325 2478 3340 2491 ·
3416 2462 3512 2514 καὶ
3591 2460 3703 2512 ὶδο)

444 2559 731 2630 ἄνθρωπος
766 2562 860 2615 καὶ
910 2562 969 2615 τὸ
1000 2561 1164 2632 ἔργον
1209 2561 1374 2616 αὑτοῦ⁹
1401 2580 1417 2595 ’
1461 2564 1559 2618 καὶ
1601 2564 1666 2616 σὺ
1703 2564 2003 2625 ἀποδώσεις
2032 2564 2246 2631 ἑκάστῳ
2277 2563 2417 2615 κατὰ
2444 2561 2512 2613 τά
2543 2561 2682 2630 ἔργα
2719 2560 2906 2612 αὑτοῦ.
2945 2579 2961 2611 ι

511 2659 683 2713 Audis
710 2658 776 2712 de
796 2659 967 2712 sacris
991 2658 1251 2728 apostolis
1275 2673 1383 2727 qua
1408 2659 1618 2712 ratione
1652 2673 1752 2729 pro
1779 2658 2012 2714 mortuis

448 2748 699 2803 fidelibus
737 2749 1006 2803 sacrificia
1046 2758 1097 2803 et
1126 2764 1314 2818 preces
1344 2751 1594 2806 sanciunt
1629 2751 1879 2805 adhiberi
1906 2749 1929 2801 ?
1956 2748 2013 2803 Id

443 2849 530 2894 est
558 2839 704 2907 quod
738 2855 880 2909 saepe
913 2840 1174 2903 diximus,
1210 2841 1354 2909 quod
1387 2856 1485 2909 pro
1518 2856 1652 2910 puro
1688 2849 1741 2894 et
1777 2841 2014 2895 contrito

444 2933 609 2986 corde
637 2933 691 2985 in
724 2933 824 2985 hae
866 2932 971 2984 vita
1005 2932 1416 2999 paenitentibus,
1440 2932 1532 2986 sed
1564 2947 1672 2985 non
1708 2932 2009 2986 secundum

445 3024 796 3092 praescriptas
847 3023 993 3091 leges
1024 3022 1077 3075 id
1111 3022 1371 3090 perficere
1419 3023 1733 3077 valentibus
1780 3023 2013 3075 mortuis

445 3116 823 3184 depreeaumr.
846 3113 958 3179 ,Pro
991 3113 1076 3167 his
1104 3114 1272 3167 Deum
1300 3113 1516 3182 placare
1547 3128 1811 3167 conamur
1842 3125 1895 3169 et
1932 3115 2015 3168 in-

448 3220 727 3271 vocamus,
752 3220 1152 3275 precamnrque
1183 3206 1405 3272 aliquid,
1434 3207 1579 3261 unde
1603 3207 1736 3276 ipsis
1766 3207 2016 3261 allevatio
2044 3190 2089 3251 (ἶ

447 3310 504 3353 et
532 3298 740 3354 utilitas
768 3299 1025 3364 accedat;
1061 3299 1273 3368 hocque
1291 3308 1376 3354 est
1400 3298 1544 3369 quod
1575 3299 1633 3353 in
1657 3301 1875 3356 decreto
1900 3300 2019 3369 ejus

450 3389 692 3445 Ecclesia
737 3391 1114 3460 purgatorium
1148 3399 1342 3457 vocat,
1386 3394 1439 3445 in
1481 3407 1594 3462 quo
1638 3401 1763 3462 post
1811 3394 2020 3449 obitum

450 3494 749 3551 purgantur
808 3482 1031 3544 ιιιιίιιιαι,
1059 3482 1405 3537 orationibus
1434 3484 1792 3553 precibusque
1819 3500 1848 3537 a
1884 3486 2021 3537 vivis

453 3574 708 3626 fidelibus
765 3589 862 3641 pro
920 3588 1111 3627 eorum
1156 3590 1374 3644 semper
1431 3577 1674 3631 subsidio
1729 3578 2020 3646 suszeptis.

451 3663 587 3717 Nam
625 3676 680 3717 ut
714 3664 763 3718 id
804 3665 857 3719 in
909 3666 1138 3736 gratiam
1171 3678 1486 3721 sanctorum
1521 3669 1600 3722 vel
1651 3670 2021 3737 improborum

452 3755 545 3809 ﬁat
571 3794 587 3819 ,
637 3771 800 3810 nemo
840 3772 986 3811 sana:
1028 3757 1223 3812 mentis
1254 3758 1546 3813 aestimabit
1583 3777 1595 3813 :
1629 3761 1723 3815 sed
1775 3775 1875 3815 nec
1926 3778 2023 3830 pro

450 3848 783 3905 Christianis
818 3849 1323 3917 impmnitentibus;
1356 3852 1497 3906 idem
1539 3854 1682 3906 enim
1724 3855 2025 3922 peccatori-

454 3940 555 3993 bus
572 3949 623 3993 et
645 3941 1111 4007 impteniteutibus
1135 3943 1459 3998 Christianis
1483 3945 1763 4014 continget
1786 3946 1929 4015 quod
1958 3947 2025 4000 iis

451 4031 667 4085 eveniet
714 4032 808 4101 qui
848 4048 1035 4087 verum
1071 4033 1239 4088 Deum
1272 4036 1551 4091 Christum
1599 4052 1710 4092 non
1759 4051 2027 4107 cognove-

455 4130 621 4188 runt;
658 4124 833 4192 iisque
860 4126 1028 4179 etiam
1063 4127 1232 4181 multo
1270 4128 1517 4183 deterius
1539 4144 1701 4197 quam
1733 4129 1862 4183 illis.
1894 4129 2024 4194 «Qui

456 4228 565 4266 non
591 4216 867 4282 cegnovit,
887 4214 1021 4269 dicit
1052 4216 1427 4285 Evangelium,
1454 4219 1784 4273 voluntatem
1810 4221 2025 4275 Domini

458 4306 564 4372 sui,
597 4312 650 4360 et
684 4305 873 4360 fecerit
919 4307 1079 4377 digna
1133 4310 1327 4379 plagis,
1362 4310 1638 4379 vapulabit
1667 4311 1856 4380 paucis
1885 4330 1898 4376 ;
1935 4312 2026 4379 qui

457 4409 636 4452 autem
668 4400 917 4466 cognovit
940 4400 1266 4454 voluntatem
1297 4401 1512 4456 Domini
1540 4403 1649 4467 sui,
1682 4413 1734 4456 et
1761 4418 1869 4456 non
1894 4418 2027 4471 prm-

458 4490 668 4557 paravit
703 4500 759 4545 et
797 4506 903 4546 non
938 4492 1062 4546 fecit
1098 4494 1395 4548 secundum
1418 4497 1756 4548 voluntatem
1777 4496 2024 4562 ejus,va-

460 4580 668 4650 pulabit
700 4583 886 4637 multis
911 4584 1013 4636 ⁸³.»
1046 4583 1147 4637 Pro
1178 4585 1283 4651 his,
1317 4586 1363 4639 si
1393 4586 1552 4638 verba
1587 4599 1869 4639 sacrorum
1897 4598 2026 4652 apo-

463 4674 727 4727 stolorum
755 4674 980 4741 audisti,
1012 4674 1157 4728 dicta
1189 4684 1338 4735 sunt,
1376 4690 1497 4729 cum
1530 4674 1720 4729 dicunt
1764 4691 1776 4727 :
1813 4675 1935 4729 llmc
1967 4677 2032 4727 de

436 4752 561 4831 piis
593 4764 846 4826 dicimus,
879 4765 932 4816 id
961 4774 1045 4819 est
1090 4767 1155 4819 de
1203 4767 1602 4834 pwniteutibns
1636 4781 1650 4830 ;
1707 4781 1803 4836 pro
1849 4766 2032 4835 impiis

461 4867 591 4907 vero
621 4853 668 4906 si
701 4861 873 4907 totum
904 4854 1165 4908 mundum
1196 4857 1509 4919 tradideris,
1541 4858 1673 4910 nihil
1708 4856 2028 4926 profeceris.

462 4942 576 4997 lloc
598 4942 739 4997 idem
772 4946 976 4999 asserit
1002 4945 1164 5000 etiam
1196 4947 1375 5016 lingua
1399 4963 1562 5002 aurea
1593 4946 1855 5005 Joannes.
1896 4949 2016 5002 (Ne-

459 5047 572 5097 mo,
602 5033 799 5103 inquit,
837 5034 963 5089 hinc
994 5050 1060 5090 eo
1097 5036 1408 5104 digrediens
1434 5075 1450 5099 ,
1499 5038 1603 5091 nisi
1652 5054 1748 5092 sua
1802 5038 2028 5092 solverit

456 5135 697 5194 peccata,
740 5128 871 5195 quin
913 5128 1179 5183 rationem
1227 5137 1505 5197 gestorum
1562 5130 1773 5193 reddat,
1822 5130 2026 5184 valebit

459 5215 711 5286 effugere.
745 5219 849 5272 Sed
893 5220 1351 5295 quemadmodum
1385 5221 1450 5275 de
1486 5236 1704 5275 carcere
1749 5224 1850 5275 hoe
1881 5234 2026 5276 cate-

459 5310 570 5361 nati
599 5311 663 5363 ad
699 5309 935 5364 tribunal
968 5313 1043 5366 rei
1067 5315 1359 5377 ducuntur,
1387 5314 1465 5369 sic
1494 5323 1547 5367 ct
1581 5314 1776 5373 anima:
1807 5331 2020 5378 omnes.

561 5494 606 5525 ⁵³
638 5492 768 5549 an.
802 5508 897 5559 xu,
922 5495 1008 5560 47,
1040 5496 1126 5550 48.

534 5674 614 5743 (1)
646 5675 762 5735 Lib.
783 5694 899 5750 vm,
930 5680 1205 5753 Const._4.

2207 2659 2453 2720 Ἀκούεις
2484 2659 2593 2711 τῶν
2626 2658 2786 2725 ἱερῶν
2816 2656 3133 2711 ἀποστόλων
3155 2670 3170 2687 ·
3204 2656 3318 2718 πῶς
3343 2654 3704 2722 νομοἹετοῦτι

2122 2754 2425 2818 προσάγειν
2475 2750 2667 2814 θυσίας
2696 2767 2753 2802 τε
2785 2751 2879 2802 καὶ
2911 2750 3126 2819 δεήσεις
3171 2748 3313 2815 ὑπὲρ
3341 2749 3449 2800 τῶν
3490 2747 3706 2808 πιστῶς

2120 2842 2516 2912 κοιμηθέντων,
2547 2841 2708 2895 τοῦτό
2753 2844 2899 2894 ἐστιν
2927 2841 2954 2893 ὃ
2999 2841 3261 2903 πολλάκις
3302 2839 3519 2906 ἔφημεν
3555 2841 3705 2906 ὑπὲρ

2119 2930 2227 2982 τῶν
2256 2932 2710 3001 μετανοησάντων
2746 2930 2844 3000 μὲν
2873 2929 3107 2983 ἐνταῦθα
3155 2930 3296 2998 μετὰ
3326 2931 3565 2997 καθαρᾶς
3600 2934 3705 2981 καὶ

2122 3023 2594 3092 συντετριμμένης
2629 3022 2878 3092 καρδίας,
2920 3022 2997 3091 μὴ
3033 3021 3358 3088 φθασάντων
3387 3022 3441 3073 δὲ
3469 3019 3694 3071 τελειῶ-

2126 3133 2217 3169 σαι
2252 3115 2378 3178 τοὺς
2405 3116 2659 3180 δοθέντας
2686 3118 2869 3178 αὐτοῖς
2900 3117 3136 3179 κανόνας
3163 3132 3178 3147 ·
3210 3116 3351 3186 ὑπὲρ
3378 3116 3577 3168 τούτων
3609 3115 3707 3167 εὑο

2122 3208 2327 3278 χόμεθα
2362 3210 2788 3278 μεταστάντωνο
2822 3209 2962 3277 ὑπὲρ
3014 3208 3220 3262 τούτων
3254 3206 3611 3276 ὲξιλεοὺμεθα
3645 3206 3707 3257 τὸ

2124 3303 2290 3367 θεῖον,
2321 3303 2417 3357 καὶ
2442 3301 2870 3372 παρακαλοῦμεν
2905 3304 2998 3355 καὶ
3024 3302 3279 3371 δεόμεθα.
3320 3302 3481 3355 Ὅθεν
3513 3301 3707 3361 αὐτοῖς

2126 3392 2329 3445 δίδοται
2365 3395 2544 3456 ἄνεσις
2571 3395 2665 3446 καὶ
2695 3394 2953 3462 ὠφέλεια..
2997 3394 3104 3444 Καὶ
3136 3392 3292 3444 τιιῦτό
3315 3393 3460 3444 ἐστιν
3496 3393 3641 3458 ὅπερ
3673 3394 3703 3458 ἡ

2122 3484 2216 3537 τοῦ
2249 3485 2384 3537 Ger-'3
2428 3485 2724 3556 Ἐκκλησία
2756 3486 2812 3536 ἐν
2843 3486 2918 3554 τῷ
2951 3484 3150 3553 ἐαυτῆς
3172 3486 3283 3554 ὅρῳ
3312 3484 3465 3536 καλεῖ
3490 3483 3709 3550 καθαρ-

2123 3577 2312 3644 τήριον
2338 3594 2352 3608 ·
2385 3578 2443 3628 ἐν
2477 3571 2521 3644 ᾧ
2567 3576 2922 3644 καθαίρονται
2963 3577 3099 3645 μετὰ
3146 3576 3377 3629 θάνατον
3397 3576 3453 3627 αἱ
3500 3575 3705 3644 ψυχαῖ,

2124 3666 2211 3719 διά
2238 3667 2337 3733 τῆς
2362 3668 2470 3719 τῶν
2502 3666 2721 3728 ζώντων
2754 3666 2960 3719 πιστῶν
2994 3667 3342 3736 ἐπικουρίας,
3375 3668 3711 3735 προσευχῶν

2130 3760 2218 3813 καὶ
2235 3761 2474 3827 δεήσεων
2498 3760 2736 3829 συνεχῶς
2765 3760 2864 3812 ὐπέ
2874 3779 2905 3830 ρ
2926 3759 3437 3829 αὑτῶνγινομὲνων.
3470 3760 3536 3809 Ὅ
3556 3758 3713 3825 ὑπὲρ

2125 3851 2233 3903 τῶν
2282 3850 2474 3917 άγίων,
2506 3851 2683 3913 οὐδεὶς
2733 3850 2792 3903 εὖ
2826 3851 3039 3921 φρονῶν
3068 3850 3337 3919 ἐννοήσεε,
3383 3848 3505 3901 οὐδὲ
3557 3849 3714 3916 ὑπὲρ

2124 3944 2234 3997 τῶν
2266 3945 2496 4005 ἀσεϐῶν,
2531 3944 2647 3997 ἀλλ’
2676 3944 2784 3996 οὐδ’
2819 3945 2962 4014 ὑπὲρ
2996 3943 3105 3995 τῶν
3141 3943 3531 4011 άμετανοήτων
3559 3944 3715 4012 Χρι-

2129 4036 2383 4089 στιανῶν.
2418 4034 2600 4087 Tum
2628 4037 2736 4104 γάρ
2767 4036 3048 4087 πείσονται
3095 4034 3411 4105 ἁμαρτωλοὶ
3438 4035 3534 4085 καὶ
3561 4036 3681 4100 άμε
3702 4066 3713 4073 -

2128 4126 2381 4194 τινόητοι
2433 4126 2773 4196 Χριστιανοὶ,
2821 4124 2849 4176 ὃ
2880 4126 3161 4177 πείσονται
3208 4126 3305 4177 καὶ
3353 4124 3505 4175 αὐτοὶ
3538 4123 3587 4174 c!
3633 4125 3717 4192 μὴ

2129 4218 2350 4285 γνόντες
2388 4218 2481 4269 τὸν
2507 4216 2765 4283 ἀληθινὸν
2799 4216 2929 4268 Θεὸν
2968 4215 3175 4284 Ἰησοῦν
3199 4215 3431 4283 Χριστόν
3455 4229 3469 4242 ·
3501 4216 3596 4266 καὶ
3628 4219 3715 4267 ἔτι

2131 4309 2312 4378 πολλῷ
2361 4310 2544 4378 χεῖρον
2581 4302 2728 4361 οὗτοι
2775 4308 3023 4361 ἐκείνων.
3062 4326 3081 4357 ι
3126 4308 3185 4359 '0
3227 4306 3335 4374 γὰρ
3387 4308 3462 4375 μὴ
3516 4307 3713 4375 γνὈὺς.

2132 4406 2264 4471 φησι
2295 4401 2355 4454 τὸ
2384 4401 2739 4467 Εὐαγγέλιον,
2768 4400 2830 4451 τὸ
2877 4400 3088 4469 θέλημα
3137 4400 3230 4450 τοῦ
3268 4402 3469 4466 Κυρίου
3510 4400 3713 4459 αὐτοι,

2134 4494 2367 4561 ποιήσας
2401 4494 2456 4544 δὲ
2508 4493 2636 4555 ἄξια
2684 4491 2934 4558 πληγῶν,
2982 4491 3281 4559 δαρήσεται
3313 4490 3501 4557 ὀλίγας
3528 4506 3543 4520 ο
3574 4489 3601 4540 ὁ
3655 4492 3715 4543 δὲ

2132 4587 2291 4650 γνοὺς
2322 4585 2381 4635 τὸ
2406 4586 2614 4653 θέλημα
2654 4583 2746 4635 τοῦ
2789 4584 2995 4652 Κυρίου
3030 4582 3217 4647 αὑτοῦ,
3257 4584 3349 4634 καὶ
3379 4582 3455 4653 μὴ
3482 4584 3719 4649 ὲτοιμάυ

2135 4696 2253 4742 σας,
2289 4677 2422 4746 μηδὲ
2450 4678 2681 4746 ποιήσας
2710 4677 2845 4740 πρὸς
2869 4675 2927 4726 τὸ
2957 4674 3167 4742 θέλημα
3193 4674 3382 4737 αὑτοῦ,
3411 4674 3717 4740 δαρήσεται

2132 4768 2353 4828 πολλάς.
2394 4787 2413 4818 ι
2465 4768 2635 4836 ’Υπὲρ
2680 4767 2885 4818 τούτων
2915 4768 3023 4834 γάρ
3057 4768 3106 4817 εἰ
3135 4766 3374 4833 ἤκουσας
3408 4766 3519 4816 τῶν
3552 4769 3718 4833 ἱερῶν

2131 4861 2447 4914 ἀποστόλων
2488 4861 2758 4933 λεγόντων
2791 4860 2929 4921 ἐστὶ,
2961 4860 3040 4922 τὸ,
3071 4860 3254 4911 Ταῦτα
3299 4860 3398 4927 μὲν
3454 4860 3595 4929 ὑπὲρ
3622 4862 3691 4911 εὑ

2137 4951 2313 5002 σε6ῶν
2352 4950 2610 5017 λέγομεν,
2660 4951 2907 5001 τουτέστι
2958 4950 3412 5020 μετανοησάντων
3438 4969 3452 4982 '
3496 4952 3625 5021 περὶ
3658 4955 3719 5005 δὲ

2140 5042 2353 5095 ὰσεὸῶν
2379 5042 2499 5094 οὐδὲ
2527 5043 2574 5093 εὶ
2603 5043 2669 5093 τά
2708 5041 2801 5091 τοῦ
2850 5042 3056 5108 κόσμου
3098 5039 3290 5101 δώσεις
3334 5041 3475 5110 ὑπὲρ
3511 5043 3722 5103 αὐτῶν,

2139 5135 2445 5205 ὠφελήσεις
2473 5133 2690 5195 αὐτούς.
2732 5134 2805 5185 Τὸ
2836 5133 2968 5185 αὐτὸ
2997 5134 3091 5185 καὶ
3116 5133 3144 5184 ὁ
3168 5133 3267 5201 τὴν
3296 5134 3544 5201 γλῶτταν
3580 5151 3721 5202 χρυ-

2142 5226 2267 5286 σοῦς
2319 5224 2571 5293 Ἰωάννης
2597 5239 2612 5253 '
2653 5242 2670 5273 ι
2720 5222 2931 5285 Οὐδεὶς,
2971 5223 3159 5292 φησιν,
3208 5223 3461 5276 ἐντεῦθεν
3493 5223 3570 5294 μὴ
3598 5224 3720 5277 δια·

2142 5315 2442 5385 λυσάμενος
2494 5315 2562 5366 τά
2612 5314 2989 5383 ἁμαρτήματα
3040 5313 3229 5378 αὑτοῦ,
3266 5315 3518 5369 ἀπελθὼν
3571 5317 3713 5381 ἐκεῖ,
