3978 6204
284 247 427 311 1'253
969 252 1119 311 PRO
1158 249 1373 315 CONC.
1411 251 1784 312 FLORENT.
1828 253 1987 313 CAP-
2032 253 2149 312 Ill.
2196 254 2291 313 DE
2337 254 2866 316 PURGATORIO.
3235 334 3249 346 ς
3398 255 3533 321 1254

284 360 578 430 δυνήσεται
609 359 707 423 τὰς
734 362 827 416 ἐπὶ
865 361 1077 425 τούτοις
1106 362 1335 425 εὐθύνας
1367 364 1673 431 διαφυγεῖν.
1717 363 1835 414 Ἀλλ

1964 363 2008 416 si
2034 363 2159 416 ltittc
2186 363 2591 432 iunpo-nitentes
2611 365 2965 430 decesserint,
2996 365 3162 419 variis
3185 378 3527 430 peccatorum

285 451 479 522 ὥσπερ
509 454 557 504 οί
590 454 699 506 άπὸ
728 454 838 507 τῶν
875 456 1271 525 δεσμωτηρίων
1300 457 1529 521 τούτων,
1580 457 1717 525 μετὰ
1751 457 1835 508 τῶι

1965 454 2317 511 circumdatae
2374 458 2630 524 vmculis,
2681 467 2737 511 et
2782 456 2846 510 ad
2895 461 3232 511 tremendum
3271 459 3532 527 judicium

280 545 532 598 ἁλύσεων
556 546 927 614 προσάγονται
957 551 1047 600 ἐπὶ
1081 549 1141 601 τὸ
1161 549 1534 617 δικαστήριον,
1564 547 1738 611 οὕτως
1767 548 1859 601 καὶ⁸

283 635 339 685 αί
367 635 537 703 ψυχαὶ
586 637 784 698 πᾶσαι,
819 637 946 691 ὅταν
981 637 1234 691 ἐντεῦθεν
1287 637 1597 690 ἀπέλθωσιν
1646 638 1856 706 ἀμετα-

284 728 474 796 νόηται
518 728 619 791 τὰς
645 728 896 790 ποικίλας
924 731 1308 798 περικείμεναι
1330 729 1519 800 σειρὰς
1551 730 1651 781 τῶν
1675 729 1853 798 ἁμαρ⁴

287 822 574 889 σημάτων,
605 823 699 874 ἐπὶ
723 820 784 873 τὸ
816 821 1045 891 φοϐερὸν
1070 822 1294 890 ἄγονται
1332 822 1501 892 βῆμα.
1521 822 1683 893 Ὁρᾷς
1723 823 1852 874 κάν-

280 912 640 979 ταῦθα,·πῶς
668 917 724 966 αί
748 913 1051 983 ἀνετοίμως
1095 914 1206 967 τῶν
1249 914 1502 968 ἐντεῦθεν
1529 912 1851 982 ἀποδημοῦ-

280 1022 373 1060 σαι
399 1007 592 1077 ψυχαὶ,
634 1007 733 1060 οὐκ
758 1007 944 1078 έχουσι
974 1006 1226 1077 βοήθειαν
1251 1007 1391 1077 μετὰ
1437 1009 1668 1061 θάνατον
1689 1022 1701 1035 ·
1740 1004 1835 1057 ἀλλ

1968 1004 2222 1075 lacrymis
2250 1007 2417 1059 Deum
2446 1007 2805 1076 placaverint,
2835 1008 3096 1061 adhibitis
3126 1024 3223 1077 pro
3259 1009 3325 1062 iis
3355 1009 3531 1062 sacri-

272 1101 462 1165 οὕτως
493 1104 677 1167 καθὼς
702 1104 1042 1175 ἐξέρχονται,
1060 1103 1309 1155 τουτέστι
1329 1102 1466 1172 μετὰ
1482 1102 1592 1154 τῶν
1616 1099 1835 1169 φορτίωι

1963 1098 2101 1153 ﬁciis
2134 1106 2187 1154 et
2219 1100 2646 1167 expiationibus,
2680 1100 2836 1155 valde
2864 1102 3141 1169 iuvantur.

277 1198 390 1249 τῶν
439 1198 855 1269 ἁμαρτημάτων
889 1196 983 1249 ἐπὶ
1023 1197 1084 1248 τὸ
1126 1196 1357 1266 φοϐερὸν
1404 1197 1627 1264 ἄγονται
1676 1194 1849 1263 βῆμα.
1885 1191 1950 1244 Al
1984 1191 2041 1244 δὲ
2076 1194 2509 1262 μετανοήσασαι,
2545 1194 2635 1245 καὶ
2690 1192 2915 1262 θερμοῖς
2958 1199 3071 1256 τοῖς
3142 1196 3375 1265 δάκρυσι
3437 1197 3531 1246 τὴν

272 1295 414 1359 Θεδν
463 1293 849 1359 έξιλεώσασαι,
911 1290 1166 1358 μεγάλως
1232 1289 1552 1361 βοηθοῦνται
1601 1290 1689 1344 διὰ
1740 1288 1851 1340 τῶν
1892 1284 2034 1355 ὑπὲρ
2073 1286 2253 1340 αὐτῶν
2297 1287 2601 1356 γινομένων
2658 1286 2820 1355 ἱερῶν
2852 1285 3053 1339 θυσιῶν
3114 1305 3172 1341 τε
3230 1292 3321 1340 καὶ
3382 1284 3533 1339 τελε-

1962 638 2285 692 decedentes
2312 640 2506 692 animae
2542 648 2660 707 post
2691 650 2918 694 mortem
2948 641 3217 693 auxilium
3252 658 3364 695 snsi
3386 642 3534 710 ipt-re

1961 743 2066 781 non
2096 731 2359 796 possunt?
2386 731 2479 788 sed
2512 746 2579 786 eo
2609 732 2771 786 modo
2796 746 2904 801 quo
2932 743 3154 795 exetmt,
3194 749 3315 787 cum
3344 750 3533 802 pecva-

1963 832 2140 875 torum
2178 824 2441 879 oneribus
2475 823 2540 877 ad
2566 822 2908 877 tremendum
2947 824 3184 878 tribunal
3215 826 3529 879 trahuntur.

1966 911 2071 968 Sed
2116 929 2235 981 qua:
2267 915 2646 982 paenitentiam
2704 916 2989 981 subierint,
3038 923 3090 969 et
3143 916 3363 970 fervidis
3407 933 3532 970 cum

1964 547 2272 614 rapiuntur.
2305 565 2324 599 ι
2361 548 2574 616 Aspicis
2600 557 2654 601 et
2681 547 2771 601 bic
2800 548 3075 616 quoinodo
3103 548 3229 602 hinc
3254 548 3535 617 imparat:e
3593 570 3611 617 ι,

276 1391 409 1443 τῶν.

1011 1488 1221 1556 (Το.

352 1574 426 1625 (tl'i
461 1592 629 1645 φησιν
661 1576 689 1628 δ
726 1577 841 1639 τοῖς
886 1576 1024 1637 νέοις
1060 1576 1388 1649 βωμολόχοις
1428 1577 1693 1646 ἑπόμενος
1717 1593 1732 1608 ο
1760 1575 1849 1628 0'3-

274 1668 438 1735 δεμία
493 1652 732 1735 ὠφέλειά
766 1670 884 1722 ἐστι
936 1669 1047 1728 τοῖς
1088 1669 1503 1737 κατοιχομένοις
1548 1669 1669 1721 οὐδὲ
1719 1667 1849 1737 βοήο

2709 1467 2796 1522 Vl.

2028 1561 2169 1627 Non,
2205 1562 2378 1630 inquit
2406 1576 2666 1617 novorum
2701 1577 3018 1616 scurrarum
3068 1563 3301 1627 assecla,
3325 1563 3533 1618 emolu-

1960 1656 2128 1710 menti
2166 1653 2380 1722 aliquid
2418 1653 2500 1707 vel
2528 1652 2758 1707 subsidii
2787 1654 3019 1708 mortuis
3043 1655 3273 1720 accedit,
3321 1655 3527 1708 idcirco

276 1759 420 1812 θεια.
483 1759 583 1812 Διὰ
651 1758 811 1811 τοῦτο
874 1760 981 1829 γάρ
1034 1761 1130 1811 καὶ
1184 1761 1435 1829 ῆργησαν
1493 1759 1595 1822 τὰς
1644 1759 1835 1811 τούτωι

1957 1760 2146 1801 eorum
2201 1745 2751 1800 commemorationes
2799 1746 3005 1801 otiosas
3056 1747 3414 1816 reliquerunt.
3463 1749 3520 1802 Si

279 1852 500 1921 μνήμας
524 1866 538 1882 ο
561 1852 683 1904 είδέ
709 1853 876 1917 ἐστιν,
901 1853 1079 1921 ἐῶμεν
1102 1853 1255 1917 αὐτὸ,
1283 1852 1434 1921 φασὶ,
1462 1855 1524 1922 τῇ
1552 1852 1859 1919 εὐσπλαγχ-

277 1945 371 2015 νίᾳ.
423 1943 520 1998 τοῦ
564 1944 724 1999 Θεοῦ.
773 1945 967 2016 Ἡμεῖς
1004 1945 1061 1999 δὲ
1093 1946 1226 2017 πρὸς
1256 1946 1453 2008 αὐτοὺς
1487 1944 1723 2015 ἐροῦμεν
1744 1960 1759 1973 ο
1788 1947 1854 1997 Τί

273 2038 472 2105 δηλοῦν
513 2037 764 2108 βούλεται
802 2038 869 2091 τὰ
898 2039 1313 2109 τεσσαρακοστά
1334 2055 1347 2071 ’
1392 2039 1453 2092 at
1484 2056 1540 2091 τε
1572 2039 1714 2092 κατὰ
1742 2042 1850 2092 πᾶν

275 2129 556 2184 Σάϐϐατον
589 2132 801 2198 μνείαι⁹
834 2130 977 2184 αἵτε
1006 2131 1339 2202 προσφοραὶ,
1371 2130 1464 2184 καὶ
1489 2131 1545 2184 ai
1586 2130 1706 2184 κατ’
1731 2130 1850 2191 ἔτος

274 2222 561 2290 γινόμεναι
593 2221 809 2291 μνῆμαι
842 2224 938 2274 καὶ
973 2221 1189 2275 τελεταὶ
1230 2222 1340 2275 τῶν
1386 2222 1809 2292 κεκοιμημένων
1829 2238 1844 2254 ο

271 2312 668 2379 τίνος’ἒνεκεν;
712 2312 853 2383 ὑπὲρ
887 2316 1049 2366 τίνων
1082 2329 1096 2379 ;
1145 2314 1238 2365 καὶ
1272 2312 1360 2366 διὰ
1403 2312 1456 2366 τί
1496 2316 1766 2376 nomint;
1800 2314 1847 2365 εί

276 2405 378 2472 μὲν
407 2405 515 2472 γὰρ
566 2403 709 2473 ὑπὲρ
738 2404 848 2457 τῶν
900 2405 1072 2472 ἁγίων
1126 2404 1308 2476 εἴπῃς,
1357 2404 1560 2474 ψευδὴς
1585 2405 1613 2456 ὁ
1642 2404 1795 2471 λόγος
1828 2421 1843 2435 ’

272 2496 561 2566 προφανὴς
590 2495 886 2563 γενήσεταί
921 2513 1001 2548 σοι
1032 2497 1060 2549 ό
1086 2496 1326 2564 ἐλεγχος,
1358 2495 1450 2548 καὶ
1480 2496 1620 2549 κατὰ
1656 2495 1842 2559 πόδας

268 2582 569 2653 Γρηγόριο;
614 2585 643 2636 ό
676 2582 937 2651 Διάλογος
984 2586 1042 2637 ὲν
1075 2585 1155 2655 τῷ
1192 2585 1381 2656 βιϐλίῳ
1429 2587 1536 2639 τῶν
1562 2586 1842 2653 Διαλόγων

268 2673 409 2743 πρὸς
443 2676 649 2744 Πέτρον
710 2675 843 2744 φησί
874 2691 888 2706 ο
928 2694 946 2727 ι
976 2676 1428 2747 Τετελειωμένων
1455 2678 1627 2747 ἁγίων
1655 2678 1711 2731 al
1740 2678 1843 2747 ψυ-

170 2796 173 2797 ν
268 2767 387 2835 χαὶ,
412 2766 574 2829 εὐθὺς
602 2767 765 2833 ἡνίκα
796 2768 906 2820 τῶν
939 2769 1035 2837 τῆς
1068 2770 1274 2839 σαρκὸς
1316 2770 1582 2836 κλείθρων
1612 2770 1842 2836 ἐξέλθω-

272 2874 386 2919 σιν,
437 2860 493 2909 ὲν
564 2860 694 2920 ,ταῖς
748 2858 1030 2928 οὐρανίαις
1087 2861 1382 2929 καθέδραις
1445 2860 1837 2928 ὑποδέχονται,

267 2949 651 3019 φανερώτεραι
680 2950 774 3003 τοῦ
823 2951 1003 3019 φωτὸς
1047 2952 1464 3022 καθεστηκυῖαι.
1504 2972 1522 3005 ι
1562 2955 1624 3006 Εἰ
1654 2951 1747 3005 οῦν
1778 2954 1834 3004 ὲν

264 3039 390 3099 ταῖς
439 3038 721 3110 οὐρανίαις
765 3042 1060 3113 καθέδραις
1116 3043 1207 3097 καὶ
1266 3043 1404 3112 μετὰ
1449 3043 1542 3096 τοῦ
1592 3041 1833 3112 Χριστοῦ

1962 1856 2093 1895 vero
2142 1840 2348 1909 aliquid
2403 1840 2633 1903 accedit,
2665 1840 2716 1892 id
2763 1840 2960 1894 divina
3001 1841 3407 1904 misericordiae,
3447 1842 3528 1895 in-

1963 1932 2182 2000 quiunt,
2216 1930 2620 2000 permittamus.
2653 1930 2722 1983 At
2754 1944 2855 1984 nos
2901 1930 3011 1984 illis
3050 1931 3525 1999 respondebimus,

1954 2023 2084 2092 quid
2118 2022 2430 2090 signiﬁcare
2470 2021 2918 2091 quadragesimas
2945 2022 3157 2087 volunt,
3193 2032 3245 2075 et
3290 2038 3385 2090 per
3414 2023 3526 2075 siu-

1952 2113 2073 2183 gnla
2105 2110 2339 2166 Sabbata
2373 2109 2956 2173 commemorationes,
2993 2113 3320 2178 oblationes,
3354 2114 3518 2165 anni-

1952 2203 2214 2267 versaria,
2243 2213 2593 2258 monumenta
2628 2211 2682 2257 et
2704 2204 2966 2257 sacriﬁcia
2993 2214 3351 2257 mortuorum.
3381 2203 3525 2268 Qua-

1952 2309 2075 2347 nam
2109 2294 2178 2348 de
2214 2308 2402 2358 causa,
2430 2308 2527 2363 pro
2557 2294 2776 2362 quibus,
2810 2308 2933 2346 cum
2980 2292 3153 2347 ﬁunt?
3183 2294 3238 2348 Si
3271 2309 3367 2362 pro
3392 2310 3522 2347 san-

1949 2387 2050 2440 ctis
2070 2385 2293 2450 dixerit,
2341 2386 2509 2441 falsus
2541 2397 2623 2440 est
2658 2400 2836 2440 sermo
2858 2400 2890 2437 .:
2921 2386 3311 2451 manifestaest
3341 2398 3390 2439 ct
3428 2401 3521 2455 pa-

1952 2487 2065 2531 rata
2097 2479 2423 2533 confutatio.
2467 2478 2766 2547 Gregorius
2799 2476 3057 2547 Dialogus
3085 2479 3137 2530 in
3171 2477 3516 2546 Dialogorum

1947 2572 2088 2626 libro
2110 2572 2175 2625 ad
2206 2571 2453 2635 Petrum,
2486 2572 2565 2626 ait
2598 2588 2612 2624 :
2655 2591 2670 2623 ι
2708 2572 2767 2625 Et
2803 2584 2979 2627 tamen
3007 2572 3128 2626 luce
3158 2572 3358 2627 clarius
3387 2588 3520 2625 con-

1944 2672 2073 2726 stat,
2100 2665 2223 2733 quia
2252 2663 2618 2732 perfecturum
2671 2665 2864 2719 animm
2899 2681 3023 2719 mox
3047 2675 3104 2719 ιιι
3132 2665 3294 2733 hujus
3322 2665 3511 2719 carnis

1942 2753 2182 2809 claustra
2223 2764 2467 2822 exeunt,
2507 2756 2565 2809 in
2610 2755 2851 2810 caelestis
2903 2756 3056 2823 regni
3109 2755 3333 2812 sedibus
3374 2757 3513 2810 reci-

1943 2845 2185 2913 piuntur.
2238 2865 2256 2898 ι
2301 2845 2357 2900 Si
2386 2846 2555 2913 igitur
2606 2847 2660 2899 in
2715 2846 3018 2901 cmltstium
3070 2847 3291 2901 sedibus
3323 2859 3374 2899 et
3407 2863 3513 2899 una

1941 2956 2065 2996 cum
2099 2942 2316 2998 Christo
2346 2952 2497 3009 sunt,
2541 2958 2637 3011 pro
2672 2943 2736 2997 iis
2767 2959 2871 2996 non
2904 2958 3040 3009 opus
3072 2952 3155 2997 est
3188 2943 3514 3007 oblationes,

1940 3032 2021 3086 vel
2049 3033 2347 3105 placentas,
2378 3041 2430 3086 et
2463 3047 2558 3101 pro
2594 3034 2834 3101 peccatis
2856 3033 3126 3087 sacriﬁcia
3154 3032 3350 3087 offerre
3378 3033 3509 3086 Deo.

264 3130 427 3195 εἰσιν,
469 3102 529 3184 οὐ
578 3133 890 3202 χρείαύπὲρ
921 3102 1146 3187 ἐικείνιυν
1195 3102 1535 3203 προσφορὰς.
1572 3102 1830 3198 κὸλλυεα,

1944 3121 1996 3174 Si
2034 3137 2160 3176 vero
2191 3136 2286 3189 pro
2318 3102 2385 3175 iis
2419 3123 2512 3187 qui
2553 3122 2605 3173 in
2652 3122 2863 3174 inferno
2903 3123 3217 3175 detinentur
3265 3122 3469 3176 dixeris
3495 3160 3510 3183 ,
3600 3160 3608 3165 -

265 3219 360 3272 καὶ⁵
392 3221 583 3285 θυσίας
614 3222 755 3290 ὑπὲρ
800 3223 1088 3290 ἁμαρτιῶν
1128 3224 1463 3293 προσφέρειν
1507 3225 1625 3293 Θεῷ
1651 3243 1664 3257 θ
1697 3228 1746 3278 εί
1781 3227 1838 3279 δὲ

263 3311 408 3380 ὑπὲρ
446 3313 555 3364 τῶν
597 3314 653 3363 ὲν
688 3311 789 3381 ᾄδῃ
836 3314 1216 3381 κατεχομένων
1252 3314 1428 3377 εἴποις
1462 3316 1547 3379 ἂν,
1599 3317 1694 3369 καὶ
1720 3318 1838 3369 οὐδὲ

263 3402 427 3454 τοῦτο
478 3402 709 3471 ἀληθές·
749 3404 949 3473 μᾶλλον
988 3405 1045 3457 δὲ
1087 3404 1205 3457 οὐδὲ
1244 3406 1307 3457 σὺ
1353 3406 1510 3460 τοῦτο
1541 3410 1756 3477 ερήσεις,
1788 3410 1838 3461 εἰ

271 3491 348 3562 μὴ
381 3494 587 3563 σφόδρα
619 3496 882 3563 μανεέης’
915 3498 963 3549 εί
996 3496 1050 3549 δὲ
1085 3496 1181 3565 μὴ,
1241 3498 1336 3550 καὶ
1381 3500 1409 3550 ὁ
1440 3500 1689 3561 πλούσιος
1719 3501 1838 3554 ἔτυ-

266 3605 363 3656 χεν
387 3589 454 3640 ἂν
484 3590 737 3654 σταγόνος
769 3588 979 3652 ὕδατος,
1005 3590 1061 3642 ὲν
1084 3592 1146 3657 τῇ
1174 3590 1332 3657 φλογὶ
1353 3584 1664 3660 καιόμενος.
1693 3593 1837 3645 Ἀλλ’

263 3679 364 3730 οὐκ
392 3678 508 3731 ἐστι
538 3680 712 3743 τοῦτο,
755 3682 855 3732 οὐκ
922 3680 1058 3735 ἔστι.
1109 3682 1270 3733 Ὠστε
1303 3681 1440 3752 ὑπὲρ
1471 3682 1578 3734 τῶν
1633 3683 1833 3751 μέσων,

264 3767 415 3820 ἄκων
476 3769 568 3820 καὶ
635 3768 710 3838 μὴ
774 3769 1104 3839 βουλόμενος
1169 3770 1524 3840 ὁμολογήσεις
1584 3772 1832 3837 γίνεσθαι

264 3859 457 3911 ταῦτα.
505 3857 679 3925 ’Υπὲρ
705 3859 873 3911 τίνων
922 3859 975 3910 δέ
1010 3874 1023 3925 ;
1064 3858 1237 3929 ’Υπὲρ
1268 3859 1494 3925 πιστῶν,
1542 3860 1682 3929 ὑπὲρ
1725 3861 1833 3912 τῶν

266 3949 717 4016 μετανοησάντων
743 3964 757 3977 ·
792 3949 933 4015 ὑπὲρ
981 3942 1054 4001 ὣν
1089 3948 1352 4012 πολλάκις
1393 3950 1642 4019 εἴπομεν.
1674 3951 1833 4013 Τίνος

258 4041 446 4092 ἕνεκεν
474 4042 566 4093 καὶ
593 4040 681 4093 διὰ
711 4041 762 4092 τί
789 4057 804 4103 ;
836 4040 954 4092 Ἵνα
980 4026 1272 4110 ξξιλεώσῃς
1300 4042 1360 4092 τὸ
1390 4041 1534 4093 θεῖον
1567 4040 1706 4111 ὑπὲρ
1732 4042 1829 4095 αὐ-

255 4131 365 4184 τῶν
392 4147 405 4160 ν
446 4132 537 4184 καὶ
572 4134 710 4200 ὅπερ
747 4132 846 4183 οὐκ
880 4130 1123 4199 ἔφθασαν
1172 4133 1369 4184 ἐκεῖνοι
1408 4132 1608 4195 ζῶντες
1646 4134 1829 4184 ἱκανορ

258 4222 505 4289 ποιῆσαι,
542 4222 606 4275 σύ
639 4221 780 4288 ὑπὲρ
810 4221 988 4273 αὐτῶν
1021 4219 1465 4287 ἀναπληρώσεις.
1501 4221 1576 4274 Οῦ
1610 4239 1772 4290 φησιν
1801 4222 1829 4274 ὁ

252 4313 522 4378 ἐναντίος,
552 4314 613 4366 οὐ
646 4313 732 4366 διὰ
769 4312 927 4365 τοῦτο
955 4329 969 4344 ·
1002 4311 1115 4364 ἀλλ’
1140 4313 1283 4381 ὑπὲρ
1311 4313 1420 4364 τῶν
1449 4313 1641 4383 ἱερέων
1672 4311 1829 4365 τοῦτο

254 4404 481 4473 ἐτάχθη,
535 4404 623 4457 ἵνα
677 4406 773 4457 καὶ
833 4404 990 4457 αὐτοὶ
1044 4402 1251 4467 ζῶσιν,
1306 4404 1677 4473 ἐλεημοσύνας
1733 4404 1826 4455 καὶ

253 4495 572 4565 προσφοράς
628 4494 1020 4564 λαμὸἀνοντες.
1061 4495 1124 4545 Ὢ
1177 4495 1279 4562 τῆς
1338 4494 1572 4562 μανίαςί
1624 4492 1669 4545 ὣ
1733 4494 1825 4562 τῆς

252 4588 435 4649 ἀνοίας
470 4588 483 4640 l
525 4586 594 4639 Ἤ
634 4585 958 4654 οἰκειότερον
1004 4586 1196 4649 εἰπεῖν,
1221 4583 1266 4636 ὣ
1294 4584 1391 4654 τῆς
1423 4584 1698 4646 ἀναιδείας
1736 4586 1830 4638 καὶ

255 4676 624 4748 βλασφημίαςί
676 4674 738 4727 ’Π
769 4674 864 4727 τοῦ
887 4674 1023 4727 Θεοῦ
1056 4674 1284 4736 ᾶσπιλος
1314 4672 1522 4741 νύμφη,
1557 4676 1589 4742 ἡ
1632 4674 1825 4743 μώμου

253 4769 457 4830 παντὸς
488 4768 735 4837 ἀνωτέρα
775 4765 1096 4835 Ἐκκλησία,
1122 4765 1216 4817 τοῦ
1246 4767 1704 4834 πανοικτίρμονος
1729 4768 1823 4820 καὶ

251 4859 509 4929 ἀληθινοῦ
537 4859 694 4924 Θεοῦ,
727 4857 989 4926 κηρύττει
1020 4855 1267 4925 πλάνηνς
1302 4855 1509 4907 Ἀλαλα
1538 4855 1823 4925 γενηθήτω

250 4951 319 5003 τὰ
352 4951 503 5003 δόλια
542 4949 719 5020 χείλη,
758 4949 825 5001 τὰ
865 4947 1006 5001 κατὰ
1041 4946 1142 5015 τῆς
1185 4943 1279 4998 τοῦ
1312 4944 1448 4998 Θεοῦ
1489 4944 1820 5012 Ἐκκλησίας

250 5040 536 5094 λαλοῦντα.
571 5040 644 5093 Οὐ
676 5040 785 5108 γάρ
810 5038 899 5091 διὰ
927 5039 987 5090 τὸ
1012 5038 1135 5099 τούς
1162 5037 1325 5106 ίερεῖς
1353 5037 1452 5106 ζῇν
1511 5039 1541 5105 ἡ
1594 5037 1821 5106 Ἐκκλη-

251 5133 342 5188 σία
384 5131 683 5201 προσέταξε
712 5130 871 5183 τοῦτο
906 5129 1156 5197 γίνεσθαι
1184 5146 1197 5160 ·
1240 5128 1395 5181 τοῦτο
1422 5129 1530 5198 γὰρ
1564 5128 1657 5181 καὶ
1700 5128 1823 5195 νοῆ-

250 5241 342 5275 σαι
382 5223 541 5293 μόνον
577 5221 769 5283 ἀσεϐές
791 5223 930 5284 ἐστι,
962 5222 1053 5272 καὶ
1087 5221 1315 5287 ἀνόητον
1349 5219 1658 5281 παντελῶς⁸
1684 5219 1821 5271 ἀλλὰ

248 5317 383 5383 πρὸς
439 5312 707 5381 ὡῳέλειαν
738 5312 849 5365 τῶν
904 5312 1322 5380 κεκοιμημένων
1376 5309 1819 5379 νενομοθέτηται,

246 5406 318 5467 ὡς
348 5405 606 5466 πολλάκις
658 5405 893 5473 εἴρηται.
933 5402 1041 5453 Καὶ
1075 5402 1133 5453 οὐ
1167 5400 1247 5451 δεῖ
1291 5399 1628 5467 πολυλογεῖν.
1670 5401 1817 5463 Μιᾶς

249 5501 416 5565 μόνης
456 5495 483 5564 ἢ
526 5496 622 5549 καὶ
670 5493 763 5547 δύο
811 5481 1118 5563 μνησθέντα
1155 5490 1491 5560 μαρτυριῶν,
1541 5490 1606 5553 ἃς
1639 5492 1820 5543 τελευ-

245 5591 396 5641 ταῖον
438 5588 891 5656 ὲταμιευσάμηνο
930 5581 1031 5638 εἶθ’
1081 5584 1222 5636 οὕτω
1269 5584 1405 5652 πρὸς
1447 5584 1515 5636 τὰ
1546 5585 1821 5653 προτεινό-

249 5698 386 5749 μενα
438 5682 567 5749 παρ’
612 5680 763 5749 ὐμῶν
826 5678 1290 5749 ἅποκριθήοομαι,
1338 5679 1431 5730 καὶ
1482 5676 1622 5729 οὕτω
1651 5664 1823 5728 κατα-’

1944 3225 2043 3263 nec
2073 3210 2125 3262 id
2159 3226 2350 3263 verum
2378 3218 2482 3271 est,
2502 3209 2612 3263 imo
2635 3224 2733 3264 nec
2762 3220 2812 3262 tu
2843 3210 2957 3277 ipse
2983 3211 3131 3265 dices
3162 3212 3266 3264 nisi
3297 3214 3510 3279 penitus

1943 3300 2264 3362 insanieris;
2299 3297 2344 3353 si
2375 3315 2503 3353 vero
2534 3314 2657 3363 non,
2707 3309 2759 3354 et
2792 3301 2946 3354 dives
2978 3302 3105 3359 dum
3149 3303 3201 3354 in
3235 3301 3361 3370 igne
3396 3312 3509 3357 tor-

1942 3400 2109 3454 retur,
2134 3391 2335 3445 stillam
2362 3405 2515 3459 aqua:
2549 3391 2895 3446 obtinuisset.
2922 3392 2989 3445 At
3029 3392 3132 3447 hoc
3163 3408 3506 3462 nequaquam

1939 3492 2043 3535 est.
2084 3481 2450 3547 Quamobrem
2505 3482 2707 3536 invitus
2760 3493 2810 3536 et
2869 3484 3061 3539 nolens
3094 3500 3191 3553 pro
3227 3487 3420 3542 mediis
3454 3488 3505 3542 id

1942 3574 2053 3629 ﬁeri
2082 3575 2449 3630 conﬁteberis.
2487 3576 2554 3627 At
2591 3588 2689 3642 pro
2718 3574 2956 3644 quibus?
2985 3575 3086 3629 Pro
3112 3577 3379 3639 lidelibus,
3412 3595 3509 3646 pro

1906 3706 1909 3709 -
1940 3666 2359 3733 ρωιιίιοιιιίὺυε,
2398 3680 2497 3733 pro
2539 3665 2737 3733 quibus
2764 3665 2873 3731 jam
2909 3682 3049 3735 saepe
3076 3666 3334 3722 diximus.
3370 3672 3510 3732 Qua-

1939 3770 2062 3809 nam
2096 3756 2164 3810 de
2206 3771 2373 3810 causa
2404 3766 2457 3811 et
2495 3756 2631 3809 cur?
2663 3756 2734 3811 Ut
2773 3756 2940 3810 Deum
2973 3757 3024 3811 in
3055 3773 3243 3811 eorum
3275 3759 3504 3826 gratiam

1937 3846 2140 3914 places,
2166 3854 2220 3901 et
2256 3848 2401 3915 quod
2438 3848 2513 3901 illi
2541 3848 2669 3901 dum
2698 3849 2938 3902 viverent
2974 3859 3231 3916 praestare
3266 3866 3370 3903 non
3406 3868 3501 3916 por

1938 3944 2183 3997 luerunt,
2208 3945 2265 3991 tu
2295 3952 2393 4004 pro
2420 3936 2529 3991 illis
2574 3937 2896 4007 adimpleas.
2931 3936 3072 4002 Non,
3108 3938 3285 4007 inquit
3312 3940 3505 3992 adver-

1934 4028 2133 4093 sarius,
2158 4037 2518 4096 nonpropter
2544 4030 2668 4091 hoc,
2701 4029 2795 4082 sed
2832 4030 3133 4097 ingratiam
3159 4032 3504 4085 sacerdotum

1936 4119 1986 4172 id
2024 4118 2332 4173 institutum
2359 4128 2462 4183 est,
2493 4128 2626 4174 utet
2654 4120 2758 4188 ipsi
2796 4121 3041 4188 praesidia
3082 4122 3201 4175 vitae
3224 4123 3326 4177 sibi
3350 4138 3503 4176 com-

1934 4221 2151 4279 parent,
2205 4211 2513 4264 oblationes
2565 4222 2618 4265 et
2666 4213 3040 4280 eleemosynas
3085 4214 3423 4279 accipiendo.
3458 4214 3504 4267 0

1934 4302 2228 4363 insaniam,
2262 4319 2293 4355 υ
2332 4302 2715 4356 stoliditatem!
2747 4303 2850 4368 vel,
2890 4312 2945 4357 ut
2975 4304 3145 4371 magis
3180 4304 3392 4371 proprie
3422 4304 3505 4357 di-

1935 4410 2076 4457 cazn,
2112 4408 2144 4447 ο
2180 4394 2572 4463 impudentiam
2601 4404 2655 4450 et
2684 4394 3115 4463 blasphemiam!
3162 4395 3250 4448 Dei
3296 4411 3496 4463 sponsa

1935 4483 2302 4549 immaculata,
2321 4484 2577 4554 omnique
2599 4486 3017 4553 reprehensione
3042 4478 3287 4556 superior
3314 4489 3501 4542 Et'Cle'

1933 4575 2034 4638 sia,
2072 4575 2440 4631 misericordis
2470 4585 2522 4630 et
2551 4576 2661 4631 veri
2689 4576 2778 4630 Dei
2808 4578 3065 4652 prtedicat
3093 4595 3323 4632 errores.
3355 4580 3497 4633 Muta

1931 4666 2057 4718 ﬁant
2085 4666 2272 4721 dolosa
2311 4668 2448 4721 labia
2496 4682 2616 4747 quae
2646 4669 2904 4722 adversus
2947 4669 3036 4722 Dei
3068 4670 3367 4740 loquuntur
3402 4674 3501 4726 Ec-

1931 4758 2176 4811 clesiam.
2210 4758 2325 4811 Non
2380 4760 2523 4812 enim
2574 4768 2632 4813 ut
2689 4761 2813 4813 inde
2848 4762 2950 4814 sibi
2988 4762 3189 4816 victum
3243 4775 3499 4831 pararent

1931 4852 2265 4915 sacerdotes,
2307 4852 2358 4905 id
2387 4852 2628 4907 Ecclesia
2662 4856 2940 4908 constituit
2970 4872 2984 4921 ;
3020 4871 3139 4908 nam
3177 4857 3227 4910 id
3258 4861 3495 4927 cogitatu

1930 4943 2104 4996 solum
2136 4942 2361 5011 impium
2393 4960 2455 4999 ac
2486 4946 2703 5013 penitus
2733 4949 2956 5001 stultmn
2990 4959 3090 5013 est,
3123 4950 3217 5003 sed
3255 4950 3307 5002 in
3351 4953 3499 5004 utili-

1931 5042 2095 5087 tatem
2136 5045 2475 5089 mortuorttm
2510 5040 2781 5092 sancitum
2812 5050 2915 5104 est,
2953 5052 3009 5092 ut
3040 5056 3182 5107 saepe
3213 5041 3449 5095 diximus
3477 5059 3493 5106 ;

1932 5143 2032 5179 nec
2061 5126 2306 5195 pluribus
2348 5128 2529 5184 verbis
2557 5139 2641 5183 est
2671 5145 2829 5193 onus.
2864 5132 2906 5182 si
2948 5146 3113 5183 unum
3147 5133 3224 5185 vel
3262 5133 3490 5187 alterum

1930 5219 2301 5272 testimonium
2337 5220 2617 5285 addidero,
2653 5236 2771 5290 qua:
2804 5221 2995 5274 ttltimo
3026 5224 3147 5274 loco
3178 5226 3492 5291 reservavi;

1926 5312 2122 5367 deinde
2182 5314 2382 5368 vestris
2445 5314 2845 5381 objectionibns
2912 5315 3385 5383 respondebimus,
3440 5327 3496 5371 et

1924 5405 2159 5458 orationi
2182 5404 2339 5458 linem
2374 5407 2735 5475 imponemus.
2761 5406 3054 5474 Gregorium
3087 5409 3361 5475 Dialogus,
3395 5410 3494 5464 lic;

1923 5495 2102 5549 clesize
2128 5496 2221 5550 Dei
2256 5512 2471 5565 praeses,
2499 5495 2656 5563 cujus
2687 5507 2845 5550 antea
2884 5499 3110 5553 fecimus
3137 5502 3491 5569 mentionem,

1923 5588 1976 5641 in
2009 5590 2256 5643 oratione
2301 5601 2355 5645 et
2400 5590 2537 5645 libro
2575 5590 2923 5659 Dialogorum
2956 5595 3212 5662 praedicto
3243 5596 3323 5651 sic
3356 5599 3431 5651 ait
3468 5616 3484 5652 :

1927 5697 1945 5731 ι
1981 5682 2031 5735 A'
2056 5690 2107 5737 te
2138 5692 2281 5752 peto,
2318 5682 2626 5740 beatissime
2654 5683 2834 5751 Pater,
2879 5685 3141 5755 quidnam
3175 5704 3295 5745 esse
3328 5702 3483 5760 pote-
