3978 6204
515 299 655 362 Ῐῖ55

1657 298 1977 362 JOSEPHI
2046 298 2603 363 METHONENSIS

3627 305 3769 368 1:56

507 413 597 476 rit,
628 410 773 481 quod
812 416 1149 464 mortuorum
1194 408 1372 461 valeat
1419 408 1706 465 animabus
1734 412 2016 479 prodesse.
2059 429 2077 463 ι

2193 412 2388 465 παύσω
2418 413 2511 465 τὸν
2558 411 2733 477 λόγον.
2782 410 3081 480 Γρηγόριος
3107 414 3135 466 ὁ
3181 414 3436 479 Διάλογος
3472 420 3501 469 ό
3548 420 3654 489 τῆς
3678 421 3774 472 τοῦ

505 504 734 572 Gregor.
773 521 784 556 :
821 520 841 553 ι
876 499 931 555 Si
965 500 1135 569 culpae
1180 511 1303 568 post
1334 507 1561 555 mortem
1607 502 1932 556 insolubiles
1976 519 2084 559 non

506 607 653 659 sunt,
682 596 910 649 multum
935 595 1136 663 poterit
1166 594 1422 649 salutaris
1454 596 1707 650 sacrificii
1733 597 1939 651 oblatio
1969 599 2086 651 ani-

509 704 627 743 mas
677 688 957 756 adjuvare.
995 707 1013 739 ι
1052 686 1218 739 Audis
1268 688 1411 756 quod
1462 687 1656 743 animae
1685 698 1812 758 post
1852 699 2083 743 mortem

509 778 878 847 adjuvantur?
910 778 1139 845 Oportet
1174 779 1337 847 igitur
1368 781 1512 834 scire
1550 778 1617 833 de
1651 780 1850 848 quibus
1886 780 2085 834 intelli-

506 881 619 941 gat.
662 871 735 924 De
767 871 971 925 sanctis
1021 886 1181 924 nemo
1216 871 1413 927 mentis
1452 886 1677 941 compos
1709 872 1891 927 dicere
1920 873 2087 927 aude-

508 964 633 1017 bit:
672 971 724 1015 at
768 977 945 1032 neque
974 964 1040 1017 de
1091 963 1394 1029 desperatis
1429 979 1444 1017 :
1493 964 1743 1033 sequitur
1772 973 1832 1018 ut
1876 965 1942 1019 iis
1989 964 2085 1034 qui

506 1055 833 1124 pomitentes
885 1055 1196 1109 moriuntur
1244 1055 1326 1107 hie
1370 1056 1726 1125 purgationes
1782 1063 1839 1109 et.
1884 1055 2086 1110 auxilia

514 1151 747 1216 prosint.
803 1147 921 1205 Non
980 1150 1125 1203 enim
1172 1150 1285 1203 sola
1338 1149 1611 1205 confessio
1641 1158 1695 1205 et
1754 1150 2083 1220 poenitentia

508 1243 705 1296 sufficit
728 1250 786 1296 ut
812 1242 989 1310 ipsum
1017 1243 1070 1296 in
1100 1258 1263 1311 regna
1292 1241 1551 1297 caelorum
1580 1244 1859 1311 perducat.
1890 1260 2084 1313 quein-

508 1337 800 1389 admodum
833 1335 1036 1390 indocti
1066 1336 1285 1404 quidam
1320 1345 1373 1389 et
1408 1336 1671 1390 insensati
1703 1351 2085 1405 saepenumero

510 1427 668 1481 nobis
700 1427 988 1495 objiciunt,
1020 1428 1112 1482 sed
1149 1442 1373 1482 necesse
1423 1437 1508 1483 est
1554 1438 1710 1482 antea
1764 1427 2085 1485 satisfacere

509 1520 573 1573 de
605 1520 863 1589 peccatis,
897 1534 1060 1587 opere
1093 1519 1254 1572 simul
1303 1528 1357 1573 et
1406 1505 1707 1575 emissione
1748 1510 2081 1576 commissis.

510 1610 833 1666 Pmnitcntia
881 1625 1116 1679 namque
1165 1611 1489 1679 fervidaque
1535 1612 1809 1667 confessio
1863 1614 2083 1668 occasio

507 1710 592 1755 est
621 1701 759 1754 viam
790 1700 1128 1755 invenienda:
1157 1701 1375 1757 salutis.
1411 1702 1468 1755 Si
1503 1718 1627 1757 vero
1666 1714 1981 1772 praeventus
2018 1721 2081 1758 ex

2187 504 2326 559 Θεοῦ
2369 505 2701 574 Ἐκκλησίας
2725 506 3056 575 προστάτης.
3075 505 3136 558 οὗ
3172 511 3267 560 καὶ
3296 510 3572 580 πρότερον
3602 514 3776 583 ἐμνήο

2191 597 2350 668 σθην,
2386 598 2445 649 ὲν
2478 597 2558 666 τῷ
2601 598 3142 666 προμνημονευθέντι
3187 600 3331 670 λόγῳ
3373 619 3431 654 τε
3456 605 3553 657 καὶ
3578 605 3775 676 βιϐλίῳ

2185 691 2296 742 τῶν
2327 689 2604 756 Διαλόγων
2631 690 2765 758 προς
2797 690 3002 759 Πέτρον
3066 690 3208 744 οὕτω
3270 695 3403 763 φησί
3426 710 3440 725 ο
3490 714 3510 746 α
3547 698 3775 768 Πέτρος,

2200 781 2420 851 Ἐρωτῶ
2465 797 2547 845 σε,
2590 782 2748 849 φησὶ,
2787 782 2968 849 Πάτερ
3015 783 3424 851 μακαριώτατε,
3470 786 3528 839 τί
3577 789 3777 842 λοιπὲν

2187 873 2414 927 δύναται
2446 872 2548 934 τὰς
2578 871 2687 925 τῶν
2720 874 3102 927 τελευτώντων
3143 875 3319 945 ψυχὰς
3366 880 3508 947 μετά
3539 880 3777 935 θάναοιο

2190 966 2876 1037 ὠφελῆσαιδιΓρηγόριος.
2912 984 2932 1018 ι
2956 966 3087 1020 Ἐὰν
3109 968 3181 1019 τὰ
3199 970 3542 1038 πταίσματα,
3572 975 3777 1043 Πέτρε,

2193 1060 2334 1130 μετὰ
2368 1060 2603 1113 θάνατον
2657 1059 3026 1130 ἀσυγχώρητα
3057 1059 3157 1112 οὑκ
3186 1062 3317 1125 εἰσὶ,
3355 1064 3490 1117 πολὺ
3544 1066 3778 1121 ὃὺναται

2186 1151 2287 1214 τὰς
2316 1150 2493 1220 ψυχὰς
2524 1153 2556 1220 ὴ
2585 1151 2706 1220 ἱερά
2726 1152 3019 1222 προσφορά
3047 1152 3148 1222 τῆς
3171 1156 3545 1223 σωτηριώδους
3580 1158 3775 1222 θυσίας

2191 1244 2481 1313 βοηθῆσαι.
2523 1263 2542 1296 ι
2592 1243 2839 1307 Ἀκούεις
2871 1246 2954 1299 ὅτι
2998 1246 3139 1314 μετὰ
3169 1246 3397 1301 θάνατον
3429 1250 3777 1318 ὠφελοῦνται

2152 1340 2155 1343 ⁷
2188 1338 2245 1389 αἱ
2271 1337 2479 1406 ψυχαίς
2507 1338 2587 1390 δεῖ
2616 1333 2710 1391 οὖν
2742 1338 2948 1405 γνῶναι
2985 1342 3159 1394 ποῖαι.
3197 1341 3262 1394 Αἱ
3291 1341 3391 1409 μὲν
3427 1344 3539 1395 τῶν
3580 1346 3658 1411 ἀγ
3674 1347 3776 1407 'wv.

2188 1427 2363 1489 οὐδεὶς
2400 1427 2466 1480 ἂν
2501 1429 2631 1494 ὑγιᾶ
2685 1428 2825 1497 ἔχων
2863 1430 2952 1481 τὸν
2989 1430 3112 1483 νοῦν
3157 1430 3326 1489 εἴποι.
3379 1434 3522 1486 ‘AD.’
3571 1438 3704 1489 οὐδὲ
3732 1441 3777 1490 αἱ

2187 1518 2295 1571 τῶν
2326 1521 2771 1589 ἀπεγνωσμένων
2795 1537 2809 1552 ο
2845 1522 3037 1575 ἕπεται
3070 1526 3182 1587 τοῖς
3207 1526 3265 1578 ἐν
3298 1526 3560 1595 μετανοίᾳ
3593 1528 3776 1580 talea.

2187 1612 2389 1679 τήσασι
2419 1612 2626 1681 ταύτην
2659 1612 2913 1679 γίνεσθαι
2963 1616 3065 1684 τὴν
3095 1615 3393 1684 ὠφέλειαν,
3425 1620 3528 1686 τὴν
3570 1621 3774 1691 κάθαρ-

2191 1706 2275 1758 σίν
2301 1724 2360 1759 τε
2388 1710 2483 1760 καὶ
2515 1709 2614 1777 τὴν
2646 1710 2919 1779 βοήθειαν.
2951 1713 3026 1765 Οὑ
3063 1713 3173 1783 γὰρ
3201 1714 3366 1785 ἀρκεῖ
3389 1714 3468 1784 τῷ
3488 1715 3775 1787 ἃνθρώπῳ

508 1793 612 1847 hac
648 1793 752 1845 vita
817 1802 871 1848 et
919 1794 1118 1847 sazculo
1168 1794 1483 1857 decesserit,
1516 1796 1586 1849 ab
1626 1805 1828 1849 aeterna
1861 1797 2079 1851 damna-

2191 1796 2327 1865 μόνη
2365 1800 2396 1867 ἠ
2428 1797 2822 1868 ἐξομολόγησις
2852 1804 2947 1856 καὶ
2979 1804 3012 1871 ἡ
3044 1805 3327 1871 μετάνοια,
3356 1805 3585 1876 κομίσαι
3615 1809 3775 1861 αὑτὸν

507 1882 656 1935 tione
688 1881 997 1942 redimitur,
1027 1897 1189 1950 quam
1221 1883 1500 1948 subiisset,
1532 1886 1576 1937 si
1608 1900 1731 1938 eum
1777 1900 1882 1939 non
1907 1887 2083 1955 pani-

506 1975 702 2027 tuisset
744 1991 757 2026 :
800 1982 854 2027 at
885 1974 1203 2026 deliciarqu
1252 1986 1307 2026 et
1360 1975 1558 2029 laetitiae
1592 1977 1837 2044 paradisi
1873 1992 1980 2030 non
2024 1976 2084 2031 fit

508 2064 679 2117 haeres
708 2064 807 2118 nisi
840 2063 1177 2122 sufficienter
1202 2066 1440 2133 seipsum
1478 2067 1746 2134 purgarit,
1780 2079 1833 2121 et
1855 2068 2079 2137 dignum

506 2171 566 2209 se
601 2156 750 2210 illius
797 2156 1133 2211 haereditatis
1174 2145 1499 2213 ostenderit.
1556 2158 1718 2214 Unde
1769 2163 2077 2216 animarum

508 2248 748 2314 bonique
786 2256 998 2301 amator
1030 2248 1295 2303 Dominus
1332 2249 1492 2314 Deus,
1524 2250 1593 2304 de
1623 2251 1865 2306 omnium
1906 2253 2083 2307 salute

508 2338 779 2392 sollicitus
818 2348 873 2392 et
911 2353 1099 2394 omnes
1129 2339 1241 2393 fieri
1287 2340 1468 2395 Salvos
1520 2342 1743 2411 cupiens
1767 2381 1782 2407 ,
1831 2343 1881 2398 ei
1918 2359 2079 2413 quem

508 2440 620 2484 toto
654 2430 817 2484 corde
841 2445 1062 2485 suorum
1096 2432 1386 2486 criminum
1413 2434 1752 2503 paenituerit,
1786 2436 1833 2490 si
1865 2436 2078 2491 satisfa-

506 2534 631 2579 cere
656 2529 964 2588 przeventus
993 2528 1164 2575 morte
1197 2521 1521 2589 nequiverit,
1562 2534 1779 2591 ptenam
1806 2523 2082 2592 purgatio-

508 2613 595 2665 nis
627 2612 836 2676 tribuit,
874 2621 931 2665 ttt
966 2613 1293 2682 temporario
1324 2623 1379 2667 et
1418 2613 1733 2683 purgatorio
1767 2613 1891 2683 igne
1946 2631 2077 2683 pur-

509 2713 691 2773 gatus,
719 2718 748 2756 a
800 2704 1135 2772 sempiterno
1188 2713 1243 2757 et
1287 2705 1406 2759 sine
1452 2705 1561 2759 fine
1609 2706 1718 2776 igni
1759 2706 2023 2761 liberetur
2060 2722 2074 2759 :

508 2808 608 2847 nec
635 2805 695 2848 ut
728 2810 759 2849 a
799 2795 1149 2849 damnatione
1189 2805 1398 2850 tantum
1428 2797 1707 2861 liberetur,
1748 2800 1846 2853 sed
1880 2811 1933 2853 et
1970 2812 2079 2853 ca:—

507 2885 659 2939 lestis
695 2885 1046 2940 habitationis
1095 2900 1267 2956 capax
1293 2889 1507 2955 evadat,
1549 2891 1848 2943 secundum
1884 2906 2078 2946 oracu-

508 2976 643 3037 lum.
683 2994 701 3027 ι
742 2974 1023 3045 Tanquam
1053 2992 1247 3031 aurum
1276 2979 1329 3043 in
1366 2979 1585 3034 fornace
1617 2981 1866 3047 probavit
1902 2984 2024 3039 illos
2061 3002 2075 3041 :

504 3069 739 3136 etquasi
781 3068 1078 3122 holocausti
1120 3069 1346 3123 hostiam
1376 3073 1589 3139 accepit
1633 3072 1775 3128 illos.
1808 3092 1827 3125 ι

2193 1887 2273 1949 είς
2304 1887 2403 1956 τὴν
2431 1888 2712 1958 βασιλείαν
2746 1891 2857 1945 τῶν
2887 1892 3158 1964 οὐρανῶν,
3198 1896 3273 1960 ὡς
3301 1898 3352 1950 oi
3383 1899 3628 1967 ἀμαθεῖς
3688 1902 3774 1953 καὶ

2194 1979 2415 2047 ἀνόητοι
2465 1981 2897 2053 πολλάκιςηὴμῖν
2931 1987 3300 2057 προφέρουσιν
3323 2006 3338 2019 ·
3382 1992 3524 2045 ἀλλά
3556 1996 3639 2047 δεῖ
3690 1998 3773 2049 καί

2193 2070 2581 2142 ίκανοποιῆσαι
2609 2080 2740 2145 περὶ
2770 2077 2878 2129 τῶν
2911 2079 3318 2149 ἡμαρτημένων
3342 2083 3479 2151 ὁμοῦ
3502 2088 3601 2138 καὶ
3640 2089 3775 2156 ﬂus-

2191 2160 2447 2231 λημένων
2472 2180 2485 2195 ’
2516 2168 2548 2237 ἡ
2585 2168 2693 2237 γὰρ
2730 2169 2993 2238 μετάνοια
3020 2174 3115 2227 καὶ
3152 2176 3185 2245 ή
3220 2177 3397 2246 θερμὴ
3443 2180 3773 2252 ἐξομολόγη·

2191 2270 2296 2317 σις,
2315 2255 2541 2327 ἀφορμὴ
2568 2259 2777 2325 γίνεται
2801 2263 2878 2330 τῷ
2900 2263 3173 2335 ἀνθρώπῳ
3191 2269 3295 2336 τῆς
3326 2270 3464 2340 πρδς
3491 2275 3773 2342 σωτηρίαν

2188 2347 2347 2400 ὁδοῦ·
2381 2352 2431 2404 εί
2483 2352 2540 2405 δὲ
2594 2353 2859 2422 φθασθεὶς
2905 2358 3194 2432 ὲκδημήσῃ
3246 2362 3345 2414 τοῦ
3378 2362 3495 2430 βίου
3551 2366 3644 2416 καὶ
3674 2368 3775 2434 τῆς

2189 2440 2476 2510 παρούσης
2522 2443 2689 2513 ζωῆς,
2744 2446 3023 2517 λύτρωσις
3056 2450 3267 2516 γίνεται
3312 2434 3464 2522 αὑτῷ
3493 2455 3596 2524 τῆς
3644 2458 3771 2509 ἁτε-

2188 2531 2450 2601 λευτήτου
2484 2535 2780 2601 κολάσεως,
2812 2538 2881 2608 ἢν
2919 2540 2985 2591 ἂν
3012 2541 3219 2611 ὑπέστη
3264 2546 3662 2613 ἀναμφιϐόλως
3698 2551 3773 2620 μὴ

2191 2626 2534 2693 μετανοήσας
2559 2643 2571 2655 ·
2598 2627 2693 2696 τῆς
2724 2630 2937 2698 τρυφῆς
2962 2632 3018 2683 δὲ
3042 2634 3133 2685 καὶ
3156 2634 3253 2703 τῆς
3275 2636 3655 2703 ἀγαλλιάσεως
3678 2640 3768 2692 τοῦ

2189 2720 2551 2787 παραδείσου,
2582 2722 2645 2775 οὑ
2693 2724 2901 2788 γίνεται
2950 2726 3308 2796 κληρονόμος,
3340 2730 3407 2783 ἂν
3451 2731 3530 2801 μὴ
3572 2732 3771 2796 ἱκανῶς

2190 2811 2383 2866 ἑαυτὸν
2421 2814 2663 2885 καθάρῃ,
2687 2818 2780 2869 καὶ
2803 2816 2951 2881 ἄξιον
2981 2820 3243 2894 ἀποδείξῃ
3270 2822 3371 2890 τῆς
3402 2823 3769 2894 κληρονομίας

2191 2902 2428 2972 ἐκείνης.
2468 2905 2633 2959 Ὅθεν
2664 2909 2692 2959 ὁ
2744 2908 3042 2981 φιλόψυχος
3084 2915 3179 2966 καὶ
3211 2916 3513 2982 φιλάγαθος
3563 2918 3766 2987 Κύριος

2187 2997 2585 3064 προνοούμενος
2614 3001 2834 3055 πάντων
2860 3004 2959 3069 τὴν
2994 3008 3291 3077 σωτηρίαν,
3321 3010 3414 3060 καὶ
3442 3009 3612 3062 θέλων
3632 3012 3768 3064 πᾶν·

2188 3100 2285 3146 τας
2319 3086 2584 3156 σωθῆναι,
2620 3097 3022 3162 μετανοήσαντι
3066 3098 3145 3166 τῷ
3180 3099 3458 3170 ἀνθρώπῳ
3490 3101 3769 3171 ὁλοψύχως

505 3165 592 3231 ἐφ’
619 3159 699 3223 οἷς
726 3164 910 3234 ἑαυτῷ
950 3164 1159 3217 σύνοιδε
1213 3163 1538 3269 πταίρμασι,
1562 3168 1665 3269 fat
1700 3169 1774 3237 μὴ
1811 3169 2083 3237 φθάσαντι
2120 3174 2508 3256 ίκανοποιῆσαι
2566 3159 2631 3245 ἐνί
2689 3192 2767 3262 τῷ
2821 3159 3077 3264 έαρόντι,
3116 3159 3224 3268 ’τὴν
3274 3159 3366 3253 ad
3428 3159 3763 3269 ,καθάὲσὲωέ

504 3261 659 3328 αὑτῷ
681 3259 865 3312 δίδωσι
893 3263 1201 3329 τιμωρίαν⁹
1231 3260 1318 3313 ἵνα
1339 3260 1431 3314 διὰ
1495 3260 1592 3314 τοῦ
1648 3266 1986 3339 προσκαίρου
2049 3272 2262 3327 ἐκείνου
2309 3280 2405 3332 καὶ
2459 3259 2797 3355 καθαρτικόῦ

2850 3288 3022 3358 πυρὸς
3080 3291 3221 3345 καθα
3229 3293 3396 3361 ρθεὶς,
3457 3294 3554 3344 λυτ
3564 3294 3760 3362 proﬁcit]

503 3355 598 3409 τοῦ
629 3355 851 3409 αἰωνίου
884 3356 1096 3461 ἐκείνου
1140 3356 1231 3461 καὶ
1261 3355 1623 3461 ἀτελευτητου
1658 3362 1830 3428 πυρός
1856 3377 1870 3391 ·
1904 3365 1996 3417 καὶ
2021 3367 2081 3419 οὑ
2123 3371 2287 3439 μόνον
2352 3376 2654 3452 λυτρωθείη
2703 3384 2800 3453 τῆς
2868 3355 3192 3458 καταδίκης,
3230 3355 3385 3444 *ἀλλὰ
3420 3395 3515 3446 καὶ
3554 3355 3764 3461 δεκτιξ

503 3451 736 3520 γένηται
812 3450 911 3516 τῆς
969 3446 1231 3551 οὑρανίρυ
1284 3450 1590 3514 κατοικίας,
1659 3453 1802 3504 κατά
1854 3455 1917 3507 τὸ
1983 3456 2186 3531 λόγιον,
2222 3484 2241 3515 ι
2302 3470 2378 3532 ὡς
2432 3446 2725 3542 γρυσὸν-ὲν
2756 3446 3493 3551 ’γωνευτηρίῷἱδοκὶμασεν
3535 3446 3764 3551 ἆΰωύςί

504 3549 599 3600 καὶ
633 3545 709 3605 ὡς
748 3544 1124 3614 ὸλοκὰρπωμα
1159 3544 1350 3607 θυσίας
1393 3547 1756 3615 προσεδέξατο
1802 3551 2021 3615 αὑτούς.
2060 3574 2077 3605 ι

577 3632 899 3706 Exemplu‘m
945 3639 1287 3706 purgationis
1319 3638 1482 3705 hujus
1536 3641 1760 3695 tradidit
1800 3643 1914 3712 ipse
1942 3645 2079 3699 idem

2266 3656 2374 3707 Καὶ
2413 3657 2762 3728 παράδειγμα
2808 3661 2905 3730 τῆς
2946 3664 3265 3734 καθάρσεως
3293 3671 3505 3739 ταύτης
3552 3673 3765 3727 δίδωσιν

507 3730 800 3798 Gregorius
828 3728 883 3781 in
913 3729 1102 3782 eodem
1155 3729 1273 3782 loco
1313 3731 1378 3780 ad
1415 3730 1660 3795 Petrum.
1704 3737 1952 3789 eumdem
1990 3752 2081 3791 se-

504 3820 720 3891 quendo
743 3835 1071 3875 sermonem.
1108 3820 1246 3875 Dicit
1285 3824 1428 3875 enim
1480 3839 1494 3877 :
1537 3841 1555 3874 ι
1604 3823 1759 3881 Unde
1804 3829 1939 3884 hanc
1971 3832 2079 3883 uti-

506 3914 710 3967 litatem
752 3928 1145 3981 nonnunquam
1178 3912 1309 3981 ipsa}
1338 3913 1725 3971 defunctorum
1760 3919 1956 3974 animm
1986 3938 2080 3976 ex-

506 4014 695 4074 petere
742 4006 1015 4067 videntur,
1069 4005 1534 4074 quemadmodum
1588 4011 1882 4077 prmdictus
1932 4013 2077 4069 Felix

504 4101 793 4169 episcopus
843 4114 891 4161 a,
930 4098 1167 4167 quodam
1214 4101 1334 4153 vitae
1380 4103 1709 4157 venerabilis
1760 4107 2081 4177 presbytero

503 4189 828 4258 cognovisse
892 4205 951 4243 se
991 4189 1208 4253 asserit,
1256 4192 1348 4260 qui
1408 4193 1701 4263 presbyter
1731 4212 1905 4266 usque
1957 4210 2082 4255 ante

504 4280 779 4335 biennium
813 4282 947 4335 vixit
976 4293 1027 4335 et
1060 4283 1113 4335 in
1152 4282 1374 4338 ditecesi
1412 4284 1900 4346 Centmnccllensis
1932 4294 2080 4348 urbis

504 4374 802 4438 habitabat,
830 4385 989 4443 atque
1008 4376 1252 4430 ecclesia:
1274 4377 1416 4431 beati
1444 4375 1694 4445 Joannis,
1729 4399 1849 4449 quae
1879 4384 1932 4437 in
1960 4386 2079 4439 loco

501 4468 593 4536 qui
627 4467 827 4521 dicitur
855 4465 1127 4520 Tauriana
1164 4468 1268 4521 sita
1310 4481 1415 4532 est,
1452 4483 1703 4538 praeerat.
1740 4472 1885 4528 Idem
1916 4477 2080 4545 igitur

505 4564 791 4627 presbyter
832 4558 884 4611 in
920 4559 1109 4613 eodem
1145 4560 1262 4613 loco
1291 4561 1343 4612 in
1372 4578 1481 4628 quo
1508 4564 1696 4617 calidae
1728 4580 1883 4634 aqua:
1918 4580 2076 4636 sunt,

498 4653 715 4715 quoties
754 4651 1050 4723 necessitas
1086 4653 1333 4721 corporis
1377 4655 1651 4723 exigebat,
1707 4656 1896 4711 lavare
1949 4676 2078 4713 cou~

501 4752 774 4794 Sueverat.
811 4740 906 4795 Die
941 4758 1066 4796 vero
1098 4743 1329 4811 quadam
1363 4758 1487 4796 cum
1524 4760 1589 4799 eo
1639 4744 1835 4801 fuisset
1869 4748 2080 4818 ingres-

500 4817 615 4898 s‘us,
661 4835 866 4887 invenit
908 4836 1197 4903 quemdam
1242 4839 1518 4906 cegnitum
1572 4840 1744 4892 virum
1814 4842 1879 4894 ad
1913 4858 2075 4896 suum

500 4927 822 4993 obsequium
848 4936 1212 4993 praeparatum
1246 4929 1337 4995 qui
1374 4930 1478 4983 sibi
1513 4931 1577 4982 de
1606 4932 1832 4999 pedibus
1864 4936 2079 4991 calcea-

2185 3748 2214 3799 ὁ
2248 3748 2411 3810 αὐτὸς
2460 3749 2763 3821 Γρηγόριος
2801 3754 2860 3805 ὲν
2894 3757 2958 3823 τῇ
2992 3757 3128 3826 αὐτῇ
3176 3761 3557 3833 προρῤηθείσῃ
3609 3766 3763 3833 ῥήσει

2187 3840 2324 3910 πρὸς
2350 3842 2443 3893 τὸν
2489 3844 2653 3897 αὑτὸν
2684 3846 2895 3915 Πέτρον
2943 3849 3084 3901 κατὰ
3122 3852 3405 3921 συνέχειαν
3451 3857 3544 3909 τοῦ
3596 3859 3759 3909 αὑτοῦ

2186 3930 2345 4000 λόγου
2364 3949 2382 3964 ο
2420 3936 2553 4001 φησὶ
2583 3937 2693 4006 γάρ
2712 3954 2726 3967 ο
2769 3956 2786 3987 ο
2814 3940 2997 4007 Ὅθεν,
3032 3942 3231 4011 Πέτρε,
3261 3947 3469 4015 ταύτην
3493 3949 3592 4020 τὴν
3619 3952 3759 4018 ὡς,τέ-

2188 4025 2347 4077 λειαν
2380 4027 2641 4088 πολλάκις
2682 4030 2775 4082 καὶ
2804 4025 2962 4084 αὗται
2996 4036 3052 4087 αἱ
3084 4036 3192 4087 τῶν
3222 4037 3532 4093 τεθνεώτων
3573 4042 3753 4110 ψυχαὶ.

2185 4114 2446 4185 ὤφθησαν
2476 4120 2835 4188 ἑπιζητοῦσαι
2861 4138 2877 4154 ’
2911 4122 3095 4188 καθὼς
3136 4127 3163 4177 ὁ
3192 4128 3514 4197 προλεχθεὶς
3540 4134 3702 4201 Φῆλιξ
3726 4136 3753 4185 ό

2186 4206 2504 4272 ἐπίσκοπος.
2540 4212 2700 4281 Παρά
2738 4231 2882 4276 τινος
2914 4216 3312 4287 πρεσϐυτέρου,
3362 4222 3504 4274 πάνυ
3539 4223 3601 4291 τῇ
3640 4224 3746 4291 ζωῇ

2186 4300 2609 4365 εὑλαϐεστάτου,
2640 4305 2939 4374 ἀκηκοέναι
2961 4308 3147 4374 ἔλεγεν
3171 4327 3185 4340 ·
3221 4312 3369 4376 ὅστις
3392 4316 3747 4385 πρεσϐύτερος

2184 4389 2291 4453 ἕως
2322 4393 2427 4461 πρὸ
2461 4396 2560 4461 τῆς
2606 4395 2812 4459 διετίας
2860 4398 3109 4469 ταύτης)
3141 4401 3252 4466 ζῶν
3295 4404 3507 4477 ὑπῆρχε
3531 4424 3545 4438 ο
3575 4409 3658 4459 καί
3690 4410 3746 4459 ἐν

2185 4483 2249 4551 τῇ
2288 4487 2577 4552 περιοικίδι
2621 4489 2719 4555 τῆς
2750 4491 2957 4553 πόλεως
2993 4495 3454 4567 Κεντουμκελλῶν
3486 4502 3741 4570 κατῴκει·

2184 4575 2283 4641 τῆς
2344 4576 2401 4628 δε
2454 4579 2755 4647 ἐκκλησίας
2804 4585 2898 4636 τοῦ
2946 4586 3100 4654 ἁγίου
3177 4592 3428 4643 Ἰωάννου
3454 4594 3554 4663 τῆς
3580 4596 3632 4647 ιν
3669 4593 3742 4662 τῷ

2182 4667 2335 4735 τόπῳ
2366 4669 2443 4738 τῷ
2474 4670 2751 4743 λεγομένῳ
2802 4676 3084 4746 Ταυριάνα
3126 4682 3394 4751 πρότερον
3430 4688 3740 4755 προῖστατο·

2182 4760 2209 4809 ὁ
2242 4759 2334 4812 οὖν
2377 4762 2539 4825 αὐτὸς
2571 4767 2949 4838 πρεσϐύτερος
2994 4774 3072 4834 εἰς
3104 4774 3171 4824 τὰ
3204 4774 3389 4843 θερμά
3438 4778 3507 4827 τὰ
3546 4778 3663 4830 ὄντα
3692 4777 3743 4827 ἐν

2184 4846 2259 4915 τῷ
2293 4848 2440 4916 αὑτῷ
2490 4852 2660 4921 τόπῳ,
2694 4854 2890 4918 ὁσάκις
2947 4858 3110 4927 ἡτοῢ
3176 4862 3431 4930 σώματος
3480 4863 3742 4935 ἠνάγκαζε

2184 4942 2363 5010 χρεία,
2398 4942 2651 4997 λούεσθαι
2679 4945 2864 4998 εἰώθει
2894 4964 2909 4979 ο
2938 4948 2995 5000 ἐν
3028 4967 3131 5004 τινι
3160 4952 3216 5003 δὲ
3248 4954 3435 5033 ἡμέρα
3460 4958 3635 5011 ἐκεῖσε
3662 4959 3747 5008 ἐπὶ

499 5028 681 5072 menta
702 5019 1067 5082 abstraheret,
1093 5022 1413 5075 vestimenta
1441 5026 1752 5094 susciperet
1778 5039 1829 5082 et
1853 5030 2072 5085 exeunti

2186 5034 2242 5085 τὸ
2274 5035 2572 5088 λούσασθαι
2625 5039 2904 5099 εἰσελθὼν,
2938 5042 3097 5111 εὗρεν
3146 5047 3316 5117 ἄνδρα
3364 5019 3490 5101 rivi
3525 5051 3750 5119 ἀγνώρι-

497 5114 563 5166 de
587 5113 812 5166 thermis
857 5113 1059 5167 sabana
1095 5114 1380 5178 praeberet,
1414 5126 1468 5169 et
1500 5132 1662 5171 omne
1698 5121 2074 5177 ministerium

496 5220 620 5259 cum
653 5219 852 5275 magno
883 5204 1147 5260 famulatu
1190 5220 1492 5278 perageret.
1528 5210 1780 5282 Cumque
1825 5215 1927 5268 hoc
1973 5230 2075 5269 sa:-

497 5299 618 5367 pius
655 5298 840 5362 fieret,
871 5298 958 5353 die
990 5301 1224 5369 quadam
1266 5301 1406 5355 idem
1458 5306 1743 5373 presbyter
1774 5306 1838 5359 ad
1886 5306 2077 5361 balnea

497 5392 673 5444 iturus
726 5389 867 5443 intra
906 5391 1261 5460 semetipsum
1304 5394 1556 5461 cogitans
1601 5395 1778 5448 dixit:
1822 5396 1952 5450 Viro
2001 5398 2076 5452 illi

495 5484 589 5551 qui
622 5483 753 5536 mihi
786 5483 922 5538 solet
956 5493 1061 5536 tam
1094 5486 1309 5538 sincere
1345 5486 1410 5539 ad
1447 5486 1741 5541 lavandum
1790 5490 2017 5557 obsequi
2051 5532 2065 5555 ,

496 5577 740 5644 ingratus
808 5591 1073 5644 apparere
1134 5577 1324 5642 debeo,
1390 5581 1483 5633 sed
1547 5580 1748 5648 aliquid
1796 5582 1923 5634 mihi
1978 5597 2070 5636 ne-

495 5684 648 5737 cesse
679 5680 759 5722 est
782 5670 827 5721 ei
858 5686 955 5738 pro
988 5684 1209 5723 munere
1235 5681 1475 5738 portare.
1508 5672 1732 5727 Duabus
1764 5690 1892 5742 ergo
1924 5675 2072 5729 obla-

497 5759 735 5815 tionibus
767 5762 996 5831 sumptis
1030 5762 1308 5832 profcctus
1343 5774 1443 5821 est.
1487 5765 1589 5829 Qui
1625 5782 1744 5821 mox
1783 5779 1839 5822 ut
1878 5784 2068 5838 pervc-

2183 5141 2327 5189 στον,
2361 5126 2582 5195 ⁹ἐτοιμον
2608 5131 2689 5192 είς
2714 5132 2811 5198 τὴν
2842 5132 3008 5185 αὑτοῦ
3042 5136 3345 5207 ὑπουργίαν
3375 5141 3526 5203 ὅστις
3558 5144 3619 5195 ἐκ
3646 5143 3749 5195 τῶν

2182 5218 2357 5269 ποδῶν
2399 5219 2565 5271 αὑτοῦ
2617 5226 2682 5273 τά
2720 5224 3046 5293 ὑποδήματα
3095 5229 3290 5297 ἐσυρε’
3328 5234 3525 5286 καὶτά
3566 5236 3751 5304 ἱμάτια

2179 5313 2343 5365 αὑτοῦ
2390 5314 2707 5381 ὑπεδέξατο.
2767 5320 3160 5393 Ἐξερχομένου
3193 5326 3247 5377 δὲ
3296 5328 3464 5382 αὑτοῦ
3512 5331 3621 5383 ἀπὸ
3648 5331 3753 5383 τῶν

2180 5404 2419 5475 θερμῶν,
2472 5409 2542 5461 τὰ
2575 5412 2786 5466 σάϐοινα
2835 5414 3001 5468 αὑτοῦ
3050 5418 3379 5471 ἐπιδέδωκεο
3431 5424 3525 5475 καὶ
3579 5426 3757 5478 πᾶσαν

2182 5497 2485 5567 ὑπουργίαν
2533 5502 2675 5567 μετὰ
2716 5505 2962 5575 μεγάλης
2993 5511 3161 5578 τιμῆς
3204 5509 3532 5574 ἐξετέλεσεν.
3574 5516 3661 5568 Ἐν
3702 5516 3757 5567 δὲ

2180 5589 2255 5654 τῷ
2301 5590 2562 5655 πολλάκις
2609 5596 2768 5649 τοῦτο
2801 5599 3083 5665 γενέσθαι,
3119 5604 3146 5653 ὀ
3175 5604 3339 5667 αὐτὸς
3385 5610 3758 5677 πρεσϐὁτερος

2180 5681 2239 5731 ἐν
2275 5684 2372 5752 μιᾷ
2406 5686 2484 5747 εἰς
2516 5687 2581 5738 τὰ
2606 5687 2786 5757 θερμά
2821 5692 3218 5762 ἀπερχόμενος,
3251 5695 3308 5747 ἐν
3334 5697 3513 5768 ἑαυτῷ
3548 5699 3761 5767 λογιζὸ-

2185 5788 2344 5840 μενος
2375 5771 2495 5830 εἶπε
2523 5792 2535 5806 ·
2570 5780 2660 5849 Τῷ
2694 5781 2845 5851 ἀνδρὶ
2875 5784 3071 5855 ἐκείνῳ
3104 5785 3178 5855 τῷ
3212 5786 3356 5842 οὕτω
3391 5809 3483 5859 μοι
3517 5792 3759 5862 γνησίως
