3978 6204
243 347 370 414 1:237

932 341 1079 400 PRO
1120 340 1328 401 CONC.
1375 335 1751 398 FLORENT.
1791 338 1954 397 CAP.
1990 336 2109 396 III.
2156 335 2254 395 DE
2305 333 2824 396 PURGATORlO.

3352 330 3487 395 1258

237 468 296 517 ἐν
327 461 407 531 τῷ
430 457 685 513 λούεσθαι
730 457 1028 524 ὑπουργεῖν
1059 452 1294 514 εἰωθότι,
1333 452 1433 506 οὐκ
1463 453 1695 521 ῶφειλον
1728 470 1815 506 κε·

1937 451 1995 507 ιὶι
2022 452 2085 507 ad
2118 452 2319 517 locum,
2348 451 2622 505 hominem
2652 450 2884 512 invenit,
2912 458 3074 518 atque
3098 462 3160 503 ex
3193 463 3343 503 more
3366 449 3487 518 ejus

240 556 330 618 νδς
358 552 631 620 ὀφθῆναι·
678 548 815 603 άλλά
854 564 908 600 τι
956 541 1048 600 οὖν
1080 546 1275 614 δῶρον,
1328 544 1593 615 βαστάσαι
1630 545 1812 614 χρεία.

242 646 348 699 Δύο
376 644 467 698 οὖν
498 642 812 714 προσφοράς
841 639 1043 704 λαϐὼν,
1090 637 1386 708 ἐπορεύθη.
1438 637 1528 689 Ἑν
1560 636 1637 705 τῷ
1665 637 1817 705 τόπῳ

241 735 335 793 οὖν
368 735 836 808 παραγενόμενος,
866 732 1019 794 αὖθις
1049 732 1137 784 τὸν
1169 730 1455 806 ἄνθρωπον
1483 729 1607 799 εὗρε
1636 745 1648 758 '
1674 730 1817 783 κατὰ

240 832 297 885 δὲ
334 831 397 884 τὸ
432 828 641 891 εἰωθὸς,
694 828 751 878 tv
774 824 948 878 ἅπασι
987 826 1089 890 τὴν
1129 819 1477 889 λειτουργίαν
1508 819 1813 872 ἐπετέλεσε.

245 920 595 991 Λουσαμένου
626 919 680 970 δὲ
728 914 892 969 αὑτοῦ
921 914 1015 966 καὶ
1044 912 1396 982 φορέσαντος,
1440 910 1532 965 καὶ
1573 910 1671 979 ἤδη
1708 910 1817 963 λοι-

242 1016 345 1069 πὸν
378 1014 667 1083 μέλλοντος
699 1009 1041 1079 ἐξέρχεσθαι,
1074 1006 1252 1076 ἇσπερ
1287 1004 1407 1075 μεθ’
1430 1004 1625 1058 ἑαυτοῦ
1653 1019 1821 1073 προσ·

244 1105 421 1176 φοράς
473 1100 762 1165 ἑὸάσταζε,
820 1098 898 1168 τῷ
952 1097 1364 1165 ὑπουργήσαντι
1430 1093 1578 1164 αὐτῷ
1640 1095 1817 1163 ἀνδρὶ,

243 1195 498 1263 εὐλογίας
528 1193 689 1263 χάριν
717 1190 1035 1253 ἐπιδέδωκε,
1069 1186 1407 1259 παρακαλῶν
1452 1188 1672 1257 ἀγάπης
1703 1187 1816 1240 ἕνε-

242 1306 342 1342 κεν
380 1286 553 1341 ταῦτα
587 1283 750 1337 αὑτὸν
792 1280 1072 1347 δέξεσθαι.
1112 1281 1350 1342 Ἐκεῖνος
1379 1279 1437 1332 δὲ
1485 1278 1697 1331 πενθῶν
1724 1278 1819 1330 καὶ

246 1379 588 1448 θλιδόμενος,
641 1373 917 1441 ἀπεκρίθη
969 1372 1183 1438 λέγων·
1232 1370 1385 1439 Ἐμοὶ
1433 1367 1609 1421 ταῦτα
1648 1366 1737 1419 διὰ
1765 1366 1819 1419 τί

247 1474 511 1543 παρέχεις
537 1487 552 1538 ;
594 1465 762 1531 Οὗτος
790 1468 817 1519 6
845 1467 1029 1536 ἄρτος,
1060 1464 1215 1532 ἅγιός
1244 1464 1358 1515 ἐστι
1386 1479 1399 1493 ·
1436 1460 1591 1528 κάγὼ
1622 1462 1818 1528 φαγεῖν

248 1566 410 1621 αὐτὸν
454 1566 514 1618 οὐ
547 1563 811 1631 δύναμαι.
856 1558 1000 1626 Ἐγὼ
1038 1558 1147 1626 γὰρ
1179 1556 1237 1611 ὂν
1265 1555 1513 1625 θεωρεῖς,
1560 1553 1691 1606 ποτὲ
1724 1552 1820 1606 τοῦ

244 1660 414 1713 τόπου
451 1656 638 1726 κύριος
669 1654 917 1723 ὑπῆρχον
948 1667 963 1682 ο
989 1650 1127 1703 ἀλλὰ
1149 1649 1238 1701 διὰ
1262 1648 1330 1701 τά
1352 1646 1667 1715 πταίσματά
1692 1663 1817 1712 μου,

247 1752 432 1806 ἐνθάδε
466 1746 888 1815 κατεδικάσθην.
928 1745 1057 1797 Ἐὰν
1080 1743 1137 1795 δέ
1168 1740 1260 1810 μοί
1287 1759 1339 1793 τι
1366 1741 1672 1809 παρασχεῖν
1699 1737 1822 1791 ἐθί-

245 1846 369 1918 λῃς,
400 1843 491 1897 τὸν
534 1842 695 1912 άρτον
723 1838 915 1892 τοῦτον
941 1834 1270 1905 ὑπὲρθὲμοῦ
1315 1831 1396 1901 τῷ
1428 1830 1826 1900 παντοδυνάμῳ

247 1938 366 2003 Θεῷ
397 1935 759 2003 προσένεγκε,
783 1931 878 1983 καὶ
907 1928 1047 1995 ὑπὲρ
1069 1926 1179 1978 τῶν
1210 1923 1497 1994 ἁμαρτιῶν
1527 1941 1628 1993 μου
1656 1926 1827 1994 πρόσ-

1919 543 2181 612 obsequio
2207 542 2259 595 iu
2293 542 2552 598 omnibus
2589 558 2722 597 usus
2760 550 2862 597 est.
2888 539 3044 595 Lavit
3077 540 3264 610 itaque
3288 550 3486 595 etcum

1919 634 2029 706 jam
2063 636 2292 690 vestitus
2325 636 2585 690 voluisset
2616 634 2825 705 egredi,
2850 649 2986 704 quas
3036 648 3222 689 secum
3260 633 3490 689 oblatio-

1921 741 2016 781 nes
2057 725 2263 781 ferebat
2311 726 2631 797 obsequenti
2666 726 2767 782 sibi
2806 726 2921 781 viro
2954 741 3055 797 pro
3112 711 3491 781 benedictione

1920 818 2136 880 obtulit,
2169 830 2356 887 petens
2404 828 2461 873 ut
2511 817 2792 872 charitatis
2819 817 2991 887 gratia
3044 833 3107 872 ea
3162 816 3486 885 susciperet.

1918 909 2016 963 Cui
2066 910 2153 964 ille
2183 924 2420 965 maerens
2451 909 2797 980 amictusque
2846 908 3125 979 respondit
3159 925 3171 962 :
3205 908 3335 962 Mihi
3387 909 3490 962 ista

1923 988 2091 1070 quare
2117 1001 2235 1067 das,
2272 1002 2473 1056 Pater?
2517 1002 2619 1055 Iste
2652 1003 2808 1072 panis
2843 1012 3069 1057 sanctus
3102 1010 3206 1064 est,
3236 1014 3337 1070 ego
3367 1015 3489 1053 eum

1923 1093 2254 1148 manducare
2305 1110 2409 1147 non
2455 1110 2695 1162 possum.
2745 1094 2853 1165 Ego
2888 1094 3087 1149 etenim
3132 1109 3294 1164 quem
3342 1092 3494 1147 vides

1923 1185 2084 1254 hujus
2118 1186 2218 1240 loci
2256 1185 2511 1242 dominus
2547 1187 2841 1256 aliquando
2880 1186 2955 1240 fui
2979 1226 2994 1251 ,
3025 1187 3116 1241 sed
3150 1185 3327 1255 culpis
3360 1185 3495 1241 meis

1923 1276 2015 1332 hic
2050 1287 2173 1346 post
2207 1291 2430 1332 mortem
2458 1280 2852 1333 condemnatus
2882 1294 3029 1333 sum.
3058 1279 3114 1332 Si
3144 1291 3328 1333 autem
3357 1278 3491 1331 mihi

1925 1368 2053 1439 quid
2086 1380 2342 1438 praestare
2376 1372 2479 1435 vis,
2509 1372 2868 1439 omnipotenti
2902 1371 3012 1426 Deo
3064 1386 3161 1439 pro
3221 1386 3307 1424 me
3355 1370 3492 1425 oll'er

1927 1460 2073 1516 hunc
2104 1475 2296 1531 panem
2329 1472 2383 1516 et
2430 1478 2528 1531 pro
2575 1465 2814 1531 peccatis
2867 1465 3001 1519 meis
3056 1463 3377 1532 deprecare.
3430 1462 3497 1516 Et

1928 1568 2071 1607 nunc
2102 1556 2414 1609 eaauditum
2450 1565 2500 1609 te
2538 1571 2661 1611 esse
2695 1570 2964 1624 cognosce
2994 1570 3118 1610 cum
3172 1557 3280 1613 huc
3323 1558 3387 1610 ad
3417 1558 3497 1609 la-

1925 1645 2163 1700 vandum
2196 1648 2427 1710 veneris,
2460 1657 2513 1700 et
2544 1663 2629 1701 me
2659 1664 2767 1702 non
2798 1648 3093 1703 inveneris.
3121 1647 3191 1703 Et
3220 1650 3304 1705 bis
3335 1651 3494 1705 dictis

1928 1737 2216 1809 disparuit,
2264 1748 2318 1793 et
2371 1740 2417 1793 is
2452 1739 2546 1802 qui
2584 1740 2748 1794 homo
2781 1755 2903 1795 esse
2939 1741 3244 1807 videbatur,
3292 1757 3494 1798 evane-

1928 1832 2132 1887 sceudo
2166 1830 2404 1884 innotuit
2428 1832 2556 1900 quia
2585 1832 2815 1900 spiritus
2856 1832 2981 1888 fuit.
3025 1832 3172 1888 Idem
3221 1848 3348 1888 vero
3376 1851 3503 1905 prer

1929 1923 2115 1993 sbyter
2148 1920 2545 1977 hebdomadam
2587 1926 2903 1979 continuam
2945 1940 3006 1980 se
3047 1940 3147 1996 pro
3171 1942 3239 1980 eo
3266 1942 3390 1981 cum
3420 1928 3501 1979 la-

244 2027 421 2092 ευξαι.
461 2025 595 2078 Τότε
637 2024 692 2076 δὲ
747 2019 1160 2088 ὑπακουσθῆναι
1194 2019 1451 2086 γίνωσκε,
1495 2017 1595 2068 ἐὰν
1628 2017 1719 2067 ἐπὶ
1750 2014 1827 2084 τῷ

1937 2013 2126 2083 crymis
2180 2011 2415 2077 afﬂixit,
2473 2014 2768 2071 salutarem
2828 2017 3065 2072 hostiam
3106 2018 3354 2087 quotidie
3390 2018 3501 2073 Deo

247 2119 548 2173 λούσασθαι
601 2112 796 2175 ἐλθὼν,
843 2112 943 2180 ἐμὲ
979 2109 1166 2164 ἐνθάδε
1208 2108 1281 2180 μὴ
1327 2108 1513 2178 εὕρῃς.
1552 2106 1736 2160 Ταῦτα
1768 2105 1826 2159 δὲ

1937 2103 2186 2161 ali‘ereus.
2227 2105 2291 2159 Et
2319 2122 2571 2162 reversus
2605 2120 2794 2176 postea
2821 2109 2888 2165 ad
2925 2108 3199 2176 balneum,
3249 2126 3376 2166 eum
3425 2112 3501 2165 ibi

249 2209 445 2274 είπὼν,
501 2205 717 2277 ἀφανὴς
747 2204 957 2272 γέγονε.
1004 2203 1114 2255 Καὶ
1161 2202 1311 2263 ὅστις
1357 2200 1643 2269 ἄνθρωπος
1686 2193 1825 2249 εἶναι

1937 2199 1980 2250 in
2015 2205 2295 2267 posterum
2330 2215 2437 2254 non
2472 2200 2697 2256 invenit.

249 2304 555 2371 ἑθεωρεῖτο,
582 2300 795 2368 ἀφανὴς
822 2297 1137 2365 γενόμενος,
1204 2292 1562 2367 ὲδηλοποιήθη
1627 2293 1709 2345 ὅτι
1770 2290 1985 2362 πνεῦμα
2034 2292 2301 2362 ὑπῆρχεν.
2382 2293 2440 2348 Ὀ
2479 2294 2532 2347 δὲ
2584 2294 2743 2357 αὐτὸς
2801 2297 3189 2367 πρεσϐύτερος,
3238 2298 3503 2367 ἑϐδομάδα

196 2456 199 2459 ἰ
249 2360 473 2468 ἡμερῶν
517 2360 708 2447 ἐναυτὸν
752 2360 1031 2462 έπιμόνως
1084 2393 1143 2443 tv
1210 2390 1475 2457 δάκρυσιν
1523 2360 1665 2458 ὑπὲρ
1729 2360 2295 2457 αύτούήσυνὲσφιγξε·
2360 2390 2683 2461 σωτηριῶδη
2748 2360 2937 2446 θυσίαν
3000 2360 3379 2469 atad—imi”;
3423 2360 3589 2468 ing,"

249 2497 368 2566 θεῷ
392 2490 796 2564 προσκομίςων,
832 2490 969 2558 μετὰ.
1009 2488 1064 2540 δὲ
1096 2486 1255 2539 ruﬁ-.0
1291 2487 1369 2547 εἰς
1388 2487 1452 2537 τὰ
1478 2485 1653 2553 θερμᾶ
1704 2485 2075 2555 ὑποστρέψας,
2110 2486 2361 2556 οὐδαμῶς
2404 2488 2568 2541 αὑτὸν
2622 2488 2716 2541 τοῦ
2764 2488 2954 2543 λοιποῦ
2990 2492 3168 2545 ἐκεῖσε
3216 2490 3387 2564 εὗρεν,

1007 2585 1081 2637 Z'.

337 2686 435 2738 Ἐκ
462 2686 652 2737 τούτου
685 2678 777 2736 οὖν
804 2682 1079 2735 δείκνυται
1114 2682 1282 2731 πόσον
1309 2683 1429 2741 ταῖς
1456 2678 1652 2748 ψυχαῖς
1690 2694 1827 2747 συμ-

256 2778 513 2832 ϐάλλεται
550 2775 701 2845 ήτῆς
735 2776 889 2844 ἱερᾶς
923 2774 1112 2836 θυσίας
1141 2771 1446 2843 προσφορὰ,
1475 2772 1674 2824 ὁπόταν
1698 2769 1823 2822 ταύ-

256 2885 360 2936 την
396 2867 490 2920 καὶ
519 2866 659 2918 αὐτὰ
696 2862 803 2915 τῶν
851 2864 1163 2917 τεθνεώτων
1205 2863 1271 2916 τά
1322 2856 1611 2930 πνεύματα
1675 2860 1826 2928 παρὰ

257 2960 365 3013 τῶν
396 2960 613 3024 ζώντων
647 2958 907 3012 αἱτῶνται
928 2973 944 2989 ο
980 2956 1070 3009 καὶ
1098 2956 1187 3008 διὰ
1232 2954 1474 3025 σημείων
1504 2952 1823 3023 μηνύουσιν,

253 3056 336 3107 ὃτι
373 3053 440 3106 δι’
478 3052 651 3122 αὐτῆς
681 3052 790 3106 τῶν
839 3051 1206 3119 πταισμάτων
1259 3046 1599 3117 λυτροῦνται.
1636 3046 1741 3099 Ποῦ
1792 3047 1824 3114 ἡ

256 3147 365 3199 τῶν
398 3145 628 3214 ἀμαθῶν
681 3147 774 3197 καὶ
828 3141 1169 3210 ἀναισθήτων
1222 3142 1550 3208 κακογήρων
1607 3137 1827 3206 νομοθε-

2664 2583 2772 2638 VII.

2007 2675 2081 2731 Ex
2116 2675 2199 2733 his
2243 2676 2407 2748 igitur
2433 2675 2611 2733 verbis
2642 2679 2949 2736 ostenditur
2981 2691 3247 2750 quantum
3288 2688 3504 2743 anima-

1935 2768 2038 2823 bus
2073 2768 2339 2824 conducat
2388 2785 2557 2825 sacrae
2603 2772 2794 2828 hostiae
2847 2772 3069 2839 oblatio,
3112 2779 3334 2847 quando
3379 2797 3500 2837 eam

1933 2860 2155 2929 spiritus
2189 2861 2569 2918 defunctorum
2618 2880 2650 2919 a
2708 2866 3013 2923 viventibus
3048 2880 3260 2939 petunt,
3306 2876 3512 2943 signis-

1934 2968 2038 3021 que
2066 2954 2370 3024 signiticant
2417 2958 2563 3025 quod
2614 2973 2710 3026 per
2738 2974 2857 3014 eam
2890 2975 2921 3015 a
2954 2965 3189 3030 peccatis
3222 2966 3512 3022 redimun-

1935 3054 2042 3101 tur.
2103 3046 2329 3102 Ubinam
2362 3057 2445 3102 est
2492 3050 2707 3105 rudium
2755 3052 3156 3110 insensatorum
3198 3065 3255 3112 et
3304 3060 3504 3116 misere

1936 3140 2336 3195 senescentium
2374 3141 2661 3211 legislatio,
2700 3145 2791 3211 qui
2817 3146 3008 3199 nolunt
3030 3162 3127 3213 pro
3157 3152 3387 3207 mortuis
3416 3154 3503 3209 of-

258 3237 374 3297 σία,
412 3207 474 3288 τὸ
505 3237 581 3302 μὴ
620 3236 793 3286 ποιεῖν
824 3233 1019 3292 θυσίας
1044 3207 1189 3297 ’ὑπὲρ
1217 3230 1324 3281 τῶν
1367 3207 1786 3296 κεκοιμημένων
1812 3244 1825 3289 ;

1937 3229 2076 3283 ferre
2106 3232 2397 3294 sacrificia,
2426 3234 2519 3286 sed
2568 3234 2653 3288 his
2682 3236 2774 3303 qui
2818 3236 2869 3289 in
2900 3236 3131 3292 vinculis
3173 3242 3505 3309 detinentur,

256 3330 395 3382 ἀλλὰ
418 3329 616 3382 διδόναι
650 3328 761 3388 τοῖς
796 3327 851 3377 tv
907 3324 1120 3391 φυλακῇ
1156 3322 1247 3374 καὶ
1278 3322 1336 3373 ού
1386 3323 1493 3381 τοῖς
1547 3318 1782 3387 ἱερεῦσιν
1814 3333 1830 3384 ;

255 3423 392 3475 ὅπου
421 3421 481 3473 τὸ
510 3419 727 3485 πνεῦμα
750 3416 846 3470 τοῦ
876 3416 1190 3476 τεθνεῶτος,
1226 3416 1285 3467 ού
1323 3413 1430 3465 τῶν
1467 3414 1524 3464 tv
1563 3413 1833 3479 φυλακαῖς

256 3512 559 3580 φροντίζει,
591 3509 733 3560 ὥστε
788 3505 1000 3569 τούτοις
1031 3506 1231 3559 διδόναι
1274 3503 1668 3572 ἐλεημοσύνην,
1699 3499 1835 3555 ἀλλὰ

256 3600 454 3655 θυσίαν
492 3600 881 3669 προσενεγκεῖν
910 3597 987 3665 τῷ
1021 3596 1160 3666 Θεῷ,
1206 3596 1301 3648 τοῦ
1337 3596 1527 3662 ἱερέως
1561 3594 1696 3662 μετὰ
1730 3593 1827 3646 δα-

259 3690 449 3762 κρύων
478 3690 670 3743 ἐδεῖτο.
708 3688 889 3741 Καλὸν
940 3687 1041 3755 μὲν
1068 3687 1175 3755 γὰρ
1205 3687 1301 3739 καὶ
1346 3686 1641 3756 θεάρεστον
1669 3684 1833 3754 ἔργον

258 3784 378 3837 ἐστὶ
414 3783 507 3836 καὶ
532 3782 593 3835 τὸ
621 3781 819 3834 διδόναι
867 3779 1241 3849 ἐλεημοσύνην
1284 3780 1398 3838 τοῖς
1448 3780 1507 3830 tv
1538 3777 1831 3845 φυλακαῖς,

261 3877 359 3929 καὶ
389 3877 446 3927 tv
497 3872 677 3935 ἄλλοις
724 3871 1007 3923 εὐσεϐέσιν
1043 3870 1225 3938 ἔργοις
1254 3884 1268 3897 ·
1314 3867 1411 3920 καὶ
1464 3867 1642 3930 οὐδεὶς
1691 3865 1834 3918 οὕτω

262 3968 468 4037 μωρὸς,
499 3965 640 4018 ὥστε
702 3965 883 4033 λέγειν
909 3964 969 4015 τὸ
998 3963 1241 4015 ἐναντίον
1266 3976 1281 3991 ο
1312 3960 1576 4030 κρείττων
1604 3957 1658 4009 δὲ
1699 3957 1834 4010 πάν-

260 4075 393 4124 των,
428 4061 462 4128 ἡ
517 4059 639 4127 ἱερά
669 4058 830 4110 θυσία
863 4056 1003 4123 ὑπὲρ
1045 4055 1152 4107 τῶν
1204 4053 1623 4124 κεκοιμημένων
1657 4067 1831 4120 προσ-

264 4149 543 4218 φερομένη
577 4147 655 4216 τῷ
684 4144 824 4215 Θεῷ.
868 4145 1056 4213 Τούτῳ
1087 4145 1182 4195 καὶ
1209 4142 1343 4196 ἄλλα
1374 4144 1538 4211 ὃμοια
1570 4142 1665 4193 καὶ
1694 4140 1832 4208 μνήοο

265 4257 375 4309 μης
404 4238 529 4305 άξια
552 4241 610 4292 tv
636 4239 712 4308 τῷ
736 4236 887 4306 αὐτῷ
910 4236 1097 4305 βιὸλίῳ
1128 4238 1221 4287 καί¹
1249 4236 1307 4285 tv
1328 4236 1392 4301 τῇ
1422 4234 1559 4302 αὐτῇ
1585 4230 1835 4299 διηγήσει

261 4336 290 4385 ὁ
345 4331 613 4401 μακάριος
676 4325 831 4391 οὗτος
891 4330 1079 4398 Πατὴρ
1133 4328 1227 4379 καὶ
1273 4324 1596 4397 διδάσκαλος
1653 4339 1832 4391 παραρ

261 4424 529 4490 δείγματα
554 4422 759 4491 τίθησι,
802 4418 1158 4490 διηγούμενος
1185 4416 1284 4487 τὴν
1318 4415 1429 4469 τῶν
1474 4413 1663 4484 ψυχῶν
1697 4411 1835 4480 μετὰ

1940 3336 2043 3375 non
2077 3332 2255 3375 autem
2288 3324 2665 3381 sacerdotibus
2698 3327 2975 3391 exhibere,
3008 3331 3226 3398 quando
3262 3334 3505 3393 defuncti

1937 3412 2160 3480 spiritus
2192 3414 2334 3467 nulla
2383 3430 2482 3484 pro
2517 3416 2752 3472 detentis
2785 3419 2837 3471 in
2886 3434 3107 3478 carcere
3137 3424 3507 3484 sollicitudine

1937 3504 2314 3569 distinebatur,
2352 3518 2410 3560 ut
2444 3510 2525 3563 eis
2554 3509 2913 3581 eleemosyna!
2959 3513 3173 3583 fierent,
3205 3520 3297 3574 sed
3335 3531 3391 3575 ut
3422 3538 3510 3577 sa-

1936 3597 2200 3651 crificium
2231 3599 2449 3653 offerret
2499 3600 2629 3667 Deo,
2666 3618 2693 3656 a
2730 3609 3014 3662 sacerdote
3053 3606 3231 3664 flendo
3271 3614 3507 3680 petebat.

1940 3685 2237 3741 Honestum
2272 3690 2415 3742 enim
2446 3700 2550 3755 est,
2572 3700 2627 3744 et
2655 3690 2763 3748 Deo
2797 3705 3079 3765 acceptum
3114 3713 3248 3768 opus
3278 3702 3514 3757 eleemo-

1938 3793 2103 3847 synas
2133 3779 2295 3834 etiam
2330 3781 2385 3835 in
2435 3797 2530 3837 eos
2560 3799 2806 3855 erogare,
2859 3797 2914 3842 et
2955 3789 3075 3843 aliis
3109 3792 3213 3861 piis
3254 3794 3511 3860 operibus

1939 3869 2179 3924 studere.
2210 3870 2383 3926 Nemo
2413 3882 2497 3927 est
2530 3882 2636 3929 tam
2669 3878 2890 3943 stultus,
2926 3882 3017 3947 qui
3047 3882 3172 3936 huic
3206 3884 3281 3937 rei
3313 3886 3509 3939 adver-

1938 3972 2109 4017 setur.
2166 3962 2270 4019 Sed
2324 3966 2578 4020 omnibus
2632 3970 2905 4024 antecellit
2961 3974 3135 4027 missa!
3180 3977 3503 4031 sacrificium

1938 4054 2080 4120 quod
2117 4069 2213 4122 pro
2262 4054 2536 4111 defunctis
2571 4058 2801 4113 θεῖοι-ιω·
2836 4059 2971 4116 Deo.
3028 4062 3152 4119 Haec
3199 4077 3251 4120 et
3284 4068 3391 4122 alia
3426 4069 3508 4123 his

1940 4143 2134 4197 similia
2168 4157 2579 4217 mcmoratuque
2610 4152 2767 4219 digna
2798 4153 3044 4221 exempla
3072 4155 3125 4208 in
3157 4158 3343 4211 eadem
3379 4175 3510 4214 nar-

1940 4236 2151 4290 ratione
2181 4237 2370 4293 beatus
2414 4240 2500 4293 hic
2526 4239 2685 4297 Pater
2714 4254 2764 4297 et
2796 4247 3055 4314 magister
3083 4246 3350 4318 adiungit,
3380 4253 3506 4305 dum

1941 4329 2162 4397 exponit
2193 4330 2504 4384 animarum
2539 4341 2661 4400 post
2695 4343 2928 4389 mortem
2963 4340 3360 4407 purgationem,
3390 4356 3511 4409 qum

1942 4430 2161 4489 promer
2181 4436 2367 4476 eorum
2399 4423 2758 4491 prolixitatem
2788 4426 2913 4480 huic
2946 4427 3064 4482 loco
3091 4444 3196 4484 non
3228 4444 3512 4499 apponun-

263 4514 496 4567 θάνατον
535 4513 804 4583 κάθαρσιν
832 4527 845 4541 ⁸
876 4511 911 4565 ά
948 4511 1038 4563 διὰ
1078 4511 1140 4563 τὸ
1171 4510 1348 4579 μῆκος
1382 4506 1615 4562 ἐνταῦθα
1645 4505 1745 4576 μὲν
1770 4505 1829 4560 ού

1948 4519 2056 4575 tur,
2091 4513 2184 4567 sed
2212 4527 2278 4567 eo
2311 4514 2564 4567 lectorem
2600 4517 2945 4572 remittimus.
2980 4518 3058 4574 Ac
3086 4520 3133 4573 si
3170 4521 3294 4590 quis
3319 4522 3512 4577 scdulo

264 4606 489 4677 τίθεμεν
516 4620 531 4636 ·
566 4607 742 4659 ὲκεῖσε
764 4603 820 4657 δὲ
846 4604 972 4665 τοὺς
1001 4600 1356 4673 βουλομένους
1385 4600 1514 4653 ίδεῖν
1540 4599 1833 4669 παραπέμ-

265 4714 465 4768 πομεν.
512 4697 629 4751 Κάν
677 4712 760 4758 τις
814 4690 906 4748 οὖν
940 4692 1219 4755 ἐπιπόνως
1269 4689 1452 4762 διέλθῃ
1502 4689 1603 4759 τὴν
1654 4688 1837 4760 βίϐλον

261 4790 503 4855 ικείνην,
556 4785 709 4857 οἶμαι
739 4787 919 4859 πάσης
946 4785 1277 4853 φιλονεικίας
1309 4786 1403 4837 καὶ
1445 4782 1621 4851 ἔριδος
1646 4780 1838 4836 ἑαυτὸν

260 4878 628 4944 ἀπαλλάξειεν
650 4893 666 4910 ·
698 4878 754 4931 at!
798 4877 907 4944 γάρ
940 4876 1107 4946 ψυχαὶ
1135 4874 1489 4945 ὲξερχόμεναι
1542 4873 1694 4926 τοῦδε
1740 4872 1835 4925 τού

263 4968 384 5039 βίου
412 4968 623 5031 ἀτελεῖς
652 4969 710 5021 tv
761 4968 1153 5032 ίκανοποιήσει,
1203 4967 1261 5017 tv
1309 4964 1529 5017 κολάσει
1561 4964 1654 5016 καὶ
1703 4966 1838 5032 πυρὶ

266 5057 734 5120 καταδικάζονται,
793 5057 855 5109 οὐ
908 5053 1214 5124 καυστικῷ,
1276 5054 1412 5108 ἀλλὰ
1466 5053 1786 5124 καθαρτικῷ
1820 5070 1832 5082 ’

262 5152 361 5203 καὶ
392 5148 492 5201 οὐκ
537 5148 767 5215 αἰωνίῳ,
802 5146 940 5200 ἀλλὰ
974 5144 1333 5215 προσκαίρῳ·
1369 5146 1517 5206 ὅπως
1558 5145 1617 5198 tv
1653 5148 1838 5218 ἐκείνῃ

264 5244 334 5310 τῇ
365 5242 563 5310 μερικῇ
600 5240 823 5292 κολάσει
866 5239 959 5290 καὶ
990 5237 1068 5306 τῷ
1114 5240 1246 5305 πυρὶ
1288 5238 1482 5307 ἐκείνῳ
1520 5237 1838 5307 καθαρθῶσι

266 5331 375 5384 τῶν
414 5332 699 5399 ἁμαρτιῶν
742 5329 943 5392 αὐτῶν,
977 5322 1052 5381 ὧν
1086 5329 1187 5381 οὐκ
1238 5327 1481 5395 ἔφθασαν
1526 5330 1586 5380 tv
1627 5329 1705 5398 τῷ
1739 5346 1844 5381 πα-

269 5421 420 5489 ρόντι
448 5419 661 5473 τελείαν
696 5417 992 5473 ἀποδοῦναι
1039 5417 1139 5485 τὴν
1176 5415 1575 5484 ίκανοποίησιν.
1614 5420 1844 5475 Λυσιτε-

268 5510 421 5563 λοῦσι
449 5509 509 5564 δὲ
554 5510 765 5573 αὑταῖς,
799 5512 891 5562 καὶ
927 5507 1035 5560 τῶν
1075 5506 1324 5576 δακρύων
1373 5507 1467 5560 καὶ
1520 5509 1844 5577 στεναγμῶν

268 5605 377 5655 τῶν
408 5605 467 5657 tv
487 5603 564 5672 τῷ
588 5604 691 5674 ᾄδῃ
716 5602 1065 5670 λυτροῦνται,
1097 5601 1188 5652 καὶ
1216 5600 1575 5669 συντέμνουσι
1604 5600 1695 5653 τὸν
1722 5618 1847 5653 και-

276 5694 367 5761 ρὸν
397 5694 515 5747 καθ’
568 5695 629 5747 ὃν
662 5696 779 5748 ἐκεῖ
813 5694 1039 5762 ἔμελλον
1090 5692 1296 5759 διάγειν
1336 5692 1477 5745 κατὰ
1528 5692 1588 5744 τὸ
1646 5694 1844 5762 μέτρον

274 5786 383 5839 τῶν
414 5786 699 5857 ἁμαρτιῶν
726 5786 927 5851 αὐτῶν,
953 5786 1008 5837 αί
1040 5784 1180 5853 ὑπὲρ
1207 5784 1385 5839 αὐτῶν
1420 5785 1705 5853 γινόμεναι
1738 5786 1845 5837 λει-

515 5883 788 5941 Ρηιιοι..
828 5881 943 5942 Gn.
984 5877 1197 5943 CLIX.

1945 4601 2145 4655 librum
2188 4602 2619 4671 perlustraverit,
2652 4608 2719 4661 ab
2756 4609 2904 4661 omni
2937 4612 3298 4667 contentionis
3332 4613 3515 4668 studio

1943 4705 2001 4743 se
2023 4688 2421 4745 vindicaturum
2455 4692 2690 4747 confido.
2728 4691 2862 4749 Nam
2896 4695 3094 4751 animae
3142 4712 3262 4766 qua:
3292 4713 3357 4751 ex
3413 4699 3517 4754 hoc

1945 4780 2147 4834 mundo
2178 4782 2358 4837 minus
2414 4783 2466 4835 in
2503 4782 2875 4838 satisfactione
2917 4785 3171 4854 perfecta:
3201 4787 3510 4850 discedunt,

1947 4870 2121 4939 poenis
2152 4880 2208 4926 et
2263 4870 2373 4941 igni
2412 4871 2777 4939 destinantur,
2828 4888 2935 4927 nou
2988 4876 3367 4942 combustivo,
3418 4878 3514 4933 sed

1946 4962 2217 5032 purganti,
2276 4976 2377 5015 nec
2421 4962 2773 5031 sempiterno,
2806 4964 2900 5020 sed
2955 4968 3300 5034 temporario.
3353 4977 3412 5020 nt
3456 4970 3510 5020 in

1944 5068 2005 5106 ea
2041 5054 2367 5122 temporaria
2398 5069 2555 5123 pinna
2587 5054 2795 5125 etigne
2839 5058 2930 5110 illo
2974 5071 3003 5108 a
3049 5057 3165 5110 suis
3189 5056 3513 5112 criminibus

1945 5151 2265 5213 purgentur,
2295 5158 2525 5211 quorum
2565 5144 2619 5198 in
2660 5144 2762 5198 hoc
2809 5143 3007 5198 sacqu
3056 5146 3321 5215 integram
3349 5146 3515 5202 satis-

1947 5230 2236 5286 factionem
2284 5232 2593 5301 persolvere
2652 5249 2758 5286 non
2798 5242 3110 5301 potuerunt.
3148 5233 3383 5289 Prosunt
3415 5249 3511 5288 au-

1951 5333 2058 5377 tem
2091 5324 2243 5393 ipsis,
2275 5332 2332 5377 ut
2362 5340 2394 5377 a
2430 5324 2687 5395 lacrymis
2720 5335 2775 5377 et
2805 5324 3010 5394 gemitu
3046 5324 3241 5380 inferni
3273 5327 3511 5382 liberen-

1950 5424 2053 5479 tur,
2088 5426 2411 5485 tempusque
2442 5414 2760 5469 abbreviant
2790 5415 2930 5483 quod
2964 5415 3035 5469 ibi
3062 5432 3281 5471 manere
3310 5417 3516 5473 debue-

1950 5516 2072 5561 rant
2125 5507 2443 5583 secuudum‘
2480 5518 2789 5559 mensuram
2845 5518 3215 5575 peccatorum,
3247 5508 3515 5563 sacrificia

1950 5610 2003 5653 et
2030 5600 2133 5653 alia
2160 5599 2535 5667 bonaipiaque
2563 5612 2730 5666 opera
2757 5614 2879 5671 qua:
2910 5614 3006 5669 pro
3040 5601 3176 5670 ipsis
3205 5602 3522 5670 suscipiun-

1952 5702 2057 5755 tur,
2094 5690 2391 5745 secundum
2446 5688 2691 5743 divinum
2737 5702 2791 5745 et
2841 5708 3055 5747 sacrum
3093 5695 3397 5755 decretum.
3446 5700 3523 5748 Ac

1952 5784 2120 5837 veluti
2151 5782 2199 5839 si
2231 5783 2352 5850 quis
2385 5796 2479 5850 per
2509 5793 2723 5837 menses
2752 5799 2848 5840 sex
2868 5794 2970 5847 aut
3002 5801 3207 5840 annum
3241 5788 3304 5842 ad
3336 5800 3527 5843 carce-

3054 5877 3127 5938 40
