3978 6204
253 298 378 362 ιειι

915 298 1066 358 PRO
1102 297 1305 357 CUNC.
1345 295 1718 358 FLORENT.
1757 296 1916 359 CAP.
1962 299 2054 357 IlI
2121 299 2217 357 DE
2253 298 2774 359 PURGATORH).

3368 307 3501 371 1363

245 409 638 479 κολασθήσεται
665 424 677 436 ·
718 405 810 460 τοῦ
844 408 1004 480 ἔργου
1036 409 1110 472 ὡς
1139 410 1292 474 ἀξίου
1318 410 1631 480 ἀφανισμοῦ
1671 427 1819 462 καιο-

1934 423 2019 476 per
2053 409 2265 480 ignem;
2297 418 2355 464 ut
2385 427 2575 466 aurum
2605 412 2646 465 si
2681 412 2767 466 cui
2795 412 2957 468 fuerit
2999 413 3292 472 admistum
3326 431 3500 488 matc-

245 513 408 572 μενου
437 500 531 552 καὶ
555 501 958 570 ἀφανιζομένου
986 519 998 531 ⁸
1036 502 1197 564 αὐτὸς
1221 502 1276 554 δὲ
1311 502 1618 571 σωθήσεται
1641 515 1653 528 ⁵
1683 503 1825 554 οὓτω

243 594 322 659 δὲ,
356 593 432 657 ὡς
463 593 550 646 διὰ
595 593 785 664 πυρός.
834 594 894 646 Εἰ
928 593 1128 648 δὲ’καὶ
1167 593 1341 657 οὕτως
1384 595 1568 664 εἴπῃς,
1619 595 1718 646 οὐκ
1759 595 1823 647 ἂν

246 685 498 758 ἁμάρτῃς
515 701 530 716 ·
563 686 646 738 ὅτι
671 679 876 748 οὗτινος
899 685 960 738 τὸ
987 686 1148 755 ἔργον
1178 689 1348 757 μενεῖ,
1372 688 1651 746 τουτέστιν
1676 687 1822 754 ὅστις

246 778 498 833 ἐντεῦθεν
534 777 897 832 ἀπελεύσεται
928 780 1308 849 ἁμαρτήματα
1341 778 1481 847 ἔχων
1517 778 1820 848 θανάσιμα,

250 874 404 941 μενεί
437 871 497 925 τό
546 871 705 943 ἔργον
754 871 831 936 ὡς
862 871 1023 942 βαρὺ,
1080 872 1301 942 σιδήρου
1353 871 1600 942 δίκην,ἢ
1650 871 1822 936 λίθου,

243 966 383 1035 ὅπερ
433 965 494 1017 ού
530 966 910 1034 καταφάγεται
956 965 1192 1028 εὐκόλως
1223 966 1283 1020 τὸ
1328 964 1439 1037 πῦρ
1467 985 1480 996 ·
1529 966 1620 1020 καὶ
1671 966 1825 1030 οὗτος

245 1056 475 1126 λήψεται
510 1058 702 1127 μισθὸν
737 1057 831 1112 τοῦ
863 1058 1024 1127 ἔργον
1067 1057 1254 1120 αὑτοῦ,
1288 1064 1384 1130 τὴν
1414 1059 1634 1112 αἰώνιον
1665 1057 1827 1112 κόλα-

247 1167 353 1204 σιν.
386 1145 460 1207 Οὗ
487 1149 544 1203 δὲ
578 1149 636 1202 τὸ
669 1149 830 1220 ἔργον
870 1152 1302 1221 κατακαήσεται,
1331 1151 1634 1220 σωθήσεται
1659 1149 1823 1213 αὐτὸς

244 1242 320 1304 ὡς
357 1241 444 1294 διὰ
493 1241 682 1309 πυρός.
722 1241 933 1312 Ὠσπερ
964 1243 1060 1296 καὶ
1107 1242 1167 1294 τὸ
1197 1242 1437 1312 χρυσίον,
1473 1241 1822 1310 ὲπειδὰνμὲν

247 1335 498 1402 συμςιιγῇ
536 1333 635 1403 ὕλῃ
665 1332 772 1385 τινὶ
811 1333 1073 1404 ἀλλοτρίᾳ
1102 1333 1199 1401 τῆς
1229 1330 1395 1385 αὑτοῦ
1430 1331 1669 1400 φύσεως,
1705 1331 1825 1384 κίϐι-

245 1423 406 1493 δηλον
439 1423 669 1490 γίνεται,
705 1425 799 1476 καὶ
833 1424 932 1493 τῆς
972 1422 1197 1494 πρώτης
1243 1423 1625 1493 λαμπρότητος
1667 1423 1823 1475 ἐλατ-

245 1513 531 1581 τούμενον,
582 1513 942 1583 ἀχρειοῦταιο
997 1513 1430 1583 δοκιμαζόμενον
1481 1514 1537 1566 δὲ
1587 1514 1677 1568 διὰ
1728 1514 1823 1566 τοῦ

245 1605 440 1679 πυρός,
466 1607 499 1675 ἡ
534 1606 700 1660 κακία
746 1605 927 1675 ἐκείνη
974 1607 1229 1659 καίεται·
1261 1607 1356 1660 καὶ
1401 1606 1696 1677 ἀφανισμῷ
1726 1623 1823 1660 πα-

246 1697 520 1766 ραδίδοται
548 1714 561 1727 ο
604 1697 664 1751 τὸ
698 1698 753 1752 δὲ
783 1699 1012 1769 χρυσίον
1049 1699 1212 1752 πάλιν
1245 1700 1342 1770 τὴν
1385 1699 1660 1770 προτέραν
1689 1701 1823 1752 αποο

244 1789 514 1857 λαμϐάνει
563 1790 948 1861 λαμπρότητα.
989 1790 1147 1844 Οὕτω
1195 1793 1288 1845 καὶ
1322 1793 1354 1863 ἡ
1394 1791 1563 1862 ψυχὴ,
1603 1791 1692 1845 διὰ
1728 1792 1822 1844 τοῦ

246 1884 417 1951 πυρὸς
449 1885 548 1952 τῆς
597 1883 943 1953 καθάρσεως,
983 1884 1334 1942 ἀποϐαλοῦσα
1374 1885 1468 1938 τὸν
1504 1885 1700 1955 ῥύπον,
1735 1883 1824 1952 ὑφ’

244 1973 305 2028 οὗ
341 1977 402 2029 ἐκ
452 1976 552 2046 τῆς
609 1977 870 2046 ἀμελείας
923 1977 1018 2030 καὶ
1064 1977 1338 2047 ῥᾳθυμίας
1386 1974 1824 2050 κατερῤυποῦτο,

246 2070 410 2124 πάλιν
444 2070 524 2132 είς
560 2071 658 2144 τὴν
692 2069 966 2140 προτέραν
997 2070 1369 2140 λαμπρότητα
1399 2070 1492 2122 καὶ
1542 2069 1824 2137 εὐγένειαν

245 2162 630 2232 ἐπανέρχεται.
684 2162 792 2215 Καὶ
825 2163 1050 2224 τούτους
1095 2179 1197 2234 μου
1235 2162 1362 2223 τοὺς
1406 2161 1599 2230 λόγους
1641 2162 1826 2216 ἐπιϐε-

248 2253 478 2307 6αιὼσει
510 2254 537 2305 ό
568 2254 996 2324 ούρανοφόιντωρ
1028 2252 1123 2305 καὶ
1150 2251 1295 2322 ἱερός
1334 2252 1633 2318 Βασίλειος,
1679 2255 1735 2305 ἐν
1762 2255 1825 2323 τῇ

249 2344 508 2415 ἐξηγήσει
557 2343 652 2398 τοῦ
699 2343 972 2416 μακαρίου
1023 2345 1306 2415 προφήτου
1368 2344 1615 2408 Ἡσαΐου,
1652 2345 1709 2398 ὲν
1752 2345 1828 2416 τῷ

249 2436 400 2506 ῥητῷ
433 2438 508 2506 τῷ
540 2435 712 2500 οὕτως
750 2436 930 2510 ἔχοντι
953 2453 966 2465 °
1000 2454 1018 2488 ι
1055 2436 1180 2490 Ὅτι
1213 2436 1474 2490 ὲκπλυνεῐ
1503 2437 1703 2509 Κύριος
1737 2437 1828 2492 τὸν

248 2529 423 2598 ῥύπον
453 2529 561 2582 τῶν
598 2530 729 2582 υίὼν
775 2530 870 2583 καὶ
915 2529 1024 2583 τῶν
1063 2529 1386 2601 θυγατέρων
1417 2530 1558 2583 Σιών
1587 2546 1602 2562 ο
1637 2531 1732 2584 καὶ
1767 2532 1826 2582 τὸ

247 2615 388 2689 αἷμα
431 2621 791 2692 Ἰερουσαλὴμ
835 2614 1160 2692 ἐκκαθαριεί
1206 2623 1271 2674 ὲκ
1319 2622 1486 2692 μέσου
1533 2622 1736 2685 αὐτῶν,
1769 2623 1826 2675 ἐν

248 2717 523 2784 πνεύματι
549 2715 807 2784 κρίσεως,
833 2715 924 2768 καὶ
952 2715 1010 2766 ἐν
1034 2713 1309 2784 πνεύματι
1332 2713 1602 2776 καύσεως.
1634 2731 1652 2764 ι
1686 2713 1828 2784 Τρα-

246 2810 354 2871 νὼς
401 2809 469 2860 τὰ
513 2808 656 2861 αὐτὰ
715 2809 795 2878 τῷ
846 2808 1074 2878 Ἰωάννῃ
1120 2807 1148 2858 ὁ
1199 2806 1358 2875 λόγος
1405 2809 1825 2876 προσαγορεύει,

246 2903 379 2970 περὶ
427 2899 521 2953 τοῦ
559 2900 766 2970 Κυρίου
801 2899 1036 2965 λέγοντι,
1068 2901 1150 2952 ὃτι
1186 2917 1204 2950 ι
1243 2897 1412 2960 Αὐτὸς
1460 2899 1604 2968 ὑμᾶς
1636 2898 1828 2967 βαπτί-

249 3010 332 3045 σει
368 2994 426 3044 ἐν
476 2991 754 3061 Πνεύματι
798 2991 938 3060 ἁγίῳ
977 2992 1072 3043 καὶ
1113 2990 1266 3060 πυρί.
1304 3008 1324 3042 ι
1367 2991 1499 3057 Περὶ
1539 2989 1594 3041 δὲ
1641 2988 1826 3051 αὑτοῦ,

1795 1747 1902 1806 ;Β

1930 503 2025 556 ria:
2053 503 2119 557 ab
2144 503 2313 572 ipsius
2343 504 2533 559 aliena:
2564 515 2778 566 natura,
2810 505 3171 562 adulterinum
3204 511 3403 573 evadit.
3436 528 3499 564 ae.

1928 593 1995 647 de
2023 610 2123 648 suo
2175 595 2467 664 splendore
2509 595 2836 653 diminutum
2892 600 3079 653 inutile
3117 601 3361 656 redditur
3393 618 3408 656 :
3445 614 3498 656 at

1930 687 1980 742 si
2013 687 2297 757 probatum
2334 689 2457 759 igne
2497 689 2680 756 fuerit,
2717 690 2903 745 vitium
2940 691 3066 745 illud
3106 675 3412 749 absumitur
3444 705 3500 750 et

1927 778 2206 832 abolitioni
2247 779 2498 846 traditur,
2530 799 2721 836 aurum
2770 799 2902 838 vero
2933 785 3224 854 pristinum
3261 789 3493 842 nitorem

1929 871 2143 938 recipit.
2188 872 2279 927 Sic
2304 881 2358 927 et
2387 875 2567 930 anima
2614 891 2706 942 per
2738 877 2917 946 ignem
2969 878 3307 948 purgationis
3336 879 3499 936 elnt‘s

1927 961 2203 1030 sordibus,
2262 973 2482 1034 prepter
2535 981 2672 1036 quas
2721 981 2785 1020 ex
2843 966 3167 1039 negligentia
3215 975 3271 1022 et
3305 967 3498 1022 inertia

1927 1053 2298 1120 sordescebat,
2331 1072 2521 1112 rursus
2553 1059 2617 1113 ad
2656 1059 2889 1127 priorem
2922 1061 3265 1130 splendorem
3318 1071 3372 1116 et
3407 1077 3507 1114 no-

1929 1142 2193 1200 bilitatem
2225 1148 2534 1202 revertitur.
2570 1148 2724 1204 Hanc
2753 1165 2923 1205 meam
2949 1152 3272 1206 sententiam
3299 1151 3502 1206 conﬁr-

1928 1237 2101 1292 mabit
2133 1240 2350 1294 caelitus
2382 1241 2653 1297 demissus
2674 1251 2730 1296 et
2758 1257 2913 1297 sacer
2944 1242 3176 1298 Basilius
3200 1243 3253 1297 in
3283 1244 3500 1312 exposi-

1931 1330 2076 1384 tione
2111 1331 2252 1385 heati
2292 1331 2444 1386 Isaia:
2471 1333 2749 1402 prapheta:
2779 1349 2942 1402 super
2972 1350 3035 1390 ea
3063 1337 3224 1390 verba
3253 1353 3269 1390 :
3297 1355 3317 1388 ι
3348 1336 3502 1401 Quod

1928 1421 1973 1473 si
2011 1421 2245 1474 abluerit
2297 1420 2560 1478 Dominus
2588 1423 2779 1478 sordes
2809 1425 3039 1478 ﬁliarum
3086 1425 3241 1490 Sion,
3275 1434 3330 1481 et
3377 1441 3504 1479 san-

1929 1513 2148 1582 guinem
2183 1513 2379 1569 laverit
2407 1515 2708 1571 Jerusalem
2745 1517 2814 1570 de
2855 1520 3036 1574 medio
3067 1520 3187 1589 ejus
3219 1521 3271 1574 in
3308 1520 3502 1588 spiritu

1927 1606 2119 1674 judicii
2147 1617 2200 1661 et
2227 1609 2460 1665 ardoris.
2499 1629 2516 1660 ι
2560 1613 2683 1665 Ηαιο
2706 1613 2869 1666 verba
2907 1625 3094 1683 aperte
3145 1615 3284 1669 idem
3314 1616 3504 1670 dicunt

1931 1714 2054 1754 cum
2104 1699 2315 1755 Joanne
2373 1703 2591 1771 quando
2629 1706 2760 1759 dicit
2803 1705 2872 1760 de
2915 1707 3182 1761 Domino:
3226 1725 3244 1758 ι
3282 1705 3374 1761 Ille
3410 1724 3505 1761 vos

1930 1790 2225 1860 baptizabit
2263 1793 2319 1847 in
2353 1794 2559 1864 Spiritu
2597 1808 2789 1854 sancto
2827 1809 2879 1852 et
2912 1799 3068 1868 igne;
3111 1819 3128 1851 ι
3167 1800 3234 1856 de
3263 1816 3322 1855 se
3351 1817 3501 1864 vero,

1936 1903 1955 1935 ‹
1991 1885 2112 1953 Ego“
2135 1901 2231 1941 vos
2266 1885 2481 1956 baptizo
2509 1891 2563 1942 in
2593 1904 2730 1958 aqua
2772 1891 2839 1943 ad
2871 1890 3272 1958 pmnitentiam.
3312 1910 3332 1946 ι
3364 1892 3498 1947 Cum

1930 1975 2093 2045 igitur
2126 1986 2414 2048 utrumque
2437 1977 2700 2033 Dominus
2725 1980 3094 2050 coniunxerit,
3119 1982 3327 2038 scilicet
3357 1985 3502 2053 quod

1929 2082 1995 2121 ex
2026 2082 2167 2137 aqua
2197 2077 2281 2123 est
2314 2069 2380 2123 ad
2424 2069 2797 2138 paenitentiam
2828 2081 2883 2125 et
2927 2087 2991 2125 ex
3027 2071 3219 2142 spiritu
3250 2073 3313 2128 ad
3355 2089 3508 2146 rege-

1931 2156 2295 2224 nerationem,
2328 2173 2391 2213 ac
2447 2160 2611 2216 verba
2657 2157 2951 2230 utrumque
2983 2162 3250 2231 baptisma
3302 2165 3505 2234 signiﬁ-

1929 2259 2078 2313 cent,
2130 2265 2471 2319 nequaquam
2518 2261 2647 2306 sunt
2694 2262 2802 2308 tres
2851 2253 3277 2323 signiﬁcationes
3327 2256 3505 2326 bapti-

1932 2341 2152 2406 smatis,
2189 2342 2436 2397 sordium
2475 2345 2744 2414 purgatio,
2780 2345 3010 2414 spiritus
3063 2346 3420 2414 regeneratio,
3450 2358 3504 2402 et

1931 2447 1991 2484 ea
2029 2448 2150 2503 qum
2185 2433 2242 2487 ﬁt
2271 2435 2394 2503 igne
2422 2434 2818 2505 segregationis
2847 2435 3115 2504 probatio.
3143 2436 3503 2508 Quapropter,

1932 2523 2133 2588 lavare,
2169 2539 2276 2594 pro
2290 2527 2493 2594 peccati
2527 2527 2892 2597 depositione,
2923 2544 3045 2598 qua:
3081 2530 3135 2584 in
3171 2530 3275 2584 hoc
3301 2531 3507 2585 mundo

1936 2615 2012 2679 ﬁt,
2059 2616 2329 2682 sumitur;
2384 2617 2515 2671 illud
2570 2634 2715 2686 vero,
2765 2621 2958 2689 spiritu
2989 2621 3180 2690 judirii
3211 2632 3266 2676 et
3311 2623 3504 2691 spiritu

1930 2703 2163 2770 ardoris,
2200 2721 2299 2774 pro
2330 2721 2540 2778 eaqua:
2563 2709 2616 2762 in
2646 2708 2832 2764 futuro
2862 2712 3061 2766 szeculn
3097 2711 3155 2766 ﬁt
3186 2713 3506 2781 probatione

1933 2811 2030 2862 per
2071 2797 2250 2867 ignem
2303 2800 2588 2874 accipitur.
2644 2800 2823 2873 Egent
2860 2813 3039 2859 autem
3087 2807 3379 2861 commissa
3413 2823 3509 2877 per

1934 2881 2294 2948 ignorantiam
2329 2897 2571 2954 peccata,
2606 2891 2757 2958 quasi
2788 2894 2977 2946 scrdcs
3009 2895 3279 2976 qumdam,
3312 2898 3509 2952 anima:

1932 2974 2162 3029 nilomim
2199 2976 2616 3046 labefactantes,
2671 2993 2724 3037 et
2769 2986 3072 3042 naturalem
3109 2974 3230 3057 ejus
3269 2990 3509 3058 pulchri-

247 3085 330 3137 ὅτι
361 3101 379 3135 ι
434 3081 578 3150 Ἐγὼ
629 3082 728 3152 μὲν
764 3082 912 3152 ὑμᾶς
966 3080 1215 3152 βαπτίζω
1254 3081 1312 3132 ὲν
1360 3079 1512 3134 ὕδατι
1552 3082 1632 3143 εἰς
1668 3081 1829 3150 μετα-

1939 3068 2184 3122 tudinem
2217 3069 2598 3141 deturpantes,
2631 3074 2858 3131 lotionis
2891 3078 3252 3148 purgatione;
3287 3074 3508 3150 peccata

250 3191 450 3226 νοιαν.»
521 3173 674 3226 Ἐπεὶ
706 3171 798 3225 οὖν
821 3173 1107 3242 ἀμφότερα
1136 3169 1650 3242 συνῆψενὸΚύριος,
1685 3173 1744 3225 τό
1774 3189 1832 3224 τε

249 3269 309 3334 ἐξ
340 3267 535 3334 ὓδατος
585 3269 666 3332 εἰς
719 3268 1032 3338 μετάνοιαν,
1067 3271 1164 3321 καὶ
1194 3267 1254 3318 τὸ
1294 3269 1357 3320 ὲκ
1402 3267 1720 3334 Πνεύματος
1752 3268 1833 3329 είς

248 3363 638 3428 ἀναγέννησιν,
703 3361 797 3413 καὶ
839 3361 866 3411 ὁ
903 3357 1063 3425 λόγος
1106 3357 1414 3410 αἰνίσσεται
1452 3356 1740 3425 ἀμφότερα
1766 3357 1833 3408 τὰ

251 3451 633 3520 βαπτίσματα,
679 3449 754 3519 μή
793 3465 923 3501 ποτε
956 3449 1107 3517 τρεῖς
1151 3449 1290 3499 εἰσιν
1332 3445 1570 3499 ἐπίνοιαι
1616 3445 1710 3500 τοῦ
1739 3445 1834 3516 βα-

251 3542 560 3608 πτίσματος
588 3556 602 3570 ·
643 3541 670 3592 ὅ
697 3557 754 3592 τε
788 3539 880 3591 τοῦ
919 3539 1095 3608 ρύπὸυ
1133 3537 1501 3608 καθαρισμδς,
1543 3539 1638 3592 καὶ
1670 3540 1704 3606 ἡ
1745 3539 1833 3590 διὰ

250 3635 346 3688 τοῦ
393 3634 708 3704 [ἶνεύματος
740 3633 1124 3700 ἁναγέννησις,
1159 3634 1254 3684 καὶ
1290 3632 1322 3698 ἡ
1358 3633 1415 3682 ἐν
1447 3631 1526 3699 τῷ
1569 3630 1701 3699 πυρὶ
1734 3630 1834 3700 τῆς

253 3728 581 3796 διακρίσεως
613 3725 867 3796 βάσανος.
899 3727 1066 3780 Ὥστε
1096 3724 1158 3778 τδ
1187 3725 1286 3794 μὲν
1332 3723 1638 3782 ἐκπλύνειν.
1699 3723 1833 3793 πρὸς

256 3821 354 3886 τὴν
385 3813 487 3869 ὦδε
520 3816 778 3871 ἀπόθεσιν
810 3816 908 3886 τῆς
947 3817 1228 3884 ἁμαρτίας
1259 3815 1632 3884 λαμὸἀνεται·
1664 3817 1725 3867 τὸ
1753 3815 1832 3878 δὲ,

260 3908 538 3978 Πνεύματι
561 3909 818 3978 κρίσεως,
853 3908 945 3960 καὶ
973 3909 1242 3976 πνεύματι
1268 3907 1536 3968 καύσεως,
1572 3907 1705 3976 πρὸς
1735 3907 1833 3976 τὴν

258 4005 317 4054 ὲν
351 4003 427 4069 τῷ
488 4001 736 4071 μέλλοντι
774 3999 955 4063 αἰῶνι,
1001 3999 1089 4052 διὰ
1123 3999 1217 4051 τοῦ
1256 3998 1427 4063 πυρὸς
1484 3998 1830 4068 δοκιμασίαν.

261 4095 478 4148 Δέονται
508 4093 562 4146 δὲ
601 4093 656 4144 αἱ
709 4090 808 4160 μὲν
851 4094 994 4145 κατὰ
1040 4090 1264 4157 ἄγνοιαν
1312 4089 1609 4160 ἁμαρτίαι,
1667 4091 1834 4144 οἱονεὶ

264 4183 434 4253 ῥύπος
464 4200 547 4246 τις
589 4178 769 4246 οὖσαι,
809 4181 908 4250 τὴν
940 4182 1264 4248 ἐπιφάνειαν
1291 4182 1388 4249 τῆς
1429 4179 1608 4250 ψυχῆς
1637 4180 1832 4249 ἀφανί-

261 4277 475 4338 ζουσαι,
519 4274 612 4325 καὶ
646 4275 722 4340 τῷ
750 4273 965 4341 φυσικῷ
991 4273 1175 4325 κάλλει
1207 4272 1378 4341 αὐτῆς
1412 4271 1830 4341 λυμαινόμεναι,

256 4365 349 4418 τοῦ
377 4367 441 4417 ἐκ
468 4365 566 4434 τῆς
596 4364 844 4426 πλύσεως
875 4362 1223 4433 καθαρισμοῦ
1253 4379 1266 4391 ⁸
1299 4366 1351 4416 ai
1396 4362 1454 4416 δὲ
1490 4363 1625 4434 πρὸς
1668 4363 1828 4417 θάνα-

256 4479 347 4514 τον
393 4461 660 4530 ἁμαρτίαι
693 4455 803 4512 τῶν
843 4461 1108 4521 ἑκουσίως
1157 4459 1639 4528 ἐξαμαρτανόντων
1693 4459 1833 4528 μετὰ
1865 4431 1908 4484 υ

255 4553 318 4605 τὸ
368 4553 554 4618 λαϐεῖν
600 4552 698 4622 τὴν
745 4551 1062 4619 ἐπίγνωσιν,
1119 4545 1257 4617 αἷμα
1312 4549 1834 4619 προσαγορεύονται,

254 4645 508 4714 δεόμεναι
542 4645 643 4712 τῆς
699 4646 754 4696 ὲν
789 4643 866 4713 τῷ
916 4641 1163 4710 καύματι
1194 4641 1451 4712 κρίσεως.
1522 4643 1677 4693 Ἐπεὶ
1715 4642 1770 4693 δὲ
1811 4643 1838 4693 ὁ

257 4736 765 4806 ἐξομολογούμενος,
815 4736 912 4787 καὶ
953 4734 1226 4802 πλυθῆναι
1275 4733 1437 4798 ἀξιοῖ,
1488 4734 1578 4786 καὶ
1611 4733 1838 4802 καθαριο

260 4828 475 4897 σθῆναι,
532 4830 627 4879 καὶ
658 4829 759 4892 τὴν
799 4827 898 4896 μὲν
958 4827 1210 4894 ἀνομίαν,
1260 4824 1507 4888 πλύσεως
1557 4841 1689 4893 φησι
1727 4824 1836 4877 δεῖ·

258 4919 418 4971 σθαι·
449 4919 550 4987 τὴν
591 4919 648 4970 δὲ
689 4917 968 4986 ἁμαρτίαν
1001 4916 1378 4987 καθαρισμοῦ,
1418 4915 1614 4982 λέγων·
1677 4915 1842 4968 «Ἐπὶ

258 5012 443 5064 πλεῖον
473 5010 669 5064 πλῦνόν
707 5027 773 5079 με
803 5012 913 5063 ἀπὸ
945 5010 1042 5078 τῆς
1073 5009 1306 5076 ἀνομίας
1336 5025 1461 5079 μου,
1486 5010 1579 5061 καὶ
1606 5007 1716 5061 ἀπὸ
1741 5010 1840 5074 τῆς

259 5103 534 5174 ἁμαρτίας
566 5119 668 5172 μου
695 5101 996 5171 καθάρισόν
1030 5116 1150 5172 με’»
1186 5101 1235 5153 oi
1271 5101 1374 5167 μὲν
1408 5101 1584 5168 πάντη
1618 5099 1842 5169 ἀνήκοοι

256 5197 366 5248 τῶν
401 5195 560 5248 θείων
588 5193 950 5263 μαθημάτων,
985 5196 1116 5261 πρὶν
1139 5191 1333 5261 μαθεῖν
1362 5191 1454 5244 τὸν
1480 5191 1638 5259 λόγον
1665 5192 1844 5260 ἡμαρο

258 5291 512 5357 τηκὸτες,
559 5290 724 5340 οἱονεὶ
775 5289 1180 5358 ῥερυπωμὲνοι,
1212 5285 1305 5339 τοῦ
1342 5287 1450 5339 ἀπὸ
1500 5285 1592 5337 τοῦ
1643 5284 1837 5346 ὓδατος

260 5383 468 5434 δέονται
501 5381 847 5451 καθαρισμοῦ
867 5398 881 5412 υ
911 5382 960 5433 οἱ
989 5381 1043 5432 δὲ
1074 5380 1212 5448 μετά
1243 5379 1302 5430 τὸ
1343 5378 1528 5431 λαϐεῖν
1558 5377 1656 5446 τὴν
1689 5376 1835 5446 ζωὴν

264 5471 702 5536 ἐπιδουλεύοντες
731 5474 967 5536 ἑαυτοῖς,
999 5472 1190 5540 αἵματι
1230 5471 1384 5529 ὄντες
1418 5469 1616 5538 ἔνοχοι,
1647 5467 1740 5520 τοῦ
1771 5467 1834 5520 ὲκ

265 5563 355 5614 τοῦ
387 5565 552 5632 πυρὸς
585 5566 794 5617 δέονται
826 5565 1193 5634 καθαρισμοῦ.
1229 5565 1384 5617 Ἔστι
1421 5564 1476 5616 δὲ
1506 5564 1601 5616 καὶ
1633 5561 1839 5614 ἁπλού-

346 5745 410 5775 ³⁸⁶
438 5747 615 5800 ‘l‘sal.
653 5763 706 5811 ι,
752 5746 805 5800 4.

1936 3177 2064 3216 vero
2097 3163 2161 3218 ad
2194 3176 2455 3235 mortem,
2495 3184 2687 3223 eorum
2724 3172 2816 3239 qui
2853 3182 3052 3240 sponte
3080 3175 3425 3245 delinquunt,
3459 3189 3513 3233 et

1934 3251 1986 3304 id
2019 3265 2378 3320 cognoscunt,
2413 3260 2638 3326 sanguis
2667 3261 3032 3328 appellantur,
3071 3276 3340 3333 egentque
3365 3269 3513 3334 judi-

1933 3344 2020 3397 cio
2059 3335 2294 3401 ardoris.
2340 3347 2444 3402 Sed
2475 3350 2609 3418 quia
2642 3352 2735 3420 qui
2766 3354 3076 3420 conﬁtetur,
3116 3357 3285 3412 lavari
3319 3362 3431 3414 vnit
3457 3374 3512 3416 et

1934 3438 2178 3506 purgari,
2224 3447 2278 3494 et
2325 3439 2670 3510 iniquitatem
2723 3445 2924 3500 lotioue
2981 3447 3112 3501 dicit
3159 3449 3424 3520 indigere,
3457 3465 3511 3506 et

1936 3538 2221 3596 peccatum
2257 3534 2598 3604 purgatione,
2634 3536 2820 3593 dicens
2857 3556 2870 3594 :
2912 3557 2928 3590 ι
2972 3541 3220 3610 Amplius
3257 3544 3373 3600 lava
3423 3561 3511 3601 me

1936 3616 2002 3669 ab
2024 3616 2311 3688 iniquitate
2329 3638 2470 3689 mea,
2495 3634 2545 3678 et
2570 3641 2601 3680 a
2622 3638 2846 3696 peccato
2865 3645 2987 3686 meo
3012 3633 3209 3688 munda
3230 3637 3405 3690 tne"°.
3421 3637 3437 3669 ⁸
3457 3653 3507 3703 ςο

1936 3711 2026 3777 qui
2056 3711 2361 3768 divinarum
2395 3716 2769 3774 doctrinarum
2805 3725 3024 3790 penitus
3071 3735 3201 3780 sunt
3235 3743 3510 3798 expertes.

1935 3810 1991 3854 et
2039 3813 2166 3858 ante
2221 3806 2371 3860 verbi
2429 3811 2796 3879 cognitionem
2844 3813 3215 3885 deliquerunt,
3251 3827 3510 3892 tanquam

1936 3895 2192 3950 sordibus
2225 3901 2630 3965 commaculati,
2663 3911 2823 3972 egent
2847 3919 2907 3958 ea
2945 3921 3065 3975 quae
3101 3925 3196 3976 per
3224 3926 3419 3980 aquam
3458 3914 3515 3968 ﬁt

1937 3988 2297 4054 purgatione;
2349 3991 2440 4058 qui
2497 4007 2626 4046 vero
2683 4005 2807 4062 post
2857 4009 3138 4068 acceptam
3187 4003 3374 4066 vitam,
3411 4006 3514 4062 sibi

1936 4078 2070 4148 ipsis
2104 4079 2332 4134 insidias
2382 4090 2625 4148 struunt,
2667 4087 2952 4155 sanguinis
2994 4091 3096 4154 rei,
3133 4109 3196 4148 ea
3245 4111 3368 4165 qua:
3418 4113 3516 4169 per

1937 4174 2114 4240 ignem
2174 4173 2233 4225 ﬁt
2273 4177 2594 4244 purgatione
2651 4177 2914 4247 indigent.
2980 4181 3284 4242 Possumus
3343 4191 3510 4245 etiam

1935 4265 2235 4335 simplicius
2266 4267 2644 4337 interpretari,
2692 4273 2835 4338 quod
2865 4289 2928 4328 ca
2959 4285 3178 4342 peccata
3210 4294 3331 4348 qua:
3372 4282 3513 4338 velut

1939 4356 1998 4409 in
2040 4359 2326 4428 superﬁcie
2373 4367 2520 4426 sunt,
2563 4370 2618 4414 et
2665 4363 2812 4417 intus
2865 4347 2973 4417 non
3029 4347 3391 4432 latent,sord
3419 4374 3517 4429 bus

1941 4450 2344 4518 quodammodo
2399 4462 2525 4506 sunt
2580 4453 2776 4507 similia
2816 4472 2832 4510 :
2869 4457 3135 4526 profunda
3167 4469 3223 4516 et
3255 4462 3514 4520 interiora

1941 4556 2005 4594 ex
2035 4557 2200 4610 pravo
2230 4542 2419 4596 habitu
2450 4543 2879 4613 delinquentium
2913 4552 3222 4616 Commissa,
3262 4557 3513 4624 sanguini

1943 4644 2350 4701 comparantur.
2408 4635 2614 4690 Idcirco
2669 4652 2734 4692 ex
2795 4640 2974 4695 medio
3018 4654 3384 4708 peccatorum,
3421 4665 3516 4717 per

1942 4727 2168 4794 spiritus
2225 4729 2495 4786 ustionem
2565 4733 2785 4801 purgari
2849 4733 3050 4788 dicitur
3105 4739 3324 4810 sanguis
3387 4741 3517 4796 Pro-

1943 4819 2168 4886 pheta}:
2215 4839 2231 4870 ι
2295 4819 2357 4874 Ει
2396 4821 2742 4877 comburitur
2793 4825 2936 4879 sicut
2981 4826 3122 4896 ignis
3163 4829 3444 4899 iniquitas.
3495 4855 3510 4883 ι

1945 4910 2112 4966 Basil.
2157 4931 2174 4963 ι
2214 4913 2387 4966 Habet
2413 4914 2774 4969 commutatio
2800 4918 3087 4985 quamdam
3124 4919 3370 4975 beneﬁcii
3395 4938 3519 4991 spe-

1941 5001 2103 5063 ciem,
2141 5001 2270 5071 quia
2306 5001 2662 5058 comburetur
2691 5004 2830 5062 sicut
2877 5005 3018 5073 ignis
3051 5007 3331 5075 iniquitas.
3381 5008 3512 5060 Nam

1942 5104 2184 5164 paratam
2215 5111 2279 5149 ex
2311 5105 2463 5164 parte
2502 5094 2808 5165 iniquitatis
2837 5098 3118 5151 materiam
3153 5099 3380 5163 aboleri,
3417 5114 3515 5168 pro

1943 5183 2224 5238 hominum
2261 5185 2550 5250 beneﬁcio,
2577 5200 2606 5238 a
2636 5186 2877 5240 bonitate
2909 5187 3125 5240 Domini
3161 5189 3514 5244 constitutum

1945 5285 2047 5329 cst.
2088 5292 2106 5324 ο
2152 5275 2431 5344 Propheta:
2473 5292 2485 5332 :
2522 5292 2540 5324 ι
2587 5273 2649 5328 Bt
2674 5276 2817 5329 sicut
2849 5289 3070 5344 gramen
3103 5276 3313 5329 aridum
3349 5278 3517 5332 devc-

1949 5369 2156 5424 rabitur
2208 5368 2278 5422 ab
2332 5368 2476 5438 igne,
2530 5378 2584 5420 et
2635 5368 2990 5421 comburetur
3049 5369 3102 5421 in
3157 5367 3520 5424 densitatibus

1947 5464 2132 5533 sylvce.
2170 5479 2188 5511 ι
2230 5460 2390 5514 Basil.
2429 5477 2446 5510 ι
2482 5456 2771 5522 Quomodo
2792 5457 3128 5526 demergitur
3179 5459 3232 5512 in
3287 5461 3518 5514 terrenis

1948 5554 2230 5611 affectibus
2288 5551 2510 5605 anima?
2561 5551 2733 5603 Sicuti
2789 5563 3015 5616 gramen
3055 5548 3285 5604 aﬂcctus
3321 5551 3516 5605 aainue
