3978 6204
485 329 623 394 1363

1669 314 1982 377 JOSEPHI
2018 312 2564 374 METIIONENSIS

3591 311 3739 374 1Βὶ

482 440 702 508 εονριιιιῐ
754 455 820 493 ex
860 435 1041 491 carnis
1073 434 1315 505 appetitu
1370 431 1720 502 pullulantcs,
1770 439 1961 483 mutuo
1992 441 2049 482 se

2166 404 2345 502 στερον
2380 430 2655 496 ἐκλαϐεῖν,
2697 430 2778 481 ὅτι
2829 427 2894 482 τὰ
2935 426 3032 497 μὲν
3077 426 3371 481 ὲπιπόλαια
3402 427 3510 481 τῶν
3545 430 3736 499 ἀμαρ-

480 540 806 598 generantes
836 536 890 581 et
924 526 1058 581 alios
1089 525 1157 581 de
1187 525 1309 579 aliis
1352 524 1738 593 producentes.
1770 519 1902 573 Nam
1967 535 2055 572 vc-

477 622 577 677 luti
599 633 819 692 gramen
848 633 1011 686 supra
1046 616 1265 671 modum
1299 617 1439 669 inter
1470 613 1665 668 herbas
1691 611 2055 680 geniculatutn

482 724 588 777 est,
624 727 725 767 nec
766 726 1001 781 unquam
1038 708 1157 776 ejus
1211 708 1487 780 generatio
1518 707 1733 771 desinit,
1781 705 1876 760 sed
1917 720 2059 759 sem-

482 819 582 873 per
614 802 800 873 primae
842 799 1209 872 generationis
1257 799 1381 853 linis
1426 798 1485 852 ﬁt
1534 797 1812 866 sequentis
1846 794 2055 865 princi-

483 895 656 965 pium,
690 893 813 948 talis
847 905 931 947 est
960 900 1013 947 ct
1040 900 1387 961 peccatorum
1420 900 1638 943 natura.
1666 889 1789 958 Ipsa
1826 887 2054 957 seipsam

481 983 732 1052 suscipit,
768 982 938 1052 gignit
968 981 1136 1037 libido
1191 979 1493 1042 libidinem,
1538 976 1876 1034 consuetudo
1905 990 2055 1029 incn-

483 1075 654 1129 tiendi
686 1074 738 1127 lit
773 1073 1038 1128 mendacii
1074 1079 1248 1126 mater
1278 1115 1293 1137 ,
1322 1080 1376 1125 et
1399 1070 1490 1140 qui
1523 1070 1577 1124 in
1606 1070 1766 1124 furtis
1796 1069 2060 1123 meditan-

485 1167 571 1220 dis
595 1174 842 1221 versatur
871 1164 1031 1219 facile
1059 1164 1312 1228 iniuriam
1339 1162 1502 1216 audet
1530 1162 1730 1216 inferre
1756 1178 1769 1228 ;
1797 1161 2055 1230 peccandi

484 1261 628 1313 ιἰιὶιη
662 1260 876 1313 occasio
906 1258 964 1311 ﬁt
997 1255 1313 1326 praecedens
1337 1263 1638 1323 peccatum.
1675 1254 1731 1307 Si
1764 1253 1928 1321 igitur
1964 1267 2060 1322 per

482 1349 881 1404 confessionem
905 1357 1185 1418 peccatum
1215 1344 1614 1414 aperuerimus,
1636 1343 1841 1398 siccum
1866 1342 1916 1396 id
1936 1358 2063 1411 gra-

483 1459 608 1497 men
662 1442 1019 1502 reddidimus,
1070 1449 1126 1492 ut
1170 1455 1198 1492 a
1246 1438 1563 1508 purgatorio
1630 1437 1755 1505 igne
1804 1433 2056 1489 devorari

482 1540 775 1586 mereatur.
802 1529 854 1583 Id
880 1536 1060 1582 autem
1088 1527 1141 1580 in
1161 1528 1426 1582 densitate
1449 1527 1607 1598 sylvas
1652 1523 2007 1579 comburitur.
2037 1540 2056 1575 ι

483 1626 551 1681 Ει
578 1626 737 1695 paulo
764 1631 885 1693 post
918 1637 933 1681 ;
972 1638 989 1671 ι
1023 1620 1080 1675 Si
1108 1636 1216 1675 non
1242 1620 1473 1675 evaserit
1500 1621 1549 1671 vi
1582 1633 1800 1688 gramen
1826 1616 2060 1684 aridum,

484 1728 731 1773 nostrum
787 1722 1071 1784 peccatum
1126 1713 1191 1767 ab
1242 1712 1365 1782 igne
1416 1727 1524 1765 non
1575 1709 1928 1764 devorabitur
1961 1726 2062 1767 nec

486 1809 852 1863 comburetur.
897 1824 916 1857 ι
962 1803 1027 1857 Ει
1063 1805 1259 1859 iterum
1300 1822 1313 1860 :
1365 1822 1382 1856 ι
1440 1803 1667 1869 Propter
1697 1802 1935 1854 furorem
1969 1800 2061 1854 ira:

488 1900 725 1967 Domini,
758 1900 1046 1952 combusta
1083 1906 1168 1951 est
1196 1896 1375 1950 omnis
1408 1904 1573 1949 terra.
1618 1912 1635 1945 ι
1662 1891 1914 1947 Ostendit
1957 1903 2064 1946 tcr-

486 2009 617 2048 rena
643 2006 738 2060 pro
766 1988 956 2043 animae
988 1986 1254 2041 beneficio
1292 1986 1400 2055 igni
1446 1985 1583 2038 tradi
1622 1983 1949 2055 punitionis,
1994 1984 2066 2037 si-

488 2094 580 2141 cut
619 2085 880 2139 Dominus
925 2080 1294 2146 subostendit,
1330 2078 1520 2132 dicens
1573 2094 1585 2131 :
1645 2096 1663 2130 ι
1703 2075 1888 2148 Ignem
1940 2076 2063 2131 veni

470 2177 704 2249 mittere
756 2175 809 2227 in
868 2183 1066 2228 terram
1107 2180 1161 2225 et
1194 2169 1320 2238 quid
1356 2168 1477 2222 volo
1530 2167 1637 2223 nisi
1680 2179 1740 2222 ut
1794 2167 2064 2233 accenda-

490 2279 579 2322 tur
605 2268 670 2321 ⁸³.
711 2284 729 2317 ι
766 2265 1051 2335 Propheta:
1080 2279 1096 2316 :
1126 2280 1143 2312 ι
1176 2260 1242 2315 Et
1268 2261 1373 2316 erit
1405 2261 1638 2330 pupulus
1669 2262 1811 2315 sicut
1848 2261 1915 2314 ab
1942 2260 2065 2330 igne

488 2360 829 2416 combustus.
881 2377 899 2410 ι
936 2356 1099 2411 Basil.
1142 2373 1160 2406 ι
1197 2355 1311 2408 Νοη
1343 2353 1627 2408 interitum
1675 2353 1935 2418 minatur,
1970 2353 2063 2408 sed

490 2454 870 2525 purgationem
907 2447 1256 2504 subostendit
1312 2446 1612 2501 secundum
1673 2445 1918 2515 Apostoli
1981 2444 2065 2498 di-

489 2558 636 2601 ctum
671 2544 815 2619 quod
866 2542 912 2596 si
946 2541 1105 2610 cujus
1136 2555 1274 2609 opus
1303 2537 1655 2593 comburetur
1682 2536 1942 2591 damnum
1977 2552 2065 2606 pa-

490 2640 674 2703 tietur,
703 2637 819 2706 ipse
852 2648 982 2689 vero
1007 2631 1326 2695 salvabitur,
1356 2630 1435 2683 sic
1471 2637 1652 2682 tamen
1685 2636 1938 2697 tanquam
1970 2643 2067 2699 per

491 2733 688 2800 ignem.
730 2748 748 2781 ι
796 2727 968 2781 Audis
1019 2739 1275 2795 magnum
1331 2731 1540 2792 patrem
1588 2721 1758 2785 hunc,
1789 2721 2064 2791 quomodo

488 2825 692 2877 eluitur
748 2832 801 2874 et
845 2818 1136 2889 deponitur
1192 2817 1280 2870 hic
1328 2814 1557 2879 malitia,
1613 2814 1668 2868 in
1718 2813 1902 2868 futuro
1939 2828 2066 2867 vero

492 2914 756 2985 probatur
786 2919 838 2965 et
873 2919 1136 2979 purgatur
1166 2908 1236 2963 ab
1264 2906 1427 2978 igne?
1471 2915 1524 2960 et
1551 2905 1711 2985 quod
1732 2920 1829 2974 pro
1858 2905 2055 2959 anima:

494 3003 781 3065 beneficio,
827 3017 854 3054 a
909 3001 1151 3055 bonitate
1187 2997 1425 3061 Domini,
1466 2980 1762 3063 punitionis
1803 2997 1941 3066 ignis
1976 2997 2065 3051 ille

2156 524 2440 590 τημάτιιιν,
2485 522 2641 592 pirro;
2686 521 2793 573 τινὶ
2825 519 3002 572 ἔοικε·
3057 520 3123 572 τὰ
3169 519 3225 572 δὲ
3271 520 3360 574 διὰ
3394 520 3619 590 βάθους,
3676 526 3738 575 ἑκ

2158 615 2457 677 διαθέσεως
2488 614 2584 683 τῆς
2635 614 2771 684 πρὸς
2799 615 2860 668 τδ
2903 613 3075 668 κακὸν
3116 616 3225 666 τῶν
3265 613 3739 682 πλημμελούντων

2158 706 2616 777 ἁμαρτανόμενα,
2659 706 2854 776 αἵματι
2886 705 3303 777 παρεικάζεται.
3334 706 3424 759 Διὸ
3469 708 3532 758 ὲκ
3563 705 3740 774 μέσου

2158 800 2272 853 τῶν
2302 799 2725 871 ἡμαρτηκότων,
2754 798 2841 851 διὰ
2865 799 2964 868 τῆς
2988 798 3083 852 τοῦ
3116 796 3431 866 πνεύματος
3458 796 3742 857 καύσεως,

2160 889 2698 960 ὲκκαθαρίζεσθαιτὸ
2734 884 2873 957 αἷμα
2905 890 3145 956 λέγεται.
3174 889 3543 959 Προφητικόν.
3590 890 3741 940 ιΚαὶ

2157 981 2497 1050 καυθήσεται
2528 981 2601 1045 ὡς
2637 981 2799 1050 πῦρή
2841 982 3096 1049 ἀνομία.»
3136 982 3433 1044 Βασίλειος.
3466 980 3663 1049 «Ἔχει
3694 982 3745 1032 δέ

2163 1089 2286 1126 τινα
2316 1073 2347 1140 ἡ
2381 1071 2581 1141 ἀπειλὴ
2615 1071 2932 1140 εὐεργεσίας
2983 1071 3243 1141 ἔμφασιν,
3289 1072 3371 1136 ὅτι
3405 1071 3749 1139 καυθήσεται

2163 1166 2196 1234 ἡ
2226 1164 2431 1230 ἀνομία
2460 1164 2533 1227 ὡς
2562 1162 2727 1232 πῦρ.»
2766 1163 2877 1233 Τὴν
2898 1164 3005 1233 γὰρ
3026 1163 3581 1233 παρασκευασθεῖσαν
3616 1162 3747 1232 ὕλην

2164 1257 2227 1310 ὲκ
2261 1256 2361 1324 τῆς
2396 1256 2650 1326 ἀνομίας,
2700 1257 2993 1325 ἀφανισμῷ
3030 1256 3402 1325 παραδοθῆναι
3449 1256 3535 1307 ἐπ’
3595 1257 3751 1323 εὐερ·

2166 1349 2327 1418 γεσίᾳ
2358 1347 2467 1402 τῶν
2522 1346 2828 1419 ἀνθρώπων
2877 1348 3029 1418 παρά
3079 1348 3174 1400 τοῦ
3228 1348 3432 1415 ἀγαθοῦ
3479 1348 3749 1400 δεσπότου

2166 1439 2533 1510 ᾠκονόμηται.
2572 1441 2935 1510 Προρητικόν.
2981 1455 2999 1490 ι
3033 1440 3140 1493 Καὶ
3165 1440 3238 1500 ὡς
3270 1439 3540 1509 ἀγρωστις
3581 1436 3749 1505 ξηρά,

2168 1531 2515 1602 βρωθήσεται
2555 1531 2658 1584 ὐπὸ
2696 1533 2889 1601 πυρὸς.
2922 1533 3015 1584 καὶ
3060 1531 3394 1597 καυθήσεται
3426 1531 3482 1581 ἐν
3510 1532 3631 1582 tot:
3664 1531 3752 1582 δάν

2168 1636 2284 1675 σεσι
2330 1622 2424 1674 τοῦ
2451 1621 2711 1691 δρυμοῦ.)
2748 1620 3049 1682 Βασίλειος.
3083 1639 3102 1673 ι
3123 1621 3242 1681 Πῶς
3263 1620 3610 1688 ὲγκέχωσται
3646 1622 3750 1679 τοῖς

2166 1715 2375 1782 γηῖνοις
2404 1715 2632 1767 πάθεσιν
2662 1715 2694 1782 ἡ
2723 1713 2893 1784 ψυχὴ,
2928 1713 3003 1775 ὡς
3030 1712 3306 1779 ἄγρωστες
3332 1729 3348 1744 ·
3381 1711 3445 1764 τά
3480 1710 3639 1779 πάθη
3666 1710 3753 1762 αῦ-

2169 1807 2264 1875 τῆς
2291 1809 2352 1857 ὲκ
2384 1805 2477 1858 τοῦ
2507 1806 2855 1874 φρονήματος
2889 1804 2990 1873 τῆς
3017 1805 3213 1875 σαρκδς
3243 1805 3584 1874 ὲκφυόμενα,
3615 1804 3753 1872 διέρ-

2170 1915 2279 1962 πει,
2316 1896 2383 1951 δι’
2418 1898 2665 1966 ἀλλήλων
2706 1899 2805 1967 τὴν
2837 1898 3051 1965 γένεσιν
3095 1899 3307 1967 ἔχοντα,
3355 1899 3450 1951 καὶ
3479 1899 3626 1952 ἀλλα
3673 1900 3755 1950 ἐπ’

2169 1989 2742 2058 ἄλλοιςγεννώμενω
2786 1988 2876 2051 Ὧς
2899 1989 3006 2061 γάρ
3038 1991 3071 2056 ἠ
3121 1991 3395 2060 ἄγρωστις
3435 1989 3755 2055 πολυγονώο

2166 2081 2328 2135 τατόν
2374 2083 2522 2137 ἐστιν
2581 2084 2639 2135 ὲν
2674 2081 2950 2151 βοτάναις,
3017 2082 3112 2135 καὶ
3159 2080 3398 2150 οὐδαμοῦ
3448 2082 3756 2151 καταλήγει

2168 2172 2338 2241 αὐτῆς
2377 2174 2408 2243 ἡ
2444 2172 2681 2241 γένεσις,
2712 2171 2827 2225 ἀλλ’
2860 2172 2946 2225 ἀεὶ
2976 2174 3033 2225 τὸ
3068 2174 3241 2243 πέρας
3268 2175 3368 2240 τῆς
3411 2172 3644 2244 πρώτης
3668 2190 3757 2241 γε⁸

2171 2265 2392 2327 νέσεως,
2419 2262 2561 2336 ἀρχὴ
2598 2262 2692 2317 τοῦ
2720 2263 2917 2333 ἐφεξῆς
2949 2263 3181 2332 γίνεται,
3208 2264 3432 2332 τοιαύτη
3461 2266 3556 2316 καὶ
3584 2268 3619 2333 ἡ
3651 2267 3758 2317 τῶν

2169 2355 2584 2427 ἁμαρτημάτων
2628 2355 2745 2408 ἐστὶ
2781 2354 2974 2423 φύσιςο
3007 2353 3143 2425 αὐτὴ
3182 2354 3381 2425 ἑαυτὴν
3412 2354 3721 2425 διαδέχεται
3742 2370 3755 2381 ·

2167 2453 2262 2502 καὶ
2289 2449 2454 2519 γεννᾷ
2487 2448 2585 2516 μὲν
2611 2449 2642 2516 ἡ
2669 2450 2898 2520 πορνεία
2934 2449 3197 2519 πορνείαν
3225 2464 3239 2478 °
3276 2449 3307 2515 ἡ
3339 2447 3395 2500 δὲ
3433 2450 3492 2500 ἐν
3514 2448 3597 2516 τῷ
3627 2447 3759 2516 ψεῦ-

2167 2539 2247 2592 δει
2281 2537 2564 2607 συνήθεια,
2598 2537 2828 2607 ψεύδους
2858 2538 3070 2605 γίνεται
3108 2539 3291 2608 μήτηρ
3319 2552 3333 2567 ·
3360 2537 3454 2590 καὶ
3478 2540 3507 2590 ό
3541 2538 3603 2589 ὲν
3636 2538 3757 2590 κλο-

2171 2629 2300 2689 παῖς
2330 2628 2658 2697 μελετήσας,
2690 2626 3009 2697 κατατολμᾷ
3033 2628 3233 2697 ῥαδίως
3262 2626 3357 2680 τοῦ
3389 2628 3751 2697 ἀδικήματος·

2170 2721 2203 2790 ἡ
2240 2720 2350 2790 γὰρ
2380 2718 2732 2788 προλαϐοῦσα
2774 2718 3040 2788 ἁμαρτία,
3072 2719 3296 2789 ἀφορμὴ
3349 2720 3635 2789 ἀμαρτίας
3669 2719 3753 2787 γίο

2169 2829 2338 2865 νεται.
2391 2812 2516 2865 Ἐάν
2545 2810 2639 2864 οὖν
2673 2808 3056 2880 γυμνώσωμεν
3084 2809 3184 2879 τὴν
3226 2810 3507 2880 ἁμαρτίαν
3534 2812 3624 2863 διά
3657 2812 3756 2879 τῆς

2170 2903 2640 2973 ὲξομοὶογήσεως,
2677 2903 3015 2973 ἐποιήσαμεν
3046 2902 3218 2972 αὐτὴν
3248 2902 3425 2972 ξηρὰν
3453 2904 3751 2970 ἄγρωστιν

2170 2996 2329 3062 ἀξίαν
2373 2995 2466 3048 τοῦ
2510 2994 2937 3065 καταϐρωθῆναι
2976 2994 3079 3048 ὐπὸ
3117 2995 3212 3048 τοῦ
3262 2995 3600 3063 καθαρτικοῦ
3654 3013 3751 3047 πσ-

493 3108 573 3148 est
621 3090 986 3146 constitutus?
1035 3097 1090 3143 et
1142 3085 1287 3156 quod
1326 3085 1531 3154 peccati
1591 3092 1779 3152 parata
1836 3086 2061 3138 materia

2172 3087 2295 3157 ρός⁸
2332 3085 2470 3154 αὕτη
2505 3087 2559 3139 δὲ
2590 3087 2805 3139 καίεται
2860 3087 2919 3139 ὲν
2959 3090 3071 3150 τοῖς
3109 3088 3295 3141 δάσεσι
3327 3086 3424 3140 τοῦ
3463 3086 3692 3156 δρυμοῦ.
3725 3106 3743 3139 ι

488 3186 742 3239 aboletur
772 3198 835 3237 ac
885 3182 1029 3234 velut
1078 3192 1299 3250 gramen
1350 3175 1565 3231 aridum
1613 3176 1981 3243 comburitur,
2024 3178 2061 3232 si

2175 3180 2283 3235 Καὶ
2319 3178 2435 3249 μετ’
2458 3179 2636 3247 ὀλίγον
2663 3196 2675 3209 ’
2712 3199 2730 3231 ι
2782 3180 2909 3232 Ἐὰν
2946 3177 3041 3234 οῦν
3072 3180 3147 3250 μὴ
3194 3170 3423 3250 γίνηται
3462 3182 3539 3242 ὡς
3569 3180 3752 3247 ἀγρω·

478 3293 589 3345 ’νοτ
620 3275 981 3330 οοίεεείοηειιι
1014 3270 1358 3335 denudetur;
1388 3269 1431 3323 si
1470 3282 1597 3323 vero
1629 3282 1740 3322 non
1765 3270 2061 3324 denudctut

2177 3289 2295 3335 στις
2353 3272 2493 3340 ξηρά
2545 3272 2578 3340 ἡ
2617 3272 2862 3340 ἁμαρτία
2912 3273 3093 3341 ἡμῶν,
3133 3272 3193 3325 οὐ
3249 3272 3595 3343 βρωθὴσεται
3650 3272 3755 3325 ὑπὸ

488 3388 521 3424 a
580 3367 893 3438 purgatorio
950 3364 1073 3434 igne
1125 3360 1459 3416 devoratur?
1492 3360 1559 3414 Et
1604 3360 1748 3430 quod
1796 3360 2058 3415 interitun

2173 3361 2267 3414 τοῦ
2314 3362 2513 3431 πυρὸς,
2560 3361 2683 3415 οὐτε
2733 3362 3088 3433 καυθήσεται.
3122 3383 3141 3414 ι
3186 3366 3292 3417 Καὶ
3340 3364 3537 3418 πάλιν·
3580 3383 3604 3417 ι
3660 3365 3755 3417 Διά

497 3477 601 3514 non
662 3459 922 3521 minatur,
976 3455 1070 3507 sed
1114 3450 1489 3521 purgationem
1545 3449 1914 3514 subostendit,
1950 3451 2057 3503 dun

2176 3450 2349 3521 θυμὸν
2399 3452 2568 3520 ὀργῆς
2603 3453 2829 3520 Κυρίου,
2886 3455 3260 3519 συγκέκαυται
3291 3454 3384 3524 ὅλη
3434 3455 3466 3524 ἡ
3504 3453 3576 3522 γῆ
3600 3468 3617 3483 ·
3651 3454 3755 3506 δεί-

474 3555 612 3607 ‘Itaac
638 3551 801 3613 dicit,
836 3549 1027 3601 beatus
1055 3545 1149 3599 hic
1183 3542 1486 3613 apostolica
1515 3541 1604 3594 illa
1637 3542 1800 3594 verba
1832 3542 2073 3605 adducit,

502 3664 523 3695 ί
557 3643 674 3710 ipse
700 3636 1165 3693 verosalvabitur
1195 3636 1270 3689 sic
1287 3648 1467 3687 tamen
1501 3631 1656 3700 quasi
1694 3647 1789 3700 per
1824 3632 2024 3702 ignem.
2054 3650 2071 3683 ι

2184 3561 2397 3605 κνυσιν,
2427 3544 2511 3596 ὅτι
2541 3546 2608 3596 τὰ
2638 3545 2802 3615 γήϊνα
2845 3544 2925 3612 τῷ
2959 3546 3096 3613 πυρὶ
3126 3545 3202 3615 τῷ
3247 3547 3552 3616 κολαστικῷ
3579 3564 3757 3615 παρα-

2183 3634 2396 3689 δέδοται
2425 3636 2513 3688 ὲπ⁹
2545 3637 2839 3708 εὐεργεσίᾳ
2872 3638 2973 3707 τῆς
3004 3637 3186 3705 ψυχῆς
3209 3654 3227 3672 ο
3261 3638 3402 3691 καθᾶ
3447 3641 3541 3693 καὶ
3581 3641 3615 3691 ό
3657 3641 3760 3692 Κί-

498 3734 633 3788 Nam
663 3732 975 3792 salvabitur,
1005 3728 1232 3782 salutem
1271 3723 1529 3787 ostendit,
1565 3733 1624 3777 ut
1654 3724 1876 3776 verbum
1904 3726 2059 3793 ipsuu

2190 3746 2303 3797 ριος
2344 3728 2631 3795 ὑποφαίνει
2670 3728 2882 3795 λέγων·
2913 3747 2931 3780 ι
2970 3727 3087 3799 Πῦρ
3117 3726 3279 3799 ἦλθον
3317 3729 3498 3799 βαλεῖν
3531 3734 3627 3784 ἐπὶ
3667 3734 3760 3800 τὴν

502 3832 684 3889 sonat;
716 3840 826 3880 non
861 3819 1248 3891 perditionem,
1285 3826 1344 3870 ut
1376 3816 1591 3885 quidam
1622 3814 1827 3869 volunt.

2185 3820 2308 3887 γῆνο
2331 3820 2425 3871 καὶ
2442 3818 2493 3871 τί
2522 3820 2659 3872 θέλω
2688 3820 2855 3889 είήδη
2887 3821 3100 3891 ἀνήφθη
3134 3838 3179 3888 ;ι
3223 3824 3587 3893 Προφητικόν.
3621 3828 3759 3879 alin

498 3921 656 3975 ἔσται
683 3919 886 3981 ὁλοιδς,
914 3915 989 3979 ὡς
1033 3915 1139 3967 ὑπὸ
1168 3913 1339 3984 πυρὸς
1372 3911 1913 3981 κατακεκαυμένος.»
1954 3914 2254 3978 Βασίλειος.
2299 3914 2445 3968 «Οὐκ
2490 3916 2797 3986 ἀφανισμὸν
2864 3915 3098 3979 ἀπειλεῖ,
3162 3917 3298 3997 ἀι).λά
3345 3919 3445 3987 τὴν
3489 3919 3762 3991 κάθαρσιν

507 4015 798 4085 ὑποφαίνει
823 4026 842 4045 ⁹
877 4011 1014 4065 κατά
1038 4009 1100 4064 τὸ
1131 4008 1423 4079 εἰρημένον
1452 4008 1605 4077 παρά
1632 4008 1707 4076 τῷ
1745 4007 2086 4081 Ἀποστόλῳ,
2128 4012 2213 4067 ὅτι
2245 4011 2299 4064 εἴ
2318 4028 2462 4073 τινος
2490 4012 2550 4065 τὸ
2579 4012 2741 4082 ἔργον
2803 4015 3233 4082 κατακαήσεται,
3298 4012 3719 4082 ζημιωθήσεται
3745 4053 3759 4069 .

502 4113 667 4174 αὐτὸς
688 4109 743 4163 δὲ
763 4110 1067 4178 σωθήσεται
1093 4122 1107 4137 ·
1130 4104 1273 4158 οὕτω
1289 4104 1434 4166 δὲὼς
1450 4102 1538 4156 διὰ
1556 4105 1743 4173 πυρός.
1776 4123 1794 4155 ι
1836 4104 2077 4170 Ἀκούεις
2115 4108 2211 4159 τοῦ
2243 4108 2481 4177 μεγάλου
2532 4109 2724 4161 τούτου
2800 4109 3034 4179 Πατρδς,
3086 4107 3203 4170 πῶς
3255 4107 3583 4161 ὲκπλύνεται
3670 4110 3763 4163 καὶ

505 4203 825 4262 ἀποτίθεται
856 4203 890 4273 ἡ
945 4200 1147 4269 ἀνομία
1194 4197 1452 4263 ἐνταῦθα,
1501 4198 1557 4252 ὲν
1588 4198 1645 4251 δὲ
1692 4198 1770 4269 τῷ
1829 4200 2077 4271 μέλλοντι
2115 4203 2473 4273 δοκιμάζεται
2519 4202 2627 4257 ὑπὸ
2675 4202 2772 4256 τοῦ
2809 4204 2983 4275 πυρὸς
3044 4203 3138 4257 καὶ
3182 4201 3583 4273 καθαρίζεται.;
3665 4213 3761 4261 καὶ

505 4305 587 4358 ὅτι
619 4301 707 4355 ἐπ’
735 4297 1025 4370 εὐεργεσίᾳ
1070 4295 1170 4365 τῆς
1203 4294 1384 4364 ψυχῆς
1415 4295 1567 4365 παρὰ
1610 4295 1705 4348 τοῦ
1754 4296 1961 4364 ἀγαθοῦ
2022 4298 2282 4352 δεσπότου
2332 4298 2678 4369 ᾠκονόμηται
2708 4301 2767 4353 τὸ
2813 4299 3136 4353 κολαστικὸν
3212 4299 3389 4350 ἐκεῖνο
3461 4300 3595 4368 πῦρ,
3670 4305 3762 4353 καὶ

501 4400 641 4468 ὅτιὴ
674 4390 1327 4468 παρασκευασθεῑσαύλη
1374 4390 1475 4459 τῆς
1512 4391 1791 4460 ἁμαρτίας
1818 4392 2167 4460 ἀφανίζεται,
2238 4395 2335 4446 καὶ
2388 4394 2462 4458 ὡς
2524 4395 2803 4467 ἀγρωστις
2855 4393 2994 4463 ξηρά
3074 4385 3455 4455 κατακαίεται,
3498 4395 3598 4447 ὲάν
3661 4412 3759 4463 γυ-

506 4493 692 4566 μνωθῇ
726 4492 814 4544 διὰ
845 4488 947 4557 τῆς
981 4486 1423 4556 ἐξομολογήσεως
1448 4501 1461 4514 ⁶
1505 4485 1569 4538 ἂν
1593 4486 1649 4538 δὲ
1682 4487 1757 4555 μὴ
1788 4487 2072 4558 γυμνωθῇ,
2113 4489 2175 4542 οὐ
2248 4468 2763 4558 καταόιϐρὼσκεται
2815 4490 2921 4541 ὑπὸ
3003 4486 3097 4541 τοῦ
3151 4486 3486 4556 καθαρτικοῦ
3542 4490 3757 4556 «mark;

504 4589 598 4641 καὶ
627 4588 708 4639 ὅτι
736 4588 834 4638 οὐκ
868 4582 1178 4654 ἀφανισμὸν
1204 4582 1441 4645 ἀπειλεῖ,
1499 4580 1615 4633 ἀλλ’
1640 4579 1931 4649 ὑποφαίνει
1976 4583 2075 4653 τὴν
2110 4585 2403 4654 κάθαρσιν.
2455 4584 2643 4639 Ταῦτα
2695 4585 2869 4652 λέγων
2895 4585 2923 4638 ὁ
2957 4585 3226 4654 μακάριος
3306 4582 3481 4646 οὗτος,
3558 4585 3760 4655 έτάγξε

505 4683 567 4732 τὸ
595 4677 957 4732 ἀποστολικδν
1004 4677 1178 4729 ἐκεῖνο
1213 4675 1397 4746 ρητδν,
1426 4674 1485 4725 τὸ
1525 4692 1544 4725 ι
1568 4673 1737 4740 Αὐτὸς
1783 4676 1839 4730 δὲ
1878 4676 2206 4747 σωθήσεται,
2243 4681 2386 4733 οὕτω
2436 4682 2492 4734 δὲ
2543 4681 2616 4744 ὡς
2649 4681 2735 4734 διὰ
2789 4680 2996 4753 πυρό,’
3035 4697 3053 4731 ι
3082 4678 3141 4733 τὸ
3216 4678 3324 4748 γὰρ
3382 4680 3751 4748 σωθήσεται,

513 4774 783 4843 σωτηρίαν
814 4771 964 4840 δηλοῖ
994 4770 1135 4822 κατά
1183 4771 1277 4822 τὸν
1301 4768 1461 4840 ὀρθὸν
1485 4768 1665 4838 λόγον,
1694 4771 1787 4824 καὶ
1809 4773 1907 4826 οὐκ
1939 4772 2238 4841 ἀπώλειαν,
2274 4775 2348 4838 ὥς
2381 4794 2525 4839 τινες
2556 4776 2863 4845 βούλονται.

1234 4882 1364 4937 VIII.
2116 4876 2156 4931 D
2940 4890 3018 4943 Il'.

585 4977 840 5047 Si-igitur
871 4990 993 5045 quae
1026 4982 1188 5028 antea
1224 4975 1368 5029 dicta
1419 4987 1548 5030 sunt
1580 4975 1781 5043 omnia,
1817 4988 1870 5031 et
1902 4992 2060 5045 magn

2256 4979 2316 5032 Εἰ
2340 4976 2433 5033 οὐν
2464 4979 2531 5034 τὰ
2563 4980 2946 5052 προρρηθέντα
2977 4984 3175 5047 πάντα,
3209 4982 3301 5034 καὶ
3332 4984 3387 5034 al
3434 4984 3626 5053 ῥήσεις
3664 4985 3761 5038 τοῦ

510 5071 697 5127 Basilii
742 5070 909 5124 verba
940 5068 1073 5122 falsa
1105 5075 1255 5135 sunt,
1292 5070 1455 5122 etiam
1485 5069 1632 5137 quod
1682 5084 1711 5123 a
1753 5068 1958 5124 Latinis
1993 5085 2061 5123 vo

2186 5068 2424 5136 μεγάλου
2456 5069 2737 5122 Βασιλείου
2760 5068 2952 5140 ψευδῆ,
2992 5072 3084 5124 καὶ
3113 5072 3173 5125 τὸ
3205 5071 3356 5142 παρὰ
3383 5074 3637 5138 Λατίνοις
3670 5076 3765 5129 λε-

512 5173 667 5218 catur
706 5160 1078 5231 purgatorium
1131 5156 1325 5213 falsum
1369 5168 1473 5213 est.
1508 5158 1664 5224 Quod
1697 5159 1743 5214 si
1776 5175 1898 5213 vera
1933 5169 2059 5214 sont

2183 5160 2412 5226 γόμενον
2445 5160 2879 5230 πουργατώριον,
2926 5161 3123 5231 ψεῦδός
3165 5169 3316 5216 ἐστιν
3337 5179 3353 5194 ο
3384 5168 3434 5217 εί
3464 5167 3512 5217 δ’
3553 5169 3763 5235 ἀληθῆ.

510 5251 672 5307 sicuti
725 5261 874 5315 sunt,
911 5251 1050 5305 bene
1097 5263 1312 5303 sacrum
1349 5248 1642 5304 decretum
1688 5250 1820 5306 dicit
1850 5260 1903 5304 et
1934 5265 2060 5305 vere

2184 5249 2372 5319 ὥσπερ
2405 5253 2498 5303 καὶ
2535 5254 2664 5315 alat,
2696 5251 2872 5315 καλῶς
2899 5254 2935 5305 ϐ
2960 5254 3103 5323 ίερδς
3134 5238 3259 5324 ὄρος
3294 5252 3444 5323 λέγει
3488 5259 3587 5309 καὶ
3623 5258 3769 5325 diu-

504 5344 858 5400 laudabiliter
898 5340 1087 5396 Latini
1143 5344 1405 5406 sentiunt,
1471 5352 1524 5397 et
1570 5350 1721 5397 recte
1771 5342 2005 5412 iureque
2036 5358 2061 5397 e

2199 5342 2343 5406 θὼςο
2377 5344 2470 5397 καὶ
2524 5346 2821 5408 ὲπαινετῶς
2858 5346 2907 5397 oi
2954 5345 3174 5399 Λατῖνοι
3204 5345 3489 5411 δοξάζουσι
3537 5348 3632 5400 καὶ
3668 5348 3769 5417 dp-

512 5438 725 5507 absque
754 5436 916 5503 culpa
945 5443 1148 5489 sancta:
1199 5434 1293 5499 Dei
1340 5432 1597 5489 Ecclesiae
1641 5447 1743 5489 nos
1774 5434 2061 5504 aggregavi

2196 5433 2302 5497 θῶς
2329 5450 2344 5465 ·
2377 5438 2473 5490 καὶ
2500 5437 2661 5504 ἡμεῖς
2687 5435 2910 5499 δικαίως
2933 5437 3223 5507 ὴνώθημεν
3246 5438 3340 5491 καὶ
3355 5438 3765 5510 ἀναμαρτήτως

516 5545 659 5596 inus,
696 5529 941 5596 bonique
976 5526 1192 5590 viri,,et
1248 5526 1484 5597 religiosi
1536 5539 1763 5580 munere
1811 5524 2052 5597 Iungimu

2193 5528 2256 5595 τῇ
2298 5525 2389 5579 τοῦ
2420 5526 2555 5578 Θεοῦ
2590 5528 2722 5597 ἁγίᾳ
2756 5527 3058 5599 Ἐκκλησία
3084 5545 3097 5559 ·
3138 5530 3236 5582 καὶ
3276 5528 3459 5592 καλῶς
3493 5529 3765 5597 ποιοῦμεν

511 5620 770 5673 unionem
803 5628 858 5672 et
889 5616 1329 5683 coniunctionem
1366 5615 1517 5685 pacis
1546 5625 1601 5669 et
1630 5615 1937 5670 concordiae
1966 5630 2061 5669 sera

2192 5619 2284 5671 καὶ
2327 5618 2565 5681 εὐσεὸὦς
2616 5620 2909 5689 τηροῦντες
2958 5622 3054 5674 τᾶκν
3080 5622 3273 5674 ἕνωσιν
3308 5624 3400 5675 καὶ
3449 5622 3539 5674 τὸν
3573 5622 3767 5675 σύνδε-

585 5754 632 5784 ⁸²
670 5752 803 5805 l.uc.
845 5766 942 5815 ιιι,
984 5752 1072 5805 49.
