3978 6204
234 290 369 357 ιὲὃὸ

911 296 1059 359 PRO
1086 296 1292 359 CONC.
1335 298 1705 364 FLORENT.
1741 306 1896 368 CAP.
1943 306 2059 369 Ill.
2104 307 2200 367 DE
2228 303 2740 367 PURGATORIO.

3327 306 3496 369 120$?

232 423 367 475 σμον
398 405 499 475 τῆς
532 407 753 477 εἰρήνης
811 409 903 461 καὶ
950 411 1223 478 ὁμονοίας.
1281 412 1651 484 Ἑϐουλόμεθα
1700 416 1791 469 οὖν

1905 420 2103 475 rando.
2135 417 2259 474 Fuit
2290 419 2343 473 in
2371 418 2554 473 animo
2577 418 2699 472 aliis
2727 413 3209 471 etiamtestimonia
3240 424 3295 469 et
3320 417 3461 471 dicta

232 498 329 549 καὶ
359 499 523 560 ἄλλας
562 501 869 569 μαρτυρίας
902 502 993 555 καὶ
1040 505 1232 573 ῥήσεις
1265 506 1439 572 ἁγίων
1470 508 1794 574 προσθεῖναι

234 589 405 664 ταύτῃ
435 592 499 661 τῇ
532 590 820 646 ύποθέσεν
860 594 977 647 ἀλλ’
1022 598 1048 649 ὁ
1082 600 1155 664 μὴ
1186 600 1400 657 τούτοις
1448 600 1792 669 πειθόμενος,

233 683 344 737 οὐδ’
369 685 550 748 ἄλλοις
583 687 963 756 πεισθήσεται,
998 690 1112 743 ἀλλ’
1135 690 1244 743 οὐδ’
1265 691 1406 753 ὅσοις
1429 691 1494 745 ἂν
1521 693 1792 762 είποιμεν.

232 776 331 829 Διά
360 777 517 830 τοῦτο
541 779 734 849 ἀρκεῖν
769 781 1049 849 ἡγούμεθα
1086 784 1152 835 τὰ
1182 784 1448 852 εἰρημένα
1470 800 1481 812 ·
1513 784 1650 853 πρὸς
1677 784 1793 837 δια·

231 866 513 935 κριτικοὺς
543 867 636 921 καὶ
678 870 996 938 φιλομαθεῖς
1029 872 1228 942 ἄνδρας
1258 873 1348 926 τὸν
1390 873 1547 941 λόγον
1576 875 1791 928 ποιοῦν-

226 976 342 1022 τες,
376 959 471 1012 καὶ
509 959 608 1029 τὴν
644 962 780 1015 ἰδίαν
812 965 1086 1033 σωτηρίαν
1134 965 1514 1033 ὀρεγομένους,
1551 966 1644 1019 καὶ
1692 942 1794 1035 τὴν

230 1052 490 1121 ἀλήθειαν
522 1053 597 1116 ὡς
633 1055 751 1107 ἐνὸν
778 1056 834 1108 ἐν
863 1057 1065 1125 ὀλίγοις
1101 1058 1383 1121 συνιέντας
1426 1060 1520 1113 καὶ
1555 1059 1795 1122 ἀσπαζο-

230 1148 425 1214 μένους
456 1147 758 1217 προθύμως
778 1166 793 1180 ·
824 1152 916 1203 καὶ
949 1151 1023 1220 μὴ
1050 1150 1173 1203 κατ’
1198 1151 1316 1217 ἔριν
1341 1154 1432 1205 καὶ
1464 1153 1794 1221 φιλονεικίαν

231 1240 390 1304 μόνον
424 1239 452 1292 δ
498 1257 551 1293 τι
583 1241 648 1293 ἂν
678 1240 827 1309 τύχοι
873 1243 1151 1310 λέγοντας,
1191 1243 1383 1311 ῶσπερ
1431 1245 1679 1298 ποιοῦσιν
1743 1247 1792 1298 oi

226 1333 324 1401 τὴν
355 1332 615 1401 ἀλήθειαν
645 1335 876 1401 ἀφειδῶς
920 1353 1035 1398 πως
1062 1336 1153 1387 καὶ
1185 1337 1421 1400 ἀναιδῶς
1470 1336 1559 1390 διὰ
1588 1338 1789 1409 μοχθη-

231 1431 352 1490 ρίαν
380 1425 473 1477 καὶ
508 1424 832 1493 ἀμϐλύτητα
862 1427 982 1491 νοὸς
1028 1428 1482 1498 ἀπορῥίπτοντες.

301 1517 407 1568 Καὶ
438 1516 612 1570 ταῦτα
646 1518 745 1587 μὲν
774 1518 966 1582 οὕτως.
1000 1520 1141 1588 Πρὸς
1177 1520 1233 1573 δὲ
1270 1523 1337 1573 τὰ
1366 1522 1793 1592 ἐπαπορούμενα

228 1609 356 1678 ὑμῖν
407 1610 497 1662 τὸν
548 1611 704 1677 λόγον
736 1610 1046 1680 τρέφωμεν.
1092 1613 1228 1665 Φασὶ
1259 1612 1367 1682 γὰρ
1414 1615 1462 1667 οἰ
1496 1615 1793 1684 ἀντιμαχό-

230 1722 379 1772 μενοι
408 1703 641 1767 τούτοις,
673 1705 887 1771 πρῶτον
919 1705 1000 1757 δτι
1034 1706 1193 1772 ἀρκεῖ
1216 1706 1292 1772 τῷ
1335 1706 1606 1777 ἀνθρώπῳ
1639 1709 1694 1760 ἐν
1724 1710 1787 1777 τῇ

1900 519 2215 565 sanctorum
2251 496 2379 565 huic
2420 518 2740 579 argumento
2770 508 3098 576 adiungere;
3152 508 3364 576 sedqni
3397 508 3463 561 iis

1898 601 2057 657 fidem
2087 618 2194 657 non
2219 602 2555 665 adhibuerit,
2583 618 2757 669 neque
2787 601 2912 655 aliis
2933 600 3228 661 adhibebit,
3248 598 3461 653 etiamsi

1897 692 2070 746 multo
2095 692 2250 759 plura
2284 692 2406 761 quis
2438 693 2731 749 addiderit.
2766 689 2972 746 Idcirco
3004 691 3135 744 satis
3168 704 3313 750 esse,
3341 704 3465 758 quas

1897 798 2062 851 supra
2093 784 2337 852 exposita
2365 791 2494 838 sunt
2537 783 2868 837 arbitramur
2895 782 2959 836 ad
2991 781 3257 836 discretos
3285 790 3339 834 et
3376 780 3463 832 di-

1896 874 2082 929 scendi
2129 875 2359 944 cupidos
2395 874 2645 929 homines
2690 883 3070 929 convertentes
3127 887 3458 937 sermonem,

1896 967 1987 1037 qui
2020 975 2075 1021 et
2122 982 2275 1020 suam
2326 976 2584 1031 expetunt
2618 966 2872 1028 salutem,
2921 979 3241 1034 verumque,
3283 962 3463 1031 quoad

1896 1060 2153 1127 possibile
2187 1060 2278 1125 sit,
2312 1071 2364 1114 et
2398 1060 2703 1128 intelligunt
2738 1059 2975 1113 breviter
3021 1066 3077 1112 et
3125 1056 3464 1124 amplectun-

1886 1160 1985 1203 tur
2034 1150 2286 1213 libenter,
2325 1167 2432 1205 non
2486 1150 2731 1217 litigandi
2784 1160 2838 1205 et
2868 1147 3232 1204 contendendi
3278 1147 3459 1202 studio

1895 1239 2160 1309 quidquid
2195 1241 2496 1295 occurrerit
2536 1241 2911 1302 adducentes,
2958 1239 3118 1294 sicuti
3169 1239 3206 1292 ii
3257 1237 3463 1292 faciunt

1895 1333 1986 1398 qui
2020 1331 2299 1385 veritatem
2338 1332 2675 1386 incessanter
2705 1341 2760 1385 et
2795 1330 3145 1400 impudenter
3177 1330 3247 1384 ob
3291 1330 3459 1385 animi

1895 1424 2227 1491 pravitatem
2252 1435 2307 1477 et
2337 1424 2535 1479 mentis
2571 1424 2947 1479 hehetudinem
2997 1424 3280 1492 abjiciunt.

1970 1515 2037 1570 Et
2069 1516 2182 1571 ha‘c
2208 1515 2427 1584 quidem
2476 1516 2755 1570 hactenus.
2788 1514 2942 1572 Nunc
2984 1517 3049 1571 ad
3082 1531 3145 1570 ea
3180 1530 3300 1584 quae
3331 1529 3463 1568 con-

1895 1608 2180 1662 tendentes
2215 1606 2373 1661 nobis
2417 1606 2682 1675 objicitis,
2712 1608 3016 1662 orationem
3061 1616 3459 1661 convertemus.

1896 1701 2094 1755 Dicunt
2126 1699 2271 1753 enim
2321 1698 2413 1767 qui
2469 1697 2553 1751 his
2605 1700 2987 1760 adversantur,
3036 1698 3269 1767 primum
3319 1696 3462 1765 quod

226 1797 513 1866 τελευταίᾳ
539 1797 635 1859 τῆς
664 1797 973 1867 ἀποδημίας
1017 1796 1183 1851 αὑτοῦ
1222 1797 1427 1869 ἡμὶρᾳ,
1458 1800 1490 1864 ἡ
1535 1802 1675 1868 μετά
1703 1800 1791 1853 δα-

1901 1790 2106 1844 homini
2136 1789 2334 1844 sufﬁcit
2367 1789 2419 1842 in
2468 1799 2713 1843 extremo
2743 1788 3196 1857 peregrinationis
3234 1804 3344 1842 sua:
3376 1788 3463 1841 die

222 1887 419 1954 x925va
466 1888 743 1957 μετάνοια,
803 1888 1155 1958 καὶὴθερμὴ
1215 1889 1619 1960 ἐξομολόγησις,
1652 1890 1794 1945 ὥστε

224 1983 465 2051 σωθῆναι
517 1982 700 2036 αὐτὸν.
730 1988 821 2034 καὶ
853 1982 911 2033 ἐν
965 1984 1031 2051 τῇ
1087 1981 1334 2050 βασιλείᾳ
1390 1983 1498 2038 τῶν
1549 1984 1794 2054 οὐρανῶν

223 2075 607 2142 ἀπενεχθῆναι.
650 2076 759 2127 Καὶ
813 2073 1167 2145 παράδειγμα
1216 2076 1549 2145 προφέρουσι
1591 2074 1792 2147 λῃστοῦ

221 2184 367 2227 τινος
401 2167 538 2236 μετὰ
585 2166 837 2234 δακρύων
892 2167 992 2236 μιᾷ
1032 2167 1189 2220 νυκτὶ
1228 2168 1651 2234 κατανυγέντος,
1702 2168 1793 2222 καὶ

224 2257 385 2318 εὐθὺς
439 2255 852 2324 ἀποψύξαντοςο
885 2258 980 2309 καὶ
1028 2256 1103 2319 ῶς
1141 2258 1191 2310 οἰ
1244 2259 1466 2325 ἄγγελοι
1521 2258 1790 2323 ὲλθόντεξ,

227 2349 321 2400 καὶ
352 2348 520 2416 μηδὲν
552 2348 681 2401 ἄλλο
722 2349 993 2417 εὑρόντες,
1033 2349 1064 2418 ἦ
1093 2350 1158 2401 τὰ
1189 2348 1295 2419 πρὸ
1328 2349 1526 2418 μικροῦ
1560 2350 1793 2417 χυθέντα

225 2442 461 2508 δάκρυα.
496 2440 602 2492 τῶν
633 2440 904 2509 δαιμόνων
939 2439 1337 2500 ἀντιὸοὼντων,
1369 2441 1441 2501 ὡς
1476 2440 1626 2494 οὐδὲν
1658 2442 1793 2509 ἀγα-ι

226 2534 317 2585 θὸν
346 2533 610 2601 κέκτηται
635 2548 651 2562 ⁸
678 2532 729 2583 οἰ
760 2531 904 2598 ᾶγιοι
934 2531 1248 2599 ἄγγελοιοτδ
1278 2531 1790 2602 καταϐεὗρεγμένον

223 2625 619 2693 χειρόμακτρον
668 2627 778 2686 τοῖς
829 2624 1112 2694 δάκρυσιν,
1146 2626 1207 2677 ὲν
1252 2620 1314 2695 τῇ
1351 2625 1657 2693 πλάστιγγυ
1695 2625 1789 2678 τοῦ

222 2715 389 2783 ζυγοῦ
428 2716 634 2779 θέντες,
675 2716 817 2769 οὕτω
864 2715 1210 2787 κατῄσχυναν
1244 2718 1369 2779 τοὺς
1409 2714 1669 2783 δαίμονας
1713 2716 1791 2785 τῷ

219 2806 314 2860 τοῦ
343 2807 477 2860 Θεοῦ
510 2809 669 2860 ἐλέει.
703 2810 810 2861 Καὶ
841 2808 939 2878 τῆς
976 2809 1182 2880 πόρνης
1210 2809 1271 2862 τὸ
1300 2809 1655 2879 παράδειγμα
1682 2826 1789 2861 πα-

224 2900 569 2968 ρεισάγουσι,
608 2902 699 2953 καὶ
733 2900 869 2953 ἄλλα
918 2903 1078 2970 ὃμοια
1106 2916 1121 2931 ⁸
1159 2902 1235 2971 μὴ
1295 2901 1574 2964 συνιέντες
1619 2902 1667 2953 οἰ
1700 2902 1792 2955 ἀν-

222 2992 452 3061 θρωποι,
481 2991 561 3045 ὅτι
596 2992 735 3059 ὑπὲρ
760 2993 917 3063 ἡμῶν
952 2993 1122 3046 ταῦτά
1154 2994 1259 3045 εἰσι
1287 3011 1301 3026 ·
1334 2993 1429 3046 καὶ
1458 2994 1615 3061 ἡμεῖς
1646 2991 1788 3045 οὕτω

1898 1880 2222 1951 poenitentia
2264 1878 2389 1935 eum
2425 1881 2679 1951 lacrymis
2718 1892 2773 1935 et
2820 1880 3035 1935 fervens
3072 1881 3347 1935 confessio
3394 1879 3460 1932 ad

1897 1973 2127 2027 salutem
2165 1981 2219 2025 et
2251 1972 2318 2026 ad
2366 1974 2588 2028 caeleste
2622 1988 2846 2041 regnum
2879 1971 3265 2033 obtinendum,
3293 1971 3462 2024 latro-

1896 2064 1981 2119 nis
2009 2063 2288 2133 cujusdam
2307 2064 2610 2132 exemplum
2636 2065 2796 2117 nobis
2820 2064 3163 2132 objicieutes,
3186 2062 3277 2129 qui
3306 2069 3464 2115 nocte

1895 2173 2002 2212 una
2038 2166 2403 2225 compunctus
2430 2157 2728 2226 exspiravit
2760 2157 2980 2219 statim;
3012 2169 3245 2224 cumque
3286 2150 3461 2221 angeli

1893 2250 2267 2312 advenissent,
2297 2247 2544 2317 nihilque
2577 2248 2721 2303 aliud
2752 2264 2914 2318 quam
2957 2247 3113 2317 paulo
3158 2254 3284 2301 ante
3324 2246 3462 2301 ellu-

1893 2358 1982 2398 Sas
2031 2343 2299 2413 lacrymas
2334 2342 2694 2411 reperissent,
2745 2342 3086 2395 daemonibus
3119 2340 3462 2395 reclamanti-

1893 2441 1993 2492 bus
2024 2437 2076 2489 in
2105 2452 2171 2491 eo
2200 2435 2336 2490 nihil
2367 2435 2494 2489 boni
2523 2434 2778 2495 inveniri,
2802 2443 3024 2488 sanctos
3056 2432 3277 2502 angelus
3308 2446 3461 2485 man-

1894 2530 1987 2584 tile
2038 2528 2291 2599 lacrymis
2349 2527 2711 2581 madefactum
2773 2525 2830 2578 in
2896 2524 3159 2577 trutinam
3214 2522 3461 2592 posuisse

1893 2624 2067 2682 aiunt,
2098 2623 2283 2690 itaque
2308 2622 2583 2674 daemones
2602 2617 2693 2672 Dei
2726 2616 3098 2674 misericordia
3126 2614 3459 2671 confudisse.

1892 2712 2199 2768 Meretricis
2250 2712 2415 2767 etiam
2466 2705 2775 2779 eiemplnm
2825 2708 3109 2772 inducunt,
3160 2716 3320 2776 atque
3355 2706 3460 2759 alia

1893 2807 1978 2873 his
2028 2805 2257 2870 similia,
2311 2818 2415 2858 non
2460 2804 2820 2874 percipientes
2874 2800 3127 2857 homines
3166 2799 3309 2869 quod
3344 2798 3460 2851 haec

1890 2914 1992 2969 pro
2022 2899 2182 2953 nobis
2212 2897 2446 2952 faciunt.
2493 2896 2713 2964 Nosque
2750 2895 2830 2949 sic
2878 2892 3292 2961 respondemus,
3328 2887 3465 2943 etin,

1890 3006 1977 3044 sas
2014 2991 2281 3060 lacrymas
2318 3005 2442 3044 eum
2477 2990 2716 3043 salvasse
2766 2997 2822 3042 et
2867 3001 2897 3038 a
2927 2983 3256 3052 sempiterna
3287 2982 3463 3035 vindi-

222 3085 451 3153 λέγομεν
476 3100 491 3115 ·
523 3084 605 3137 ὅτι
633 3085 835 3137 ἔσωσεν
871 3086 1101 3149 ἐκεῖνον,
1128 3084 1189 3137 τὸ
1221 3084 1381 3153 χυθὲν
1410 3084 1663 3153 δάκρυον,
1694 3083 1785 3136 καὶ

1896 3097 2049 3137 casse
2096 3082 2661 3150 damnatione'qnam
2714 3078 2905 3149 procul
2957 3079 3128 3134 dubio
3178 3077 3462 3138 subiisset,

225 3177 320 3243 τῆς
348 3177 569 3229 αἰωνίου
612 3177 889 3238 κολάσεως
918 3177 1325 3247 ἠλευθέρωσεν·
1369 3179 1436 3246 ἣν
1476 3177 1541 3230 ἀν
1566 3177 1789 3244 ἐκληρο-

222 3270 459 3340 νόμησεν
486 3269 893 3338 ἀναμφιϐόλως,
924 3272 972 3321 εἰ
1007 3271 1082 3337 μὴ
1112 3270 1211 3335 τὴν
1253 3270 1545 3336 μετάνοιαν
1573 3268 1791 3334 ἐκείνην

226 3365 412 3417 καὶτὰ
447 3364 659 3432 δάκρυα
707 3362 1019 3427 ἐπεδείξατο
1040 3378 1055 3392 ο
1089 3362 1206 3413 ἀλλ’
1252 3361 1350 3413 οὐκ
1384 3362 1463 3422 εἰς
1504 3362 1601 3425 τὴν
1632 3361 1788 3427 βασι-

219 3455 373 3507 λείαν
402 3453 511 3506 τῶν
535 3453 783 3523 οὐρανῶν
809 3452 1112 3521 ἀπηνέχθη,
1144 3452 1191 3503 εί
1230 3452 1303 3523 μὴ
1333 3451 1419 3504 διά
1457 3451 1550 3503 τοῦ
1584 3451 1794 3519 καθαρ-

217 3543 411 3613 τηρίου
444 3544 615 3610 πυρὸς
665 3544 882 3609 ἐγένετο
916 3543 1086 3606 ἄξιος.
1133 3536 1295 3596 Οὗτοί
1343 3544 1483 3595 εἰσιν
1516 3545 1564 3594 οί
1620 3544 1678 3593 ἐν
1712 3543 1791 3611 τῷ

222 3617 579 3700 καθαρτηρίῳ
608 3629 1018 3699 καθαιρόμενοι,
1049 3631 1098 3683 οἰ
1124 3630 1334 3701 θερμὴν
1364 3631 1657 3699 μετάνοιαν
1684 3632 1793 3683 δεί-

223 3722 439 3786 ξαντες,
472 3722 566 3772 καὶ
600 3721 738 3789 μετά
771 3720 1238 3790 συντετριμμένης
1269 3722 1495 3788 καρδίας
1526 3722 1789 3775 ἀπελθόν-

220 3827 312 3872 τες
338 3826 351 3839 ·
385 3808 447 3862 οὒ
495 3811 603 3879 γὰρ
633 3810 1066 3879 προσωποληψία
1111 3814 1261 3879 παρά
1306 3811 1384 3881 τῷ
1430 3812 1569 3881 Θεῷ.
1603 3815 1792 3866 Ἔστιν

219 3896 316 3955 οὖν
379 3902 596 3969 ἀνάγκη
632 3902 719 3955 ἵνα
762 3904 791 3956 ὁ
842 3904 931 3955 τὸν
979 3901 1112 3955 Θεὸν
1170 3904 1301 3955 ἰδεῖν
1350 3904 1660 3971 ἐφιέμενος,
1693 3905 1792 3975 τὴν

220 3990 401 4061 ψυχὴν
426 3990 592 4043 αὑτοῦ
629 3993 709 4053 εἰς
743 3990 803 4043 τὺ
834 3992 1062 4059 ἀρχαῖον
1098 3990 1290 4049 κάλλος
1321 3989 1592 4061 ἐπανάγῃ,
1622 3989 1649 4041 ὃ
1679 3985 1791 4057 εἶχε

223 4084 330 4151 πρὸ
366 4085 461 4152 τῆς
513 4083 795 4152 παρακοῆς
829 4084 1051 4149 καὶτῆς
1103 4083 1405 4148 καταδίκης
1452 4085 1478 4135 ὁ
1526 4083 1698 4150 Ἀδάμ
1733 4085 1790 4135 ὲν

219 4176 300 4244 τῷ
330 4177 663 4246 παραδείσῳ.
714 4176 810 4228 Διά
862 4176 1018 4227 τοῦτο
1049 4174 1141 4227 καὶ
1192 4175 1430 4243 κατῴκει
1462 4174 1625 4227 αὑτὸν
1666 4176 1793 4229 ἀνα-

224 4268 493 4335 μάρτητος
526 4266 622 4321 ὧν.
651 4266 1005 4336 Διολισθὴσας
1048 4267 1103 4320 δὲ
1133 4267 1227 4318 καὶ
1264 4267 1620 4336 ἡμαρτηκὼς,
1660 4267 1793 4333 ὲξὼο

224 4359 325 4427 σθη
351 4358 538 4415 αὐτοῦ.
567 4360 630 4412 Oi
658 4359 788 4427 γοῦν
817 4359 1133 4429 βουλόμενοι
1162 4360 1253 4411 τὸν
1281 4359 1611 4430 παράδεισον
1639 4361 1793 4431 οἰκῆ-

1895 3174 2001 3227 nisi
2034 3173 2405 3241 pwnitentiam
2463 3172 2609 3223 illam
2660 3180 2714 3224 et
2770 3172 3041 3239 lacrymas
3070 3169 3398 3225 ostendisset
3435 3184 3453 3230 ;

1894 3266 1987 3319 sed
2041 3265 2261 3317 caeleste
2316 3277 2540 3331 regnum
2602 3276 2881 3329 nunquam
2937 3261 3300 3328 impetrasset,
3358 3259 3464 3312 nisi

1894 3354 2238 3425 purgatorius
2264 3353 2406 3421 ignis
2441 3367 2508 3405 eo
2538 3352 2761 3419 dignum
2796 3351 3088 3407 effecisset.
3120 3349 3182 3403 lli
3218 3360 3345 3403 sunt
3370 3350 3462 3418 qui

1894 3449 1947 3501 iu
2000 3447 2312 3515 purgatorio
2362 3457 2681 3513 purgantur,
2718 3447 2811 3517 qui
2846 3445 3144 3499 ferventem
3196 3443 3464 3512 paeniten-

1896 3540 2028 3594 tiam
2089 3546 2563 3602 eommonstrant,
2620 3548 2674 3594 et
2733 3536 2969 3593 contrito
3025 3535 3188 3593 corde
3241 3551 3307 3590 ex
3362 3536 3465 3589 hoc

1895 3630 2099 3687 mundo
2136 3631 2447 3695 discedunt,
2479 3631 2605 3701 quia
2641 3646 2749 3686 non
2796 3639 2882 3686 est
2912 3630 3159 3700 acceptio
3203 3644 3463 3698 personas

1896 3740 2014 3777 rum
2048 3723 2193 3793 apud
2242 3723 2429 3778 Deum.
2467 3722 2702 3778 Necesse
2738 3722 2902 3793 igitur
2938 3732 3023 3777 est
3065 3723 3115 3776 ei
3159 3722 3252 3791 qui
3295 3720 3477 3775 Deum.

1894 3817 2079 3871 videre
2100 3817 2270 3885 cupit,
2300 3824 2359 3869 ut
2384 3816 2617 3870 animam
2645 3830 2801 3871 suam
2832 3816 3190 3885 inantiquam
3220 3815 3469 3885 pulchri-
3522 3884 3523 3889 η

1896 3907 2140 3961 tudinem
2184 3909 2480 3972 restituat,
2548 3922 2710 3975 quam
2766 3917 2890 3962 ante
2944 3908 3369 3964 inohedientiam
3411 3918 3469 3963 et

1893 3997 2298 4052 damnationem
2346 3999 2400 4051 in
2452 3999 2705 4067 paradiso
2749 3998 2993 4053 Adamus
3024 4000 3353 4054 obtinebat:
3405 4008 3467 4054 et

1894 4098 2182 4159 propterea
2216 4089 2288 4142 ibi
2329 4105 2454 4143 eum
2495 4090 2803 4154 collocavit,
2853 4107 2976 4159 cum
3009 4101 3156 4146 esset
3188 4092 3305 4146 sine
3335 4107 3465 4161 pec-

1896 4190 2041 4244 cato,
2074 4178 2168 4234 sed
2198 4195 2321 4233 cum
2358 4180 2673 4235 oﬂcndisset
2699 4189 2751 4235 et
2779 4191 3083 4251 peccasset,
3121 4182 3243 4236 inde
3271 4183 3467 4251 expul-

1896 4288 1992 4329 sus
2018 4280 2121 4327 est.
2167 4272 2273 4338 Qui
2307 4274 2495 4327 volunt
2534 4272 2697 4342 igitur
2738 4272 3051 4342 paradisum
3101 4273 3359 4335 incolere,
3390 4272 3461 4326 ita

1897 4374 2213 4433 purgentur,
2245 4372 2303 4417 ut
2333 4365 2384 4417 in
2420 4365 2484 4419 iis
2509 4380 2607 4420 nec
2626 4365 2836 4419 macula
2868 4380 2965 4419 nec
2987 4365 3123 4419 livor
3140 4365 3466 4433 reperiatur.

225 4471 315 4504 σαι
369 4452 805 4522 καθαρθήτωσαν
842 4451 1036 4514 οὕτως,
1088 4452 1228 4505 ὥστε
1277 4452 1481 4520 μηδένα
1534 4454 1721 4505 σπῖλον
1754 4453 1785 4515 ἢ

1896 4454 2008 4510 Non
2030 4458 2173 4510 enim
2198 4456 2309 4510 sola
2338 4456 2532 4511 sufiicit
2562 4458 2881 4525 poenitentia
2906 4475 2921 4522 ;
2947 4472 3069 4510 nam
3097 4457 3139 4511 si
3172 4455 3465 4522 suliiceret,

227 4546 417 4614 μῶμον
451 4545 723 4613 ἁμαρτίας
780 4546 838 4597 ἐν
888 4546 1100 4609 ἑαυτοῖς
1152 4546 1318 4615 ἔχειν.
1367 4550 1440 4601 Οὐ
1472 4548 1580 4617 γὰρ
1633 4552 1793 4620 ἀρκεῖ

227 4640 362 4706 μόνη
396 4639 426 4707 ἠ
482 4638 760 4706 μετάνοια.
796 4638 858 4689 Εἰ
885 4636 992 4706 γὰρ
1037 4638 1216 4706 ῆρκει,
1249 4639 1348 4693 ούκ
1399 4638 1464 4691 ἂν
1494 4643 1542 4694 οἰ
1594 4642 1793 4704 ζῶντες

224 4727 544 4795 εἰργάζοντο
584 4728 712 4789 τοὺς
764 4730 900 4794 μετὰ
948 4727 1047 4796 τὴν
1100 4727 1487 4797 ἐξομολόγησιν
1538 4731 1793 4796 δοθέντας

222 4822 333 4881 τοῖς
359 4820 740 4888 ἀποιχομένοις
779 4818 1010 4881 κανόνας
1029 4833 1044 4850 ο
1076 4819 1190 4870 ἀλλ’
1215 4818 1409 4886 ὥσπερ
1440 4822 1794 4891 ἐξομολογου-

226 4915 409 4979 μένοις
453 4913 562 4969 τοῖς
600 4910 763 4974 ζῶσιν
816 4911 1066 4979 ἐπιτίμια
1108 4910 1307 4964 δίδοται
1341 4913 1447 4964 ὑπὸ
1495 4912 1606 4965 τῶν
1634 4931 1795 4966 πνευ-

226 5003 473 5071 ματικῶν
503 5003 781 5070 Πατέρων,
809 5001 949 5055 ὥστε
976 5004 1325 5072 ἀποκαθᾶραι
1351 5005 1449 5067 τὰς
1478 5006 1792 5075 ἐπιμιχθεί-

224 5112 321 5156 σας
354 5094 576 5162 κηλίδας
608 5097 730 5157 ταῖς
767 5094 963 5163 ψυχαῖς
998 5095 1197 5161 αὐτῶν,
1225 5098 1318 5148 καὶ
1368 5098 1455 5151 ἵνα
1477 5100 1791 5169 κτήσωνται

225 5185 428 5253 ἀρετὴν
455 5185 593 5255 πρὸς
636 5184 697 5236 τὸ
732 5188 916 5254 τυχεῖν
952 5185 1048 5253 τῆς
1094 5188 1419 5256 ἐπουρανίου
1453 5188 1621 5259 ζωῆς,
1652 5190 1795 5243 οὕτω

223 5277 317 5329 καὶ
350 5278 463 5339 τοῖς
496 5279 554 5329 ἐν
604 5275 682 5343 τῷ
710 5276 854 5329 τέλει
897 5277 996 5345 τῆς
1032 5277 1179 5347 ζωῆς
1217 5281 1563 5347 μετανοοῦσι,
1606 5283 1700 5337 καὶ
1736 5284 1794 5336 ἐν

225 5370 449 5439 θερμοῖς
465 5369 729 5438 δάκρυσιν
759 5369 1298 5439 ἐξομολογουμένοις,
1323 5372 1419 5425 καὶ
1442 5372 1601 5436 εὐθὺς
1627 5375 1793 5427 ἀπελ-

224 5460 439 5525 θοῦσιν,
485 5462 763 5529 ἐπιτίμιον
797 5460 1005 5513 δέδοται
1045 5462 1107 5514 τὸ
1155 5461 1455 5533 καθάρσιον
1494 5465 1629 5535 πῦρ,
1659 5466 1718 5519 ἐν
1748 5460 1794 5533 ᾧ

222 5552 475 5606 ὀδυνᾶται
528 5553 622 5606 καὶ
668 5553 898 5622 τήκεται
928 5553 961 5619 ἡ
1007 5550 1177 5621 ψυχὴ,
1229 5555 1646 5623 μνημονεύουσα
1698 5556 1792 5612 τοῦ

222 5642 421 5713 ναιροῦ
458 5643 520 5698 δν
576 5645 856 5698 ἀπώλεσεν
896 5645 954 5697 ἐν
1005 5645 1119 5707 τοῖς
1174 5642 1473 5713 αἰσχίστοις
1535 5647 1791 5713 μένουσα.

226 5739 519 5807 Συντέμνει
553 5738 608 5791 δέ
639 5739 729 5792 τὸν
765 5737 975 5808 καιρὸν,
1028 5736 1123 5790 καὶ
1158 5738 1256 5807 τῆς
1288 5735 1483 5807 ὀδύνης
1516 5738 1789 5795 ἀπαλλάτ-

1899 4563 2179 4616 nunquam
2239 4551 2484 4601 viventes
2548 4548 2795 4602 formulis
2842 4558 3122 4601 uterentur
3174 4563 3296 4617 quae
3346 4557 3467 4616 post

1898 4649 2175 4707 peractam
2216 4637 2615 4694 confessionem
2651 4647 2782 4692 sunt
2818 4639 3101 4693 institutae.
3130 4639 3206 4692 Ac
3240 4637 3404 4692 veluti
3433 4652 3475 4690 a.

1898 4731 2278 4801 spiritualibus
2312 4732 2563 4799 patribus
2601 4746 2772 4797 pmure
2809 4730 3155 4801 assignantur
3187 4732 3253 4785 iis
3284 4731 3375 4800 qui
3409 4730 3472 4785 iu

1900 4823 2011 4874 vita
2037 4820 2440 4875 confessionem
2466 4822 2746 4884 adhibent,
2781 4831 2839 4874 ut
2865 4821 3093 4875 maculis
3125 4822 3321 4890 quibus
3344 4822 3466 4875 ani-

1899 4928 2002 4968 tua
2033 4928 2220 4967 eorum
2256 4922 2383 4966 sunt
2439 4929 2733 4982 respersa),
2772 4916 3121 4980 tnumlentur,
3168 4916 3248 4970 sic
3296 4925 3351 4968 et
3397 4915 3479 4969 iis

1894 5000 2072 5069 quiin
2101 5000 2221 5053 vita:
2267 4999 2374 5054 ﬁne
2414 5002 2696 5057 constituti
2726 5004 3105 5072 pmnituerint,
3146 5014 3200 5057 et
3240 5004 3465 5058 fervidis

1893 5105 2021 5146 cum
2073 5091 2331 5162 lacrymis
2362 5091 2759 5149 confessionem
2813 5094 3141 5163 peregerint,
3174 5104 3229 5148 et
3276 5094 3463 5148 statim

1892 5180 2265 5244 decesserint,
2322 5196 2476 5251 poena
2540 5185 2852 5252 assignatur
2906 5183 3253 5251 purgatarins
3304 5183 3469 5252 ignis,

1895 5274 1986 5327 ubi
2018 5273 2274 5343 afﬂigitur
2302 5285 2356 5327 et
2391 5284 2699 5331 maceratur
2749 5273 2951 5335 anima,
2984 5288 3106 5328 cum
3162 5273 3215 5326 in
3268 5290 3471 5329 memo-

1898 5366 2036 5420 riam
2066 5374 2285 5421 revocat
2314 5366 2570 5420 amissum
2604 5375 2814 5433 tempus
2836 5364 2963 5417 dum
2994 5365 3047 5418 in
3076 5365 3317 5433 peccatis
3342 5381 3467 5420 ver-

1899 5470 2135 5518 saretur.
2170 5460 2275 5515 Sed
2310 5470 2526 5529 tempus
2561 5458 2956 5514 abbreviantet
2988 5474 3019 5514 a
3052 5460 3297 5514 cruciatu
3335 5459 3471 5514 libe—

1901 5560 2023 5606 rant
2051 5565 2264 5621 preces,
2293 5550 2594 5605 oblationes
2616 5558 2667 5604 et
2690 5549 2989 5617 orationes,
3010 5561 3071 5606 ut
3096 5566 3233 5620 step.
3258 5551 3467 5607 dictum

1900 5652 2002 5697 cst.
2038 5642 2140 5708 Qui
2170 5658 2277 5696 non
2316 5642 2509 5704 credit,
2547 5657 2609 5697 ex
2642 5658 2726 5697 me
2761 5643 2948 5697 audiat
2988 5644 3141 5708 illud,
3188 5647 3467 5713 'quomodo

1902 5750 2030 5790 voce
2063 5735 2259 5804 psallit,
2296 5752 2313 5785 ι
2347 5734 2391 5787 Λ
2421 5734 2675 5805 lacrymis
2702 5744 2754 5791 ct
2783 5736 2985 5806 gemitu
3017 5736 3215 5794 inferni
3246 5753 3464 5795 servum
