3978 6204
293 247 426 310 1269

951 251 1097 312 PRO
1135 253 1346 315 CONC.
1385 246 1753 311 FLORENT.
1791 245 1950 305 (IAP.
1994 243 2105 302 ῐῐῖ.
2152 243 2248 302 DE
2293 244 2804 305 PURGATORIO.

3400 241 3532 305 1270

298 368 387 420 Ἐν
439 369 504 438 τῇ
562 368 744 439 ἡμέρᾳ
802 369 859 421 δὶ
885 369 983 438 τῆς
1029 370 1351 436 ἐναλλαγῆς,
1397 370 1538 423 κατὰ
1571 370 1662 422 τὸν
1690 366 1858 436 μακά-

1979 361 2068 416 nis
2095 362 2182 415 die
2213 361 2511 416 secundum
2536 362 2754 416 beatum
2793 360 3037 425 Paulum,
3076 368 3131 414 et
3157 361 3249 428 qui
3293 369 3424 415 tunc
3451 361 3536 414 vi-

289 477 404 525 ριον
462 459 705 524 Παῦλον,
751 461 1136 531 εὑρεθήσονται
1217 463 1310 514 καὶ
1360 461 1598 524 ζῶντες·
1661 460 1857 520 οἵτινες

287 554 348 604 οὐ
391 552 657 620 φθάσουσι
682 554 807 615 τοὺς
847 553 1210 625 κοιμηθέντας
1240 553 1660 620 ἀνισταμένους,
1691 553 1772 604 ὅτι
1804 551 1862 603 ὲν

289 647 428 714 ῥοπῇ
465 645 745 716 ὀφθαλμοῦ
781 648 873 700 καὶ
915 649 972 699 ἐν
1008 648 1215 716 ἀτόμῳ,
1258 647 1351 699 καὶ
1381 647 1429 700 οί
1462 646 1662 710 ζῶντες
1699 643 1860 698 ἐναλ-

289 740 644 808 λαγήσονται,
671 741 766 792 καὶ⁸
793 741 842 792 οί
872 742 1053 810 νεκροί⁸
1082 741 1474 808 ἐγερθήσονται
1500 753 1513 770 °
1546 737 1649 791 ποῦ
1674 737 1861 791 λοιπὸν

291 833 486 901 καιρὸς
513 833 568 884 ὲν
603 834 666 902 τῇ
706 834 843 902 ῥοπῇ
885 834 978 886 τοῦ
1027 831 1330 900 ὀφθαλμοῦ,
1374 831 1737 902 πειρασθῆναι
1765 831 1862 883 καὶ

289 924 556 976 κοπιάσαι
583 940 598 988 ;
633 923 736 977 ποῦ
767 924 823 976 δὲ
860 926 952 976 καὶ
981 926 1316 995 λειτουργίαι
1344 925 1437 978 καὶ
1473 922 1856 992 ἐλεημοσύναι,

293 1017 388 1068 καὶ
421 1014 635 1082 rana;
677 1016 759 1068 ὅτι
813 1016 1020 1084 βραχὺς
1058 1018 1084 1070 6
1119 1017 1308 1086 καιρός
1333 1034 1347 1049 ·
1385 1016 1482 1069 καὶ
1523 1018 1550 1068 6
1579 1013 1729 1081 άγὼν
1775 1031 1862 1067 τε-

291 1107 572 1160 λειοῦταιο
631 1108 723 1162 καὶ
774 1110 821 1160 οί
879 1109 1133 1176 στέφανοι
1178 1109 1445 1161 δίδονταιο
1495 1109 1584 1161 καὶ
1634 1109 1863 1169 ἕκαστος

291 1199 672 1267 ἁπολαμὸάνει
732 1200 856 1252 καθ’
903 1201 932 1252 6
983 1199 1208 1272 ἔπραξε.
1249 1202 1314 1252 Τί
1363 1201 1458 1255 οῦν
1501 1202 1638 1271 πρὸς
1690 1201 1864 1256 ταῦτα

293 1295 465 1365 ἐρεῖτε
500 1293 681 1362 ὑμεῖς,
712 1295 762 1346 oi
794 1293 892 1364 τὴν
924 1294 982 1347 ὲν
1018 1279 1329 1365 Φλωρεντίᾳ
1362 1293 1577 1348 σύνοδον
1614 1293 1865 1362 στέργον-

293 1404 401 1448 τες.
461 1386 554 1442 καὶ
599 1389 863 1454 γενναίως
906 1387 1074 1458 αὐτὴν
1109 1389 1508 1459 κηρύττοντες;
1557 1390 1606 1441 οί
1643 1389 1864 1457 καιροὺς

293 1479 536 1544 τιθέντες
560 1484 675 1545 τοῖς
713 1483 1136 1551 καθαιρομένοις
1166 1485 1223 1535 ἐν
1252 1479 1330 1551 τῷ
1364 1481 1522 1552 άηδεῖ
1552 1481 1744 1552 ἐκείνῳ
1772 1481 1864 1533 καὶ

294 1572 557 1638 σκοτεινῷ
586 1573 739 1642 τόπῳ
764 1590 779 1607 ο
810 1575 866 1626 τί
899 1575 989 1626 καὶ
1017 1574 1153 1642 πρὸς
1177 1576 1348 1628 ταῦτα
1372 1576 1439 1628 ἂν
1464 1576 1651 1644 είπητε
1674 1591 1690 1639 ;
1725 1576 1864 1643 Πρὸς

291 1663 451 1718 τοῦτο
474 1660 568 1718 οῦν
593 1665 734 1733 μετὰ
763 1667 1149 1736 μακροθυμίας
1171 1668 1271 1738 τὴν
1293 1669 1464 1736 ἀκοὴν
1490 1671 1860 1738 χορηγήσατεο

290 1757 372 1809 ὅτι
403 1757 608 1818 δίκαιος
651 1757 725 1809 ὢν
753 1761 781 1812 6
834 1759 1060 1828 Κύριος,
1099 1761 1195 1812 καὶ
1255 1760 1603 1821 δικαιοσύνας
1655 1761 1864 1828 ἀγαπᾷ,

295 1848 389 1899 καὶ
414 1847 512 1915 τὴν
533 1847 641 1900 τῶν
673 1849 978 1917 ἀνθρώπων
1010 1850 1287 1918 σωτηρίαν
1315 1850 1404 1902 ἀεὶ
1425 1851 1856 1920 προμηθεὺεται.
1895 1873 1900 1881 ·

291 1942 428 2002 Τοὺς
467 1941 564 2006 μὲν
617 1940 713 1994 νῦν
749 1942 1196 2010 ἀποθνήσκοντας
1246 1947 1305 1998 ὲν
1355 1943 1616 2016 μετανοίᾳ
1649 1943 1862 2012 ἀληθεῖ,

289 2031 366 2094 ὡς
408 2033 668 2095 πολλάκις
700 2034 940 2104 εἴρηται,
972 2033 1050 2102 τῷ
1088 2035 1444 2107 καθαρτηρίῳ
1477 2039 1859 2105 παραπέμπει,

297 2127 487 2192 καιρὸν
517 2127 687 2189 διδοὺς
725 2127 909 2189 αὐτοῖς
953 2125 1052 2193 τῆς
1081 2125 1423 2196 καθάρσεως,
1480 2129 1696 2197 ἑκάστῳ
1724 2128 1864 2181 κατὰ

292 2219 584 2283 ἀναλογίαν
628 2215 739 2271 τῶν
789 2220 1286 2288 πλημμελημάτων
1320 2219 1526 2273 αὑτοῦ·
1583 2223 1697 2282 τοῖς
1742 2222 1862 2272 τότε

293 2310 371 2369 δὲ.
401 2309 699 2372 πολυειδῶς
732 2313 828 2363 καὶ
858 2311 1217 2380 πολυτρόπως
1261 2310 1360 2382 τὴν
1392 2310 1670 2380 σωτηρίαν
1700 2312 1862 2380 ἐργάο

292 2402 464 2465 ζεται.
495 2401 694 2473 Πρῶτα
727 2404 827 2470 μὲν
875 2404 1066 2474 ποινὴν
1099 2404 1420 2457 ἀνείκαστον
1449 2403 1608 2456 δώσει
1648 2406 1739 2456 τὸν
1769 2403 1863 2456 τοῦ

306 2496 682 2564 Ἀντιχρίστου
716 2491 917 2565 δηλαδὴ
949 2497 1258 2564 πειρασμόν
1286 2511 1300 2527 ο
1325 2495 1382 2558 ὃς
1413 2496 1552 2548 κατὰ
1586 2497 1683 2557 τὰς
1712 2496 1866 2565 ἱεράς

296 2588 542 2656 Γραφάς,
581 2587 826 2656 μεγάλην
853 2585 1120 2658 ἐπήρειαν
1153 2588 1314 2641 δώσει
1338 2591 1428 2640 καὶ
1452 2589 1563 2650 τοῖς
1592 2588 1864 2651 ἐκλεκτοῖς

293 2682 504 2744 δούλοις
543 2682 639 2734 τοῦ
679 2683 814 2735 Θεοῦ
841 2698 854 2712 ·
889 2685 921 2752 ἠ
971 2683 1017 2735 δ’
1050 2684 1295 2753 ὑπομονὴ
1336 2684 1516 2738 αὐτῶν
1567 2683 1734 2738 σώσει
1765 2688 1865 2738 αὑ-

291 2777 442 2838 τοὺς.
477 2776 617 2830 κατά
647 2777 737 2828 τὸν
779 2777 936 2838 λόγον
983 2775 1079 2828 τοῦ
1111 2777 1336 2845 Κυρίου,
1385 2779 1465 2830 ὅτι
1493 2780 1520 2831 6
1567 2777 1867 2846 ὑπομείνας

293 2871 371 2919 είς
404 2869 577 2930 τέλος,
609 2869 764 2929 οὗτος
796 2869 1105 2937 σωθήσεται
1130 2887 1144 2900 ·
1172 2871 1389 2932 οἵτινες
1421 2869 1476 2922 δὲ
1501 2869 1576 2939 τῷ
1596 2869 1740 2921 τέλει
1770 2866 1865 2922 τοῦ

297 2961 412 3027 βίου
475 2961 796 3029 χρήσονται,
832 2959 900 3012 δι’
957 2961 1119 3013 ἄλλον
1165 2963 1374 3032 τρόπου
1426 2959 1592 3014 σώσει
1646 2963 1864 3024 αὐτοὺς,

1967 457 2098 502 vunl
2121 450 2372 523 aderunt,
2401 450 2635 518 quiante
2666 457 2909 503 mortuos
2941 464 3047 501 non
3075 458 3377 517 resurgent,
3397 450 3522 515 quia

1965 537 2018 591 in
2046 537 2155 592 ictu
2188 539 2335 592 oculi
2358 547 2409 594 et
2442 540 2494 592 in
2523 547 2798 593 momento
2817 538 3442 602 vivicommutabuntur;
3476 549 3529 591 et

1963 628 2165 681 mortui
2198 635 2509 696 resurgunt,
2535 628 2806 696 quomodo
2830 637 3041 696 tempus
3071 635 3312 681 remanet
3340 627 3392 680 in
3418 629 3524 681 ictu

1961 718 2107 772 oculi
2135 719 2480 788 aggrediendi
2534 728 2589 773 et
2619 718 2858 772 laborem
2913 717 3224 772 insumendi
3254 717 3277 770 ?
3313 716 3413 772 Ubi
3444 734 3532 770 sa-

1963 809 2195 873 criﬁcia,
2219 809 2584 878 eleemosynaa
2629 821 2681 863 et
2713 810 2922 878 reliqua
2971 819 3194 879 propter
3224 809 3529 880 angustiam

1964 899 2252 968 temporis,
2311 900 2365 954 in
2421 914 2532 969 quo
2574 910 2848 955 certamen
2887 901 3182 971 peragitur,
3224 909 3279 954 et
3321 913 3537 952 coronre

1966 991 2275 1054 traduntur,
2313 1001 2368 1046 et
2393 992 2769 1061 unusquisque
2813 992 3005 1059 recipit
3037 991 3336 1046 secundum
3371 1005 3535 1059 opera

1970 1082 2109 1138 Sua?
2139 1080 2278 1147 Quid
2311 1082 2376 1135 ad
2411 1082 2526 1136 hac
2555 1083 2954 1152 respondebitis
2987 1097 3103 1148 vos,
3143 1081 3236 1151 qui
3273 1079 3536 1134 Florenti-

1965 1187 2092 1226 nam
2132 1171 2400 1240 synodum
2438 1172 2826 1241 ampleCtiniini
2850 1181 2903 1226 et
2951 1185 3169 1227 strenue
3195 1174 3364 1242 ipsam
3399 1186 3539 1240 prm-

1969 1259 2212 1316 dicatis?
2245 1263 2338 1331 qui
2382 1272 2620 1333 tempora
2656 1262 2952 1332 assignatis
3010 1263 3078 1318 iis
3113 1263 3203 1332 qui
3239 1271 3538 1332 purgantur

1969 1354 2193 1408 intristi
2238 1364 2290 1409 et
2325 1355 2617 1410 tenebroso
2645 1355 2764 1410 loco
2812 1355 2929 1421 illo,
2953 1355 3080 1424 quid
3131 1355 3394 1410 adversus
3421 1355 3536 1407 baec-

1969 1443 2249 1500 all‘eretis?
2285 1444 2426 1500 Huic
2456 1446 2532 1500 rei
2571 1446 2816 1501 adhibita
2859 1446 3084 1501 lenitate
3129 1445 3318 1510 animi,
3352 1459 3536 1508 aures,

1967 1550 2175 1605 quaeso,
2203 1536 2638 1590 accommodate.
2663 1536 2795 1602 Quia
2846 1535 3029 1605 justus
3059 1545 3141 1590 est
3190 1536 3448 1591 Dominus
3485 1546 3540 1590 et

1964 1622 2208 1693 justitias
2238 1635 2410 1690 amat,
2443 1635 2498 1680 et
2531 1629 2752 1696 semper
2788 1635 2872 1683 est
2899 1628 2966 1682 de
3016 1628 3320 1682 animarum
3364 1628 3540 1683 salute

1817 1761 1840 1788 ε
1904 1725 1944 1782 Β
1976 1720 2262 1773 sollicitus.
2303 1719 2404 1785 Qui
2456 1721 2682 1773 nuncin
2720 1734 2840 1773 vera
2897 1721 3217 1788 pmnitentia
3249 1720 3539 1784 decedunt,

1965 1827 2080 1876 eos,
2105 1821 2162 1866 ut
2181 1826 2325 1881 smpe
2355 1812 2557 1866 dictum
2587 1821 2688 1874 est,
2709 1813 3033 1866 transmittit
3054 1814 3119 1866 ad
3138 1814 3536 1881 purgatorium,

1966 1901 2267 1970 unicuique
2307 1912 2521 1972 tempus
2559 1905 2612 1956 in
2676 1918 2785 1972 qtto
2811 1915 3072 1974 purgetur
3108 1904 3414 1973 assignans,
3450 1919 3538 1956 se-

1964 1991 2204 2046 cundum
2240 1991 2519 2046 commissi
2581 1992 3012 2060 proportionem,
3049 1991 3260 2045 caeteris
3303 2005 3368 2044 eo
3399 2000 3536 2043 tem-

1969 2096 2102 2150 pore
2135 2080 2516 2150 multipliciter
2549 2091 2602 2134 et
2629 2080 2984 2134 multifariam
3044 2080 3271 2134 salutem
3305 2079 3536 2148 parabit.

1966 2171 2210 2226 Primum
2261 2173 2484 2242 quidem
2540 2186 2760 2241 pasnatn
2795 2170 3396 2240 incompreltensibilem
3427 2177 3541 2222 tra-

1965 2262 2068 2327 dit,
2113 2261 2434 2316 Antichristi
2465 2261 2674 2316 scilicet
2707 2261 3080 2325 tentationetn,
3115 2260 3206 2329 qui
3239 2261 3535 2314 secundum

1973 2351 2289 2421 Scripturas
2327 2356 2673 2408 vexationem
2740 2367 2994 2422 magnam
3040 2349 3340 2413 exhibebit,
3373 2350 3536 2404 etiam

1967 2443 2159 2497 electis
2211 2443 2387 2497 servis
2421 2439 2534 2496 Dei.
2587 2439 2860 2496 Patientia
2919 2455 3046 2496 vero
3076 2455 3263 2494 eorum
3313 2439 3541 2494 salvabit

1969 2535 2113 2600 illos,
2143 2538 2443 2589 secundum
2490 2533 2716 2588 verbum
2746 2533 2980 2594 Domini,
3006 2531 3150 2601 quod
3173 2532 3264 2601 qui
3290 2543 3543 2601 perseve-

1970 2623 2171 2677 raverit
2203 2639 2374 2693 usque
2401 2623 2454 2676 in
2489 2624 2650 2676 ﬁnem
2682 2621 2774 2676 bic
2803 2622 2991 2675 salvus
3025 2619 3152 2674 erit.
3189 2618 3252 2671 Et
3297 2617 3390 2686 qui
3419 2615 3543 2668 vita:

1971 2716 2132 2769 linem
2163 2716 2480 2776 sortientur,
2514 2714 2618 2768 alio
2653 2714 2816 2767 modo
2851 2710 3082 2766 salvabit
3118 2711 3262 2774 illos,
3298 2707 3544 2763 acerbio-

1969 2823 2080 2861 rem
2136 2807 2202 2862 iis
2237 2823 2397 2876 quam
2430 2807 2730 2877 purgatorii
2785 2805 2928 2876 ignis
2980 2804 3273 2872 assignans
3325 2813 3541 2869 poenam

1970 2915 2078 2952 uno
2113 2906 2324 2953 tantum
2351 2907 2628 2952 momento
2663 2898 2951 2965 temporis,
2993 2909 3158 2965 quam
3185 2895 3228 2947 si
3261 2891 3390 2946 anni
3415 2906 3545 2945 cen-

1973 2997 2084 3043 tum
2115 2988 2534 3042 iuterccderent.
2572 2988 2816 3056 Exempli
2839 2984 3402 3055 gratia,tnagistratus
3443 2995 3538 3047 pro

295 3055 629 3123 δριμυτέραν
667 3052 845 3116 διδοὺς
875 3055 1059 3116 αὐτοῖς
1092 3053 1188 3124 τὴν
1222 3055 1416 3122 ποινὴν
1443 3053 1538 3106 τοῦ
1585 3052 1863 3123 καθαρτη-

1971 3097 2078 3135 uno
2111 3090 2162 3133 et
2187 3081 2376 3135 eodem
2401 3079 2628 3134 crimine
2671 3081 2807 3132 duos
2833 3075 3275 3146 comprehendet,
3310 3087 3543 3143 quorum

300 3148 412 3215 ρίου
442 3149 614 3218 πυρδς
661 3148 717 3198 ἓν
759 3149 857 3223 μιᾷ
887 3147 1080 3216 καιροῦ
1117 3150 1280 3217 ῥοπῇ,
1323 3148 1354 3216 ἢ
1402 3147 1514 3209 τοῖς
1550 3145 1607 3198 ἐν
1651 3147 1862 3215 χρόνοις

296 3242 512 3294 ἑκατόν.
545 3239 654 3292 Καὶ
690 3237 1126 3308 παραδείγματος
1157 3240 1338 3307 χάριν,
1373 3241 1403 3306 ὴ
1444 3236 1662 3301 ὲξουσῖα
1697 3242 1754 3290 ἐν
1785 3238 1860 3290 ἑνὶ

298 3335 390 3384 καὶ
417 3333 494 3399 τῷ
526 3329 675 3398 αὑτῷ
717 3329 1039 3398 πταίσματι,
1081 3329 1174 3381 δὺο
1205 3330 1359 3389 τινὰς
1398 3329 1721 3398 χειρώσεται
1751 3345 1765 3359 ο
1790 3323 1865 3380 ὧν

292 3426 385 3477 τὸν
424 3426 522 3493 μὲν
555 3425 873 3492 κατακρινεῖ
900 3424 1086 3490 χρόνον
1117 3421 1212 3474 ἕνα
1239 3421 1462 3489 ποιῆσαι
1497 3424 1553 3473 ἐν
1576 3420 1864 3487 φυλακαῖς,

298 3521 394 3571 καὶ
449 3515 830 3584 ἀπολυθῆναι·
864 3517 954 3567 τὸν
1004 3516 1084 3575 δὲ,
1138 3515 1295 3583 ποινῇ
1352 3513 1513 3582 ἑτέρα
1563 3513 1865 3582 δριμυτέρα

297 3611 399 3678 τῆς
427 3609 694 3680 φυλακῆς.
733 3611 791 3661 ἐν
845 3610 946 3677 μιᾷ
975 3606 1094 3678 ὥρᾳ
1148 3607 1365 3675 δοθῆναι
1410 3606 1557 3674 αὑτῷ
1599 3605 1866 3672 βασάνους

298 3703 675 3772 κολαστηρίων
705 3701 854 3761 δέκα,
883 3701 979 3752 καὶ
1010 3699 1368 3765 ἀπολυθῆναι.
1400 3697 1496 3760 Τίς
1545 3692 1636 3749 οῦν
1667 3699 1728 3748 ἐκ
1756 3697 1867 3748 τῶν

298 3798 388 3849 δύο
415 3796 748 3866 δριμυτέραν
790 3794 994 3863 ὑπέστη
1042 3793 1139 3860 τὴν
1181 3791 1360 3855 δίκην,
1390 3789 1511 3842 εἰπέ
1561 3805 1683 3858 μοι’
1717 3791 1746 3842 6
1778 3791 1868 3841 τὴν

301 3890 548 3941 ἐνιαυτὸν
580 3889 637 3940 ἔν
680 3889 744 3956 τῇ
784 3887 997 3954 φυλακῇ
1045 3885 1300 3952 ποιήσας,
1342 3881 1374 3950 ἢ
1411 3885 1436 3935 6
1470 3883 1568 3944 τὰς
1603 3882 1868 3955 βασάνους

299 3979 478 4031 λαϐὼν
525 3981 583 4031 ὲν
614 3978 807 4048 βραχεῖ
841 3977 1012 4045 μορίῳ
1047 3974 1195 4044 ὧρας
1223 3988 1236 4037 ;
1289 3971 1526 4040 Εὔδηλον
1561 3971 1644 4024 ὅτι
1693 3964 1866 4034 οὗτος.

300 4069 456 4122 Οὕτω
490 4072 584 4123 καὶ
631 4071 687 4121 ὲν
716 4071 780 4138 τῇ
819 4065 937 4137 ὥρᾳ
973 4067 1174 4136 ἐκείνῃ,
1213 4065 1305 4118 καὶ
1352 4067 1415 4134 τῇ
1466 4061 1559 4116 τοῦ
1589 4061 1868 4132 ὀφθαλμοῦ

299 4164 455 4230 ῥιπῇ.
509 4157 570 4213 ⁸0
602 4159 712 4210 τῶν
762 4159 1046 4227 δυνάμεων
1079 4157 1302 4226 Κύριος,
1335 4155 1363 4208 6
1409 4155 1588 4208 πάντα
1635 4156 1869 4225 δυνάμε-

297 4260 408 4313 νος,
446 4254 538 4304 καὶ
584 4251 744 4304 τοῦτο
776 4247 1001 4303 δύναται
1045 4251 1293 4318 ποιῆσαι,
1332 4247 1506 4310 διδοὺς
1547 4249 1644 4316 τὴν
1679 4248 1871 4317 ποινὴν

297 4344 354 4392 ἐν
386 4343 584 4410 ἀκαρεῖ
621 4341 818 4409 χρόνῳ,
849 4342 955 4400 τοῖς
990 4342 1109 4393 τότε
1159 4339 1466 4409 εὑρεθεῖσιν
1495 4342 1552 4391 ὲν
1585 4341 1770 4410 ἐκείνῃ
1802 4341 1866 4408 τῇ

1979 3178 2232 3238 alterum,
2266 3185 2468 3226 annum
2504 3187 2670 3224 unum
2727 3170 3008 3223 damnabit
3041 3168 3106 3222 ad
3161 3181 3460 3229 carcerem,
3496 3173 3549 3217 et

1964 3264 2257 3329 liberabit;
2293 3263 2522 3316 alterum
2553 3261 2655 3312 alia
2703 3274 2864 3327 paena
2903 3257 3139 3312 vinculis
3183 3255 3452 3327 graviore,
3491 3264 3550 3310 nt

1965 3371 2071 3409 una
2138 3355 2271 3408 hora
2337 3353 2616 3406 cruciatus
2662 3349 3058 3420 suppliciorum
3140 3348 3327 3401 decem
3387 3362 3549 3414 expe-

1967 3447 2160 3510 riatur,
2215 3456 2271 3500 et
2311 3445 2616 3499 liberabit:
2675 3444 2800 3514 quis
2843 3457 2910 3496 ex
2971 3441 3206 3504 duobus,
3258 3441 3345 3493 dic
3386 3439 3542 3500 mihi,

1965 3538 2298 3592 acerbiorem
2332 3536 2587 3606 pependit
2621 3532 2889 3603 pinnam?
2927 3533 3023 3602 qui
3076 3546 3170 3600 per
3224 3546 3424 3584 annum
3475 3532 3546 3585 sit

1970 3637 2346 3684 commoratus
2385 3628 2437 3681 in
2462 3627 2715 3688 vinculis,
2750 3641 2818 3679 an
2846 3625 2938 3694 qui
2973 3637 3068 3694 per
3093 3623 3253 3699 breye
3281 3623 3548 3691 temporis

1966 3722 2202 3791 Spatium
2236 3728 2410 3774 tortus
2459 3715 2668 3772 fuerit?
2701 3718 2969 3786 Apertum
2998 3723 3081 3769 est
3113 3715 3256 3783 quod
3292 3714 3412 3768 iste.
3453 3713 3545 3766 Sic

1966 3823 2020 3865 et
2053 3813 2106 3864 in
2137 3811 2226 3864 illa
2266 3810 2425 3874 hora,
2455 3819 2510 3861 et
2536 3825 2646 3864 uno
2687 3808 2796 3862 ictu
2845 3807 3010 3869 oculi,
3044 3806 3403 3874 potentiarum
3440 3805 3546 3856 Do-

1969 3904 2168 3966 tninus,
2238 3901 2330 3969 qui
2379 3901 2567 3953 omnia
2615 3908 2814 3968 potest,
2863 3907 2917 3952 et
2953 3901 3056 3952 hoc
3085 3897 3295 3951 cllicm'e
3344 3904 3542 3964 potest,

1972 4007 2156 4048 acrem
2223 3990 2558 4060 assignattdo
2594 4007 2810 4060 pugnant
2869 3991 2922 4042 in
2959 3987 3276 4044 indivisibili
3305 3997 3543 4054 tempore

1969 4095 2097 4136 tunc
2134 4083 2200 4135 iis
2255 4082 2348 4152 qui
2409 4082 2732 4151 deprehensi
2780 4080 2977 4134 fuerint
3017 4081 3070 4133 in
3129 4079 3444 4149 pwtiitenlia
3490 4088 3542 4130 et

1970 4174 2313 4246 purgatione,
2353 4190 2448 4228 uec
2475 4164 2849 4228 satisfactione
2881 4173 2955 4224 uti
2994 4171 3288 4240 potuerint.
3318 4171 3539 4238 Alioqui

1965 4266 2132 4336 judex
2178 4273 2354 4334 potest
2406 4262 2643 4326 eilicerc,
2695 4261 3058 4328 potentiarum
3114 4258 3374 4312 Dominus
3435 4273 3541 4310 non

1973 4355 2197 4425 potest?
2235 4355 2338 4408 Sed
2367 4355 2480 4407 lucc
2515 4351 2622 4419 iam
2661 4352 2798 4406 satis
2831 4368 2857 4402 a
2901 4369 2986 4403 me
3012 4349 3254 4418 exposita
3288 4355 3412 4402 sunt
3453 4356 3544 4401 :et

296 4435 416 4506 ὥρᾳ
450 4437 506 4487 ὲν
535 4435 794 4506 μετανοίᾳ
826 4439 920 4489 καὶ
948 4437 1006 4488 ὲν
1039 4435 1328 4506 καθάρσει,
1364 4436 1458 4489 καὶ
1492 4433 1566 4504 μὴ
1595 4434 1866 4499 φθάσασιν

1976 4455 2145 4507 recte,
2182 4454 2238 4498 ut
2266 4445 2529 4508 arbitror,
2559 4458 2664 4498 non
2691 4442 3051 4496 cnntemlendi
3086 4440 3271 4495 studio
3321 4440 3548 4492 demon-

299 4526 550 4580 ἐντεῦθεν
586 4526 992 4594 ίκανοποιῆσαι,
1042 4527 1318 4596 δριμεῖαν.
1352 4528 1420 4578 Ἥ
1449 4527 1480 4596 ἡ
1519 4527 1618 4594 μὲν
1652 4525 1870 4592 ἐξουσία

297 4621 521 4672 δύναται
557 4621 716 4671 τοῖτο
747 4618 992 4687 ποιῆσαι,
1029 4621 1058 4670 6
1099 4619 1154 4670 δὲ
1201 4621 1312 4671 τῶν
1347 4619 1634 4688 δυνάμεων
1667 4615 1872 4688 Κύριος

299 4714 358 4764 οὗ
387 4711 634 4775 δὺναται;
677 4709 838 4762 Ἀλλὰ
868 4709 1041 4762 ταῦτα
1073 4726 1165 4778 μοι
1192 4710 1293 4780 ἤδη
1325 4710 1542 4778 εἴρηται
1566 4709 1661 4763 καὶ
1689 4712 1872 4772 καλῶς

301 4809 394 4858 val.
423 4806 628 4866 ίκανῶς
662 4807 785 4858 κατ’
817 4806 955 4873 ἐμὴν
1001 4805 1246 4874 γνώμην,
1283 4806 1358 4859 Οὑ
1391 4807 1530 4858 κατὰ
1567 4808 1871 4874 φιλόνεικον

297 4898 351 4950 δὲ
392 4896 682 4962 ἀπόδειξιν,
715 4895 850 4949 ἀλλὰ
900 4899 963 4965 τῇ
1019 4896 1248 4967 ἀληθείᾳ
1290 4898 1413 4949 ὅσον
1465 4892 1576 4950 οἷόν
1615 4917 1670 4950 τε
1708 4917 1870 4968 συνη-

299 4988 536 5058 γορῆσαι
575 4989 914 5057 γλιχόμενοι,
950 4987 1110 5040 ταῦτ’
1153 4988 1388 5055 ἔφημεν.
1429 4989 1534 5042 Τὸν
1570 4990 1626 5041 δὲ
1657 4992 1868 5052 τοῦτοις

304 5081 377 5148 μὴ
414 5079 758 5147 πειθόμενον,
793 5079 904 5132 οὐδ’
953 5079 1020 5131 ἄν
1049 5097 1131 5137 τις
1166 5081 1229 5130 ἐκ
1265 5083 1474 5148 κεκρῶν
1492 5083 1696 5152 ἀναστῇ
1729 5085 1869 5136 κατὰ

298 5174 359 5224 τὸ
383 5172 584 5239 λόγιον,
613 5174 797 5224 πξϊσαι
839 5171 1092 5240 δυνηθείη
1123 5175 1208 5229 ἄν.
1239 5174 1309 5226 Σὺ
1337 5175 1405 5235 δ’,
1425 5174 1691 5244 ὀρθὸδοξε,
1727 5179 1870 5246 ἔχεις

303 5265 502 5326 ἱκανῶς
544 5265 638 5316 καὶ
681 5261 777 5316 τοῦ
829 5261 1013 5331 τρίτου
1068 5267 1368 5334 κεφαλαίου
1419 5270 1518 5330 τὰς
1574 5269 1874 5334 ἀποδείξεις

300 5356 394 5407 καὶ
433 5355 762 5425 μαρτυρίας,
793 5355 858 5416 ἃς
895 5357 1004 5408 ἀπὸ
1032 5358 1140 5408 τῶν
1174 5357 1333 5422 ἱερῶν
1364 5359 1595 5426 Γραφῶν
1631 5362 1736 5412 τῶν
1764 5363 1875 5413 οεο-

298 5444 470 5509 λῦγων
497 5446 591 5500 καὶ
607 5446 943 5500 διδασκάλων
976 5449 1071 5516 τῆς
1106 5449 1432 5518 Ἐκκλησίας
1460 5451 1871 5521 ἀναλεξάμενοι,

300 5536 438 5589 κατὰ
468 5538 528 5589 τὸ
576 5540 708 5608 ἡμῖν
738 5540 960 5608 ἐφικτὸν
1008 5541 1424 5609 ἑκτεθείκαμεν.
1474 5542 1593 5609 Ἀφ’
1627 5537 1701 5595 ἄν
1741 5545 1872 5597 ἐδείο

1977 4537 2206 4591 strando
2252 4536 2364 4590 haec
2399 4535 2849 4602 conscripsimus,
2883 4533 2975 4585 sed
3031 4531 3206 4599 quoad
3261 4529 3379 4597 ejus
3432 4531 3545 4584 lleri

1977 4636 2174 4699 potest,
2204 4629 2413 4682 veritati
2454 4626 2784 4696 patrocinari
2829 4625 3122 4694 cupiendo.
3167 4620 3275 4676 Sed
3327 4621 3419 4690 qui
3463 4621 3548 4675 bis

1980 4724 2136 4775 tidem
2175 4736 2282 4774 non
2313 4719 2614 4781 adhibebit,
2647 4733 2822 4786 neque
2865 4718 2910 4770 si
2963 4716 3086 4784 quis
3125 4729 3153 4768 a
3190 4713 3420 4767 mortuis
3460 4727 3548 4766 re-

1981 4822 2189 4884 surgat,
2215 4812 2561 4882 persuadebit
2598 4824 2862 4878 unquam.
2888 4806 2969 4862 Tu
2990 4819 3193 4871 autem,
3219 4806 3546 4867 ortbodone,

1979 4915 2244 4974 quantum
2269 4905 2404 4958 satis
2433 4889 2535 4963 est,
2579 4903 2745 4955 babes
2781 4901 2923 4956 tertii
2963 4900 3153 4969 capitis
3205 4899 3549 4952 deuimistra-

1983 4997 2160 5050 tiones
2194 5006 2247 5050 et
2275 4995 2588 5050 testimOnia
2615 5009 2733 5064 qua:
2758 5012 2786 5046 ει
2825 4994 2996 5048 sacris
3027 4991 3323 5060 Scripturis
3344 4989 3549 5043 tlteolo-

2002 5104 2216 5158 gorum,
2283 5096 2336 5141 et
2391 5086 2647 5142 Ecclesia:
2703 5085 3017 5141 doctoribus
3075 5083 3408 5152 colligentes,
3452 5095 3549 5148 pro

1978 5181 2121 5234 virili
2185 5180 2562 5250 exposuimus.
2625 5179 2700 5233 Ex
2741 5179 2939 5248 quibus
2975 5173 3182 5244 liquido
3228 5173 3551 5241 comproba-

1980 5273 2180 5338 vimus,
2230 5272 2445 5326 animas
2476 5282 2596 5342 post
2632 5281 2860 5324 mortem
2898 5280 3151 5336 magnum
3185 5279 3380 5332 capere
3400 5276 3552 5316 emo-

1976 5367 2302 5420 lumentum.
2349 5362 2406 5416 ln
2469 5364 2550 5416 bis
2585 5375 2764 5425 mane,
2812 5361 2866 5413 in
2903 5359 2987 5413 bis
3019 5366 3158 5423 esto,
3195 5356 3394 5426 quippe
3423 5368 3546 5408 cum

1978 5459 2136 5510 aliter
2191 5471 2317 5510 esse
2366 5470 2471 5508 non
2516 5453 2690 5521 possit
2728 5465 2892 5522 quam
2953 5448 3208 5505 Ecclesia:
3256 5444 3546 5502 luminaria

1978 5551 2196 5603 docent.

299 5630 322 5692 ξ
371 5645 469 5695 μεν
519 5632 769 5714 φξνερῶς
826 5634 898 5694 ὡς
947 5636 1000 5686 αἱ
1074 5635 1241 5703 ψυχλὶ
1300 5637 1540 5705 μεγάλην
1585 5637 1853 5706 ὠφέλειαν
1912 5642 2093 5711 ἔχουσι
2153 5625 2287 5712 μετα
2345 5640 2594 5692 θάνατον.
2639 5637 2728 5688 Ἐν
2770 5635 2982 5699 τούτοις
3019 5634 3145 5703 μένε
3175 5647 3190 5664 ⁸
3248 5633 3305 5686 ἒν
3339 5631 3556 5696 τούτοις

308 5721 436 5772 iam.
471 5718 596 5776 Ὅτι
625 5720 723 5773 οὐκ
762 5721 905 5776 ἔστιν
941 5725 1111 5788 illo);
1153 5742 1288 5790 πως,
1328 5725 1360 5795 ἢ
1398 5727 1469 5790 ὡς
1541 5730 1588 5780 οἱ
1639 5729 1696 5795 τῆ

1692 5747 1733 5798 λς
1806 5732 2130 5801 Ἐκκλησίας
2181 5732 2461 5801 φωστῆρες
2496 5731 2855 5783 inﬂamato).
