3978 6204
444 220 572 284 1271

1618 223 1936 285 IOSEPHI
1975 225 2533 288 METHONENSIS

3530 232 3685 297 1272

441 374 3638 414 ΨΜ

934 527 1537 627 ΑΠΟΔΕΙΞΙΣ
1583 541 1811 626 ΤΟΥ
1882 543 1995 625 TI

2078 540 2455 627 *APTOY
2512 504 3159 631 ΚΕΦΑΑΑΙΟΥ

1465 718 1627 785 ToN'
1669 730 1758 785 EN
1787 731 1873 799 Tn
1939 730 2066 803 ΟΡῼ
2131 732 2266 784 Tm:
2312 733 2629 791 eroaor

1500 891 1639 963 Περὶ
1671 892 1781 962 τῆς
1807 893 2204 956 ἀπολαύσεως
2233 890 2352 948 τῶν
2396 891 2604 962 ἁγίων.

1044 1230 1613 1323 DEMONST
1638 1230 2000 1324 RATIO
2076 1231 2526 1332 QUARTI
2605 1228 3074 1320 CAPI’TIS

1258 1426 1425 1495 OUfE
1482 1427 1561 1487 IN
1594 1427 1942 1490 DECRETO
1970 1427 2239 1489 SYNODI
2293 1426 2831 1489 CONTINENTUR

1640 1596 1726 1654 De
1748 1596 2046 1675 [mitione
2067 1602 2438 1658 sanctorum.

1161 1917 1199 1973 l.

496 2019 609 2073 Hoc
629 2025 710 2071 est
742 2025 998 2085 quartum
1038 2012 1241 2067 decreti
1287 2020 1468 2079 caput,
1502 2008 1644 2078 quod
1693 2018 1750 2062 ut
1773 2007 1987 2078 pericu-

424 2111 603 2167 losum
633 2107 1016 2171 criminantur,
1038 2113 1093 2159 et
1132 2104 1200 2157 ab
1230 2103 1531 2157 orthodoxa
1570 2101 1675 2156 fide
1696 2101 1932 2156 alienum
1968 2116 1982 2153 :

426 2201 703 2265 videlicet,
732 2198 876 2267 quod
912 2198 1085 2253 sancti
1117 2196 1225 2250 sint
1258 2196 1309 2249 in
1332 2193 1500 2266 gloria
1525 2193 1638 2256 Dei,
1662 2203 1713 2247 et
1741 2193 1986 2246 laetentur

398 2295 633 2349 -visione
663 2292 783 2357 ejus
818 2306 882 2345 ac
912 2297 1178 2361 quatenus
1210 2288 1405 2342 anima:
1428 2284 1663 2356 perfecte
1693 2284 1984 2355 participes

423 2388 531 2439 sint
564 2385 683 2454 ejus
719 2383 915 2441 divina:
944 2382 1236 2436 fruitimiis.
1273 2380 1379 2434 Sed
1406 2378 1625 2448 quidam
1689 2375 1980 2446 recipiunt,

427 2493 492 2533 ex
531 2492 758 2531 numero
793 2476 1013 2545 inquam
1065 2472 1541 2529 schismatieorum
1578 2468 1983 2540 (schismaticos

428 2568 572 2623 enim
597 2584 692 2623 eos
729 2567 963 2638 appello,
995 2566 1084 2635 qui
1117 2580 1327 2619 sacram
1353 2580 1462 2618 non
1492 2571 1795 2633 sequuntur
1824 2576 1985 2632 syno-

423 2660 599 2729 dum),
630 2659 849 2728 quidam
885 2674 1013 2713 vero
1052 2666 1270 2725 negant.
1304 2657 1569 2710 Caeterum
1602 2655 1863 2709 adversus
1889 2667 1983 2707 eos

418 2751 512 2818 qui
541 2752 868 2805 conﬁtentur
896 2764 1001 2804 non
1027 2758 1111 2804 est
1160 2745 1514 2816 disputationi
1551 2745 1725 2810 locus,
1755 2744 1847 2801 sed
1883 2742 1982 2798 ad-

420 2857 611 2897 versus
640 2843 953 2896 dubitantes
983 2841 1066 2893 vel
1099 2850 1288 2894 contra
1321 2839 1614 2894 sentientes
1647 2853 1868 2893 necesse
1899 2843 1983 2892 est

419 2934 578 2988 nobis
606 2932 752 2986 omni
777 2940 974 2985 conatu
1002 2930 1277 2984 disserere
1301 2938 1355 2984 et
1378 2940 1602 2984 strenue
1624 2928 1976 2996 respondere,

418 3036 475 3081 ut
504 3026 667 3080 etiam
704 3026 806 3083 hoc
839 3035 943 3076 una
977 3037 1098 3075 cum
1136 3023 1256 3076 aliis
1288 3022 1617 3085 stabiliatur,
1672 3030 1727 3073 et
1769 3020 1836 3074 iis
1886 3021 1976 3087 qui

414 3118 707 3173 discrimen
739 3118 900 3185 hujus
958 3115 1035 3169 rei
1093 3114 1370 3183 percipere
1409 3112 1614 3177 volunt,
1656 3111 1857 3164 veritas
1893 3109 1977 3162 in-

416 3218 681 3277 notescat,
719 3225 824 3280 qua
876 3208 1128 3279 cognita,
1183 3205 1658 3261 schismaticorum
1704 3200 1973 3259 insaniam

417 3303 767 3373 perspiciam,
792 3302 1046 3371 quodque
1074 3302 1191 3354 sine
1230 3298 1334 3351 ulla
1374 3311 1600 3367 prorsus
1650 3294 1859 3349 ratione
1890 3307 1977 3362 sy-

413 3396 554 3449 nodo
581 3394 942 3449 adversantnr
975 3400 1029 3446 et
1086 3390 1292 3446 sanctis
1329 3389 1421 3458 qui
1457 3387 1799 3456 apertissime
1833 3386 1976 3439 hanc

412 3484 738 3559 sententiam
768 3484 823 3539 in
874 3484 1027 3539 libris
1076 3484 1193 3538 suis
1223 3480 1543 3550 theologicis
1596 3478 1972 3547 comprobant.

413 3574 635 3630 Servata
672 3574 839 3642 igitur
876 3589 1064 3628 eorum
1097 3588 1218 3642 quin
1273 3581 1430 3625 antea
1463 3569 1815 3638 exposuimus
1845 3582 1976 3621 con-

412 3666 718 3736 sequentia,
758 3660 1109 3735 °incipiamus
1172 3677 1366 3718 rursus
1415 3661 1501 3717 his
1557 3676 1679 3714 cum
1713 3659 1994 3713 ebarilate'

408 3760 757 3829 respondere.
794 3757 1066 3823 Deprecor
1095 3769 1241 3824 ergo
1272 3768 1368 3809 vos
1419 3762 1478 3808 ut
1501 3761 1705 3806 attente
1738 3748 1973 3804 audiatis

407 3868 524 3919 qua:
570 3866 696 3907 mox
735 3849 932 3905 dicturi
1002 3861 1207 3913 sumus,
1247 3856 1304 3901 ut
1355 3844 1533 3900 omnis
1592 3842 1821 3897 oﬂ'ensio
1856 3856 1974 3915 qua:

411 3943 756 3997 concordiam
781 3941 951 4011 possit
981 3939 1245 4008 impedire
1267 3939 1333 3993 de
1391 3936 1568 3991 medio
1603 3935 1844 4001 tollatur,
1881 3950 1971 3987 ve-

406 4036 544 4090 ritas
579 4050 707 4090 vero
738 4036 794 4090 in
815 4034 1070 4103 omnium
1125 4033 1307 4086 animo
1339 4031 1525 4093 insita,
1560 4029 1793 4084 fructum
1822 4027 1971 4098 pacis

407 4136 459 4180 et
488 4125 773 4180 charitatis
811 4125 1096 4194 producat,
1147 4122 1531 4192 eessetque-lis
1569 4132 1622 4176 et
1668 4119 1969 4185 contentio,

405 4217 700 4273 concordia
723 4230 850 4271 vero
882 4224 935 4269 et
983 4215 1223 4270 eharitas
1256 4223 1643 4284 consequatur.
1674 4210 1828 4266 Unde
1875 4212 1973 4280 igi-

404 4321 495 4367 tur
523 4311 734 4366 initium
767 4324 1001 4374 sumam,
1025 4308 1108 4363 vel
1133 4308 1274 4362 unde
1294 4307 1569 4376 incipiam,
1600 4304 1837 4359 fratres?
1862 4302 1972 4358 Un-

402 4405 566 4473 dique
599 4402 812 4459 divinas
844 4400 1177 4469 Scripturas,
1234 4414 1453 4455 sacrum
1516 4397 1863 4468 Evangelium
1918 4404 1972 4449 et

402 4496 659 4553 doctores
696 4495 953 4551 Ecclesiae
984 4494 1142 4548 video
1176 4504 1359 4564 aperte
1396 4493 1461 4547 iis
1491 4507 1655 4561 quaea
1690 4488 1843 4544 vobis
1887 4488 1967 4541 af-

1996 1900 1997 1903 ‘
2019 1918 2069 1975 Α

2832 1914 2911 1970 Α’.

2160 2011 2231 2066 Τὸ
2262 2013 2320 2067 δὲ
2350 2012 2609 2083 τέταρτον
2641 2016 2736 2069 τοῦ
2769 2016 2896 2086 ὅρου
2932 2012 3230 2080 κεφάλαιον
3258 2006 3301 2081 ᾧ
3332 2012 3675 2082 ἐγκαλοῦσιν

2086 2100 2162 2162 ὼς
2188 2102 2438 2172 σφαλερῷ
2468 2105 2561 2157 καὶ
2592 2103 2730 2174 ξένῳ
2760 2104 2859 2168 τῆς
2885 2105 3052 2175 ὀρθῆς
3090 2105 3267 2175 δόξης,
3294 2106 3392 2173 τῷ,
3418 2106 3468 2157 οί
3508 2106 3671 2174 ἅγιοι

2086 2192 2284 2262 δηλαδή
2321 2196 2460 2248 εἰσιν
2488 2196 2552 2253 ιν
2582 2198 2648 2265 τῇ
2687 2196 2811 2267 δόξῃ
2838 2197 2933 2251 τοῦ
2962 2198 3121 2260 Θεοῦ,
3151 2198 3244 2250 καὶ
3272 2197 3668 2266 εὐφραίνονται

2084 2284 2277 2338 τούτου
2335 2288 2400 2355 τῇ
2435 2286 2678 2359 θεωρίαο
2734 2289 2829 2341 καὶ
2875 2288 3097 2350 τελείως
3153 2289 3286 2341 καθὸ
3335 2287 3505 2357 ψυχαὶ
3558 2288 3665 2356 τῆς

2088 2374 2238 2439 θείας
2290 2378 2511 2447 ἐκείνης
2561 2380 2882 2450 μετέχουσιν
2920 2382 3295 2444 ἀπολαύσεως.
3341 2382 3500 2443 Τινὲς
3557 2381 3661 2449 μὲν

2087 2468 2406 2537 στέργουσιν
2444 2468 2504 2535 ἐξ
2541 2470 2739 2536 αὐτῶν,
2788 2472 3028 2540 δηλονότι
3076 2473 3185 2525 τῶν
3230 2473 3610 2542 σχισματικῶν
3640 2491 3660 2505 ·

2089 2564 2482 2629 σχισματικοὺς
2508 2564 2616 2632 γὰρ
2650 2564 2760 2631 ἐγὼ
2799 2564 3044 2627 ἐκείνους
3068 2565 3238 2630 καλῶ,
3267 2566 3395 2626 τοὺς
3420 2567 3495 2633 μὴ
3526 2566 3660 2618 ἐπο-

2090 2655 2285 2722 μένους
2336 2657 2400 2724 τῇ
2441 2656 2561 2724 ἱερᾷ
2613 2657 2850 2724 συνόδῳσ
2890 2657 3036 2719 τινὲς
3092 2656 3137 2709 δ’
3184 2656 3517 2726 ἀρνοῦνται·
3559 2659 3661 2711 καὶ

2084 2747 2217 2815 πρὸς
2276 2747 2377 2815 μὲν
2428 2750 2554 2809 τοὺς
2582 2748 3001 2817 ὁμολογοῦντας,
3059 2750 3237 2812 οὐδεὶς
3274 2751 3409 2819 ἡμῖν
3453 2750 3655 2817 λόγος’

2084 2839 2220 2908 πρὸς
2250 2840 2307 2893 δὲ
2337 2842 2463 2903 τοὺς
2489 2841 2926 2908 ἐπαποροῦντας,
2959 2841 2990 2910 ἢ
3023 2840 3280 2894 τάναντία
3311 2843 3652 2909 φάσκοντας.

2082 2930 2296 3000 ἀνάγκη
2348 2932 2493 2984 ἐστὶν
2561 2933 2742 2986 ίκανδν
2776 2932 2957 2986 δοῦναι
3004 2932 3182 3001 λόγον,
3239 2934 3334 2987 καὶ
3385 2934 3655 3001 γενναίως

2081 3022 2526 3091 ἀπολογήσασθαι
2551 3040 2566 3055 ’
2617 3025 2767 3087 ὅπως
2821 3032 2915 3078 καὶ
2942 3023 3101 3077 τοῦτο
3131 3026 3272 3093 μετὰ
3315 3027 3424 3078 τῶν
3470 3027 3646 3081 ἄλλων

2078 3116 2328 3186 ὀχυρωθῇ
2355 3134 2371 3150 ο
2403 3118 2498 3171 καλ⁸
2528 3119 2614 3172 ἵνα
2658 3121 2704 3172 oi
2729 3119 3042 3188 βουλόμενοι
3075 3120 3173 3191 τὴν
3216 3122 3485 3191 διαφορὰν
3515 3138 3643 3174 συν-

2081 3209 2220 3262 ιέναι
2272 3210 2365 3262 τοῦ
2410 3210 2758 3279 πράγματος,
2836 3213 3148 3281 γνωρίσωσι
3195 3214 3294 3281 τὴν
3348 3212 3644 3283 ἀλήθειαν

2079 3302 2445 3368 γνωρίσαντες
2472 3302 2554 3365 δὲ,
2579 3304 2728 3357 ἴδωσι
2755 3304 2850 3373 τὴν
2874 3304 2983 3357 τῶν
3025 3305 3402 3375 σχισματικῶν
3426 3304 3647 3374 μανίαν⁹

2078 3396 2171 3446 καὶ
2202 3395 2277 3455 ὡς
2310 3396 2512 3465 μηδένα
2552 3396 2709 3464 λόγον
2742 3396 2978 3467 ἔχοντες,
3007 3397 3373 3450 ἐναντιοῦνται
3420 3401 3489 3468 τῇ
3523 3414 3652 3452 συν-

2078 3486 2201 3555 όδῳ,
2254 3487 2347 3539 καὶ
2402 3489 2514 3549 τοῖς
2585 3488 2761 3553 ἁγίοις
2822 3492 2937 3552 τοῖς
2989 3490 3280 3559 προφανῶς
3336 3489 3651 3559 θεολογοῦει

2076 3577 2283 3643 ταύτην
2315 3578 2414 3647 τὴν
2438 3579 2612 3643 δόξαν.
2643 3580 2799 3633 Κατὰ
2850 3582 3135 3650 συνέχειαν
3168 3583 3346 3635 τοίνυν
3382 3582 3490 3635 τῶν
3518 3582 3656 3651 πρό-

2076 3684 2237 3735 τερον
2265 3669 2595 3738 εἰρημένων,
2625 3671 2922 3741 ἀρχώμεθα
2949 3673 3043 3725 καὶ
3071 3671 3226 3736 αὖθις
3256 3676 3393 3743 μετά
3427 3674 3649 3744 ἀγάπης

2077 3759 2526 3828 ἀπολογήσασθαι
2583 3763 2679 3815 καὶ
2735 3763 2871 3831 πρὸς
2939 3764 3122 3821 τοῦτο.
3189 3766 3500 3835 Παρακαλῶ
3552 3763 3647 3820 οὖν

2077 3851 2245 3919 ὑμᾶς,
2274 3853 2544 3922 νουνεχῶς
2594 3853 2830 3907 ἀκούειν
2882 3856 2991 3910 τῶν
3037 3857 3448 3929 ῥηθησομένων,
3500 3860 3649 3922 ὅπως

2078 3945 2185 3996 πᾶν
2223 3943 2322 4014 μὲν
2354 3945 2686 4015 πρόσκομμα
2715 3947 2813 4017 τῆς
2841 3948 3063 4019 εἰρήνης
3096 3949 3400 4003 κωλυτικὸν
3456 3952 3517 4003 ἐκ
3549 3955 3650 4018 μι-

2077 4051 2172 4086 σου
2203 4036 2428 4106 γένηται
2450 4052 2465 4068 ο
2501 4038 2533 4107 ἡ
2566 4037 2611 4089 δ’
2641 4038 2869 4107 ἀλήθεια
2898 4043 3017 4103 ταῖς
3049 4041 3251 4111 ψυχαῖς
3277 4044 3493 4095 πάντων
3539 4046 3650 4113 έμ-

2046 4126 2429 4194 ⁷φυτευθεῖσα,
2469 4132 2873 4203 καρποφορήσῃ
2926 4134 3141 4201 καρπὸν
3186 4138 3425 4206 εἰρήνης,
3455 4154 3516 4189 τε
3550 4140 3647 4191 καὶ

2072 4218 2323 4287 ἀγάπης,
2386 4220 2569 4290 παυθῇ
2620 4224 2748 4293 τεὴ
2799 4224 2915 4294 ἔρις
2972 4243 3032 4279 τε
3086 4227 3179 4280 καὶ
3228 4228 3261 4297 ή
3316 4230 3648 4295 φιλονεικία,

2073 4310 2493 4384 επακολουθήσῃ
2526 4313 2582 4366 δὲ
2616 4316 2647 4386 ἠ
2681 4315 2903 4386 ὁμόνοια
2956 4319 3048 4371 καὶ
3079 4321 3104 4371 ὁ
3163 4319 3257 4372 τοῦ
3306 4320 3441 4375 Θεοῦ
3479 4323 3644 4393 ἔρως.

2073 4402 2245 4457 Πόθεν
2266 4400 2359 4458 οῦν
2388 4406 2733 4477 άπάρξομαι,
2768 4409 3024 4478 ἀδελφοί;
3057 4412 3089 4484 ἢ
3122 4412 3282 4465 πόθεν
3306 4414 3407 4482 τὴν
3436 4432 3646 4486 καταρς

2072 4494 2175 4565 χὴν
2237 4497 2542 4566 ποιήσομαι
2570 4516 2587 4567 ;
2622 4501 2893 4553 Πάντοθεν
2930 4502 3041 4572 ὁρῶ
3092 4503 3195 4566 τὰς
3230 4504 3380 4567 θείας
3423 4507 3646 4575 Γραφὰς

404 4589 677 4650 teruntur,
703 4588 1104 4644 contradicere.
1132 4586 1239 4642 Vos
1261 4602 1386 4640 vero
1420 4600 1487 4639 ex
1517 4583 1729 4651 ﬁvestris
1763 4582 1836 4635 nil
1868 4594 1964 4634 ne-
1994 4606 1995 4621 ι

2078 4586 2173 4640 καὶ
2202 4587 2261 4639 τὸ
2291 4588 2435 4656 ἱερὸν
2474 4590 2831 4658 Εὐαγγέλιον,
2864 4593 2958 4645 καὶ
2994 4594 3121 4656 τοὺς
3160 4594 3517 4659 διδασκάλους
3545 4600 3646 4666 τῆς

403 4682 642 4735 eessario
675 4679 1025 4746 concluditis,
1062 4680 1167 4735 nisi
1195 4688 1321 4733 ante
1339 4692 1683 4733 communem
1718 4688 1966 4729 resurre-

404 4770 665 4835 ctionem,
693 4778 910 4825 sanctos
929 4778 982 4822 et
1019 4776 1333 4836 peccatores
1371 4780 1492 4835 quae
1523 4774 1801 4819 merentur
1831 4774 1965 4832 pne-

403 4862 510 4915 mia
531 4860 612 4913 vel
638 4875 825 4927 ptenas
861 4874 969 4913 non
1008 4860 1254 4930 recipere
1300 4877 1314 4913 :
1350 4859 1400 4913 id
1440 4856 1709 4928 profecto,
1745 4856 1963 4919 fratres.

401 4958 459 5001 ut
494 4947 592 5000 viri
638 4946 833 5001 eruditi
889 4946 1159 5016 judicent,
1197 4949 1396 5002 nullam
1457 4949 1563 5002 vim
1594 4947 1779 5003 habet.
1808 4945 1961 5014 Quod

396 5050 576 5095 autem
604 5039 739 5109 justi
772 5042 1165 5111 et‘peccatores
1205 5054 1233 5092 a
1263 5041 1347 5095 die
1381 5042 1561 5094 exitus
1589 5055 1781 5094 eorum
1819 5036 1960 5091 reei-

395 5135 574 5203 piunt,
595 5134 706 5188 Deo
738 5134 901 5188 verba
923 5131 1369 5190 subministrante
1394 5134 1517 5186 dum
1567 5146 1630 5186 os
1661 5132 1958 5202 aperimus,

398 5225 735 5281 ostendetur.
773 5224 876 5281 Sed
906 5223 1100 5280 ordine
1138 5224 1469 5294 incipiendo,
1500 5224 1662 5278 etiam
1718 5225 1819 5278 hoc
1841 5230 1959 5279 loco

392 5328 609 5386 oportet
661 5318 961 5372 orationem
1035 5318 1197 5373 veluti
1264 5316 1315 5370 in
1374 5315 1589 5385 judicio
1634 5331 1955 5385 proponere,

394 5418 451 5460 ιιι
515 5407 617 5462 hoc
673 5408 865 5479 dogma
914 5410 1032 5465 sole
1088 5409 1292 5465 clarius
1336 5421 1389 5462 et
1444 5407 1635 5478 purius
1682 5408 1957 5462 elucescat

389 5509 579 5553 exacte
624 5500 1009 5572 interrogando
1055 5511 1109 5557 et
1169 5502 1544 5570 respondendo
1604 5516 1953 5570 perpensum.

2080 4677 2434 4749 Ἐκκλησίας,
2467 4682 2761 4750 προφανῶς
2791 4684 3169 4751 ἀντιλέγοντας
3198 4689 3307 4751 τοῖς
3329 4689 3461 4756 παρ’
3488 4690 3645 4758 ὑμῶν

2068 4768 2416 4836 λεγομένοιςο
2451 4769 2608 4837 ὑμεῖς
2641 4770 2909 4832 δὲ,ηοίδὲν
2938 4773 3237 4841 ἀναγκαῖον
3273 4778 3539 4845 συνάγετε
3585 4782 3644 4845 ἐξ

2068 4854 2142 4913 ὧν
2177 4860 2397 4926 λέγετε’
2433 4859 2548 4913 ἀλλ’
2597 4862 2627 4929 ἦ
2681 4862 2865 4930 μόνον.
2897 4863 2973 4926 ὡς
3009 4864 3164 4918 οῦτπω
3200 4866 3279 4936 μὴ
3323 4869 3421 4938 τῆς
3454 4875 3643 4939 κοινῆς

2071 4951 2424 5014 ἀναστάσεως
2454 4953 2773 5023 γενομένης,
2813 4956 2862 5006 oi
2905 4957 3052 5023 ἅγιοι
3086 4958 3187 5011 οὐκ
3224 4960 3500 5013 ἀπέλαϐον
3545 4966 3643 5016 καὶ

2068 5044 2119 5095 οἱ
2151 5043 2467 5111 ἁμαρτωλοὶ
2488 5045 2556 5097 τὰ
2575 5048 2694 5098 κατ’
2717 5045 2871 5109 ἀξίαν
2897 5047 3097 5111 αὐτοῖς.
3132 5048 3301 5102 Τοῦτο
3327 5052 3454 5120 μὲν,
3478 5054 3638 5108 ἀδελ-

2069 5136 2183 5203 φοὶ,
2210 5135 2285 5197 ὡς
2318 5135 2467 5188 δοκεῖ
2498 5139 2608 5199 τοῖς
2632 5136 2852 5204 λογίοις,
2883 5139 3002 5191 οὐδὲ
3048 5143 3176 5209 μίαν
3206 5142 3437 5210 δύναμιν
3480 5146 3595 5215 ἔχει
3615 5190 3635 5211 ,

2068 5227 2151 5280 ὃτι
2198 5226 2255 5280 δὲ
2289 5228 2773 5297 ἀπολαμϐάνουσιν
2816 5232 2863 5284 oi
2900 5232 3048 5299 ἅγιοι
3088 5235 3182 5287 καὶ
3218 5235 3265 5287 οί
3316 5236 3642 5305 ἁμαρτωλοὶ

2066 5318 2177 5371 ἀπὸ
2226 5320 2326 5390 τῆς
2360 5322 2577 5389 ἡμέρας
2620 5322 2717 5390 τῆς
2775 5322 2954 5386 ἐξόδου
3014 5325 3218 5390 αὐτῶν,
3267 5327 3639 5398 δειχθήσεται,

2065 5413 2159 5466 τοῦ
2189 5413 2323 5467 Θεοῦ
2353 5414 2587 5476 διδόντος
2630 5416 2763 5485 ἡμῖν
2802 5416 2958 5485 λόγον
2988 5419 3046 5472 ἐν
3086 5419 3286 5486 ἀνοίξει
3313 5421 3406 5474 τοῦ
3436 5424 3639 5492 στόμα-

2063 5520 2175 5568 τος.
2229 5505 2368 5558 Ἀλλ’
2404 5507 2721 5576 ἀρχόμενοι,
2752 5510 2890 5561 κατὰ
2922 5509 3096 5577 τάξιν,
3146 5513 3248 5563 κάν
3273 5513 3447 5582 τοῦτῳ
3486 5514 3635 5581 ὀφεί-

390 5592 553 5659 λομεν
581 5592 671 5645 τὺν
696 5592 853 5661 λόγον
878 5594 952 5657 ὡς
985 5597 1043 5647 ἐν
1088 5595 1425 5665 δικαστηρίῳ
1501 5596 1819 5666 προθεῖναι·
1856 5598 2003 5659 ὅπως
2080 5600 2326 5667 ἀναφανῇ
2386 5601 2442 5652 τὸ
2498 5603 2675 5671 δόγμα
2720 5603 3058 5673 τρανὼτερον
3105 5604 3195 5657 καὶ
3249 5605 3637 5675 καθαρώτερον

392 5682 485 5738 τοῦ
542 5685 712 5754 ήλῐου,
755 5688 1140 5760 ἐξεταζόμενον
1191 5690 1430 5759 ἀκριϐῶς
1467 5689 1605 5746 κατὰ
1655 5689 1848 5745 πεῦσιν
1888 5706 1942 5743 τε
1987 5693 2079 5746 καὶ
2114 5692 2405 5764 ἀπόκρισιν
