3966 6198
291 272 428 335 12.77

750 278 901 337 PRO
941 280 1151 342 CONC.
1200 258 1582 347 FLORENT.
1624 286 1785 352 CAP.
1832 294 1933 353 ιν.
1967 290 2063 352 DE
2109 294 2540 355 FllUlTlONE
2581 296 3071 359 SANCTORUM.

3397 302 3530 363 1373

287 384 473 453 ἐπειδὴ
505 386 961 454 προσκρούουσιν.
992 390 1175 453 Οὗτοι,
1204 394 1299 446 καὶ
1324 396 1442 448 ἐκεῖ
1468 400 1847 466 μεταστάντες.

1966 412 2250 471 prapterea
2305 402 2562 464 larrvmis
2595 404 2764 473 digni.
2814 405 2952 462 Justi
3018 416 3224 471 autem,
3260 409 3372 463 sive
3420 413 3530 473 hic,

289 478 334 530 οί
390 477 587 529 δίκαιοι
645 477 867 547 δηλαδὴ,
918 484 1221 551 μακάριοι,
1288 487 1370 539 ὅτι
1427 490 1564 558 πρὸς
1624 493 1859 560 Χριστὸν

290 570 550 636 ἀπῆλθον.
586 571 649 623 0i
700 572 1017 643 ἁμαρτωλοὶ
1051 576 1187 630 ὅπου
1232 578 1300 631 ἂν
1345 574 1473 645 ὦσι,
1523 584 1713 654 τιόρρω
1762 586 1857 638 τοῦ

291 662 557 730 βασιλέως
588 664 716 729 εἰσὶ,
748 667 841 717 καὶ
886 666 974 719 διὰ
1004 668 1164 721 τοῦτο
1205 672 1301 725 καὶ
1324 673 1575 743 δακρύων
1611 677 1767 741 ἄξιοι.
1795 679 1857 730 Οἱ

287 754 344 805 δὲ
378 752 599 819 δίκαιοι,
633 756 698 809 ἄν
725 774 783 808 τε
815 758 1070 826 ἐνταῦθα,
1103 762 1167 814 ἄν
1202 763 1249 815 1'
1290 765 1426 829 ἐκεῖ,
1464 768 1602 831 μετὰ
1636 768 1731 822 τοῦ
1767 769 1859 839 βα-

289 846 478 908 σιλέως
502 846 804 902 εἰσίοκάκεῖ
824 851 1023 917 μᾶλλον
1046 855 1364 925 ἐγγύτερον·
1388 858 1447 910 ού
1472 857 1539 912 δι’
1562 860 1855 931 ἐσόπτρου,

284 939 345 990 ού
373 938 461 992 διὰ
495 941 753 1009 πίστεως,
788 944 922 998 ἀλλὰ
972 948 1267 1016 πρόσωπον
1301 952 1439 1019 πρὸς
1475 954 1793 1022 πρόσωπον.
1832 974 1850 1007 ι

288 1032 395 1083 Καὶ
424 1032 725 1103 Γρηγόριος
755 1034 811 1088 δὲ
846 1039 871 1088 ὁ
901 1038 1159 1106 Θεολόγος
1202 1043 1259 1093 ἐν
1286 1041 1364 1112 τῷ
1403 1044 1541 1097 τέλει
1572 1046 1665 1098 τοῦ
1695 1046 1855 1114 λόγου

284 1122 379 1177 τοῦ
410 1127 489 1187 εἰς
520 1128 612 1179 τὸν
638 1126 794 1195 ἅγιον
826 1131 1168 1199 Κυπριανδν,
1219 1134 1391 1203 φησί·
1429 1153 1445 1185 ι
1486 1138 1590 1189 Καὶ
1629 1139 1728 1206 τὴν
1753 1141 1856 1209 τῆς

286 1218 447 1279 ἁγίας
479 1219 705 1287 Τριάδος
738 1220 1028 1291 ἐλλαμψιν,
1061 1220 1129 1298 ἧς
1157 1227 1253 1279 νῦν
1280 1230 1638 1299 παραστάτης
1667 1231 1803 1286 ἐστί.
1832 1251 1849 1284 ι

287 1311 393 1362 Καὶ
442 1311 778 1383 πλατύτερον
811 1316 867 1367 ὲν
902 1316 978 1385 τῷ
1025 1319 1104 1379 είς
1144 1318 1244 1389 τὴν
1282 1320 1515 1391 ἀδελφὴν
1566 1324 1855 1391 Μακρίναν

288 1402 589 1471 Γρηγόριος
621 1404 648 1455 ὁ
680 1404 905 1474 Νύσσης
940 1411 1069 1479 περὶ
1110 1410 1204 1463 τοῦ
1233 1413 1476 1466 τοιούτου
1531 1416 1752 1482 φάσκει.
1797 1416 1855 1469 Ὀ

283 1494 336 1544 δὲ
373 1496 797 1566 Μεταφραστὴς,
819 1502 897 1563 εἰς
927 1501 1015 1553 τὸν
1044 1502 1160 1572 βίον
1191 1504 1282 1559 τοῦ
1306 1506 1463 1573 ἁγίου
1501 1505 1850 1572 Ίωαννικίου,

282 1586 420 1653 πρὸς
450 1587 510 1639 τὸ
563 1589 713 1652 τέλος
763 1591 856 1644 τοῦ
906 1592 1089 1661 λόγου,
1138 1594 1282 1651 οὕτω
1341 1594 1638 1668 διαρρήδην
1684 1599 1850 1667 φησί’

290 1698 307 1729 ι
356 1681 462 1732 Καὶ
496 1682 523 1733 ὁ
568 1684 663 1750 μὲν
710 1685 851 1748 θεῖος
898 1688 1248 1752 Ἰωαννίκιος,
1306 1690 1384 1758 τῷ
1435 1690 1709 1759 πνεύματι
1753 1688 1853 1756 μὲν

286 1770 421 1839 πρὸς
459 1772 517 1825 δν
552 1774 743 1842 ἠγάπα
793 1782 1115 1849 μεταφοιτᾷ,
1176 1785 1361 1852 χοροῖς
1394 1782 1643 1849 ἀγγέλων
1671 1795 1851 1849 παραυ

282 1865 673 1932 πεμπόμενος·
706 1865 784 1936 τῷ
830 1867 1043 1938 σώματι
1090 1872 1167 1935 δὲ,
1224 1874 1369 1943 σορῷ
1423 1874 1792 1929 κατατίθεται.
1824 1894 1843 1927 ι

283 1957 540 2020 Μεθὸδιος
562 1959 619 2011 δὲ
648 1959 675 2009 ὁ
702 1960 953 2029 λαμπρὸν
982 1962 1201 2033 λάμψας
1232 1965 1345 2034 βίον
1371 1968 1427 2020 ἐν
1460 1969 1846 2037 πατριάρχαις,

282 2050 421 2118 μετὰ
466 2051 642 2118 μῆνας
683 2054 776 2105 καὶ
805 2050 957 2118 οὗτος
991 2056 1133 2109 ὀκτὼ
1177 2058 1277 2126 τῆς
1328 2059 1538 2112 ἐκείνου
1569 2060 1849 2126 τελευτῆς,

280 2144 513 2212 ἀπεδίω,
564 2149 1173 2219 τεσσαρεσκαιδεκάτης
1216 2153 1572 2222 ἐνισταμένης
1603 2154 1679 2223 τῷ
1722 2155 1850 2206 ’1ου-

280 2236 397 2304 νῗῳ.
429 2232 562 2289 Τίνα
598 2235 729 2303 γοῦν
756 2238 825 2291 τὰ
855 2240 995 2292 κατὰ
1021 2242 1119 2310 τὴν
1149 2243 1429 2309 τελευτὴν,
1466 2247 1556 2298 καὶ
1589 2245 1727 2313 μετὰ
1752 2244 1849 2313 τὴν

278 2328 538 2400 τελευτὴν
587 2330 680 2383 τοῦ
727 2330 1039 2402 θαυμαστοῦ
1076 2335 1264 2388 τούτου
1325 2336 1654 2390 Ἰωαννικίου
1690 2354 1851 2404 γεγε-

276 2424 527 2489 νημένα;
568 2425 920 2492 παρειμένων
959 2428 1273 2496 συσφίγξεις
1334 2430 1531 2497 μελῶν,
1570 2430 1848 2496 ἄνθρωποι

280 2514 532 2585 πονηρῶν
578 2517 1049 2585 ἀπαλλαττόμενοι
1102 2522 1437 2590 πνευμάτων
1488 2523 1649 2589 μόνον
1697 2526 1743 2574 εί
1782 2525 1845 2589 τῇ

277 2609 487 2659 ἐκείνου
520 2607 662 2678 σορῷ
691 2609 1063 2679 προσέλθοιεν.
1099 2613 1209 2666 Καὶ
1255 2613 1371 2674 πῶς
1418 2613 1527 2684 γὰρ
1552 2615 1651 2667 οὐκ
1689 2615 1849 2681 ἔμελε

274 2699 365 2751 λεν
392 2701 420 2753 δ
457 2699 783 2764 Ἰωαννίκιος
817 2703 1077 2767 τοιούτοις
1131 2706 1225 2757 καὶ
1262 2707 1400 2772 μετὰ
1430 2708 1659 2759 θάνατον
1688 2706 1846 2770 δοξαο

276 2794 494 2863 σθῆναι,
524 2792 584 2847 οὗ
634 2792 735 2861 τὴν
766 2794 1036 2864 ἐκδημίαν
1086 2797 1279 2859 στύλος
1310 2798 1481 2867 πυρὸς
1528 2800 1639 2859 τοῖς
1682 2799 1738 2851 ὲν
1770 2798 1848 2867 τῷ

276 2888 397 2940 κατ’
430 2888 715 2955 Ὄλυμπον
749 2888 864 2958 δρει
896 2888 1122 2957 ὲδήλου;
1158 2886 1220 2942 οὗ
1268 2890 1699 2961 προεπορεύοντο
1750 2890 1847 2958 ἄγα

276 2980 423 3045 γελοι
460 2979 633 3039 πύλας
658 2980 1018 3047 διανοίγοντες
1051 2978 1199 3051 αύτῷ
1231 2983 1329 3045 τὰς
1358 2983 1450 3034 τοῦ
1488 2983 1843 3050 παραδείσου,

1964 494 2077 549 sive
2119 495 2192 549 ibi
2244 497 2385 565 apud
2444 497 2640 565 Regem
2684 507 2837 562 sunt,
2912 500 3098 565 ibique
3140 501 3311 569 magis
3362 517 3532 569 prope

1963 598 2109 649 sunt,
2146 604 2251 641 non
2286 605 2382 659 per
2407 592 2706 657 speculum,
2735 606 2841 646 non
2883 606 2974 659 per
3019 593 3204 658 ﬁdem,
3262 594 3354 647 sed
3396 595 3534 649 facit:

1962 678 2028 732 ad
2054 680 2273 733 faciem.
2327 700 2344 731 ι
2382 683 2445 735 Et
2480 682 2778 753 Gregorius
2818 684 3128 751 Thcologus
3162 685 3215 737 in
3274 684 3377 738 line
3407 701 3534 739 ora-

1962 773 2123 825 tionis
2176 773 2227 825 in
2288 775 2469 827 divum
2525 775 2854 845 Cyprianum
2920 777 3117 844 intulit,
3156 795 3173 826 ι
3208 776 3270 830 Ει
3327 784 3532 831 sancite

1960 864 2249 920 Trinitatis
2278 868 2764 937 splendorem,cui
2796 883 2939 921 nunc
2958 870 3177 922 assidet.
3212 884 3230 918 ι
3261 866 3320 921 Et
3360 868 3531 921 fusius

1962 956 2020 1010 in
2054 958 2304 1012 oratione
2335 959 2386 1011 in
2441 974 2683 1013 sororem
2718 959 3011 1013 Macrinam
3060 960 3356 1028 GregOrius
3391 958 3532 1029 Nys-

1932 1056 2125 1103 ‘senus
2156 1050 2221 1100 de
2253 1052 2356 1103 hoc
2408 1051 2622 1105 Scribit.
2661 1051 3056 1118 Metaphrasms
3092 1066 3218 1103 vero
3268 1052 3321 1105 in
3356 1051 3529 1105 sancti

1958 1137 2223 1194 Joannicii
2294 1139 2409 1195 Vita
2470 1143 2520 1194 in
2559 1141 2661 1195 line
2696 1143 2959 1196 orationis
2994 1144 3071 1196 sic
3106 1152 3293 1210 aperte
3343 1142 3473 1195 dicit
3513 1159 3527 1195 :

1966 1250 1985 1281 ι
2030 1230 2193 1288 Divus
2220 1233 2542 1289 Joannicins
2572 1235 2765 1304 spiritu
2800 1238 3017 1305 quidem
3071 1237 3135 1289 ad
3183 1252 3305 1289 eum
3366 1251 3526 1302 queui

1959 1324 2223 1393 diligebat
2274 1326 2562 1395 demigrat,
2630 1329 2946 1397 angelorum
2988 1329 3173 1383 choris
3210 1329 3527 1391 comitatus,

1957 1430 2184 1485 corpore
2208 1430 2335 1473 vero
2360 1434 2494 1473 urna
2523 1418 2816 1471 clauditur.
2836 1438 2853 1469 ι
2904 1418 3232 1481 Methodins,
3263 1420 3353 1488 qui
3389 1419 3529 1472 inter

1958 1509 2301 1575 patriarchas
2342 1510 2470 1562 dum
2521 1510 2724 1563 viveret
2772 1525 3025 1574 magnum
3083 1510 3264 1563 lumen
3304 1508 3524 1571 cliulsit,

1957 1609 2230 1668 postocto
2264 1614 2476 1654 menses
2521 1600 2588 1653 ab
2627 1600 2744 1669 ejus
2797 1610 2973 1655 morte
3018 1601 3269 1665 decessit,
3324 1600 3390 1653 M
3443 1599 3529 1651 die

1960 1691 2199 1745 instante
2233 1689 2405 1745 Junii.
2432 1689 2561 1755 Quae
2583 1700 2711 1745 sunt
2738 1690 2905 1759 igitur
2928 1706 2987 1744 ea
3018 1705 3136 1760 qua:
3168 1699 3285 1760 post
3318 1689 3525 1744 obitum

1963 1780 2127 1850 hujus
2165 1782 2507 1836 admirabilis
2566 1781 2837 1838 Joannicii
2879 1782 3273 1853 contigerunt?
3305 1780 3529 1835 Fracto-

1959 1888 2079 1927 rum
2107 1873 2570 1929 consolidationes
2602 1875 2993 1939 membrorum,
3018 1874 3238 1944 quidam
3291 1888 3319 1927 a
3346 1874 3528 1941 pravis

1959 1965 2295 2017 limmonibus
2325 1964 2533 2018 liberati
2566 1974 2716 2031 sunt,
2754 1980 2877 2019 cum
2900 1965 2966 2019 ad
2997 1964 3113 2033 ejus
3151 1972 3359 2017 tantum
3413 1978 3528 2015 mo-

1960 2067 2281 2110 numentum
2306 2056 2688 2110 accessissent.
2718 2055 2785 2109 Et
2810 2071 2917 2125 quo
2952 2064 3113 2126 pacto
3148 2064 3271 2125 post
3311 2056 3523 2110 obitum

1961 2158 2171 2218 poterat
2216 2147 2536 2202 Joannicius
2588 2148 2689 2201 hac
2717 2149 2886 2217 gloria
2944 2148 3189 2217 spoliari,
3227 2147 3383 2215 cujus
3416 2149 3528 2199 dis-

1958 2256 2176 2295 cessum
2212 2241 2465 2294 columna
2500 2241 2640 2310 ignis
2681 2241 2821 2309 apud
2842 2251 3096 2295 ’moutem
3134 2240 3417 2310 Olympum
3451 2240 3526 2293 si-

1958 2332 2466 2400 gnillcavit?quem
2522 2331 2698 2400 angeli
2735 2330 3116 2398 praecedebant
3161 2329 3395 2397 paradisi
3445 2328 3528 2396 ja-

1958 2440 2095 2479 nnas
2118 2425 2446 2494 aperientes,
2477 2434 2529 2477 et
2561 2426 2614 2478 in
2671 2424 2949 2479 caelestem
2999 2422 3395 2477 beatitudinem
3434 2422 3527 2474 de-

1957 2520 2219 2572 ducentcs
2273 2528 2332 2571 ut
2390 2518 2713 2587 purificatus‘
2779 2518 2831 2571 in
2897 2524 3249 2583 conspectum
3310 2513 3525 2566 Domini

1957 2612 2268 2678 perveniret
2301 2618 2355 2664 et
2416 2624 2541 2664 cum
2584 2611 2901 2679 angelorum
2959 2608 3244 2662 ordinibus
3286 2620 3530 2661 venare-

1957 2710 2065 2767 tur,
2097 2717 2127 2757 a
2161 2703 2363 2771 quibus
2394 2703 2551 2756 beata
2611 2702 2854 2756 Trinitas
2894 2700 3228 2770 glorificatur
3277 2707 3331 2753 et
3380 2697 3528 2749 exal-

1958 2801 2106 2847 tatur
2154 2810 2301 2849 nunc
2354 2804 2408 2850 et
2443 2798 2499 2849 in
2558 2795 2887 2859 sempiterna
2939 2793 3131 2847 sarcula
3179 2790 3524 2846 saeculorum.

1955 2887 2150 2941 Amen.
2187 2906 2206 2937 ι
2264 2885 2445 2951 Vides,
2507 2895 2561 2940 tu
2596 2888 2688 2956 qui
2742 2886 3092 2950 contradicis,
3155 2884 3297 2955 quod
3350 2882 3526 2951 angeli

1955 2978 2355 3047 praecedebant,
2392 2984 2445 3030 ct
2475 2978 2596 3031 curii
2629 2977 2824 3040 ianuas
2855 2976 2956 3045 ipsi
2988 2976 3326 3045 aperiebant,
3368 2982 3421 3026 et
3460 2974 3526 3026 ad

279 3077 371 3127 καὶ
400 3074 538 3143 πρὸς
584 3072 682 3143 τὴν
712 3073 923 3125 ἐκεῖθεν
979 3074 1361 3144 μακαριότητα
1400 3072 1805 3135 διαϐιϐάζοντες
1830 3092 1843 3106 ο

1953 3070 2232 3123 caelestem
2289 3068 2677 3123 beatitudinem
2733 3068 3141 3138 perducebant;
3204 3082 3315 3136 quo
3372 3081 3529 3134 pacm

277 3167 531 3238 καθαρῶς
582 3167 1128 3235 ἐμφανισθησὸμενον
1162 3164 1240 3231 τῷ
1282 3165 1559 3236 προσώπῳ
1612 3168 1841 3236 Κυρίου,

273 3263 365 3311 καὶ
392 3258 709 3327 άγγελικαῖς
764 3256 1125 3323 συνεσόμενον
1156 3253 1397 3317 τάξεσιν,
1431 3252 1522 3322 ὑφ’
1560 3252 1634 3308 ὼν
1668 3258 1699 3326 ἡ
1741 3275 1845 3324 μα-

271 3353 444 3421 καρία
498 3350 671 3418 Τριὰς
717 3346 1001 3413 δοξάζεται
1036 3346 1130 3397 καὶ
1185 3345 1571 3414 μεγαλύνεται,
1623 3346 1717 3399 νῦν
1752 3347 1847 3400 καὶ

272 3448 351 3507 εἰς
386 3445 510 3504 τοὺς
552 3432 943 3509 ἀτελευτήτους
975 3438 1176 3501 αἰῶνας
1210 3438 1321 3489 τῶν
1365 3438 1601 3502 αἰώνων,
1639 3441 1839 3508 ἁμήν.»

281 3538 449 3604 Ὀρᾷς
489 3538 515 3586 ὁ
547 3533 865 3597 ἀντιλέγων,
902 3533 985 3584 ὅτι
1015 3531 1237 3597 ἄγγελοι
1266 3531 1718 3602 προεπορεύοντο,
1754 3536 1847 3587 καὶ

273 3630 371 3689 τὰς
424 3622 517 3679 τοῦ
554 3625 887 3692 παραδείσου
921 3623 1093 3686 πύλας
1135 3621 1285 3692 αύτῷ
1340 3622 1671 3688 ἀνοίγοντες,
1709 3624 1846 3693 πρὸς

274 3721 373 3788 τὴν
405 3716 611 3770 ἐκεῖθεν
639 3712 945 3779 διεϐίϐαζον
978 3716 1352 3783 μακαριότητα
1376 3732 1388 3781 ;
1424 3715 1543 3776 Πῶς
1570 3716 1708 3779 ὅλως
1731 3716 1847 3769 τολ-

277 3814 415 3879 μᾶτε
448 3809 753 3875 ἀντιλέγειν
781 3806 1057 3867 τοσούτοις
1092 3804 1435 3867 διδασκάλοις
1467 3806 1569 3875 τῆς
1620 3806 1848 3877 Ἐκκλη-

276 3902 426 3966 σίας;
482 3900 543 3952 Ὀ
595 3899 651 3951 δὲ
711 3894 1224 3966 προμνημονευθεὶς
1277 3894 1418 3956 θεῖος
1470 3894 1772 3965 Γρηγόριος
1818 3897 1845 3948 δ

273 3994 546 4057 Διάλογος,
579 3994 607 4043 ὁ
635 3990 735 4057 τῆς
768 3986 1151 4058 πρεσϐυτέρας
1199 3986 1419 4056 Ῥώμης
1444 3988 1753 4057 ἀρχιερεὺς,
1788 3990 1845 4041 ὲν

269 4084 347 4151 τῷ
380 4082 623 4152 τετάρτῳ
676 4080 866 4150 βιϐλίῳ
912 4078 1021 4131 τῶν
1074 4076 1370 4143 Διαλόγων,
1428 4079 1487 4130 ἐν
1537 4083 1661 4140 ταῖς
1710 4079 1845 4145 πρὸς

272 4175 479 4243 Πέτρον
532 4172 625 4225 τὸν
686 4170 1065 4242 ἀρχιδιάκονον
1116 4170 1281 4222 αὑτοῦ
1335 4172 1660 4239 ἀποκρίσεσι
1718 4172 1845 4240 περὶ

268 4268 480 4326 τούτου.
526 4265 752 4318 τοιαῦτα
807 4264 979 4339 λέγει.
1028 4280 1046 4315 t
1093 4265 1320 4332 Πέτρος.
1391 4263 1642 4333 ’Λρέσκει
1687 4263 1714 4316 δ
1757 4263 1846 4315 λέ-

269 4378 404 4425 -ιέις.
451 4358 612 4411 ’Δλλὰ
640 4358 842 4426 γνῶναι
878 4357 1038 4421 θέλω,
1087 4359 1183 4409 δαν
1210 4356 1305 4409 νῦν
1338 4358 1442 4427 πρὸ
1498 4358 1593 4425 τῆς
1642 4357 1844 4428 ἀπολή-

1952 3171 2031 3215 ιοι
2098 3169 2152 3214 et
2190 3162 2358 3213 tantis
2386 3159 2648 3213 Ecclesia).
2672 3162 2986 3215 doctoribus
3031 3160 3259 3214 omnino
3308 3169 3529 3212 contra-

1948 3253 2133 3306 dicere
2179 3251 2423 3305 audetis?
2459 3253 2624 3305 Divus
2671 3252 2965 3320 Gregorius
3034 3252 3317 3317 Dialogus,
3371 3252 3527 3317 cujus

1958 3353 2121 3396 antca
2159 3344 2529 3405 meminimus,
2564 3344 2763 3397 veteris
2790 3343 2973 3397 Roma:
2998 3344 3257 3412 pontifex,
3319 3345 3413 3397 lib.
3475 3358 3526 3395 tv

1962 3430 2334 3499 Dialogorum,
2369 3434 2421 3487 in
2460 3433 2908 3502 responsionihus
2936 3434 3002 3488 ad
3027 3433 3246 3487 Petrum
3277 3433 3394 3500 ejus
3440 3448 3526 3485 ar-

1948 3522 2357 3584 chidiaconum,
2395 3539 2560 3593 super
2625 3527 2723 3579 hac
2769 3540 2827 3578 re
2881 3525 2955 3578 ita
3006 3525 3140 3579 dicit
3178 3540 3191 3579 :
3228 3544 3246 3576 ‹
3288 3524 3527 3583 Petrus;

1948 3615 2134 3671 Placet
2171 3617 2315 3683 quod
2344 3618 2505 3678 dicis,
2566 3617 2659 3672 sed
2693 3631 2858 3671 nosse
2890 3616 3084 3671 vellem
3121 3618 3165 3671 si
3201 3630 3346 3672 nunc
3401 3626 3527 3670 ante

1948 3710 2348 3766 restitutiOnem
2378 3711 2649 3780 corporis,
2695 3710 2749 3763 in
2785 3710 2925 3765 coelo
2960 3710 3126 3778 recipi
3161 3710 3377 3764 valeant
3405 3712 3521 3763 ani-

1947 3817 2047 3856 mai
2079 3803 2369 3868 iustorum.
2407 3802 2519 3856 lloc
2548 3818 2725 3872 neque
2757 3802 2823 3863 de
2876 3800 3134 3856 omnibus
3172 3801 3335 3869 justis
3368 3800 3526 3856 fateri

1947 3908 2268 3964 possumus.
2319 3910 2495 3964 neque
2524 3896 2591 3949 de
2633 3895 2892 3950 omnibus
2944 3910 3179 3962 negare;
3217 3908 3339 3947 nam
3398 3904 3527 3948 sunt

1948 3989 2316 4057 quorumdam
2350 3989 2627 4056 justorum
2658 3987 2855 4040 animae
2881 4003 3001 4056 quae
3034 4003 3063 4040 a
3109 3986 3318 4041 cmlesti
3359 4002 3526 4055 regno

1947 4081 2281 4147 quibusdam
2320 4078 2499 4134 adhuc
2533 4080 2913 4133 mansionibus
2970 4079 3227 4135 diﬂ'erunt
3262 4097 3276 4134 :
3327 4082 3380 4135 in
3412 4098 3521 4148 quo

1946 4170 2229 4225 dilationis
2251 4173 2453 4225 damno
2491 4170 2619 4238 quid
2654 4170 2798 4225 aliud
2837 4171 3101 4233 inanitur,
3134 4172 3239 4225 nisi
3268 4173 3411 4241 quod
3455 4174 3521 4225 dc

1951 4263 2189 4331 perfecta
2221 4262 2429 4328 justitia
2456 4262 2659 4331 aliquid
2686 4262 2869 4315 minus
2891 4262 3219 4316 habuerunt.
3248 4264 3311 4315 Et
3342 4273 3520 4315 tamen

1949 4362 2073 4415 luce
2104 4360 2310 4414 clarius
2336 4369 2551 4414 constat
2581 4359 2706 4428 quia
2753 4358 3120 4426 perlectorum
3168 4362 3363 4412 anima:
3398 4375 3520 4413 mox

267 4457 414 4521 ψεως
452 4453 562 4504 τῶν
599 4451 890 4517 σωμάτων,
946 4450 1004 4500 ἐν
1049 4448 1128 4516 τῷ
1172 4446 1390 4516 ούρανῷ
1442 4446 1841 4515 προσδεχθῆναι

1953 4463 2009 4508 υι
2037 4453 2199 4524 hnjus
2231 4452 2411 4506 carnis
2457 4451 2694 4504 claustra
2734 4460 2954 4514 exeunt,
2991 4452 3042 4504 in
3096 4452 3332 4506 cmlestis
3376 4454 3524 4519 regni

268 4546 526 4598 δύνωνται
554 4545 607 4595 αἱ
636 4542 807 4611 ψυχαὶ
840 4540 949 4592 τῶν
980 4541 1228 4593 δικαίων.
1251 4559 1267 4590 ι
1293 4540 1613 4609 Γρηγόριος.
1644 4537 1845 4591 «Τοῦτο

268 4637 393 4689 οὔτε
445 4637 574 4703 περὶ
628 4638 843 4688 πάντων
883 4630 992 4686 τῶν
1042 4632 1271 4685 δικαίων
1325 4633 1502 4685 εἰπεῖν
1543 4631 1841 4701 δυνάμεθα,

267 4726 393 4780 οὔτε
450 4726 614 4778 πάλιν
676 4720 961 4784 παντελῶς
1015 4721 1385 4791 ἀρνήσασθαι.
1423 4720 1545 4774 Εἰσὶ
1581 4721 1680 4790 μὲν
1733 4722 1843 4789 γὰρ

266 4818 489 4871 δικαίων
520 4818 680 4869 τινῶν
713 4816 906 4884 ψυχαὶ.
944 4815 1147 4875 αἵτινες
1174 4814 1238 4864 ἐκ
1264 4810 1362 4875 τῆς
1388 4814 1719 4881 ἐπουρανίου
1748 4813 1844 4881 βα-

270 4910 499 4972 σιλείας,
524 4907 636 4959 τισὶ
666 4907 853 4967 μοναῐς
880 4903 1203 4956 διίστανται.
1237 4904 1347 4970 Τῆς
1384 4902 1440 4954 δὲ
1484 4902 1684 4970 ζημίας
1711 4901 1843 4956 ταύ-

267 5017 364 5065 της
396 4996 494 5067 τὴν
523 4996 775 5061 δήλωσιν,
805 4996 859 5047 τί
886 4994 1073 5063 ἕτερον
1102 4994 1393 5059 δείκνυσιν,
1426 4995 1474 5046 si
1514 4995 1589 5065 μὴ
1631 4995 1710 5047 ὅτι
1742 4995 1843 5062 τῆς

263 5088 561 5156 ὁλοκλήρου
618 5086 984 5154 δικαιοσύνης,
1072 5087 1295 5155 ἔλλειμα
1351 5088 1405 5140 τί
1458 5104 1590 5140 ποτε
1641 5091 1839 5156 ἕσχον;

268 5181 391 5232 ἐπεὶ
439 5177 661 5232 ὅτιτῶν
690 5177 1129 5245 τετελειωμένων
1172 5180 1393 5232 δικαίων
1421 5181 1480 5232 αι
1521 5180 1711 5249 ψυχαὶ,
1750 5180 1839 5232 εύ-

274 5271 412 5329 οέως
444 5268 603 5335 ἡνίκα
640 5271 705 5322 ὲκ
736 5270 846 5323 τῶν
886 5271 984 5339 τῆς
1012 5272 1214 5339 σαρκὸς
1251 5271 1515 5341 νλςίορων
1547 5271 1840 5338 ἑξέλθωσιν

266 5362 323 5411 ὲν
348 5364 469 5425 ταῖς
508 5362 785 5432 οὐρανίαις
818 5363 1109 5433 καθέδραις
1158 5363 1546 5432 ὑποδέχονται,
1595 5364 1843 5434 φανερώ-

266 5468 425 5521 τερον
454 5454 546 5505 τοῦ
585 5454 763 5521 φωτὸς
798 5455 1161 5523 καθέστηκεν.
1200 5456 1348 5523 Αὐτὴ
1379 5454 1486 5522 γὰρ
1520 5455 1550 5523 ἡ
1598 5455 1840 5524 ἀλήθεια

265 5543 335 5595 δι’
363 5544 563 5613 ἑαυτῆς
593 5548 865 5615 μαρτυρεῖ
885 5546 1144 5613 λέγουσα,
1176 5546 1351 5599 Ὅπου
1379 5545 1439 5596 τὸ
1473 5546 1697 5614 πτῶμα,
1727 5547 1844 5598 ἐκεῖ

268 5636 696 5705 συναχθήσονται
752 5638 847 5691 καὶ
891 5640 938 5690 οἱ
996 5640 1185 5691 ἀετοί’

269 5729 427 5793 αύτὶς
461 5732 487 5783 δ
538 5732 819 5801 λυτρωτὴς
868 5733 1021 5803 ἡμῶν
1062 5734 1152 5786 σὺν
1186 5736 1247 5803 τῇ
1303 5728 1526 5804 σαρκὶῇ
1580 5732 1839 5785 ἀνέλαϐεν

1256 5637 1556 5701 τουτέστιν,
1591 5640 1673 5691 ὅτι
1714 5639 1839 5691 ἔνθα

1947 4546 2169 4600 sedibus
2201 4543 2563 4613 recipiuntur,
2599 4559 2617 4592 ι
2661 4545 2804 4610 quod
2839 4552 2891 4595 et
2924 4542 3038 4621 ipsa
3077 4558 3173 4611 per
3220 4559 3279 4597 se
3314 4543 3525 4598 Veritas

1946 4646 2176 4691 teStatur
2207 4637 2393 4690 dicens
2434 4651 2448 4692 :
2502 4654 2520 4686 ι
2560 4633 2884 4703 Ubicunque
2933 4633 3098 4687 fuerit
3144 4651 3362 4703 corpus,
3416 4636 3523 4690 illic

1946 4728 2420 4799 congregabuntur
2445 4735 2496 4781 et
2521 4728 2748 4796 aquilzu;
2783 4726 2906 4795 quia
2929 4725 3018 4780 ubi
3051 4727 3167 4793 ipse
3190 4726 3524 4795 Redemptor

1954 4833 2139 4873 noster
2167 4827 2252 4874 est
2279 4834 2527 4887 corpore.
2585 4820 2696 4872 illic
2752 4819 2937 4887 procul
2990 4818 3156 4871 dubio
3189 4818 3525 4887 colliguntur

1940 4912 2219 4979 iustorum
2251 4913 2468 4965 animae.
2505 4928 2521 4959 ι
2562 4911 2628 4965 Et
2660 4912 2883 4977 Paulus,
2924 4929 2942 4961 ι
2975 4912 3147 4979 Cupio
3193 4911 3439 4975 dissolvi,
3469 4920 3523 4964 et

1946 5014 2065 5056 esse
2117 5014 2239 5055 cum
2274 5000 2515 5055 ChriSto.
2555 5018 2573 5052 ι
2616 5000 2718 5066 Qui
2776 5016 2909 5070 ergo
2968 5002 3248 5055 Christum
3302 5017 3424 5055 esse
3465 5002 3517 5055 in

1942 5090 2087 5146 callo
2117 5102 2297 5162 negat,
2335 5092 2426 5161 qui
2460 5093 2623 5147 etiam
2661 5095 2729 5147 de
2753 5092 3118 5147 dissolutione
3158 5092 3241 5146 sui
3273 5093 3517 5159 corporis

1944 5194 2110 5253 atoue
2143 5183 2540 5239 inhabitatione
2572 5184 3162 5250 cmlestispatrizedicit
3194 5200 3206 5236 :
3241 5199 3261 5235 ι
3294 5184 3514 5237 Scimus

1944 5275 2203 5344 quoniam
2246 5274 2287 5327 si
2315 5277 2592 5330 terrestris
2623 5276 2817 5327 domus
2871 5281 3053 5326 nostra
3112 5270 3273 5340 hujus
3307 5274 3517 5325 habita-

1945 5367 2115 5423 tionis
2150 5367 2504 5427 dissolvatnr,
2532 5367 2674 5435 quod
2696 5364 3110 5419 aediﬁcationem
3155 5365 3418 5419 habemus
3446 5380 3513 5418 ex

1948 5460 2081 5523 Deo,
2122 5460 2341 5511 domum
2376 5474 2481 5512 non
2518 5474 2677 5510 manu
2728 5457 2948 5520 factam,
3011 5457 3103 5511 sed
3142 5463 3399 5511 mternam
3455 5458 3512 5511 in

1943 5550 2118 5605 costis.
2152 5569 2168 5601 ι
2200 5550 2351 5604 Nosti
2400 5565 2551 5618 ergo,
2615 5548 2696 5602 vel
2734 5550 2957 5616 audisti,
2996 5550 3123 5619 quid
3166 5550 3253 5604 hic
3285 5561 3510 5607 sanctus

1950 5644 2119 5704 dicat,
2164 5642 2309 5711 quod
2342 5658 2463 5695 cum
2492 5643 2726 5710 primum
2746 5659 2811 5696 ex
2858 5644 2957 5698 hac
2988 5645 3097 5697 vita
3128 5645 3298 5698 sancti
3327 5645 3511 5699 deces-

1948 5736 2143 5799 serint,
2180 5733 2428 5789 \‘idCliCCl
2481 5734 2751 5804 jnstornm
2804 5735 3167 5805 perfecturum
3214 5738 3405 5792 anima:
3440 5738 3511 5792 ad
