  <div class='ocr_page' id='page_1' title='image "/cluster/home/n/w/nwhite01/storage/ocr_20150623/159/hvd.32044073502684/699.png"; bbox 0 0 3966 6198; ppageno 0'>
   <div class='ocr_carea' id='block_1_1' title="bbox 439 290 577 355">
    <p class='ocr_par' dir='ltr' id='par_1_1' title="bbox 439 290 577 355">
     <span class='ocr_line' id='line_1_1' title="bbox 439 290 577 355; baseline -0.051 0"><span class='ocrx_word' id='word_1_1' title='bbox 439 290 577 355; x_wconf 75' lang='grc'>127⁸]</span> 
     </span>
    </p>
   </div>
   <div class='ocr_carea' id='block_1_2' title="bbox 1623 280 2535 347">
    <p class='ocr_par' dir='ltr' id='par_1_2' title="bbox 1623 280 2535 347">
     <span class='ocr_line' id='line_1_2' title="bbox 1623 280 2535 347; baseline -0.007 0"><span class='ocrx_word' id='word_1_2' title='bbox 1623 286 1907 347; x_wconf 78' lang='lat' dir='ltr'>JDSEPH</span> <span class='ocrx_word' id='word_1_3' title='bbox 1923 287 1945 346; x_wconf 82' lang='grc' dir='ltr'>Ι</span> <span class='ocrx_word' id='word_1_4' title='bbox 1963 280 2036 346; x_wconf 67' lang='grc' dir='ltr'>’Μ</span> <span class='ocrx_word' id='word_1_5' title='bbox 2052 287 2306 347; x_wconf 79' lang='grc' dir='ltr'>ΕἸἩΟΝ</span> <span class='ocrx_word' id='word_1_6' title='bbox 2319 284 2535 343; x_wconf 76' lang='lat' dir='ltr'>ENSIS</span> 
     </span>
    </p>
   </div>
   <div class='ocr_carea' id='block_1_3' title="bbox 3523 271 3676 338">
    <p class='ocr_par' dir='ltr' id='par_1_3' title="bbox 3523 271 3676 338">
     <span class='ocr_line' id='line_1_3' title="bbox 3523 271 3676 338; baseline -0.026 0"><span class='ocrx_word' id='word_1_7' title='bbox 3523 271 3676 338; x_wconf 76' lang='lat'>1280</span> 
     </span>
    </p>
   </div>
   <div class='ocr_carea' id='block_1_4' title="bbox 432 385 2016 468">
    <p class='ocr_par' dir='ltr' id='par_1_4' title="bbox 432 396 2002 465">
     <span class='ocr_line' id='line_1_4' title="bbox 432 396 2002 465; baseline -0.001 -13"><span class='ocrx_word' id='word_1_8' title='bbox 432 400 685 454; x_wconf 79' lang='lat' dir='ltr'><strong>caelestes</strong></span> <span class='ocrx_word' id='word_1_9' title='bbox 734 397 889 452; x_wconf 81' lang='lat' dir='ltr'><strong>sedes</strong></span> <span class='ocrx_word' id='word_1_10' title='bbox 941 406 995 449; x_wconf 88' lang='lat' dir='ltr'>et</span> <span class='ocrx_word' id='word_1_11' title='bbox 1061 396 1372 452; x_wconf 88' lang='lat' dir='ltr'><strong>mansiones</strong></span> <span class='ocrx_word' id='word_1_12' title='bbox 1421 396 1762 452; x_wconf 81' lang='lat' dir='ltr'><strong>deferuntur.</strong></span> <span class='ocrx_word' id='word_1_13' title='bbox 1822 398 1864 450; x_wconf 80' lang='grc' dir='ltr'><strong>Α</strong></span> <span class='ocrx_word' id='word_1_14' title='bbox 1893 411 2002 465; x_wconf 88' lang='lat' dir='ltr'>quo</span> 
     </span>
    </p>
   </div>
   <div class='ocr_carea' id='block_1_5' title="bbox 2121 385 3680 468">
    <p class='ocr_par' dir='ltr' id='par_1_5' title="bbox 2121 385 3680 468">
     <span class='ocr_line' id='line_1_5' title="bbox 2121 385 3680 468; baseline -0.01 -16"><span class='ocrx_word' id='word_1_15' title='bbox 2121 400 2366 468; x_wconf 68' lang='grc' dir='ltr'>ὒπάρχει,</span> <span class='ocrx_word' id='word_1_16' title='bbox 2416 396 2533 448; x_wconf 75' lang='grc' dir='ltr'>ἐκεῖ</span> <span class='ocrx_word' id='word_1_17' title='bbox 2580 390 2919 451; x_wconf 82' lang='grc' dir='ltr'>ἁδιστάκτως</span> <span class='ocrx_word' id='word_1_18' title='bbox 2977 387 3402 457; x_wconf 74' lang='grc' dir='ltr'>συναχθήσονται</span> <span class='ocrx_word' id='word_1_19' title='bbox 3448 386 3506 439; x_wconf 79' lang='lat' dir='ltr'>ai</span> <span class='ocrx_word' id='word_1_20' title='bbox 3559 385 3680 437; x_wconf 86' lang='grc' dir='ltr'>τῶν</span> 
     </span>
    </p>
   </div>
   <div class='ocr_carea' id='block_1_6' title="bbox 434 488 1997 559">
    <p class='ocr_par' dir='ltr' id='par_1_6' title="bbox 434 488 1997 559">
     <span class='ocr_line' id='line_1_6' title="bbox 434 488 1997 559; baseline -0.002 -14"><span class='ocrx_word' id='word_1_21' title='bbox 434 492 603 558; x_wconf 76' lang='lat' dir='ltr'><strong>igitur</strong></span> <span class='ocrx_word' id='word_1_22' title='bbox 627 492 880 558; x_wconf 72' lang='lat' dir='ltr'><strong>egregius</strong></span> <span class='ocrx_word' id='word_1_23' title='bbox 922 490 1008 542; x_wconf 87' lang='lat' dir='ltr'><strong>ille</strong></span> <span class='ocrx_word' id='word_1_24' title='bbox 1030 489 1296 559; x_wconf 76' lang='lat' dir='ltr'>Ephesius</span> <span class='ocrx_word' id='word_1_25' title='bbox 1318 489 1510 544; x_wconf 90' lang='lat' dir='ltr'><strong>didicit</strong></span> <span class='ocrx_word' id='word_1_26' title='bbox 1555 488 1694 557; x_wconf 79' lang='lat' dir='ltr'><strong>quod</strong></span> <span class='ocrx_word' id='word_1_27' title='bbox 1728 504 1902 556; x_wconf 85' lang='lat' dir='ltr'><strong>usque</strong></span> <span class='ocrx_word' id='word_1_28' title='bbox 1930 488 1997 543; x_wconf 88' lang='lat' dir='ltr'>ad</span> 
     </span>
    </p>
   </div>
   <div class='ocr_carea' id='block_1_7' title="bbox 436 580 2002 650">
    <p class='ocr_par' dir='ltr' id='par_1_7' title="bbox 436 580 2002 650">
     <span class='ocr_line' id='line_1_7' title="bbox 436 580 2002 650; baseline 0.002 -18"><span class='ocrx_word' id='word_1_29' title='bbox 436 581 797 636; x_wconf 76' lang='lat' dir='ltr'><strong>universalein</strong></span> <span class='ocrx_word' id='word_1_30' title='bbox 854 581 1307 635; x_wconf 69' lang='lat' dir='ltr'>resurrectionem</span> <span class='ocrx_word' id='word_1_31' title='bbox 1358 582 1599 650; x_wconf 75' lang='lat' dir='ltr'>recipere</span> <span class='ocrx_word' id='word_1_32' title='bbox 1637 597 1743 635; x_wconf 87' lang='lat' dir='ltr'>non</span> <span class='ocrx_word' id='word_1_33' title='bbox 1801 580 2002 636; x_wconf 86' lang='lat' dir='ltr'><strong>debent</strong></span> 
     </span>
    </p>
   </div>
   <div class='ocr_carea' id='block_1_8' title="bbox 434 671 2005 743">
    <p class='ocr_par' dir='ltr' id='par_1_8' title="bbox 434 671 2005 743">
     <span class='ocr_line' id='line_1_8' title="bbox 434 671 2005 743; baseline -0.003 -14"><span class='ocrx_word' id='word_1_34' title='bbox 434 676 708 743; x_wconf 73' lang='lat' dir='ltr'><strong>iustorum</strong></span> <span class='ocrx_word' id='word_1_35' title='bbox 742 671 1292 742; x_wconf 64' lang='lat' dir='ltr'><strong>animm?0pmtcbat</strong></span> <span class='ocrx_word' id='word_1_36' title='bbox 1355 671 1500 725; x_wconf 85' lang='lat' dir='ltr'><strong>enim</strong></span> <span class='ocrx_word' id='word_1_37' title='bbox 1546 688 1692 737; x_wconf 89' lang='lat' dir='ltr'><strong>eum,</strong></span> <span class='ocrx_word' id='word_1_38' title='bbox 1745 688 1867 725; x_wconf 88' lang='lat' dir='ltr'>cum</span> <span class='ocrx_word' id='word_1_39' title='bbox 1921 673 2005 725; x_wconf 85' lang='lat' dir='ltr'>vir</span> 
     </span>
    </p>
   </div>
   <div class='ocr_carea' id='block_1_9' title="bbox 438 764 2005 831">
    <p class='ocr_par' dir='ltr' id='par_1_9' title="bbox 438 764 2005 831">
     <span class='ocr_line' id='line_1_9' title="bbox 438 764 2005 831; baseline -0.001 -11"><span class='ocrx_word' id='word_1_40' title='bbox 438 766 688 820; x_wconf 85' lang='lat' dir='ltr'><strong>eruditus</strong></span> <span class='ocrx_word' id='word_1_41' title='bbox 721 774 884 823; x_wconf 61' lang='lat' dir='ltr'><strong>esset.</strong></span> <span class='ocrx_word' id='word_1_42' title='bbox 917 780 1023 817; x_wconf 89' lang='lat' dir='ltr'>non</span> <span class='ocrx_word' id='word_1_43' title='bbox 1076 764 1148 817; x_wconf 90' lang='lat' dir='ltr'>ita</span> <span class='ocrx_word' id='word_1_44' title='bbox 1201 774 1383 831; x_wconf 87' lang='lat' dir='ltr'><strong>aperte</strong></span> <span class='ocrx_word' id='word_1_45' title='bbox 1413 764 1696 818; x_wconf 85' lang='lat' dir='ltr'><strong>doctorum</strong></span> <span class='ocrx_word' id='word_1_46' title='bbox 1749 764 2005 819; x_wconf 72' lang='lat' dir='ltr'><strong>Ecclesia:</strong></span> 
     </span>
    </p>
   </div>
   <div class='ocr_carea' id='block_1_10' title="bbox 441 854 2006 924">
    <p class='ocr_par' dir='ltr' id='par_1_10' title="bbox 441 854 2006 924">
     <span class='ocr_line' id='line_1_10' title="bbox 441 854 2006 924; baseline 0 -15"><span class='ocrx_word' id='word_1_47' title='bbox 441 857 596 911; x_wconf 71' lang='lat' dir='ltr'><strong>dictis</strong></span> <span class='ocrx_word' id='word_1_48' title='bbox 618 854 941 918; x_wconf 78' lang='lat' dir='ltr'><strong>adversari;</strong></span> <span class='ocrx_word' id='word_1_49' title='bbox 979 855 1088 911; x_wconf 92' lang='lat' dir='ltr'>imo</span> <span class='ocrx_word' id='word_1_50' title='bbox 1122 855 1224 908; x_wconf 85' lang='lat' dir='ltr'><strong>sibi</strong></span> <span class='ocrx_word' id='word_1_51' title='bbox 1253 856 1355 924; x_wconf 82' lang='lat' dir='ltr'><strong>ipsi</strong></span> <span class='ocrx_word' id='word_1_52' title='bbox 1416 856 1744 910; x_wconf 79' lang='lat' dir='ltr'><strong>contradicit</strong></span> <span class='ocrx_word' id='word_1_53' title='bbox 1772 873 1785 908; x_wconf 94' lang='lat'>:</span> <span class='ocrx_word' id='word_1_54' title='bbox 1818 857 1869 908; x_wconf 91' lang='lat' dir='ltr'>in</span> <span class='ocrx_word' id='word_1_55' title='bbox 1896 855 2006 924; x_wconf 90' lang='lat' dir='ltr'><strong>epi-</strong></span> 
     </span>
    </p>
   </div>
   <div class='ocr_carea' id='block_1_11' title="bbox 442 948 2006 1017">
    <p class='ocr_par' dir='ltr' id='par_1_11' title="bbox 442 948 2006 1017">
     <span class='ocr_line' id='line_1_11' title="bbox 442 948 2006 1017; baseline -0.001 -14"><span class='ocrx_word' id='word_1_56' title='bbox 442 949 577 1003; x_wconf 81' lang='lat' dir='ltr'><strong>stola</strong></span> <span class='ocrx_word' id='word_1_57' title='bbox 626 948 688 997; x_wconf 87' lang='lat' dir='ltr'>ad</span> <span class='ocrx_word' id='word_1_58' title='bbox 741 962 931 1001; x_wconf 88' lang='lat' dir='ltr'><strong>omnes</strong></span> <span class='ocrx_word' id='word_1_59' title='bbox 972 956 1157 1015; x_wconf 75' lang='lat' dir='ltr'><strong>gentes</strong></span> <span class='ocrx_word' id='word_1_60' title='bbox 1202 959 1253 1002; x_wconf 91' lang='lat' dir='ltr'>et</span> <span class='ocrx_word' id='word_1_61' title='bbox 1305 948 1513 1003; x_wconf 81' lang='lat' dir='ltr'><strong>insulas</strong></span> <span class='ocrx_word' id='word_1_62' title='bbox 1563 950 1724 1002; x_wconf 87' lang='lat' dir='ltr'><strong>missa</strong></span> <span class='ocrx_word' id='word_1_63' title='bbox 1790 948 2006 1017; x_wconf 81' lang='lat' dir='ltr'><strong>penitus</strong></span> 
     </span>
    </p>
   </div>
   <div class='ocr_carea' id='block_1_12' title="bbox 444 1040 2007 1106">
    <p class='ocr_par' dir='ltr' id='par_1_12' title="bbox 444 1040 2007 1106">
     <span class='ocr_line' id='line_1_12' title="bbox 444 1040 2007 1106; baseline -0.003 -10"><span class='ocrx_word' id='word_1_64' title='bbox 444 1041 753 1096; x_wconf 82' lang='lat' dir='ltr'><strong>fruitionem</strong></span> <span class='ocrx_word' id='word_1_65' title='bbox 812 1051 1124 1095; x_wconf 90' lang='lat' dir='ltr'><strong>sanctorum</strong></span> <span class='ocrx_word' id='word_1_66' title='bbox 1170 1050 1347 1106; x_wconf 72' lang='lat' dir='ltr'><strong>negat,</strong></span> <span class='ocrx_word' id='word_1_67' title='bbox 1402 1041 1489 1095; x_wconf 91' lang='lat' dir='ltr'>ubi</span> <span class='ocrx_word' id='word_1_68' title='bbox 1541 1041 1774 1095; x_wconf 78' lang='lat' dir='ltr'><strong>scribit:</strong></span> <span class='ocrx_word' id='word_1_69' title='bbox 1820 1060 1834 1089; x_wconf 82' lang='grc' dir='ltr'>ι</span> <span class='ocrx_word' id='word_1_70' title='bbox 1873 1040 2007 1106; x_wconf 82' lang='lat' dir='ltr'><strong>Nos,</strong></span> 
     </span>
    </p>
   </div>
   <div class='ocr_carea' id='block_1_13' title="bbox 442 1132 2006 1202">
    <p class='ocr_par' dir='ltr' id='par_1_13' title="bbox 442 1132 2006 1202">
     <span class='ocr_line' id='line_1_13' title="bbox 442 1132 2006 1202; baseline -0.001 -15"><span class='ocrx_word' id='word_1_71' title='bbox 442 1142 662 1188; x_wconf 84' lang='lat' dir='ltr'><strong>sanctos</strong></span> <span class='ocrx_word' id='word_1_72' title='bbox 694 1148 868 1201; x_wconf 83' lang='lat' dir='ltr'><strong>neque</strong></span> <span class='ocrx_word' id='word_1_73' title='bbox 904 1149 1149 1201; x_wconf 83' lang='lat' dir='ltr'><strong>paratum</strong></span> <span class='ocrx_word' id='word_1_74' title='bbox 1193 1132 1294 1186; x_wconf 80' lang='lat' dir='ltr'><strong>sibi</strong></span> <span class='ocrx_word' id='word_1_75' title='bbox 1326 1149 1546 1202; x_wconf 81' lang='lat' dir='ltr'><strong>regnum</strong></span> <span class='ocrx_word' id='word_1_76' title='bbox 1584 1141 1678 1187; x_wconf 89' lang='lat' dir='ltr'>aut</span> <span class='ocrx_word' id='word_1_77' title='bbox 1710 1132 2006 1187; x_wconf 75' lang='lat' dir='ltr'><strong>ineffabilia</strong></span> 
     </span>
    </p>
   </div>
   <div class='ocr_carea' id='block_1_14' title="bbox 445 1224 2009 1293">
    <p class='ocr_par' dir='ltr' id='par_1_14' title="bbox 445 1224 2009 1293">
     <span class='ocr_line' id='line_1_14' title="bbox 445 1224 2009 1293; baseline -0.001 -15"><span class='ocrx_word' id='word_1_78' title='bbox 445 1226 581 1278; x_wconf 81' lang='lat' dir='ltr'><strong>bona</strong></span> <span class='ocrx_word' id='word_1_79' title='bbox 612 1224 873 1292; x_wconf 83' lang='lat' dir='ltr'><strong>recipere.</strong></span> <span class='ocrx_word' id='word_1_80' title='bbox 904 1240 1080 1287; x_wconf 79' lang='lat' dir='ltr'><strong>neque</strong></span> <span class='ocrx_word' id='word_1_81' title='bbox 1098 1234 1409 1293; x_wconf 77' lang='lat' dir='ltr'><strong>peccatores</strong></span> <span class='ocrx_word' id='word_1_82' title='bbox 1441 1224 1492 1276; x_wconf 92' lang='lat' dir='ltr'>in</span> <span class='ocrx_word' id='word_1_83' title='bbox 1518 1226 1816 1293; x_wconf 78' lang='lat' dir='ltr'><strong>gehennam</strong></span> <span class='ocrx_word' id='word_1_84' title='bbox 1859 1225 2009 1278; x_wconf 87' lang='lat' dir='ltr'><strong>abire</strong></span> 
     </span>
    </p>
   </div>
   <div class='ocr_carea' id='block_1_15' title="bbox 445 1314 2008 1384">
    <p class='ocr_par' dir='ltr' id='par_1_15' title="bbox 445 1314 2008 1384">
     <span class='ocr_line' id='line_1_15' title="bbox 445 1314 2008 1384; baseline 0.003 -17"><span class='ocrx_word' id='word_1_85' title='bbox 445 1316 776 1369; x_wconf 77' lang='lat' dir='ltr'><strong>aﬂirmamus</strong></span> <span class='ocrx_word' id='word_1_86' title='bbox 804 1316 931 1379; x_wconf 84' lang='lat' dir='ltr'><strong>;sed</strong></span> <span class='ocrx_word' id='word_1_87' title='bbox 966 1322 1228 1383; x_wconf 82' lang='lat' dir='ltr'><strong>utrosque</strong></span> <span class='ocrx_word' id='word_1_88' title='bbox 1256 1331 1407 1369; x_wconf 88' lang='lat' dir='ltr'><strong>suam</strong></span> <span class='ocrx_word' id='word_1_89' title='bbox 1437 1328 1798 1384; x_wconf 72' lang='lat' dir='ltr'><strong>sortem,qum</strong></span> <span class='ocrx_word' id='word_1_90' title='bbox 1830 1314 2008 1371; x_wconf 81' lang='lat' dir='ltr'><strong>futura</strong></span> 
     </span>
    </p>
   </div>
   <div class='ocr_carea' id='block_1_16' title="bbox 442 1408 2005 1476">
    <p class='ocr_par' dir='ltr' id='par_1_16' title="bbox 442 1408 2005 1476">
     <span class='ocr_line' id='line_1_16' title="bbox 442 1408 2005 1476; baseline 0 -15"><span class='ocrx_word' id='word_1_91' title='bbox 442 1417 549 1468; x_wconf 81' lang='lat' dir='ltr'><strong>est.</strong></span> <span class='ocrx_word' id='word_1_92' title='bbox 588 1417 708 1473; x_wconf 84' lang='lat' dir='ltr'><strong>post</strong></span> <span class='ocrx_word' id='word_1_93' title='bbox 762 1408 1211 1461; x_wconf 78' lang='lat' dir='ltr'><strong>resurrectionem</strong></span> <span class='ocrx_word' id='word_1_94' title='bbox 1247 1418 1299 1461; x_wconf 88' lang='lat' dir='ltr'>et</span> <span class='ocrx_word' id='word_1_95' title='bbox 1341 1408 1606 1475; x_wconf 87' lang='lat' dir='ltr'><strong>judicium</strong></span> <span class='ocrx_word' id='word_1_96' title='bbox 1637 1417 2005 1476; x_wconf 61' lang='lat' dir='ltr'><strong>exspectare.»</strong></span> 
     </span>
    </p>
   </div>
   <div class='ocr_carea' id='block_1_17' title="bbox 449 1498 2008 1562">
    <p class='ocr_par' dir='ltr' id='par_1_17' title="bbox 449 1498 2008 1562">
     <span class='ocr_line' id='line_1_17' title="bbox 449 1498 2008 1562; baseline -0.001 -9"><span class='ocrx_word' id='word_1_97' title='bbox 449 1500 559 1553; x_wconf 84' lang='lat' dir='ltr'><strong>lloe</strong></span> <span class='ocrx_word' id='word_1_98' title='bbox 590 1499 731 1562; x_wconf 89' lang='lat' dir='ltr'><strong>loco,</strong></span> <span class='ocrx_word' id='word_1_99' title='bbox 766 1506 825 1552; x_wconf 90' lang='lat' dir='ltr'>ut</span> <span class='ocrx_word' id='word_1_100' title='bbox 847 1498 1321 1560; x_wconf 74' lang='lat' dir='ltr'><strong>vides,manifeste</strong></span> <span class='ocrx_word' id='word_1_101' title='bbox 1356 1508 1669 1551; x_wconf 85' lang='lat' dir='ltr'><strong>sanctorum</strong></span> <span class='ocrx_word' id='word_1_102' title='bbox 1699 1498 2008 1551; x_wconf 83' lang='lat' dir='ltr'><strong>fruitionem</strong></span> 
     </span>
    </p>
   </div>
   <div class='ocr_carea' id='block_1_18' title="bbox 451 1592 2009 1662">
    <p class='ocr_par' dir='ltr' id='par_1_18' title="bbox 451 1592 2009 1662">
     <span class='ocr_line' id='line_1_18' title="bbox 451 1592 2009 1662; baseline 0 -17"><span class='ocrx_word' id='word_1_103' title='bbox 451 1602 627 1661; x_wconf 82' lang='lat' dir='ltr'><strong>negat.</strong></span> <span class='ocrx_word' id='word_1_104' title='bbox 659 1596 725 1646; x_wconf 83' lang='lat' dir='ltr'><strong>At</strong></span> <span class='ocrx_word' id='word_1_105' title='bbox 764 1593 815 1646; x_wconf 88' lang='lat' dir='ltr'>in</span> <span class='ocrx_word' id='word_1_106' title='bbox 849 1594 1099 1649; x_wconf 85' lang='lat' dir='ltr'><strong>oratione</strong></span> <span class='ocrx_word' id='word_1_107' title='bbox 1159 1610 1316 1662; x_wconf 85' lang='lat' dir='ltr'><strong>quam</strong></span> <span class='ocrx_word' id='word_1_108' title='bbox 1354 1593 1399 1647; x_wconf 90' lang='lat' dir='ltr'>is</span> <span class='ocrx_word' id='word_1_109' title='bbox 1435 1592 1486 1646; x_wconf 89' lang='lat' dir='ltr'>in</span> <span class='ocrx_word' id='word_1_110' title='bbox 1530 1593 1636 1646; x_wconf 87' lang='lat' dir='ltr'><strong>divi</strong></span> <span class='ocrx_word' id='word_1_111' title='bbox 1678 1592 1804 1646; x_wconf 78' lang='lat' dir='ltr'><strong>Elia:</strong></span> <span class='ocrx_word' id='word_1_112' title='bbox 1858 1608 2009 1647; x_wconf 79' lang='lat' dir='ltr'><strong>com-</strong></span> 
     </span>
    </p>
   </div>
   <div class='ocr_carea' id='block_1_19' title="bbox 451 1683 2013 1752">
    <p class='ocr_par' dir='ltr' id='par_1_19' title="bbox 451 1683 2013 1752">
     <span class='ocr_line' id='line_1_19' title="bbox 451 1683 2013 1752; baseline -0.001 -17"><span class='ocrx_word' id='word_1_113' title='bbox 451 1685 895 1737; x_wconf 78' lang='lat' dir='ltr'><strong>memorationem</strong></span> <span class='ocrx_word' id='word_1_114' title='bbox 925 1683 1288 1752; x_wconf 83' lang='lat' dir='ltr'><strong>conscripsit,</strong></span> <span class='ocrx_word' id='word_1_115' title='bbox 1320 1692 1505 1752; x_wconf 89' lang='lat' dir='ltr'><strong>aperte</strong></span> <span class='ocrx_word' id='word_1_116' title='bbox 1560 1683 1848 1736; x_wconf 83' lang='lat' dir='ltr'><strong>comitetur</strong></span> <span class='ocrx_word' id='word_1_117' title='bbox 1884 1698 2013 1737; x_wconf 40' lang='lat' dir='ltr'><strong>san‘</strong></span> 
     </span>
    </p>
   </div>
   <div class='ocr_carea' id='block_1_20' title="bbox 2103 474 3680 557">
    <p class='ocr_par' dir='ltr' id='par_1_20' title="bbox 2103 474 3680 557">
     <span class='ocr_line' id='line_1_20' title="bbox 2103 474 3680 557; baseline -0.012 -13"><span class='ocrx_word' id='word_1_118' title='bbox 2103 490 2273 555; x_wconf 87' lang='grc' dir='ltr'>ἁγίων</span> <span class='ocrx_word' id='word_1_119' title='bbox 2301 486 2492 557; x_wconf 80' lang='grc' dir='ltr'>ψυχαί.</span> <span class='ocrx_word' id='word_1_120' title='bbox 2534 485 2643 538; x_wconf 77' lang='grc' dir='ltr'>Καὶ</span> <span class='ocrx_word' id='word_1_121' title='bbox 2683 484 2710 535; x_wconf 77' lang='grc' dir='ltr'><strong>ὁ</strong></span> <span class='ocrx_word' id='word_1_122' title='bbox 2744 480 2955 545; x_wconf 82' lang='grc' dir='ltr'>Παῦλος</span> <span class='ocrx_word' id='word_1_123' title='bbox 2986 480 3042 533; x_wconf 73' lang='grc' dir='ltr'>δὲ</span> <span class='ocrx_word' id='word_1_124' title='bbox 3095 477 3353 548; x_wconf 70' lang='grc' dir='ltr'>ἐπεθύμει</span> <span class='ocrx_word' id='word_1_125' title='bbox 3400 474 3680 530; x_wconf 82' lang='grc' dir='ltr'>ἀναλῦσαι</span> 
     </span>
    </p>
   </div>
   <div class='ocr_carea' id='block_1_21' title="bbox 2102 568 3683 649">
    <p class='ocr_par' dir='ltr' id='par_1_21' title="bbox 2102 568 3683 649">
     <span class='ocr_line' id='line_1_21' title="bbox 2102 568 3683 649; baseline -0.011 -15"><span class='ocrx_word' id='word_1_126' title='bbox 2102 583 2193 637; x_wconf 70' lang='grc' dir='ltr'>καὶ</span> <span class='ocrx_word' id='word_1_127' title='bbox 2236 582 2330 634; x_wconf 78' lang='grc' dir='ltr'>σὺν</span> <span class='ocrx_word' id='word_1_128' title='bbox 2362 578 2581 649; x_wconf 83' lang='grc' dir='ltr'>Χριστῷ</span> <span class='ocrx_word' id='word_1_129' title='bbox 2610 570 2965 637; x_wconf 80' lang='grc' dir='ltr'>εἶναι.Ὂστις</span> <span class='ocrx_word' id='word_1_130' title='bbox 2997 568 3092 625; x_wconf 81' lang='grc' dir='ltr'>οῦν</span> <span class='ocrx_word' id='word_1_131' title='bbox 3125 569 3360 639; x_wconf 78' lang='grc' dir='ltr'>Χριστὸν</span> <span class='ocrx_word' id='word_1_132' title='bbox 3402 569 3463 621; x_wconf 78' lang='grc' dir='ltr'>ὲν</span> <span class='ocrx_word' id='word_1_133' title='bbox 3496 568 3683 638; x_wconf 78' lang='grc' dir='ltr'>οὖρα-</span> 
     </span>
    </p>
   </div>
   <div class='ocr_carea' id='block_1_22' title="bbox 2102 657 3683 741">
    <p class='ocr_par' dir='ltr' id='par_1_22' title="bbox 2102 657 3683 741">
     <span class='ocr_line' id='line_1_22' title="bbox 2102 657 3683 741; baseline -0.013 -13"><span class='ocrx_word' id='word_1_134' title='bbox 2102 677 2212 735; x_wconf 82' lang='grc' dir='ltr'>νοῖς</span> <span class='ocrx_word' id='word_1_135' title='bbox 2247 672 2514 741; x_wconf 79' lang='grc' dir='ltr'>ὑπάρχειν</span> <span class='ocrx_word' id='word_1_136' title='bbox 2559 669 2659 721; x_wconf 81' lang='grc' dir='ltr'>οὐκ</span> <span class='ocrx_word' id='word_1_137' title='bbox 2712 667 2953 728; x_wconf 81' lang='grc' dir='ltr'>ἀπιστεῖ,</span> <span class='ocrx_word' id='word_1_138' title='bbox 2992 662 3111 717; x_wconf 74' lang='grc' dir='ltr'>οὐδὲ</span> <span class='ocrx_word' id='word_1_139' title='bbox 3163 661 3259 729; x_wconf 81' lang='grc' dir='ltr'>τὴν</span> <span class='ocrx_word' id='word_1_140' title='bbox 3305 657 3398 711; x_wconf 87' lang='grc' dir='ltr'>τοῦ</span> <span class='ocrx_word' id='word_1_141' title='bbox 3450 657 3683 711; x_wconf 76' lang='grc' dir='ltr'>Παύλου</span> 
     </span>
    </p>
   </div>
   <div class='ocr_carea' id='block_1_23' title="bbox 2102 749 3687 838">
    <p class='ocr_par' dir='ltr' id='par_1_23' title="bbox 2102 749 3687 838">
     <span class='ocr_line' id='line_1_23' title="bbox 2102 749 3687 838; baseline -0.015 -17"><span class='ocrx_word' id='word_1_142' title='bbox 2102 766 2302 838; x_wconf 72' lang='grc' dir='ltr'>ψυχὴν,</span> <span class='ocrx_word' id='word_1_143' title='bbox 2334 767 2394 817; x_wconf 81' lang='grc' dir='ltr'>ὲν</span> <span class='ocrx_word' id='word_1_144' title='bbox 2444 762 2521 832; x_wconf 84' lang='grc' dir='ltr'>τῷ</span> <span class='ocrx_word' id='word_1_145' title='bbox 2557 757 2771 829; x_wconf 71' lang='grc' dir='ltr'>οὐρανῷ</span> <span class='ocrx_word' id='word_1_146' title='bbox 2805 757 3075 825; x_wconf 76' lang='grc' dir='ltr'>ὑπάρχειν</span> <span class='ocrx_word' id='word_1_147' title='bbox 3123 753 3441 822; x_wconf 81' lang='grc' dir='ltr'>ἀρνήσεται.</span> <span class='ocrx_word' id='word_1_148' title='bbox 3495 749 3687 808; x_wconf 74' lang='grc' dir='ltr'>Αὑτδς</span> 
     </span>
    </p>
   </div>
   <div class='ocr_carea' id='block_1_24' title="bbox 2104 840 3686 927">
    <p class='ocr_par' dir='ltr' id='par_1_24' title="bbox 2104 840 3686 927">
     <span class='ocr_line' id='line_1_24' title="bbox 2104 840 3686 927; baseline -0.013 -16"><span class='ocrx_word' id='word_1_149' title='bbox 2104 859 2209 927; x_wconf 90' lang='grc' dir='ltr'>γὰρ</span> <span class='ocrx_word' id='word_1_150' title='bbox 2238 856 2364 925; x_wconf 76' lang='grc' dir='ltr'>περὶ</span> <span class='ocrx_word' id='word_1_151' title='bbox 2395 854 2492 923; x_wconf 77' lang='grc' dir='ltr'>τῆς</span> <span class='ocrx_word' id='word_1_152' title='bbox 2526 850 2622 905; x_wconf 90' lang='grc' dir='ltr'>τοῦ</span> <span class='ocrx_word' id='word_1_153' title='bbox 2660 851 2912 921; x_wconf 83' lang='grc' dir='ltr'>σώματος</span> <span class='ocrx_word' id='word_1_154' title='bbox 2942 844 3235 906; x_wconf 77' lang='grc' dir='ltr'>διαλύσεως</span> <span class='ocrx_word' id='word_1_155' title='bbox 3266 844 3356 895; x_wconf 70' lang='grc' dir='ltr'>καὶ</span> <span class='ocrx_word' id='word_1_156' title='bbox 3386 840 3485 908; x_wconf 80' lang='grc' dir='ltr'>τῆς</span> <span class='ocrx_word' id='word_1_157' title='bbox 3518 842 3581 891; x_wconf 80' lang='grc' dir='ltr'>ἐν</span> <span class='ocrx_word' id='word_1_158' title='bbox 3618 840 3686 906; x_wconf 71' lang='grc' dir='ltr'>τῇ</span> 
     </span>
    </p>
   </div>
   <div class='ocr_carea' id='block_1_25' title="bbox 2106 931 3693 1018">
    <p class='ocr_par' dir='ltr' id='par_1_25' title="bbox 2106 931 3693 1018">
     <span class='ocr_line' id='line_1_25' title="bbox 2106 931 3693 1018; baseline -0.015 -13"><span class='ocrx_word' id='word_1_159' title='bbox 2106 948 2415 1018; x_wconf 70' lang='grc' dir='ltr'>ἐπουρανίῳ</span> <span class='ocrx_word' id='word_1_160' title='bbox 2464 944 2684 1015; x_wconf 87' lang='grc' dir='ltr'>πατρίδι</span> <span class='ocrx_word' id='word_1_161' title='bbox 2731 942 3017 1003; x_wconf 80' lang='grc' dir='ltr'>κατοικίας</span> <span class='ocrx_word' id='word_1_162' title='bbox 3065 940 3253 1005; x_wconf 80' lang='grc' dir='ltr'>λέγει·</span> <span class='ocrx_word' id='word_1_163' title='bbox 3286 937 3519 1003; x_wconf 86' lang='grc' dir='ltr'>Οίδαμεν</span> <span class='ocrx_word' id='word_1_164' title='bbox 3567 931 3693 998; x_wconf 69' lang='grc' dir='ltr'>γὰρ</span> 
     </span>
    </p>
   </div>
   <div class='ocr_carea' id='block_1_26' title="bbox 2107 1028 3694 1109">
    <p class='ocr_par' dir='ltr' id='par_1_26' title="bbox 2107 1028 3694 1109">
     <span class='ocr_line' id='line_1_26' title="bbox 2107 1028 3694 1109; baseline -0.015 -14"><span class='ocrx_word' id='word_1_165' title='bbox 2107 1043 2187 1095; x_wconf 81' lang='grc' dir='ltr'>ὅτι</span> <span class='ocrx_word' id='word_1_166' title='bbox 2222 1042 2314 1094; x_wconf 80' lang='grc' dir='ltr'>ὲάν</span> <span class='ocrx_word' id='word_1_167' title='bbox 2370 1041 2401 1109; x_wconf 79' lang='grc' dir='ltr'>ἡ</span> <span class='ocrx_word' id='word_1_168' title='bbox 2444 1038 2681 1104; x_wconf 79' lang='grc' dir='ltr'>ἐπίγειος</span> <span class='ocrx_word' id='word_1_169' title='bbox 2716 1036 2871 1104; x_wconf 83' lang='grc' dir='ltr'>ήμῶν</span> <span class='ocrx_word' id='word_1_170' title='bbox 2905 1032 3050 1083; x_wconf 84' lang='grc' dir='ltr'>οίκία</span> <span class='ocrx_word' id='word_1_171' title='bbox 3098 1028 3193 1081; x_wconf 88' lang='grc' dir='ltr'>τοῦ</span> <span class='ocrx_word' id='word_1_172' title='bbox 3243 1028 3475 1093; x_wconf 71' lang='grc' dir='ltr'>σκήνους</span> <span class='ocrx_word' id='word_1_173' title='bbox 3504 1039 3694 1075; x_wconf 78' lang='grc' dir='ltr'>κατα-</span> 
     </span>
    </p>
   </div>
   <div class='ocr_carea' id='block_1_27' title="bbox 2107 1115 3695 1204">
    <p class='ocr_par' dir='ltr' id='par_1_27' title="bbox 2107 1115 3695 1204">
     <span class='ocr_line' id='line_1_27' title="bbox 2107 1115 3695 1204; baseline -0.018 -16"><span class='ocrx_word' id='word_1_174' title='bbox 2107 1135 2262 1204; x_wconf 72' lang='grc' dir='ltr'>λυθῇ,</span> <span class='ocrx_word' id='word_1_175' title='bbox 2298 1130 2723 1203; x_wconf 76' lang='grc' dir='ltr'>ᾠκοδομημένην</span> <span class='ocrx_word' id='word_1_176' title='bbox 2750 1127 2814 1177; x_wconf 75' lang='grc' dir='ltr'>ἐκ</span> <span class='ocrx_word' id='word_1_177' title='bbox 2849 1122 2985 1175; x_wconf 84' lang='grc' dir='ltr'>Θεοῦ</span> <span class='ocrx_word' id='word_1_178' title='bbox 3018 1121 3217 1191; x_wconf 76' lang='grc' dir='ltr'>ἔχομεν</span> <span class='ocrx_word' id='word_1_179' title='bbox 3249 1116 3421 1168; x_wconf 70' lang='grc' dir='ltr'>οἰκίαν</span> <span class='ocrx_word' id='word_1_180' title='bbox 3460 1115 3695 1181; x_wconf 79' lang='grc' dir='ltr'>ἀχειρο-</span> 
     </span>
    </p>
   </div>
   <div class='ocr_carea' id='block_1_28' title="bbox 2109 1204 3692 1291">
    <p class='ocr_par' dir='ltr' id='par_1_28' title="bbox 2109 1204 3692 1291">
     <span class='ocr_line' id='line_1_28' title="bbox 2109 1204 3692 1291; baseline -0.013 -15"><span class='ocrx_word' id='word_1_181' title='bbox 2109 1225 2328 1291; x_wconf 80' lang='grc' dir='ltr'>ποίητον</span> <span class='ocrx_word' id='word_1_182' title='bbox 2377 1222 2592 1274; x_wconf 79' lang='grc' dir='ltr'>αίώνιον</span> <span class='ocrx_word' id='word_1_183' title='bbox 2631 1221 2686 1270; x_wconf 78' lang='grc' dir='ltr'>ἐν</span> <span class='ocrx_word' id='word_1_184' title='bbox 2736 1218 2852 1278; x_wconf 85' lang='grc' dir='ltr'>τοῖς</span> <span class='ocrx_word' id='word_1_185' title='bbox 2906 1215 3174 1280; x_wconf 65' lang='grc' dir='ltr'>οὐρανοῖς.</span> <span class='ocrx_word' id='word_1_186' title='bbox 3216 1229 3233 1261; x_wconf 71' lang='grc' dir='ltr'>ι</span> <span class='ocrx_word' id='word_1_187' title='bbox 3287 1204 3448 1271; x_wconf 69' lang='grc' dir='ltr'>Οἶδας</span> <span class='ocrx_word' id='word_1_188' title='bbox 3496 1208 3612 1274; x_wconf 83' lang='grc' dir='ltr'>ἄρα</span> <span class='ocrx_word' id='word_1_189' title='bbox 3658 1204 3692 1272; x_wconf 81' lang='grc' dir='ltr'>ἦ</span> 
     </span>
    </p>
   </div>
   <div class='ocr_carea' id='block_1_29' title="bbox 2109 1297 3695 1385">
    <p class='ocr_par' dir='ltr' id='par_1_29' title="bbox 2109 1297 3695 1385">
     <span class='ocr_line' id='line_1_29' title="bbox 2109 1297 3695 1385; baseline -0.013 -18"><span class='ocrx_word' id='word_1_190' title='bbox 2109 1316 2347 1385; x_wconf 72' lang='grc' dir='ltr'>ἤκουσας</span> <span class='ocrx_word' id='word_1_191' title='bbox 2375 1314 2429 1364; x_wconf 88' lang='grc' dir='ltr'>τί</span> <span class='ocrx_word' id='word_1_192' title='bbox 2471 1328 2634 1381; x_wconf 87' lang='grc' dir='ltr'>φησιν</span> <span class='ocrx_word' id='word_1_193' title='bbox 2673 1302 2825 1371; x_wconf 73' lang='grc' dir='ltr'>οὗτος</span> <span class='ocrx_word' id='word_1_194' title='bbox 2873 1308 2899 1359; x_wconf 84' lang='grc' dir='ltr'><strong>ὁ</strong></span> <span class='ocrx_word' id='word_1_195' title='bbox 2929 1306 3100 1374; x_wconf 79' lang='grc' dir='ltr'>ἅγιος,</span> <span class='ocrx_word' id='word_1_196' title='bbox 3137 1304 3218 1355; x_wconf 79' lang='grc' dir='ltr'>δτι</span> <span class='ocrx_word' id='word_1_197' title='bbox 3266 1302 3470 1362; x_wconf 75' lang='grc' dir='ltr'>εὐθέως</span> <span class='ocrx_word' id='word_1_198' title='bbox 3519 1297 3695 1364; x_wconf 64' lang='grc' dir='ltr'>ἡνίκα</span> 
     </span>
    </p>
   </div>
   <div class='ocr_carea' id='block_1_30' title="bbox 2112 1390 3694 1476">
    <p class='ocr_par' dir='ltr' id='par_1_30' title="bbox 2112 1390 3694 1476">
     <span class='ocr_line' id='line_1_30' title="bbox 2112 1390 3694 1476; baseline -0.016 -15"><span class='ocrx_word' id='word_1_199' title='bbox 2112 1410 2174 1460; x_wconf 80' lang='grc' dir='ltr'>ὲκ</span> <span class='ocrx_word' id='word_1_200' title='bbox 2209 1406 2433 1476; x_wconf 86' lang='grc' dir='ltr'>τοῦβίου</span> <span class='ocrx_word' id='word_1_201' title='bbox 2464 1402 2655 1456; x_wconf 85' lang='grc' dir='ltr'>τούτου</span> <span class='ocrx_word' id='word_1_202' title='bbox 2706 1398 3077 1468; x_wconf 76' lang='grc' dir='ltr'>ἀναχωροῦσιν</span> <span class='ocrx_word' id='word_1_203' title='bbox 3100 1395 3149 1448; x_wconf 90' lang='grc' dir='ltr'>οί</span> <span class='ocrx_word' id='word_1_204' title='bbox 3174 1391 3542 1461; x_wconf 77' lang='grc' dir='ltr'>ἀγιοι,ῆτοιαί</span> <span class='ocrx_word' id='word_1_205' title='bbox 3565 1390 3694 1441; x_wconf 81' lang='grc' dir='ltr'>τῶν</span> 
     </span>
    </p>
   </div>
   <div class='ocr_carea' id='block_1_31' title="bbox 2111 1482 3695 1567">
    <p class='ocr_par' dir='ltr' id='par_1_31' title="bbox 2111 1482 3695 1567">
     <span class='ocr_line' id='line_1_31' title="bbox 2111 1482 3695 1567; baseline -0.013 -15"><span class='ocrx_word' id='word_1_206' title='bbox 2111 1496 2479 1567; x_wconf 73' lang='grc' dir='ltr'>τελειωμένων</span> <span class='ocrx_word' id='word_1_207' title='bbox 2508 1493 2731 1547; x_wconf 85' lang='grc' dir='ltr'>δικαίων</span> <span class='ocrx_word' id='word_1_208' title='bbox 2760 1490 2948 1557; x_wconf 65' lang='grc' dir='ltr'>ψυχαὶ,</span> <span class='ocrx_word' id='word_1_209' title='bbox 2986 1489 3040 1540; x_wconf 80' lang='grc' dir='ltr'>ἐν</span> <span class='ocrx_word' id='word_1_210' title='bbox 3064 1488 3181 1548; x_wconf 79' lang='grc' dir='ltr'>ταῖς</span> <span class='ocrx_word' id='word_1_211' title='bbox 3216 1483 3501 1551; x_wconf 70' lang='grc' dir='ltr'>οὐρανίαις</span> <span class='ocrx_word' id='word_1_212' title='bbox 3536 1482 3695 1532; x_wconf 55' lang='grc' dir='ltr'>καθά</span> 
     </span>
    </p>
   </div>
   <div class='ocr_carea' id='block_1_32' title="bbox 2114 1570 3695 1660">
    <p class='ocr_par' dir='ltr' id='par_1_32' title="bbox 2114 1570 3695 1660">
     <span class='ocr_line' id='line_1_32' title="bbox 2114 1570 3695 1660; baseline -0.013 -16"><span class='ocrx_word' id='word_1_213' title='bbox 2114 1592 2295 1660; x_wconf 85' lang='grc' dir='ltr'>ἐδραις</span> <span class='ocrx_word' id='word_1_214' title='bbox 2321 1590 2416 1643; x_wconf 67' lang='grc' dir='ltr'>καλ⁸</span> <span class='ocrx_word' id='word_1_215' title='bbox 2459 1589 2645 1657; x_wconf 85' lang='grc' dir='ltr'>μοναίς</span> <span class='ocrx_word' id='word_1_216' title='bbox 2672 1581 3010 1647; x_wconf 85' lang='grc' dir='ltr'>κατοικοῦσι;</span> <span class='ocrx_word' id='word_1_217' title='bbox 3037 1578 3204 1632; x_wconf 82' lang='grc' dir='ltr'>Πόθεν</span> <span class='ocrx_word' id='word_1_218' title='bbox 3226 1573 3315 1630; x_wconf 83' lang='grc' dir='ltr'>οῦν</span> <span class='ocrx_word' id='word_1_219' title='bbox 3333 1570 3491 1645; x_wconf 75' lang='grc' dir='ltr'>εὗρεν</span> <span class='ocrx_word' id='word_1_220' title='bbox 3508 1575 3695 1627; x_wconf 81' lang='grc' dir='ltr'>εἰπεῖν</span> 
     </span>
    </p>
   </div>
   <div class='ocr_carea' id='block_1_33' title="bbox 2114 1667 3696 1745">
    <p class='ocr_par' dir='ltr' id='par_1_33' title="bbox 2114 1667 3696 1745">
     <span class='ocr_line' id='line_1_33' title="bbox 2114 1667 3696 1745; baseline -0.011 -10"><span class='ocrx_word' id='word_1_221' title='bbox 2114 1685 2141 1736; x_wconf 84' lang='grc' dir='ltr'><strong>ὁ</strong></span> <span class='ocrx_word' id='word_1_222' title='bbox 2168 1681 2329 1743; x_wconf 78' lang='grc' dir='ltr'>καλὸς</span> <span class='ocrx_word' id='word_1_223' title='bbox 2359 1680 2568 1741; x_wconf 73' lang='grc' dir='ltr'>ἐκεῖνος</span> <span class='ocrx_word' id='word_1_224' title='bbox 2611 1676 2866 1745; x_wconf 78' lang='grc' dir='ltr'>Ἐφέσου,</span> <span class='ocrx_word' id='word_1_225' title='bbox 2900 1676 2979 1727; x_wconf 82' lang='grc' dir='ltr'>ὅτι</span> <span class='ocrx_word' id='word_1_226' title='bbox 3017 1672 3180 1742; x_wconf 79' lang='grc' dir='ltr'>μέχρι</span> <span class='ocrx_word' id='word_1_227' title='bbox 3213 1672 3309 1737; x_wconf 81' lang='grc' dir='ltr'>τῆς</span> <span class='ocrx_word' id='word_1_228' title='bbox 3340 1668 3528 1735; x_wconf 80' lang='grc' dir='ltr'>κοινῆς</span> <span class='ocrx_word' id='word_1_229' title='bbox 3552 1667 3696 1719; x_wconf 82' lang='grc' dir='ltr'>ἀνα·-</span> 
     </span>
    </p>
   </div>
   <div class='ocr_carea' id='block_1_34' title="bbox 450 1745 2016 1845">
    <p class='ocr_par' dir='ltr' id='par_1_34' title="bbox 450 1773 2009 1845">
     <span class='ocr_line' id='line_1_34' title="bbox 450 1773 2009 1845; baseline 0.001 -18"><span class='ocrx_word' id='word_1_230' title='bbox 450 1789 565 1830; x_wconf 80' lang='lat' dir='ltr'><strong>eius</strong></span> <span class='ocrx_word' id='word_1_231' title='bbox 598 1777 859 1844; x_wconf 86' lang='lat' dir='ltr'><strong>recipere,</strong></span> <span class='ocrx_word' id='word_1_232' title='bbox 891 1776 978 1829; x_wconf 90' lang='lat' dir='ltr'>ubi</span> <span class='ocrx_word' id='word_1_233' title='bbox 1009 1776 1136 1830; x_wconf 80' lang='lat' dir='ltr'><strong>dicit</strong></span> <span class='ocrx_word' id='word_1_234' title='bbox 1172 1793 1185 1829; x_wconf 87' lang='lat'><strong>:</strong></span> <span class='ocrx_word' id='word_1_235' title='bbox 1220 1795 1237 1823; x_wconf 77' lang='grc' dir='ltr'><strong><em>ο</em></strong></span> <span class='ocrx_word' id='word_1_236' title='bbox 1272 1776 1383 1842; x_wconf 78' lang='lat' dir='ltr'>Ego</span> <span class='ocrx_word' id='word_1_237' title='bbox 1410 1790 1536 1829; x_wconf 85' lang='lat' dir='ltr'><strong>vero</strong></span> <span class='ocrx_word' id='word_1_238' title='bbox 1564 1773 1705 1845; x_wconf 86' lang='lat' dir='ltr'><strong>quod</strong></span> <span class='ocrx_word' id='word_1_239' title='bbox 1743 1774 1811 1837; x_wconf 86' lang='lat' dir='ltr'><strong>ei.</strong></span> <span class='ocrx_word' id='word_1_240' title='bbox 1846 1775 2009 1829; x_wconf 87' lang='lat' dir='ltr'><strong>veluti</strong></span> 
     </span>
    </p>
   </div>
   <div class='ocr_carea' id='block_1_35' title="bbox 2121 1745 3699 1845">
    <p class='ocr_par' dir='ltr' id='par_1_35' title="bbox 2121 1760 3699 1837">
     <span class='ocr_line' id='line_1_35' title="bbox 2121 1760 3699 1837; baseline -0.011 -10"><span class='ocrx_word' id='word_1_241' title='bbox 2121 1776 2379 1835; x_wconf 66' lang='grc' dir='ltr'>στάσεως,</span> <span class='ocrx_word' id='word_1_242' title='bbox 2418 1772 2519 1825; x_wconf 79' lang='grc' dir='ltr'>οὐκ</span> <span class='ocrx_word' id='word_1_243' title='bbox 2559 1770 2869 1837; x_wconf 82' lang='grc' dir='ltr'>ὀφείλουσιν</span> <span class='ocrx_word' id='word_1_244' title='bbox 2908 1766 3201 1819; x_wconf 83' lang='grc' dir='ltr'>ἀπολαϐεῖν</span> <span class='ocrx_word' id='word_1_245' title='bbox 3228 1765 3283 1816; x_wconf 89' lang='grc' dir='ltr'>αί</span> <span class='ocrx_word' id='word_1_246' title='bbox 3314 1762 3419 1815; x_wconf 84' lang='grc' dir='ltr'>τῶν</span> <span class='ocrx_word' id='word_1_247' title='bbox 3454 1760 3699 1813; x_wconf 77' lang='grc' dir='ltr'>δικαίων</span> 
     </span>
    </p>
   </div>
   <div class='ocr_carea' id='block_1_36' title="bbox 452 1866 2008 1935">
    <p class='ocr_par' dir='ltr' id='par_1_36' title="bbox 452 1866 2008 1935">
     <span class='ocr_line' id='line_1_36' title="bbox 452 1866 2008 1935; baseline -0.001 -15"><span class='ocrx_word' id='word_1_248' title='bbox 452 1878 763 1922; x_wconf 71' lang='lat' dir='ltr'><strong>sanctorum</strong></span> <span class='ocrx_word' id='word_1_249' title='bbox 813 1867 1123 1931; x_wconf 80' lang='lat' dir='ltr'><strong>animabus,</strong></span> <span class='ocrx_word' id='word_1_250' title='bbox 1156 1868 1381 1921; x_wconf 88' lang='lat' dir='ltr'><strong>ubilibet</strong></span> <span class='ocrx_word' id='word_1_251' title='bbox 1420 1868 1484 1919; x_wconf 85' lang='lat' dir='ltr'>ad</span> <span class='ocrx_word' id='word_1_252' title='bbox 1538 1878 1751 1935; x_wconf 84' lang='lat' dir='ltr'><strong>tempus</strong></span> <span class='ocrx_word' id='word_1_253' title='bbox 1787 1866 2008 1930; x_wconf 85' lang='lat' dir='ltr'><strong>morari,</strong></span> 
     </span>
    </p>
   </div>
   <div class='ocr_carea' id='block_1_37' title="bbox 452 1954 2012 2025">
    <p class='ocr_par' dir='ltr' id='par_1_37' title="bbox 452 1954 2012 2025">
     <span class='ocr_line' id='line_1_37' title="bbox 452 1954 2012 2025; baseline 0.002 -20"><span class='ocrx_word' id='word_1_254' title='bbox 452 1966 503 2005; x_wconf 73' lang='lat' dir='ltr'>et</span> <span class='ocrx_word' id='word_1_255' title='bbox 539 1954 591 2007; x_wconf 92' lang='lat' dir='ltr'>in</span> <span class='ocrx_word' id='word_1_256' title='bbox 628 1970 723 2009; x_wconf 87' lang='lat' dir='ltr'>sua</span> <span class='ocrx_word' id='word_1_257' title='bbox 772 1958 884 2010; x_wconf 86' lang='lat' dir='ltr'><strong>aede</strong></span> <span class='ocrx_word' id='word_1_258' title='bbox 936 1956 1165 2017; x_wconf 85' lang='lat' dir='ltr'><strong>versari,</strong></span> <span class='ocrx_word' id='word_1_259' title='bbox 1216 1965 1269 2007; x_wconf 78' lang='lat' dir='ltr'>ct</span> <span class='ocrx_word' id='word_1_260' title='bbox 1308 1956 1373 2009; x_wconf 88' lang='lat' dir='ltr'>ad</span> <span class='ocrx_word' id='word_1_261' title='bbox 1414 1957 1768 2024; x_wconf 80' lang='lat' dir='ltr'><strong>deprecantes</strong></span> <span class='ocrx_word' id='word_1_262' title='bbox 1811 1957 2012 2025; x_wconf 85' lang='lat' dir='ltr'><strong>passim</strong></span> 
     </span>
    </p>
   </div>
   <div class='ocr_carea' id='block_1_38' title="bbox 453 2048 2012 2113">
    <p class='ocr_par' dir='ltr' id='par_1_38' title="bbox 453 2048 2012 2113">
     <span class='ocr_line' id='line_1_38' title="bbox 453 2048 2012 2113; baseline 0.002 -15"><span class='ocrx_word' id='word_1_263' title='bbox 453 2061 782 2113; x_wconf 80' lang='lat' dir='ltr'><strong>mmmearc,</strong></span> <span class='ocrx_word' id='word_1_264' title='bbox 841 2049 1208 2102; x_wconf 73' lang='lat' dir='ltr'><strong>necessarium</strong></span> <span class='ocrx_word' id='word_1_265' title='bbox 1254 2058 1310 2102; x_wconf 90' lang='lat' dir='ltr'>ct</span> <span class='ocrx_word' id='word_1_266' title='bbox 1354 2065 1538 2102; x_wconf 85' lang='lat' dir='ltr'><strong>verum</strong></span> <span class='ocrx_word' id='word_1_267' title='bbox 1574 2064 1695 2103; x_wconf 88' lang='lat' dir='ltr'><strong>esse</strong></span> <span class='ocrx_word' id='word_1_268' title='bbox 1723 2048 2012 2111; x_wconf 71' lang='lat' dir='ltr'><strong>existimo;</strong></span> 
     </span>
    </p>
   </div>
   <div class='ocr_carea' id='block_1_39' title="bbox 453 2139 2013 2207">
    <p class='ocr_par' dir='ltr' id='par_1_39' title="bbox 453 2139 2013 2207">
     <span class='ocr_line' id='line_1_39' title="bbox 453 2139 2013 2207; baseline 0.003 -17"><span class='ocrx_word' id='word_1_269' title='bbox 453 2152 501 2190; x_wconf 84' lang='lat' dir='ltr'>at</span> <span class='ocrx_word' id='word_1_270' title='bbox 540 2154 647 2190; x_wconf 89' lang='lat' dir='ltr'>non</span> <span class='ocrx_word' id='word_1_271' title='bbox 680 2139 796 2193; x_wconf 87' lang='lat' dir='ltr'><strong>ideo</strong></span> <span class='ocrx_word' id='word_1_272' title='bbox 828 2154 950 2193; x_wconf 89' lang='lat' dir='ltr'>cum</span> <span class='ocrx_word' id='word_1_273' title='bbox 978 2140 1115 2192; x_wconf 65' lang='lat' dir='ltr'><strong>caelo</strong></span> <span class='ocrx_word' id='word_1_274' title='bbox 1146 2155 1333 2193; x_wconf 87' lang='lat' dir='ltr'><strong>carere</strong></span> <span class='ocrx_word' id='word_1_275' title='bbox 1362 2139 1615 2207; x_wconf 75' lang='lat' dir='ltr'><strong>dixerint,</strong></span> <span class='ocrx_word' id='word_1_276' title='bbox 1644 2150 1733 2192; x_wconf 86' lang='lat' dir='ltr'>aut</span> <span class='ocrx_word' id='word_1_277' title='bbox 1770 2156 1873 2193; x_wconf 89' lang='lat' dir='ltr'>non</span> <span class='ocrx_word' id='word_1_278' title='bbox 1911 2156 2013 2195; x_wconf 90' lang='lat' dir='ltr'>una</span> 
     </span>
    </p>
   </div>
   <div class='ocr_carea' id='block_1_40' title="bbox 453 2214 2009 2299">
    <p class='ocr_par' dir='ltr' id='par_1_40' title="bbox 453 2214 2009 2299">
     <span class='ocr_line' id='line_1_40' title="bbox 453 2214 2009 2299; baseline 0.003 -18"><span class='ocrx_word' id='word_1_279' title='bbox 453 2230 829 2291; x_wconf 87' lang='lat' dir='ltr'><strong>splendoribus</strong></span> <span class='ocrx_word' id='word_1_280' title='bbox 880 2230 1192 2299; x_wconf 81' lang='lat' dir='ltr'><strong>angelorum</strong></span> <span class='ocrx_word' id='word_1_281' title='bbox 1239 2229 1448 2284; x_wconf 85' lang='lat' dir='ltr'><strong>Domini</strong></span> <span class='ocrx_word' id='word_1_282' title='bbox 1504 2214 1700 2285; x_wconf 79' lang='lat' dir='ltr'><strong>throno</strong></span> <span class='ocrx_word' id='word_1_283' title='bbox 1746 2231 2009 2286; x_wconf 84' lang='lat' dir='ltr'><strong>assidere.</strong></span> 
     </span>
    </p>
   </div>
   <div class='ocr_carea' id='block_1_41' title="bbox 454 2321 2019 2392">
    <p class='ocr_par' dir='ltr' id='par_1_41' title="bbox 454 2321 2019 2392">
     <span class='ocr_line' id='line_1_41' title="bbox 454 2321 2019 2392; baseline 0.003 -18"><span class='ocrx_word' id='word_1_284' title='bbox 454 2321 584 2374; x_wconf 83' lang='lat' dir='ltr'><strong>Nam</strong></span> <span class='ocrx_word' id='word_1_285' title='bbox 615 2321 735 2373; x_wconf 74' lang='lat' dir='ltr'><strong>aliis</strong></span> <span class='ocrx_word' id='word_1_286' title='bbox 770 2321 996 2375; x_wconf 80' lang='lat' dir='ltr'><strong>inferior</strong></span> <span class='ocrx_word' id='word_1_287' title='bbox 1025 2332 1169 2376; x_wconf 83' lang='lat' dir='ltr'><strong>esset</strong></span> <span class='ocrx_word' id='word_1_288' title='bbox 1195 2324 1283 2390; x_wconf 85' lang='lat' dir='ltr'>qui</span> <span class='ocrx_word' id='word_1_289' title='bbox 1324 2322 1433 2376; x_wconf 82' lang='lat' dir='ltr'><strong>fere</strong></span> <span class='ocrx_word' id='word_1_290' title='bbox 1468 2338 1633 2392; x_wconf 83' lang='lat' dir='ltr'><strong>super</strong></span> <span class='ocrx_word' id='word_1_291' title='bbox 1666 2338 1855 2377; x_wconf 87' lang='lat' dir='ltr'><strong>omnes</strong></span> <span class='ocrx_word' id='word_1_292' title='bbox 1885 2324 2019 2378; x_wconf 86' lang='lat' dir='ltr'><strong>emi-</strong></span> 
     </span>
    </p>
   </div>
   <div class='ocr_carea' id='block_1_42' title="bbox 457 2412 2015 2483">
    <p class='ocr_par' dir='ltr' id='par_1_42' title="bbox 457 2412 2015 2483">
     <span class='ocr_line' id='line_1_42' title="bbox 457 2412 2015 2483; baseline 0.004 -20"><span class='ocrx_word' id='word_1_293' title='bbox 457 2413 638 2473; x_wconf 87' lang='lat' dir='ltr'><strong>nebat.</strong></span> <span class='ocrx_word' id='word_1_294' title='bbox 674 2412 720 2466; x_wconf 91' lang='lat' dir='ltr'>si</span> <span class='ocrx_word' id='word_1_295' title='bbox 774 2414 899 2483; x_wconf 86' lang='lat' dir='ltr'><strong>quia</strong></span> <span class='ocrx_word' id='word_1_296' title='bbox 955 2430 1120 2468; x_wconf 86' lang='lat' dir='ltr'><strong>carne</strong></span> <span class='ocrx_word' id='word_1_297' title='bbox 1169 2414 1498 2469; x_wconf 88' lang='lat' dir='ltr'><strong>induebatur</strong></span> <span class='ocrx_word' id='word_1_298' title='bbox 1535 2416 1795 2470; x_wconf 72' lang='lat' dir='ltr'><strong>serietate</strong></span> <span class='ocrx_word' id='word_1_299' title='bbox 1830 2431 2015 2469; x_wconf 88' lang='lat' dir='ltr'><strong>eorum</strong></span> 
     </span>
    </p>
   </div>
   <div class='ocr_carea' id='block_1_43' title="bbox 456 2503 2021 2576">
    <p class='ocr_par' dir='ltr' id='par_1_43' title="bbox 456 2503 2021 2576">
     <span class='ocr_line' id='line_1_43' title="bbox 456 2503 2021 2576; baseline 0.003 -20"><span class='ocrx_word' id='word_1_300' title='bbox 456 2503 801 2567; x_wconf 79' lang='lat' dir='ltr'><strong>Spoliaretur.</strong></span> <span class='ocrx_word' id='word_1_301' title='bbox 856 2513 910 2558; x_wconf 90' lang='lat' dir='ltr'>et</span> <span class='ocrx_word' id='word_1_302' title='bbox 972 2505 1062 2558; x_wconf 90' lang='lat' dir='ltr'><strong>Dei</strong></span> <span class='ocrx_word' id='word_1_303' title='bbox 1097 2508 1162 2560; x_wconf 90' lang='lat' dir='ltr'>ad</span> <span class='ocrx_word' id='word_1_304' title='bbox 1226 2505 1417 2561; x_wconf 79' lang='lat' dir='ltr'><strong>faciem</strong></span> <span class='ocrx_word' id='word_1_305' title='bbox 1479 2507 1714 2568; x_wconf 80' lang='lat' dir='ltr'><strong>visione,</strong></span> <span class='ocrx_word' id='word_1_306' title='bbox 1770 2523 1874 2576; x_wconf 89' lang='lat' dir='ltr'>qua</span> <span class='ocrx_word' id='word_1_307' title='bbox 1928 2522 2021 2575; x_wconf 87' lang='lat' dir='ltr'>per</span> 
     </span>
    </p>
   </div>
   <div class='ocr_carea' id='block_1_44' title="bbox 454 2598 2020 2667">
    <p class='ocr_par' dir='ltr' id='par_1_44' title="bbox 454 2598 2020 2667">
     <span class='ocr_line' id='line_1_44' title="bbox 454 2598 2020 2667; baseline 0.003 -18"><span class='ocrx_word' id='word_1_308' title='bbox 454 2612 617 2649; x_wconf 87' lang='lat' dir='ltr'><strong>omne</strong></span> <span class='ocrx_word' id='word_1_309' title='bbox 644 2613 755 2651; x_wconf 69' lang='lat' dir='ltr'><strong>sua:</strong></span> <span class='ocrx_word' id='word_1_310' title='bbox 786 2598 906 2649; x_wconf 74' lang='lat' dir='ltr'><strong>vitm</strong></span> <span class='ocrx_word' id='word_1_311' title='bbox 939 2607 1150 2665; x_wconf 86' lang='lat' dir='ltr'><strong>tempus</strong></span> <span class='ocrx_word' id='word_1_312' title='bbox 1173 2599 1223 2651; x_wconf 91' lang='lat' dir='ltr'>in</span> <span class='ocrx_word' id='word_1_313' title='bbox 1260 2599 1450 2667; x_wconf 87' lang='lat' dir='ltr'><strong>primis</strong></span> <span class='ocrx_word' id='word_1_314' title='bbox 1482 2599 1684 2667; x_wconf 77' lang='lat' dir='ltr'><strong>potitus</strong></span> <span class='ocrx_word' id='word_1_315' title='bbox 1713 2611 1843 2653; x_wconf 67' lang='lat' dir='ltr'><strong>est.»</strong></span> <span class='ocrx_word' id='word_1_316' title='bbox 1889 2599 2020 2655; x_wconf 83' lang='lat' dir='ltr'><strong>Meis</strong></span> 
     </span>
    </p>
   </div>
   <div class='ocr_carea' id='block_1_45' title="bbox 456 2689 2018 2759">
    <p class='ocr_par' dir='ltr' id='par_1_45' title="bbox 456 2689 2018 2759">
     <span class='ocr_line' id='line_1_45' title="bbox 456 2689 2018 2759; baseline 0.001 -20"><span class='ocrx_word' id='word_1_317' title='bbox 456 2704 674 2757; x_wconf 79' lang='lat' dir='ltr'><strong>quoque</strong></span> <span class='ocrx_word' id='word_1_318' title='bbox 722 2689 903 2743; x_wconf 79' lang='lat' dir='ltr'><strong>verbis</strong></span> <span class='ocrx_word' id='word_1_319' title='bbox 942 2690 1290 2750; x_wconf 78' lang='lat' dir='ltr'><strong>testiﬁcatur.</strong></span> <span class='ocrx_word' id='word_1_320' title='bbox 1328 2691 1473 2759; x_wconf 90' lang='lat' dir='ltr'><strong>quod</strong></span> <span class='ocrx_word' id='word_1_321' title='bbox 1511 2692 1562 2744; x_wconf 92' lang='lat' dir='ltr'>in</span> <span class='ocrx_word' id='word_1_322' title='bbox 1608 2708 1729 2745; x_wconf 88' lang='lat' dir='ltr'>eum</span> <span class='ocrx_word' id='word_1_323' title='bbox 1779 2690 2018 2745; x_wconf 70' lang='lat' dir='ltr'><strong>Ecclesia</strong></span> 
     </span>
    </p>
   </div>
   <div class='ocr_carea' id='block_1_46' title="bbox 460 2777 2021 2848">
    <p class='ocr_par' dir='ltr' id='par_1_46' title="bbox 460 2777 2021 2848">
     <span class='ocr_line' id='line_1_46' title="bbox 460 2777 2021 2848; baseline 0.004 -21"><span class='ocrx_word' id='word_1_324' title='bbox 460 2777 531 2828; x_wconf 82' lang='lat' dir='ltr'>ita</span> <span class='ocrx_word' id='word_1_325' title='bbox 571 2778 717 2830; x_wconf 85' lang='lat' dir='ltr'><strong>canit</strong></span> <span class='ocrx_word' id='word_1_326' title='bbox 767 2793 781 2830; x_wconf 91' lang='lat'><strong>:</strong></span> <span class='ocrx_word' id='word_1_327' title='bbox 825 2796 841 2827; x_wconf 84' lang='grc' dir='ltr'>ι</span> <span class='ocrx_word' id='word_1_328' title='bbox 887 2777 1157 2845; x_wconf 87' lang='lat' dir='ltr'><strong>Pr0pheta</strong></span> <span class='ocrx_word' id='word_1_329' title='bbox 1204 2794 1380 2846; x_wconf 73' lang='lat' dir='ltr'><strong>prazco</strong></span> <span class='ocrx_word' id='word_1_330' title='bbox 1420 2778 1621 2833; x_wconf 83' lang='lat' dir='ltr'><strong>Christi</strong></span> <span class='ocrx_word' id='word_1_331' title='bbox 1658 2795 1687 2833; x_wconf 88' lang='lat' dir='ltr'>a</span> <span class='ocrx_word' id='word_1_332' title='bbox 1732 2780 2021 2848; x_wconf 76' lang='lat' dir='ltr'><strong>magnitieo</strong></span> 
     </span>
    </p>
   </div>
   <div class='ocr_carea' id='block_1_47' title="bbox 458 2869 2017 2937">
    <p class='ocr_par' dir='ltr' id='par_1_47' title="bbox 458 2869 2017 2937">
     <span class='ocr_line' id='line_1_47' title="bbox 458 2869 2017 2937; baseline 0.001 -17"><span class='ocrx_word' id='word_1_333' title='bbox 458 2870 652 2920; x_wconf 86' lang='lat' dir='ltr'><strong>throno</strong></span> <span class='ocrx_word' id='word_1_334' title='bbox 702 2885 975 2936; x_wconf 79' lang='lat' dir='ltr'><strong>nunquam</strong></span> <span class='ocrx_word' id='word_1_335' title='bbox 1030 2869 1380 2937; x_wconf 71' lang='lat' dir='ltr'><strong>disiungeris,</strong></span> <span class='ocrx_word' id='word_1_336' title='bbox 1433 2878 1488 2924; x_wconf 84' lang='lat' dir='ltr'>et</span> <span class='ocrx_word' id='word_1_337' title='bbox 1539 2871 1847 2934; x_wconf 76' lang='lat' dir='ltr'><strong>cuicunque</strong></span> <span class='ocrx_word' id='word_1_338' title='bbox 1897 2870 2017 2925; x_wconf 86' lang='lat' dir='ltr'><strong>Ian-</strong></span> 
     </span>
    </p>
   </div>
   <div class='ocr_carea' id='block_1_48' title="bbox 458 2958 2017 3028">
    <p class='ocr_par' dir='ltr' id='par_1_48' title="bbox 458 2958 2017 3028">
     <span class='ocr_line' id='line_1_48' title="bbox 458 2958 2017 3028; baseline 0.006 -20"><span class='ocrx_word' id='word_1_339' title='bbox 458 2958 642 3026; x_wconf 78' lang='lat' dir='ltr'><strong>gucnti</strong></span> <span class='ocrx_word' id='word_1_340' title='bbox 680 2958 732 3011; x_wconf 88' lang='lat' dir='ltr'>in</span> <span class='ocrx_word' id='word_1_341' title='bbox 764 2960 1045 3014; x_wconf 89' lang='lat' dir='ltr'><strong>altissimis</strong></span> <span class='ocrx_word' id='word_1_342' title='bbox 1078 2961 1436 3015; x_wconf 73' lang='lat' dir='ltr'><strong>ministrando</strong></span> <span class='ocrx_word' id='word_1_343' title='bbox 1472 2978 1684 3028; x_wconf 70' lang='lat' dir='ltr'><strong>srmper</strong></span> <span class='ocrx_word' id='word_1_344' title='bbox 1714 2961 1863 3024; x_wconf 70' lang='lat' dir='ltr'><strong>ades,</strong></span> <span class='ocrx_word' id='word_1_345' title='bbox 1898 2963 2017 3017; x_wconf 87' lang='lat' dir='ltr'><strong>orbi</strong></span> 
     </span>
    </p>
   </div>
   <div class='ocr_carea' id='block_1_49' title="bbox 462 3049 2022 3121">
    <p class='ocr_par' dir='ltr' id='par_1_49' title="bbox 462 3049 2022 3121">
     <span class='ocr_line' id='line_1_49' title="bbox 462 3049 2022 3121; baseline 0.007 -23"><span class='ocrx_word' id='word_1_346' title='bbox 462 3061 725 3102; x_wconf 85' lang='lat' dir='ltr'><strong>terrarum</strong></span> <span class='ocrx_word' id='word_1_347' title='bbox 768 3049 1049 3104; x_wconf 84' lang='lat' dir='ltr'><strong>benedicis</strong></span> <span class='ocrx_word' id='word_1_348' title='bbox 1097 3052 1337 3117; x_wconf 86' lang='lat' dir='ltr'><strong>undique</strong></span> <span class='ocrx_word' id='word_1_349' title='bbox 1386 3052 1741 3121; x_wconf 78' lang='lat' dir='ltr'><strong>glurilieatus.</strong></span> <span class='ocrx_word' id='word_1_350' title='bbox 1801 3072 1819 3105; x_wconf 74' lang='grc' dir='ltr'>ι</span> <span class='ocrx_word' id='word_1_351' title='bbox 1862 3052 2022 3109; x_wconf 78' lang='lat' dir='ltr'><strong>Vides</strong></span> 
     </span>
    </p>
   </div>
   <div class='ocr_carea' id='block_1_50' title="bbox 460 3137 2021 3212">
    <p class='ocr_par' dir='ltr' id='par_1_50' title="bbox 460 3137 2021 3212">
     <span class='ocr_line' id='line_1_50' title="bbox 460 3137 2021 3212; baseline 0.006 -25"><span class='ocrx_word' id='word_1_352' title='bbox 460 3147 520 3188; x_wconf 88' lang='lat' dir='ltr'>ut</span> <span class='ocrx_word' id='word_1_353' title='bbox 568 3137 653 3189; x_wconf 92' lang='lat' dir='ltr'>hic</span> <span class='ocrx_word' id='word_1_354' title='bbox 681 3138 824 3191; x_wconf 88' lang='lat' dir='ltr'><strong>clare</strong></span> <span class='ocrx_word' id='word_1_355' title='bbox 854 3149 907 3191; x_wconf 91' lang='lat' dir='ltr'>et</span> <span class='ocrx_word' id='word_1_356' title='bbox 957 3148 1141 3208; x_wconf 74' lang='lat' dir='ltr'><strong>aperte</strong></span> <span class='ocrx_word' id='word_1_357' title='bbox 1184 3151 1402 3193; x_wconf 87' lang='lat' dir='ltr'><strong>sanctos</strong></span> <span class='ocrx_word' id='word_1_358' title='bbox 1436 3140 1525 3193; x_wconf 84' lang='lat' dir='ltr'>Dei</span> <span class='ocrx_word' id='word_1_359' title='bbox 1570 3142 1779 3196; x_wconf 81' lang='lat' dir='ltr'><strong>visione</strong></span> <span class='ocrx_word' id='word_1_360' title='bbox 1814 3142 2021 3212; x_wconf 76' lang='lat' dir='ltr'><strong>perfrui</strong></span> 
     </span>
    </p>
   </div>
   <div class='ocr_carea' id='block_1_51' title="bbox 462 3229 2025 3300">
    <p class='ocr_par' dir='ltr' id='par_1_51' title="bbox 462 3229 2025 3300">
     <span class='ocr_line' id='line_1_51' title="bbox 462 3229 2025 3300; baseline 0.003 -19"><span class='ocrx_word' id='word_1_361' title='bbox 462 3229 526 3281; x_wconf 90' lang='lat' dir='ltr'>ad</span> <span class='ocrx_word' id='word_1_362' title='bbox 563 3230 752 3282; x_wconf 80' lang='lat' dir='ltr'><strong>faciem</strong></span> <span class='ocrx_word' id='word_1_363' title='bbox 785 3232 1096 3284; x_wconf 87' lang='lat' dir='ltr'><strong>asseverat?</strong></span> <span class='ocrx_word' id='word_1_364' title='bbox 1135 3231 1430 3300; x_wconf 82' lang='lat' dir='ltr'><strong>divumque</strong></span> <span class='ocrx_word' id='word_1_365' title='bbox 1459 3231 1631 3285; x_wconf 86' lang='lat' dir='ltr'><strong>Eliam</strong></span> <span class='ocrx_word' id='word_1_366' title='bbox 1678 3234 1780 3288; x_wconf 87' lang='lat' dir='ltr'>hac</span> <span class='ocrx_word' id='word_1_367' title='bbox 1818 3232 2025 3289; x_wconf 88' lang='lat' dir='ltr'><strong>visione</strong></span> 
     </span>
    </p>
   </div>
   <div class='ocr_carea' id='block_1_52' title="bbox 461 3323 2018 3393">
    <p class='ocr_par' dir='ltr' id='par_1_52' title="bbox 461 3323 2018 3393">
     <span class='ocr_line' id='line_1_52' title="bbox 461 3323 2018 3393; baseline 0.001 -17"><span class='ocrx_word' id='word_1_368' title='bbox 461 3324 622 3376; x_wconf 84' lang='lat' dir='ltr'><strong>etiam</strong></span> <span class='ocrx_word' id='word_1_369' title='bbox 667 3323 718 3375; x_wconf 89' lang='lat' dir='ltr'>in</span> <span class='ocrx_word' id='word_1_370' title='bbox 756 3339 982 3393; x_wconf 84' lang='lat' dir='ltr'><strong>corpore</strong></span> <span class='ocrx_word' id='word_1_371' title='bbox 1022 3324 1242 3392; x_wconf 78' lang='lat' dir='ltr'><strong>dignum</strong></span> <span class='ocrx_word' id='word_1_372' title='bbox 1283 3340 1404 3379; x_wconf 84' lang='lat' dir='ltr'><strong>esse</strong></span> <span class='ocrx_word' id='word_1_373' title='bbox 1439 3326 1807 3379; x_wconf 83' lang='lat' dir='ltr'><strong>existimatum</strong></span> <span class='ocrx_word' id='word_1_374' title='bbox 1843 3325 2018 3389; x_wconf 85' lang='lat' dir='ltr'><strong>dicit,</strong></span> 
     </span>
    </p>
   </div>
   <div class='ocr_carea' id='block_1_53' title="bbox 460 3414 2024 3485">
    <p class='ocr_par' dir='ltr' id='par_1_53' title="bbox 460 3414 2024 3485">
     <span class='ocr_line' id='line_1_53' title="bbox 460 3414 2024 3485; baseline 0.001 -18"><span class='ocrx_word' id='word_1_375' title='bbox 460 3414 850 3483; x_wconf 77' lang='lat' dir='ltr'><strong>quodquidem</strong></span> <span class='ocrx_word' id='word_1_376' title='bbox 887 3416 1006 3483; x_wconf 89' lang='lat' dir='ltr'><strong>plus</strong></span> <span class='ocrx_word' id='word_1_377' title='bbox 1040 3424 1122 3469; x_wconf 89' lang='lat' dir='ltr'>est</span> <span class='ocrx_word' id='word_1_378' title='bbox 1157 3432 1320 3485; x_wconf 77' lang='lat' dir='ltr'><strong>quam</strong></span> <span class='ocrx_word' id='word_1_379' title='bbox 1360 3417 1471 3484; x_wconf 86' lang='lat' dir='ltr'><strong>ipsa</strong></span> <span class='ocrx_word' id='word_1_380' title='bbox 1504 3417 1641 3469; x_wconf 88' lang='lat' dir='ltr'><strong>ratio</strong></span> <span class='ocrx_word' id='word_1_381' title='bbox 1674 3417 1930 3484; x_wconf 86' lang='lat' dir='ltr'><strong>postulat.</strong></span> <span class='ocrx_word' id='word_1_382' title='bbox 1968 3416 2024 3469; x_wconf 87' lang='lat' dir='ltr'><strong>Si</strong></span> 
     </span>
    </p>
   </div>
   <div class='ocr_carea' id='block_1_54' title="bbox 461 3507 2020 3577">
    <p class='ocr_par' dir='ltr' id='par_1_54' title="bbox 461 3507 2020 3577">
     <span class='ocr_line' id='line_1_54' title="bbox 461 3507 2020 3577; baseline 0.002 -17"><span class='ocrx_word' id='word_1_383' title='bbox 461 3507 605 3560; x_wconf 86' lang='lat' dir='ltr'><strong>aliud</strong></span> <span class='ocrx_word' id='word_1_384' title='bbox 642 3507 805 3577; x_wconf 79' lang='lat' dir='ltr'><strong>igitur</strong></span> <span class='ocrx_word' id='word_1_385' title='bbox 840 3517 1082 3574; x_wconf 83' lang='lat' dir='ltr'><strong>paratum</strong></span> <span class='ocrx_word' id='word_1_386' title='bbox 1122 3523 1346 3573; x_wconf 86' lang='lat' dir='ltr'><strong>regnum</strong></span> <span class='ocrx_word' id='word_1_387' title='bbox 1379 3517 1535 3561; x_wconf 64' lang='lat' dir='ltr'><strong>estet</strong></span> <span class='ocrx_word' id='word_1_388' title='bbox 1564 3508 1854 3562; x_wconf 73' lang='lat' dir='ltr'><strong>ineffabilia</strong></span> <span class='ocrx_word' id='word_1_389' title='bbox 1880 3508 2020 3563; x_wconf 86' lang='lat' dir='ltr'><strong>bona</strong></span> 
     </span>
    </p>
   </div>
   <div class='ocr_carea' id='block_1_55' title="bbox 466 3596 2027 3669">
    <p class='ocr_par' dir='ltr' id='par_1_55' title="bbox 466 3596 2027 3669">
     <span class='ocr_line' id='line_1_55' title="bbox 466 3596 2027 3669; baseline 0.003 -18"><span class='ocrx_word' id='word_1_390' title='bbox 466 3607 660 3665; x_wconf 66' lang='lat' dir='ltr'><strong>praeter</strong></span> <span class='ocrx_word' id='word_1_391' title='bbox 689 3597 780 3650; x_wconf 85' lang='lat' dir='ltr'>Dei</span> <span class='ocrx_word' id='word_1_392' title='bbox 822 3597 886 3649; x_wconf 93' lang='lat' dir='ltr'>ad</span> <span class='ocrx_word' id='word_1_393' title='bbox 930 3596 1121 3651; x_wconf 80' lang='lat' dir='ltr'><strong>faciem</strong></span> <span class='ocrx_word' id='word_1_394' title='bbox 1152 3599 1434 3661; x_wconf 85' lang='lat' dir='ltr'><strong>visionem.</strong></span> <span class='ocrx_word' id='word_1_395' title='bbox 1473 3598 1524 3651; x_wconf 89' lang='lat' dir='ltr'>id</span> <span class='ocrx_word' id='word_1_396' title='bbox 1566 3599 1814 3653; x_wconf 83' lang='lat' dir='ltr'><strong>ostendat</strong></span> <span class='ocrx_word' id='word_1_397' title='bbox 1846 3598 2027 3669; x_wconf 79' lang='lat' dir='ltr'><strong>nobis;</strong></span> 
     </span>
    </p>
   </div>
   <div class='ocr_carea' id='block_1_56' title="bbox 467 3687 2029 3762">
    <p class='ocr_par' dir='ltr' id='par_1_56' title="bbox 467 3687 2029 3762">
     <span class='ocr_line' id='line_1_56' title="bbox 467 3687 2029 3762; baseline 0.005 -21"><span class='ocrx_word' id='word_1_398' title='bbox 467 3689 573 3741; x_wconf 86' lang='lat' dir='ltr'><strong>erit</strong></span> <span class='ocrx_word' id='word_1_399' title='bbox 609 3688 751 3740; x_wconf 90' lang='lat' dir='ltr'><strong>enim</strong></span> <span class='ocrx_word' id='word_1_400' title='bbox 791 3687 880 3740; x_wconf 84' lang='lat' dir='ltr'>Dei</span> <span class='ocrx_word' id='word_1_401' title='bbox 927 3687 1137 3742; x_wconf 84' lang='lat' dir='ltr'><strong>visione</strong></span> <span class='ocrx_word' id='word_1_402' title='bbox 1169 3689 1539 3759; x_wconf 77' lang='lat' dir='ltr'><strong>praestantius,</strong></span> <span class='ocrx_word' id='word_1_403' title='bbox 1570 3694 1715 3762; x_wconf 86' lang='lat' dir='ltr'><strong>quod</strong></span> <span class='ocrx_word' id='word_1_404' title='bbox 1764 3709 1924 3747; x_wconf 89' lang='lat' dir='ltr'><strong>nemo</strong></span> <span class='ocrx_word' id='word_1_405' title='bbox 1962 3709 2029 3749; x_wconf 80' lang='lat' dir='ltr'><strong>ex</strong></span> 
     </span>
    </p>
   </div>
   <div class='ocr_carea' id='block_1_57' title="bbox 466 3779 2030 3858">
    <p class='ocr_par' dir='ltr' id='par_1_57' title="bbox 466 3779 2030 3858">
     <span class='ocr_line' id='line_1_57' title="bbox 466 3779 2030 3858; baseline 0.006 -26"><span class='ocrx_word' id='word_1_406' title='bbox 466 3779 721 3833; x_wconf 72' lang='lat' dir='ltr'><strong>Ecclesiae</strong></span> <span class='ocrx_word' id='word_1_407' title='bbox 752 3780 1072 3835; x_wconf 81' lang='lat' dir='ltr'><strong>doctoribus</strong></span> <span class='ocrx_word' id='word_1_408' title='bbox 1098 3797 1335 3850; x_wconf 89' lang='lat' dir='ltr'><strong>unquam</strong></span> <span class='ocrx_word' id='word_1_409' title='bbox 1371 3783 1509 3837; x_wconf 75' lang='lat' dir='ltr'><strong>dixit</strong></span> <span class='ocrx_word' id='word_1_410' title='bbox 1539 3800 1558 3837; x_wconf 89' lang='lat'><strong><em>:</em></strong></span> <span class='ocrx_word' id='word_1_411' title='bbox 1588 3786 1846 3853; x_wconf 77' lang='lat' dir='ltr'><strong>majorem</strong></span> <span class='ocrx_word' id='word_1_412' title='bbox 1879 3801 2030 3858; x_wconf 86' lang='lat' dir='ltr'><strong>repe-</strong></span> 
     </span>
    </p>
   </div>
   <div class='ocr_carea' id='block_1_58' title="bbox 470 3871 2030 3943">
    <p class='ocr_par' dir='ltr' id='par_1_58' title="bbox 470 3871 2030 3943">
     <span class='ocr_line' id='line_1_58' title="bbox 470 3871 2030 3943; baseline 0.006 -20"><span class='ocrx_word' id='word_1_413' title='bbox 470 3872 562 3925; x_wconf 86' lang='lat' dir='ltr'><strong>riri</strong></span> <span class='ocrx_word' id='word_1_414' title='bbox 609 3871 1026 3926; x_wconf 88' lang='lat' dir='ltr'><strong>oblectationem</strong></span> <span class='ocrx_word' id='word_1_415' title='bbox 1056 3888 1216 3941; x_wconf 86' lang='lat' dir='ltr'><strong>quam</strong></span> <span class='ocrx_word' id='word_1_416' title='bbox 1269 3875 1358 3927; x_wconf 81' lang='lat' dir='ltr'>Dei</span> <span class='ocrx_word' id='word_1_417' title='bbox 1410 3875 1546 3929; x_wconf 87' lang='lat' dir='ltr'><strong>visio</strong></span> <span class='ocrx_word' id='word_1_418' title='bbox 1576 3877 1666 3930; x_wconf 88' lang='lat' dir='ltr'><strong>sit.</strong></span> <span class='ocrx_word' id='word_1_419' title='bbox 1704 3877 1856 3943; x_wconf 85' lang='lat' dir='ltr'><strong>Quod</strong></span> <span class='ocrx_word' id='word_1_420' title='bbox 1898 3895 2030 3933; x_wconf 83' lang='lat' dir='ltr'><strong>vero</strong></span> 
     </span>
    </p>
   </div>
   <div class='ocr_carea' id='block_1_59' title="bbox 468 3957 2026 4031">
    <p class='ocr_par' dir='ltr' id='par_1_59' title="bbox 468 3957 2026 4031">
     <span class='ocr_line' id='line_1_59' title="bbox 468 3957 2026 4031; baseline 0.007 -22"><span class='ocrx_word' id='word_1_421' title='bbox 468 3959 602 4013; x_wconf 89' lang='lat' dir='ltr'><strong>dicit</strong></span> <span class='ocrx_word' id='word_1_422' title='bbox 666 3974 896 4025; x_wconf 80' lang='lat' dir='ltr'><strong>magnus</strong></span> <span class='ocrx_word' id='word_1_423' title='bbox 955 3957 1270 4027; x_wconf 82' lang='lat' dir='ltr'><strong>Gregorius,</strong></span> <span class='ocrx_word' id='word_1_424' title='bbox 1331 3961 1603 4030; x_wconf 85' lang='lat' dir='ltr'><strong>justorum</strong></span> <span class='ocrx_word' id='word_1_425' title='bbox 1664 3966 2026 4031; x_wconf 84' lang='lat' dir='ltr'><strong>quorumdam</strong></span> 
     </span>
    </p>
   </div>
   <div class='ocr_carea' id='block_1_60' title="bbox 467 4049 2031 4119">
    <p class='ocr_par' dir='ltr' id='par_1_60' title="bbox 467 4049 2031 4119">
     <span class='ocr_line' id='line_1_60' title="bbox 467 4049 2031 4119; baseline 0.005 -18"><span class='ocrx_word' id='word_1_426' title='bbox 467 4049 681 4103; x_wconf 84' lang='lat' dir='ltr'><strong>animas</strong></span> <span class='ocrx_word' id='word_1_427' title='bbox 714 4064 834 4103; x_wconf 89' lang='lat' dir='ltr'><strong>esse</strong></span> <span class='ocrx_word' id='word_1_428' title='bbox 866 4065 984 4117; x_wconf 74' lang='lat' dir='ltr'><strong>qua:</strong></span> <span class='ocrx_word' id='word_1_429' title='bbox 1016 4066 1043 4102; x_wconf 91' lang='lat' dir='ltr'>a</span> <span class='ocrx_word' id='word_1_430' title='bbox 1091 4051 1299 4105; x_wconf 75' lang='lat' dir='ltr'><strong>cmlesti</strong></span> <span class='ocrx_word' id='word_1_431' title='bbox 1332 4068 1495 4119; x_wconf 78' lang='lat' dir='ltr'><strong>regno</strong></span> <span class='ocrx_word' id='word_1_432' title='bbox 1528 4054 1900 4109; x_wconf 84' lang='lat' dir='ltr'><strong>mansionibus</strong></span> <span class='ocrx_word' id='word_1_433' title='bbox 1930 4055 2031 4109; x_wconf 80' lang='lat' dir='ltr'><strong>dif-</strong></span> 
     </span>
    </p>
   </div>
   <div class='ocr_carea' id='block_1_61' title="bbox 470 4142 2023 4213">
    <p class='ocr_par' dir='ltr' id='par_1_61' title="bbox 470 4142 2023 4213">
     <span class='ocr_line' id='line_1_61' title="bbox 470 4142 2023 4213; baseline 0.003 -19"><span class='ocrx_word' id='word_1_434' title='bbox 470 4144 671 4203; x_wconf 81' lang='lat' dir='ltr'><strong>ferunt,</strong></span> <span class='ocrx_word' id='word_1_435' title='bbox 696 4150 750 4195; x_wconf 91' lang='lat' dir='ltr'>et</span> <span class='ocrx_word' id='word_1_436' title='bbox 774 4142 909 4194; x_wconf 83' lang='lat' dir='ltr'><strong>alias</strong></span> <span class='ocrx_word' id='word_1_437' title='bbox 941 4157 1063 4195; x_wconf 87' lang='lat' dir='ltr'><strong>esse</strong></span> <span class='ocrx_word' id='word_1_438' title='bbox 1092 4143 1452 4211; x_wconf 68' lang='lat' dir='ltr'><strong>perfector-um</strong></span> <span class='ocrx_word' id='word_1_439' title='bbox 1483 4145 1753 4210; x_wconf 73' lang='lat' dir='ltr'><strong>iustorum</strong></span> <span class='ocrx_word' id='word_1_440' title='bbox 1786 4145 2023 4213; x_wconf 79' lang='lat' dir='ltr'><strong>animas,</strong></span> 
     </span>
    </p>
   </div>
   <div class='ocr_carea' id='block_1_62' title="bbox 468 4232 2036 4303">
    <p class='ocr_par' dir='ltr' id='par_1_62' title="bbox 468 4232 2036 4303">
     <span class='ocr_line' id='line_1_62' title="bbox 468 4232 2036 4303; baseline 0.003 -19"><span class='ocrx_word' id='word_1_441' title='bbox 468 4232 705 4293; x_wconf 86' lang='lat' dir='ltr'><strong>ostendit</strong></span> <span class='ocrx_word' id='word_1_442' title='bbox 733 4248 853 4287; x_wconf 86' lang='lat' dir='ltr'><strong>esse</strong></span> <span class='ocrx_word' id='word_1_443' title='bbox 894 4232 1058 4286; x_wconf 88' lang='lat' dir='ltr'><strong>etiam</strong></span> <span class='ocrx_word' id='word_1_444' title='bbox 1107 4235 1243 4287; x_wconf 83' lang='lat' dir='ltr'><strong>alias</strong></span> <span class='ocrx_word' id='word_1_445' title='bbox 1268 4233 1547 4303; x_wconf 81' lang='lat' dir='ltr'><strong>justorum</strong></span> <span class='ocrx_word' id='word_1_446' title='bbox 1602 4250 1709 4286; x_wconf 91' lang='lat' dir='ltr'>non</span> <span class='ocrx_word' id='word_1_447' title='bbox 1772 4234 2036 4302; x_wconf 83' lang='lat' dir='ltr'><strong>perfecto-</strong></span> 
     </span>
    </p>
   </div>
   <div class='ocr_carea' id='block_1_63' title="bbox 468 4321 2031 4393">
    <p class='ocr_par' dir='ltr' id='par_1_63' title="bbox 468 4321 2031 4393">
     <span class='ocr_line' id='line_1_63' title="bbox 468 4321 2031 4393; baseline 0.001 -15"><span class='ocrx_word' id='word_1_448' title='bbox 468 4341 588 4378; x_wconf 86' lang='lat' dir='ltr'>rum</span> <span class='ocrx_word' id='word_1_449' title='bbox 618 4324 846 4379; x_wconf 89' lang='lat' dir='ltr'><strong>animas.</strong></span> <span class='ocrx_word' id='word_1_450' title='bbox 883 4321 1035 4391; x_wconf 86' lang='lat' dir='ltr'><strong>Quod</strong></span> <span class='ocrx_word' id='word_1_451' title='bbox 1066 4324 1111 4378; x_wconf 91' lang='lat' dir='ltr'>si</span> <span class='ocrx_word' id='word_1_452' title='bbox 1144 4323 1267 4393; x_wconf 87' lang='lat' dir='ltr'><strong>quis</strong></span> <span class='ocrx_word' id='word_1_453' title='bbox 1294 4323 1520 4393; x_wconf 80' lang='lat' dir='ltr'><strong>ambigit</strong></span> <span class='ocrx_word' id='word_1_454' title='bbox 1545 4324 1762 4377; x_wconf 90' lang='lat' dir='ltr'><strong>ubinam</strong></span> <span class='ocrx_word' id='word_1_455' title='bbox 1789 4325 1869 4380; x_wconf 76' lang='lat' dir='ltr'><strong>ha:</strong></span> <span class='ocrx_word' id='word_1_456' title='bbox 1901 4326 2031 4392; x_wconf 86' lang='lat' dir='ltr'><strong>sint,</strong></span> 
     </span>
    </p>
   </div>
   <div class='ocr_carea' id='block_1_64' title="bbox 2113 1852 3697 1938">
    <p class='ocr_par' dir='ltr' id='par_1_64' title="bbox 2113 1852 3697 1938">
     <span class='ocr_line' id='line_1_64' title="bbox 2113 1852 3697 1938; baseline -0.026 1"><span class='ocrx_word' id='word_1_457' title='bbox 2113 1866 2314 1938; x_wconf 77' lang='grc' dir='ltr'>ψυχαί;</span> <span class='ocrx_word' id='word_1_458' title='bbox 2350 1866 2498 1919; x_wconf 82' lang='grc' dir='ltr'>Ἐδει</span> <span class='ocrx_word' id='word_1_459' title='bbox 2528 1865 2636 1933; x_wconf 82' lang='grc' dir='ltr'>γὰρ</span> <span class='ocrx_word' id='word_1_460' title='bbox 2666 1863 2828 1917; x_wconf 70' lang='grc' dir='ltr'>αὐτὸν</span> <span class='ocrx_word' id='word_1_461' title='bbox 2877 1860 3158 1928; x_wconf 79' lang='grc' dir='ltr'>ἄνθρωπον</span> <span class='ocrx_word' id='word_1_462' title='bbox 3189 1857 3316 1909; x_wconf 71' lang='grc' dir='ltr'>ὄντα</span> <span class='ocrx_word' id='word_1_463' title='bbox 3364 1855 3564 1922; x_wconf 85' lang='grc' dir='ltr'>λόγιον,</span> <span class='ocrx_word' id='word_1_464' title='bbox 3611 1852 3697 1920; x_wconf 74' lang='grc' dir='ltr'>μὴ</span> 
     </span>
    </p>
   </div>
   <div class='ocr_carea' id='block_1_65' title="bbox 2116 1942 3699 2024">
    <p class='ocr_par' dir='ltr' id='par_1_65' title="bbox 2116 1942 3699 2024">
     <span class='ocr_line' id='line_1_65' title="bbox 2116 1942 3699 2024; baseline -0.012 -12"><span class='ocrx_word' id='word_1_465' title='bbox 2116 1956 2492 2012; x_wconf 76' lang='grc' dir='ltr'>ἐναντιοῦσθαι</span> <span class='ocrx_word' id='word_1_466' title='bbox 2546 1953 2839 2024; x_wconf 80' lang='grc' dir='ltr'>προφανῶς</span> <span class='ocrx_word' id='word_1_467' title='bbox 2892 1950 3035 2004; x_wconf 78' lang='grc' dir='ltr'>οὕτω</span> <span class='ocrx_word' id='word_1_468' title='bbox 3086 1950 3195 2010; x_wconf 87' lang='grc' dir='ltr'>τοῖς</span> <span class='ocrx_word' id='word_1_469' title='bbox 3248 1945 3397 2013; x_wconf 80' lang='grc' dir='ltr'>παρὰ</span> <span class='ocrx_word' id='word_1_470' title='bbox 3436 1944 3548 1996; x_wconf 84' lang='grc' dir='ltr'>τῶν</span> <span class='ocrx_word' id='word_1_471' title='bbox 3584 1942 3699 2010; x_wconf 71' lang='grc' dir='ltr'>τῆς</span> 
     </span>
    </p>
   </div>
   <div class='ocr_carea' id='block_1_66' title="bbox 2128 2035 3701 2119">
    <p class='ocr_par' dir='ltr' id='par_1_66' title="bbox 2128 2035 3701 2119">
     <span class='ocr_line' id='line_1_66' title="bbox 2128 2035 3701 2119; baseline -0.01 -17"><span class='ocrx_word' id='word_1_472' title='bbox 2128 2049 2455 2119; x_wconf 80' lang='grc' dir='ltr'>Ἐκκλησίας</span> <span class='ocrx_word' id='word_1_473' title='bbox 2494 2046 2828 2101; x_wconf 75' lang='grc' dir='ltr'>διδασκάλων</span> <span class='ocrx_word' id='word_1_474' title='bbox 2870 2042 3182 2112; x_wconf 78' lang='grc' dir='ltr'>εἰρημένοις</span> <span class='ocrx_word' id='word_1_475' title='bbox 3207 2054 3225 2071; x_wconf 87' lang='grc'><strong>·</strong></span> <span class='ocrx_word' id='word_1_476' title='bbox 3259 2038 3453 2107; x_wconf 77' lang='grc' dir='ltr'>μᾶλλον</span> <span class='ocrx_word' id='word_1_477' title='bbox 3485 2036 3543 2087; x_wconf 68' lang='grc' dir='ltr'>δὲ</span> <span class='ocrx_word' id='word_1_478' title='bbox 3592 2035 3701 2087; x_wconf 73' lang='grc' dir='ltr'>καὶ</span> 
     </span>
    </p>
   </div>
   <div class='ocr_carea' id='block_1_67' title="bbox 2117 2125 3699 2208">
    <p class='ocr_par' dir='ltr' id='par_1_67' title="bbox 2117 2125 3699 2208">
     <span class='ocr_line' id='line_1_67' title="bbox 2117 2125 3699 2208; baseline -0.011 -13"><span class='ocrx_word' id='word_1_479' title='bbox 2117 2141 2278 2204; x_wconf 66' lang='grc' dir='ltr'>αὐτὸς</span> <span class='ocrx_word' id='word_1_480' title='bbox 2320 2138 2498 2208; x_wconf 77' lang='grc' dir='ltr'>ἐαυτῷ</span> <span class='ocrx_word' id='word_1_481' title='bbox 2536 2138 2848 2205; x_wconf 82' lang='grc' dir='ltr'>ἀντιλέγει·</span> <span class='ocrx_word' id='word_1_482' title='bbox 2878 2136 2941 2187; x_wconf 75' lang='grc' dir='ltr'>ὲν</span> <span class='ocrx_word' id='word_1_483' title='bbox 2989 2133 3088 2201; x_wconf 78' lang='grc' dir='ltr'>μὲν</span> <span class='ocrx_word' id='word_1_484' title='bbox 3126 2133 3193 2200; x_wconf 79' lang='grc' dir='ltr'>τῇ</span> <span class='ocrx_word' id='word_1_485' title='bbox 3227 2128 3482 2197; x_wconf 70' lang='grc' dir='ltr'>ἐπιστολῇ</span> <span class='ocrx_word' id='word_1_486' title='bbox 3514 2125 3699 2179; x_wconf 72' lang='grc' dir='ltr'>αὑτοῦ</span> 
     </span>
    </p>
   </div>
   <div class='ocr_carea' id='block_1_68' title="bbox 2117 2220 3697 2302">
    <p class='ocr_par' dir='ltr' id='par_1_68' title="bbox 2117 2220 3697 2302">
     <span class='ocr_line' id='line_1_68' title="bbox 2117 2220 3697 2302; baseline -0.011 -18"><span class='ocrx_word' id='word_1_487' title='bbox 2117 2236 2181 2302; x_wconf 81' lang='grc' dir='ltr'>τῇ</span> <span class='ocrx_word' id='word_1_488' title='bbox 2214 2231 2524 2302; x_wconf 82' lang='grc' dir='ltr'>πεμφθείσῃ</span> <span class='ocrx_word' id='word_1_489' title='bbox 2558 2233 2666 2291; x_wconf 80' lang='grc' dir='ltr'>τοῖς</span> <span class='ocrx_word' id='word_1_490' title='bbox 2717 2222 3033 2295; x_wconf 77' lang='grc' dir='ltr'>ἁπανταχοῦ</span> <span class='ocrx_word' id='word_1_491' title='bbox 3064 2225 3165 2290; x_wconf 76' lang='grc' dir='ltr'>γῆς</span> <span class='ocrx_word' id='word_1_492' title='bbox 3204 2222 3297 2273; x_wconf 69' lang='grc' dir='ltr'>καὶ</span> <span class='ocrx_word' id='word_1_493' title='bbox 3339 2220 3446 2272; x_wconf 88' lang='grc' dir='ltr'>τῶν</span> <span class='ocrx_word' id='word_1_494' title='bbox 3474 2221 3697 2284; x_wconf 72' lang='grc' dir='ltr'>νήσων,</span> 
     </span>
    </p>
   </div>
   <div class='ocr_carea' id='block_1_69' title="bbox 2119 2306 3696 2395">
    <p class='ocr_par' dir='ltr' id='par_1_69' title="bbox 2119 2306 3696 2395">
     <span class='ocr_line' id='line_1_69' title="bbox 2119 2306 3696 2395; baseline -0.012 -18"><span class='ocrx_word' id='word_1_495' title='bbox 2119 2326 2363 2395; x_wconf 88' lang='grc' dir='ltr'>ἀρνεῖται</span> <span class='ocrx_word' id='word_1_496' title='bbox 2397 2321 2675 2381; x_wconf 83' lang='grc' dir='ltr'>παντελῶς</span> <span class='ocrx_word' id='word_1_497' title='bbox 2714 2321 2810 2386; x_wconf 71' lang='grc' dir='ltr'>τὴν</span> <span class='ocrx_word' id='word_1_498' title='bbox 2841 2317 2949 2380; x_wconf 62' lang='grc' dir='ltr'>τῶν</span> <span class='ocrx_word' id='word_1_499' title='bbox 2982 2316 3157 2381; x_wconf 83' lang='grc' dir='ltr'>ἁγίων</span> <span class='ocrx_word' id='word_1_500' title='bbox 3199 2312 3525 2370; x_wconf 80' lang='grc' dir='ltr'>ἀπόλαυσιν,</span> <span class='ocrx_word' id='word_1_501' title='bbox 3554 2306 3696 2360; x_wconf 74' lang='grc' dir='ltr'>ἔνθα</span> 
     </span>
    </p>
   </div>
   <div class='ocr_carea' id='block_1_70' title="bbox 2121 2399 3702 2485">
    <p class='ocr_par' dir='ltr' id='par_1_70' title="bbox 2121 2399 3702 2485">
     <span class='ocr_line' id='line_1_70' title="bbox 2121 2399 3702 2485; baseline -0.013 -15"><span class='ocrx_word' id='word_1_502' title='bbox 2121 2419 2292 2485; x_wconf 78' lang='grc' dir='ltr'>φησί’</span> <span class='ocrx_word' id='word_1_503' title='bbox 2332 2415 2467 2467; x_wconf 74' lang='grc' dir='ltr'>ιΚαὶ</span> <span class='ocrx_word' id='word_1_504' title='bbox 2517 2415 2678 2482; x_wconf 69' lang='grc' dir='ltr'>ἡμεῖς</span> <span class='ocrx_word' id='word_1_505' title='bbox 2704 2409 2826 2462; x_wconf 73' lang='grc' dir='ltr'>οὔτε</span> <span class='ocrx_word' id='word_1_506' title='bbox 2852 2408 2977 2469; x_wconf 64' lang='grc' dir='ltr'>τοὺς</span> <span class='ocrx_word' id='word_1_507' title='bbox 3033 2406 3219 2473; x_wconf 83' lang='grc' dir='ltr'>ἁγίους</span> <span class='ocrx_word' id='word_1_508' title='bbox 3265 2401 3559 2456; x_wconf 85' lang='grc' dir='ltr'>ἀπολαϐεῖν</span> <span class='ocrx_word' id='word_1_509' title='bbox 3590 2399 3702 2466; x_wconf 79' lang='grc' dir='ltr'>τὴν</span> 
     </span>
    </p>
   </div>
   <div class='ocr_carea' id='block_1_71' title="bbox 2123 2492 3701 2578">
    <p class='ocr_par' dir='ltr' id='par_1_71' title="bbox 2123 2492 3701 2578">
     <span class='ocr_line' id='line_1_71' title="bbox 2123 2492 3701 2578; baseline -0.011 -20"><span class='ocrx_word' id='word_1_510' title='bbox 2123 2506 2535 2578; x_wconf 76' lang='grc' dir='ltr'>ἡτοιμασμένην</span> <span class='ocrx_word' id='word_1_511' title='bbox 2590 2503 2775 2563; x_wconf 78' lang='grc' dir='ltr'>αὐτοῖς</span> <span class='ocrx_word' id='word_1_512' title='bbox 2824 2497 3099 2570; x_wconf 79' lang='grc' dir='ltr'>βασιλείαν</span> <span class='ocrx_word' id='word_1_513' title='bbox 3150 2496 3243 2549; x_wconf 77' lang='grc' dir='ltr'>καὶ</span> <span class='ocrx_word' id='word_1_514' title='bbox 3294 2494 3362 2546; x_wconf 78' lang='grc' dir='ltr'>τά</span> <span class='ocrx_word' id='word_1_515' title='bbox 3396 2492 3701 2561; x_wconf 71' lang='grc' dir='ltr'>ἀπόρρητα</span> 
     </span>
    </p>
   </div>
   <div class='ocr_carea' id='block_1_72' title="bbox 2122 2582 3702 2663">
    <p class='ocr_par' dir='ltr' id='par_1_72' title="bbox 2122 2582 3702 2663">
     <span class='ocr_line' id='line_1_72' title="bbox 2122 2582 3702 2663; baseline -0.013 -13"><span class='ocrx_word' id='word_1_516' title='bbox 2122 2596 2324 2663; x_wconf 71' lang='grc' dir='ltr'>ἀγαθὰ,</span> <span class='ocrx_word' id='word_1_517' title='bbox 2352 2593 2473 2646; x_wconf 82' lang='grc' dir='ltr'>οῦτε</span> <span class='ocrx_word' id='word_1_518' title='bbox 2505 2593 2626 2653; x_wconf 76' lang='grc' dir='ltr'>τοὺς</span> <span class='ocrx_word' id='word_1_519' title='bbox 2650 2587 3008 2658; x_wconf 80' lang='grc' dir='ltr'>ἁμαρτωλοὺς</span> <span class='ocrx_word' id='word_1_520' title='bbox 3036 2588 3115 2648; x_wconf 86' lang='grc' dir='ltr'>είς</span> <span class='ocrx_word' id='word_1_521' title='bbox 3138 2584 3236 2654; x_wconf 81' lang='grc' dir='ltr'>τὴν</span> <span class='ocrx_word' id='word_1_522' title='bbox 3264 2582 3485 2651; x_wconf 75' lang='grc' dir='ltr'>γέενναν</span> <span class='ocrx_word' id='word_1_523' title='bbox 3515 2584 3702 2648; x_wconf 56' lang='lat' dir='ltr'><strong>sia-1::-</strong></span> 
     </span>
    </p>
   </div>
   <div class='ocr_carea' id='block_1_73' title="bbox 2125 2672 3699 2758">
    <p class='ocr_par' dir='ltr' id='par_1_73' title="bbox 2125 2672 3699 2758">
     <span class='ocr_line' id='line_1_73' title="bbox 2125 2672 3699 2758; baseline -0.011 -18"><span class='ocrx_word' id='word_1_524' title='bbox 2125 2690 2237 2740; x_wconf 88' lang='grc' dir='ltr'>σεῖν</span> <span class='ocrx_word' id='word_1_525' title='bbox 2265 2688 2365 2758; x_wconf 77' lang='grc' dir='ltr'>ήδη</span> <span class='ocrx_word' id='word_1_526' title='bbox 2398 2685 2582 2753; x_wconf 83' lang='grc' dir='ltr'>φαμέν</span> <span class='ocrx_word' id='word_1_527' title='bbox 2606 2696 2620 2710; x_wconf 89' lang='grc'><strong>·</strong></span> <span class='ocrx_word' id='word_1_528' title='bbox 2655 2681 2768 2733; x_wconf 80' lang='grc' dir='ltr'>ἀλλ’</span> <span class='ocrx_word' id='word_1_529' title='bbox 2798 2676 3115 2748; x_wconf 77' lang='grc' dir='ltr'>ἐκδέχεσθαι</span> <span class='ocrx_word' id='word_1_530' title='bbox 3146 2676 3235 2727; x_wconf 80' lang='grc' dir='ltr'>τὸν</span> <span class='ocrx_word' id='word_1_531' title='bbox 3266 2675 3392 2728; x_wconf 86' lang='grc' dir='ltr'>ίδιον</span> <span class='ocrx_word' id='word_1_532' title='bbox 3422 2672 3699 2740; x_wconf 77' lang='grc' dir='ltr'>ἑκατέρου</span> 
     </span>
    </p>
   </div>
   <div class='ocr_carea' id='block_1_74' title="bbox 2123 2764 3702 2848">
    <p class='ocr_par' dir='ltr' id='par_1_74' title="bbox 2123 2764 3702 2848">
     <span class='ocr_line' id='line_1_74' title="bbox 2123 2764 3702 2848; baseline -0.011 -15"><span class='ocrx_word' id='word_1_533' title='bbox 2123 2780 2323 2848; x_wconf 77' lang='grc' dir='ltr'>κλῆρον</span> <span class='ocrx_word' id='word_1_534' title='bbox 2348 2793 2364 2809; x_wconf 77' lang='grc' dir='ltr'><strong>ο</strong></span> <span class='ocrx_word' id='word_1_535' title='bbox 2392 2777 2485 2829; x_wconf 75' lang='grc' dir='ltr'>καὶ</span> <span class='ocrx_word' id='word_1_536' title='bbox 2508 2772 2649 2827; x_wconf 74' lang='grc' dir='ltr'>εἶναι</span> <span class='ocrx_word' id='word_1_537' title='bbox 2681 2770 2837 2825; x_wconf 86' lang='grc' dir='ltr'>τοῦτο</span> <span class='ocrx_word' id='word_1_538' title='bbox 2868 2769 3059 2839; x_wconf 79' lang='grc' dir='ltr'>καιροῦ</span> <span class='ocrx_word' id='word_1_539' title='bbox 3104 2768 3198 2820; x_wconf 87' lang='grc' dir='ltr'>τοῦ</span> <span class='ocrx_word' id='word_1_540' title='bbox 3235 2766 3516 2836; x_wconf 85' lang='grc' dir='ltr'>μέλλοντος</span> <span class='ocrx_word' id='word_1_541' title='bbox 3554 2764 3702 2833; x_wconf 81' lang='grc' dir='ltr'>μετά</span> 
     </span>
    </p>
   </div>
   <div class='ocr_carea' id='block_1_75' title="bbox 2122 2853 3702 2935">
    <p class='ocr_par' dir='ltr' id='par_1_75' title="bbox 2122 2853 3702 2935">
     <span class='ocr_line' id='line_1_75' title="bbox 2122 2853 3702 2935; baseline -0.008 -18"><span class='ocrx_word' id='word_1_542' title='bbox 2122 2867 2221 2935; x_wconf 77' lang='grc' dir='ltr'>τὴν</span> <span class='ocrx_word' id='word_1_543' title='bbox 2254 2865 2542 2916; x_wconf 77' lang='grc' dir='ltr'>ἀνάστασιν</span> <span class='ocrx_word' id='word_1_544' title='bbox 2570 2862 2662 2913; x_wconf 79' lang='grc' dir='ltr'>καὶ</span> <span class='ocrx_word' id='word_1_545' title='bbox 2692 2860 2790 2927; x_wconf 78' lang='grc' dir='ltr'>τὴν</span> <span class='ocrx_word' id='word_1_546' title='bbox 2834 2858 3036 2927; x_wconf 84' lang='grc' dir='ltr'>κρίσιν.</span> <span class='ocrx_word' id='word_1_547' title='bbox 3064 2873 3083 2907; x_wconf 70' lang='grc' dir='ltr'>ι</span> <span class='ocrx_word' id='word_1_548' title='bbox 3134 2857 3221 2909; x_wconf 82' lang='grc' dir='ltr'>Ἐν</span> <span class='ocrx_word' id='word_1_549' title='bbox 3243 2854 3415 2924; x_wconf 77' lang='grc' dir='ltr'>τούτῳ</span> <span class='ocrx_word' id='word_1_550' title='bbox 3463 2853 3589 2921; x_wconf 78' lang='grc' dir='ltr'>μὲν,</span> <span class='ocrx_word' id='word_1_551' title='bbox 3619 2853 3702 2915; x_wconf 84' lang='grc' dir='ltr'>ὡς</span> 
     </span>
    </p>
   </div>
   <div class='ocr_carea' id='block_1_76' title="bbox 2123 2946 3695 3026">
    <p class='ocr_par' dir='ltr' id='par_1_76' title="bbox 2123 2946 3695 3026">
     <span class='ocr_line' id='line_1_76' title="bbox 2123 2946 3695 3026; baseline -0.01 -17"><span class='ocrx_word' id='word_1_552' title='bbox 2123 2959 2275 3026; x_wconf 82' lang='grc' dir='ltr'>ὁρᾷς,</span> <span class='ocrx_word' id='word_1_553' title='bbox 2310 2956 2558 3024; x_wconf 78' lang='grc' dir='ltr'>φανερῶς</span> <span class='ocrx_word' id='word_1_554' title='bbox 2590 2955 2833 3023; x_wconf 82' lang='grc' dir='ltr'>ἀρνεῖται</span> <span class='ocrx_word' id='word_1_555' title='bbox 2863 2952 2961 3010; x_wconf 83' lang='grc' dir='ltr'>τὴν</span> <span class='ocrx_word' id='word_1_556' title='bbox 3013 2949 3310 3003; x_wconf 81' lang='grc' dir='ltr'>ἀπόλαυσιν</span> <span class='ocrx_word' id='word_1_557' title='bbox 3341 2946 3450 2999; x_wconf 90' lang='grc' dir='ltr'>τῶν</span> <span class='ocrx_word' id='word_1_558' title='bbox 3500 2947 3695 3013; x_wconf 74' lang='grc' dir='ltr'>ἁγίων,</span> 
     </span>
    </p>
   </div>
   <div class='ocr_carea' id='block_1_77' title="bbox 2126 3039 3695 3117">
    <p class='ocr_par' dir='ltr' id='par_1_77' title="bbox 2126 3039 3695 3117">
     <span class='ocr_line' id='line_1_77' title="bbox 2126 3039 3695 3117; baseline -0.01 -15"><span class='ocrx_word' id='word_1_559' title='bbox 2126 3051 2183 3103; x_wconf 81' lang='grc' dir='ltr'>ὲν</span> <span class='ocrx_word' id='word_1_560' title='bbox 2221 3050 2276 3101; x_wconf 77' lang='grc' dir='ltr'>δὲ</span> <span class='ocrx_word' id='word_1_561' title='bbox 2300 3049 2377 3117; x_wconf 84' lang='grc' dir='ltr'>τῷ</span> <span class='ocrx_word' id='word_1_562' title='bbox 2405 3048 2542 3115; x_wconf 75' lang='grc' dir='ltr'>λόγῳ</span> <span class='ocrx_word' id='word_1_563' title='bbox 2572 3044 2649 3109; x_wconf 83' lang='grc' dir='ltr'>τῷ</span> <span class='ocrx_word' id='word_1_564' title='bbox 2675 3043 2804 3113; x_wconf 79' lang='grc' dir='ltr'>παρ’</span> <span class='ocrx_word' id='word_1_565' title='bbox 2829 3042 2995 3095; x_wconf 80' lang='grc' dir='ltr'>αὐτοῦ</span> <span class='ocrx_word' id='word_1_566' title='bbox 3025 3040 3299 3102; x_wconf 78' lang='grc' dir='ltr'>ποιηθέντι</span> <span class='ocrx_word' id='word_1_567' title='bbox 3327 3042 3407 3102; x_wconf 81' lang='grc' dir='ltr'>είς</span> <span class='ocrx_word' id='word_1_568' title='bbox 3434 3039 3529 3108; x_wconf 81' lang='grc' dir='ltr'>τὴν</span> <span class='ocrx_word' id='word_1_569' title='bbox 3555 3040 3695 3106; x_wconf 66' lang='grc' dir='ltr'>μνή-</span> 
     </span>
    </p>
   </div>
   <div class='ocr_carea' id='block_1_78' title="bbox 2128 3132 3696 3210">
    <p class='ocr_par' dir='ltr' id='par_1_78' title="bbox 2128 3132 3696 3210">
     <span class='ocr_line' id='line_1_78' title="bbox 2128 3132 3696 3210; baseline -0.005 -18"><span class='ocrx_word' id='word_1_570' title='bbox 2128 3160 2234 3210; x_wconf 72' lang='grc' dir='ltr'>μην</span> <span class='ocrx_word' id='word_1_571' title='bbox 2263 3138 2354 3192; x_wconf 90' lang='grc' dir='ltr'>τοῦ</span> <span class='ocrx_word' id='word_1_572' title='bbox 2395 3138 2550 3205; x_wconf 83' lang='grc' dir='ltr'>ἁγίου</span> <span class='ocrx_word' id='word_1_573' title='bbox 2605 3136 2806 3197; x_wconf 79' lang='grc' dir='ltr'>Ἠλιοῦ,</span> <span class='ocrx_word' id='word_1_574' title='bbox 2842 3134 3099 3203; x_wconf 80' lang='grc' dir='ltr'>ὁμολογεί</span> <span class='ocrx_word' id='word_1_575' title='bbox 3145 3132 3446 3203; x_wconf 76' lang='grc' dir='ltr'>διαρρήδην</span> <span class='ocrx_word' id='word_1_576' title='bbox 3499 3132 3696 3194; x_wconf 63' lang='grc' dir='ltr'>αὖτοὺς</span> 
     </span>
    </p>
   </div>
   <div class='ocr_carea' id='block_1_79' title="bbox 2124 3224 3702 3299">
    <p class='ocr_par' dir='ltr' id='par_1_79' title="bbox 2124 3224 3702 3299">
     <span class='ocr_line' id='line_1_79' title="bbox 2124 3224 3702 3299; baseline -0.005 -14"><span class='ocrx_word' id='word_1_577' title='bbox 2124 3230 2530 3299; x_wconf 76' lang='grc' dir='ltr'>ἀπολαμϐάνειν</span> <span class='ocrx_word' id='word_1_578' title='bbox 2563 3231 2687 3292; x_wconf 82' lang='grc' dir='ltr'>τοὺς</span> <span class='ocrx_word' id='word_1_579' title='bbox 2717 3228 2924 3297; x_wconf 81' lang='grc' dir='ltr'>ἁγίους,</span> <span class='ocrx_word' id='word_1_580' title='bbox 2948 3227 3073 3279; x_wconf 76' lang='grc' dir='ltr'>ἔνθα</span> <span class='ocrx_word' id='word_1_581' title='bbox 3096 3226 3243 3294; x_wconf 79' lang='grc' dir='ltr'>λέγει</span> <span class='ocrx_word' id='word_1_582' title='bbox 3272 3241 3286 3255; x_wconf 90' lang='grc'><strong>·</strong></span> <span class='ocrx_word' id='word_1_583' title='bbox 3320 3243 3339 3276; x_wconf 82' lang='grc' dir='ltr'>ι</span> <span class='ocrx_word' id='word_1_584' title='bbox 3371 3225 3514 3292; x_wconf 85' lang='grc' dir='ltr'>Ἐγὼ</span> <span class='ocrx_word' id='word_1_585' title='bbox 3545 3224 3591 3276; x_wconf 71' lang='grc' dir='ltr'>δ’</span> <span class='ocrx_word' id='word_1_586' title='bbox 3614 3225 3702 3277; x_wconf 75' lang='grc' dir='ltr'>ὅτι</span> 
     </span>
    </p>
   </div>
   <div class='ocr_carea' id='block_1_80' title="bbox 2128 3316 3703 3393">
    <p class='ocr_par' dir='ltr' id='par_1_80' title="bbox 2128 3316 3703 3393">
     <span class='ocr_line' id='line_1_80' title="bbox 2128 3316 3703 3393; baseline -0.006 -18"><span class='ocrx_word' id='word_1_587' title='bbox 2128 3324 2224 3393; x_wconf 82' lang='grc' dir='ltr'>μὲν</span> <span class='ocrx_word' id='word_1_588' title='bbox 2276 3323 2486 3387; x_wconf 74' lang='grc' dir='ltr'>ἔξεστιν</span> <span class='ocrx_word' id='word_1_589' title='bbox 2535 3320 2707 3390; x_wconf 71' lang='grc' dir='ltr'>αὐτῷ,</span> <span class='ocrx_word' id='word_1_590' title='bbox 2762 3318 3013 3387; x_wconf 86' lang='grc' dir='ltr'>καθάπερ</span> <span class='ocrx_word' id='word_1_591' title='bbox 3068 3319 3161 3371; x_wconf 75' lang='grc' dir='ltr'>καὶ</span> <span class='ocrx_word' id='word_1_592' title='bbox 3195 3320 3313 3379; x_wconf 87' lang='grc' dir='ltr'>ταῖς</span> <span class='ocrx_word' id='word_1_593' title='bbox 3363 3317 3471 3368; x_wconf 88' lang='grc' dir='ltr'>τῶν</span> <span class='ocrx_word' id='word_1_594' title='bbox 3528 3316 3703 3383; x_wconf 82' lang='grc' dir='ltr'>ἁγίων</span> 
     </span>
    </p>
   </div>
   <div class='ocr_carea' id='block_1_81' title="bbox 2124 3407 3706 3486">
    <p class='ocr_par' dir='ltr' id='par_1_81' title="bbox 2124 3407 3706 3486">
     <span class='ocr_line' id='line_1_81' title="bbox 2124 3407 3706 3486; baseline -0.008 -16"><span class='ocrx_word' id='word_1_595' title='bbox 2124 3415 2342 3484; x_wconf 75' lang='grc' dir='ltr'>ψυχαῖς,</span> <span class='ocrx_word' id='word_1_596' title='bbox 2376 3415 2499 3467; x_wconf 81' lang='grc' dir='ltr'>ὅποι</span> <span class='ocrx_word' id='word_1_597' title='bbox 2533 3412 2666 3471; x_wconf 73' lang='grc' dir='ltr'>ποτὶ</span> <span class='ocrx_word' id='word_1_598' title='bbox 2708 3411 2959 3486; x_wconf 72' lang='grc' dir='ltr'>βούλεται</span> <span class='ocrx_word' id='word_1_599' title='bbox 3006 3410 3147 3469; x_wconf 62' lang='grc' dir='ltr'>κατὰ</span> <span class='ocrx_word' id='word_1_600' title='bbox 3176 3410 3368 3484; x_wconf 63' lang='grc' dir='ltr'>καιρὸν</span> <span class='ocrx_word' id='word_1_601' title='bbox 3398 3407 3706 3477; x_wconf 67' lang='grc' dir='ltr'>ἐπιχωριά-</span> 
     </span>
    </p>
   </div>
   <div class='ocr_carea' id='block_1_82' title="bbox 2128 3500 3704 3579">
    <p class='ocr_par' dir='ltr' id='par_1_82' title="bbox 2128 3500 3704 3579">
     <span class='ocr_line' id='line_1_82' title="bbox 2128 3500 3704 3579; baseline -0.008 -9"><span class='ocrx_word' id='word_1_602' title='bbox 2128 3507 2242 3570; x_wconf 67' lang='grc' dir='ltr'>ζειν</span> <span class='ocrx_word' id='word_1_603' title='bbox 2274 3509 2421 3573; x_wconf 71' lang='grc' dir='ltr'>ναοῖς</span> <span class='ocrx_word' id='word_1_604' title='bbox 2451 3523 2511 3564; x_wconf 78' lang='grc' dir='ltr'>τε</span> <span class='ocrx_word' id='word_1_605' title='bbox 2550 3511 2773 3574; x_wconf 76' lang='grc' dir='ltr'>οἰκείοις</span> <span class='ocrx_word' id='word_1_606' title='bbox 2819 3510 3240 3579; x_wconf 67' lang='grc' dir='ltr'>ἐμφιλοχωρείν,</span> <span class='ocrx_word' id='word_1_607' title='bbox 3290 3508 3383 3560; x_wconf 78' lang='grc' dir='ltr'>καὶ</span> <span class='ocrx_word' id='word_1_608' title='bbox 3414 3509 3527 3569; x_wconf 83' lang='grc' dir='ltr'>τοῖς</span> <span class='ocrx_word' id='word_1_609' title='bbox 3570 3500 3704 3558; x_wconf 74' lang='grc' dir='ltr'>έκά-</span> 
     </span>
    </p>
   </div>
   <div class='ocr_carea' id='block_1_83' title="bbox 2130 3595 3706 3672">
    <p class='ocr_par' dir='ltr' id='par_1_83' title="bbox 2130 3595 3706 3672">
     <span class='ocr_line' id='line_1_83' title="bbox 2130 3595 3706 3672; baseline -0.004 -17"><span class='ocrx_word' id='word_1_610' title='bbox 2130 3620 2277 3655; x_wconf 87' lang='grc' dir='ltr'>στοτε</span> <span class='ocrx_word' id='word_1_611' title='bbox 2322 3602 2595 3671; x_wconf 75' lang='grc' dir='ltr'>δεομένοις</span> <span class='ocrx_word' id='word_1_612' title='bbox 2666 3603 2973 3672; x_wconf 74' lang='grc' dir='ltr'>ὲπιφοιτᾷν,</span> <span class='ocrx_word' id='word_1_613' title='bbox 3022 3602 3314 3667; x_wconf 84' lang='grc' dir='ltr'>ἀναγκαῖόν</span> <span class='ocrx_word' id='word_1_614' title='bbox 3343 3615 3399 3651; x_wconf 83' lang='grc' dir='ltr'>τε</span> <span class='ocrx_word' id='word_1_615' title='bbox 3454 3595 3706 3665; x_wconf 77' lang='grc' dir='ltr'>ἠγοῦμαι</span> 
     </span>
    </p>
   </div>
   <div class='ocr_carea' id='block_1_84' title="bbox 2129 3686 3708 3761">
    <p class='ocr_par' dir='ltr' id='par_1_84' title="bbox 2129 3686 3708 3761">
     <span class='ocr_line' id='line_1_84' title="bbox 2129 3686 3708 3761; baseline -0.004 -16"><span class='ocrx_word' id='word_1_616' title='bbox 2129 3692 2223 3745; x_wconf 77' lang='grc' dir='ltr'>καὶ</span> <span class='ocrx_word' id='word_1_617' title='bbox 2255 3692 2451 3757; x_wconf 75' lang='grc' dir='ltr'>ἀληθὲς</span> <span class='ocrx_word' id='word_1_618' title='bbox 2493 3689 2655 3758; x_wconf 87' lang='grc' dir='ltr'>είναι,</span> <span class='ocrx_word' id='word_1_619' title='bbox 2687 3693 2749 3745; x_wconf 82' lang='grc' dir='ltr'>οὐ</span> <span class='ocrx_word' id='word_1_620' title='bbox 2797 3692 2905 3761; x_wconf 82' lang='grc' dir='ltr'>μὴν</span> <span class='ocrx_word' id='word_1_621' title='bbox 2946 3691 3037 3745; x_wconf 85' lang='grc' dir='ltr'>διὰ</span> <span class='ocrx_word' id='word_1_622' title='bbox 3064 3690 3240 3745; x_wconf 87' lang='grc' dir='ltr'>ταῦτα</span> <span class='ocrx_word' id='word_1_623' title='bbox 3272 3688 3440 3758; x_wconf 80' lang='grc' dir='ltr'>φαίην</span> <span class='ocrx_word' id='word_1_624' title='bbox 3467 3687 3533 3739; x_wconf 88' lang='grc' dir='ltr'>ἁν</span> <span class='ocrx_word' id='word_1_625' title='bbox 3599 3686 3708 3739; x_wconf 81' lang='grc' dir='ltr'>αὖ-</span> 
     </span>
    </p>
   </div>
   <div class='ocr_carea' id='block_1_85' title="bbox 2133 3778 3708 3853">
    <p class='ocr_par' dir='ltr' id='par_1_85' title="bbox 2133 3778 3708 3853">
     <span class='ocr_line' id='line_1_85' title="bbox 2133 3778 3708 3853; baseline -0.004 -18"><span class='ocrx_word' id='word_1_626' title='bbox 2133 3782 2247 3846; x_wconf 74' lang='grc' dir='ltr'>τὸν,</span> <span class='ocrx_word' id='word_1_627' title='bbox 2275 3782 2382 3836; x_wconf 83' lang='grc' dir='ltr'>τῶν</span> <span class='ocrx_word' id='word_1_628' title='bbox 2408 3782 2652 3853; x_wconf 81' lang='grc' dir='ltr'>οὐρανῶν</span> <span class='ocrx_word' id='word_1_629' title='bbox 2679 3782 3094 3845; x_wconf 85' lang='grc' dir='ltr'>ἀπολείπεσθαι,</span> <span class='ocrx_word' id='word_1_630' title='bbox 3126 3782 3216 3835; x_wconf 77' lang='grc' dir='ltr'>καὶ</span> <span class='ocrx_word' id='word_1_631' title='bbox 3240 3781 3337 3848; x_wconf 81' lang='grc' dir='ltr'>τῆς</span> <span class='ocrx_word' id='word_1_632' title='bbox 3359 3780 3537 3832; x_wconf 73' lang='grc' dir='ltr'>ὲκεῖσε</span> <span class='ocrx_word' id='word_1_633' title='bbox 3561 3778 3708 3843; x_wconf 76' lang='grc' dir='ltr'>λαμ-</span> 
     </span>
    </p>
   </div>
   <div class='ocr_carea' id='block_1_86' title="bbox 2138 3870 3709 3945">
    <p class='ocr_par' dir='ltr' id='par_1_86' title="bbox 2138 3870 3709 3945">
     <span class='ocr_line' id='line_1_86' title="bbox 2138 3870 3709 3945; baseline -0.004 -19"><span class='ocrx_word' id='word_1_634' title='bbox 2138 3874 2444 3945; x_wconf 85' lang='grc' dir='ltr'>προφοριας</span> <span class='ocrx_word' id='word_1_635' title='bbox 2474 3876 2613 3945; x_wconf 88' lang='grc' dir='ltr'>μετὰ</span> <span class='ocrx_word' id='word_1_636' title='bbox 2639 3874 2749 3927; x_wconf 88' lang='grc' dir='ltr'>τῶν</span> <span class='ocrx_word' id='word_1_637' title='bbox 2779 3874 3029 3941; x_wconf 85' lang='grc' dir='ltr'>ἀγγέλων</span> <span class='ocrx_word' id='word_1_638' title='bbox 3056 3873 3382 3941; x_wconf 79' lang='grc' dir='ltr'>δεσποτικῆς</span> <span class='ocrx_word' id='word_1_639' title='bbox 3414 3870 3709 3937; x_wconf 68' lang='grc' dir='ltr'>παραστᾶ-</span> 
     </span>
    </p>
   </div>
   <div class='ocr_carea' id='block_1_87' title="bbox 2138 3960 3705 4037">
    <p class='ocr_par' dir='ltr' id='par_1_87' title="bbox 2138 3960 3705 4037">
     <span class='ocr_line' id='line_1_87' title="bbox 2138 3960 3705 4037; baseline -0.006 -18"><span class='ocrx_word' id='word_1_640' title='bbox 2138 3984 2276 4030; x_wconf 90' lang='grc' dir='ltr'>σεως</span> <span class='ocrx_word' id='word_1_641' title='bbox 2300 3985 2314 3998; x_wconf 90' lang='grc'><strong>·</strong></span> <span class='ocrx_word' id='word_1_642' title='bbox 2336 3963 2371 4037; x_wconf 76' lang='grc' dir='ltr'>ἦ</span> <span class='ocrx_word' id='word_1_643' title='bbox 2400 3967 2509 4035; x_wconf 87' lang='grc' dir='ltr'>γάρ</span> <span class='ocrx_word' id='word_1_644' title='bbox 2528 3966 2595 4020; x_wconf 80' lang='grc' dir='ltr'>ἀν</span> <span class='ocrx_word' id='word_1_645' title='bbox 2619 3966 2840 4019; x_wconf 76' lang='grc' dir='ltr'>ἔλαττον</span> <span class='ocrx_word' id='word_1_646' title='bbox 2866 3961 3012 4035; x_wconf 73' lang='grc' dir='ltr'>εἶχεν</span> <span class='ocrx_word' id='word_1_647' title='bbox 3037 3967 3066 4019; x_wconf 80' lang='grc' dir='ltr'><strong>ὁ</strong></span> <span class='ocrx_word' id='word_1_648' title='bbox 3094 3964 3231 4033; x_wconf 70' lang='grc' dir='ltr'>ὑπὲρ</span> <span class='ocrx_word' id='word_1_649' title='bbox 3259 3965 3466 4024; x_wconf 87' lang='grc' dir='ltr'>πάντας</span> <span class='ocrx_word' id='word_1_650' title='bbox 3489 3960 3705 4027; x_wconf 73' lang='grc' dir='ltr'>σχεδὸν,</span> 
     </span>
    </p>
   </div>
   <div class='ocr_carea' id='block_1_88' title="bbox 2133 4052 3710 4128">
    <p class='ocr_par' dir='ltr' id='par_1_88' title="bbox 2133 4052 3710 4128">
     <span class='ocr_line' id='line_1_88' title="bbox 2133 4052 3710 4128; baseline -0.005 -17"><span class='ocrx_word' id='word_1_651' title='bbox 2133 4060 2246 4126; x_wconf 87' lang='grc' dir='ltr'>είγε</span> <span class='ocrx_word' id='word_1_652' title='bbox 2298 4058 2384 4111; x_wconf 82' lang='grc' dir='ltr'>διὰ</span> <span class='ocrx_word' id='word_1_653' title='bbox 2416 4058 2476 4110; x_wconf 75' lang='grc' dir='ltr'>τὸ</span> <span class='ocrx_word' id='word_1_654' title='bbox 2522 4058 2621 4128; x_wconf 81' lang='grc' dir='ltr'>τὴν</span> <span class='ocrx_word' id='word_1_655' title='bbox 2663 4059 2841 4128; x_wconf 80' lang='grc' dir='ltr'>σάρκα</span> <span class='ocrx_word' id='word_1_656' title='bbox 2874 4059 3058 4128; x_wconf 79' lang='grc' dir='ltr'>φορεῖν</span> <span class='ocrx_word' id='word_1_657' title='bbox 3105 4056 3405 4123; x_wconf 73' lang='grc' dir='ltr'>ἀφεστήκει</span> <span class='ocrx_word' id='word_1_658' title='bbox 3455 4054 3552 4120; x_wconf 74' lang='grc' dir='ltr'>τῆς</span> <span class='ocrx_word' id='word_1_659' title='bbox 3586 4052 3710 4120; x_wconf 74' lang='grc' dir='ltr'>μετ’</span> 
     </span>
    </p>
   </div>
   <div class='ocr_carea' id='block_1_89' title="bbox 2139 4145 3714 4218">
    <p class='ocr_par' dir='ltr' id='par_1_89' title="bbox 2139 4145 3714 4218">
     <span class='ocr_line' id='line_1_89' title="bbox 2139 4145 3714 4218; baseline -0.005 -15"><span class='ocrx_word' id='word_1_660' title='bbox 2139 4150 2319 4203; x_wconf 77' lang='grc' dir='ltr'>αὐτῶν</span> <span class='ocrx_word' id='word_1_661' title='bbox 2354 4149 2666 4211; x_wconf 82' lang='grc' dir='ltr'>κοινωνίας,</span> <span class='ocrx_word' id='word_1_662' title='bbox 2694 4150 2789 4201; x_wconf 76' lang='grc' dir='ltr'>καὶ</span> <span class='ocrx_word' id='word_1_663' title='bbox 2816 4148 2915 4218; x_wconf 81' lang='grc' dir='ltr'>τῆς</span> <span class='ocrx_word' id='word_1_664' title='bbox 2947 4148 3038 4201; x_wconf 88' lang='grc' dir='ltr'>τοῦ</span> <span class='ocrx_word' id='word_1_665' title='bbox 3070 4145 3207 4200; x_wconf 84' lang='grc' dir='ltr'>Θεοῦ</span> <span class='ocrx_word' id='word_1_666' title='bbox 3252 4145 3387 4215; x_wconf 74' lang='grc' dir='ltr'>πρὸς</span> <span class='ocrx_word' id='word_1_667' title='bbox 3416 4145 3714 4213; x_wconf 78' lang='grc' dir='ltr'>πρόσωπον</span> 
     </span>
    </p>
   </div>
   <div class='ocr_carea' id='block_1_90' title="bbox 2138 4235 3713 4311">
    <p class='ocr_par' dir='ltr' id='par_1_90' title="bbox 2138 4235 3713 4311">
     <span class='ocr_line' id='line_1_90' title="bbox 2138 4235 3713 4311; baseline -0.006 -16"><span class='ocrx_word' id='word_1_668' title='bbox 2138 4241 2391 4311; x_wconf 81' lang='grc' dir='ltr'>Θεωρίας,</span> <span class='ocrx_word' id='word_1_669' title='bbox 2448 4236 2515 4308; x_wconf 80' lang='grc' dir='ltr'>ἧς</span> <span class='ocrx_word' id='word_1_670' title='bbox 2562 4242 2656 4293; x_wconf 79' lang='grc' dir='ltr'>καὶ</span> <span class='ocrx_word' id='word_1_671' title='bbox 2690 4241 2843 4311; x_wconf 87' lang='grc' dir='ltr'>παρὰ</span> <span class='ocrx_word' id='word_1_672' title='bbox 2891 4239 3067 4293; x_wconf 83' lang='grc' dir='ltr'>πάντα</span> <span class='ocrx_word' id='word_1_673' title='bbox 3116 4242 3207 4293; x_wconf 68' lang='grc' dir='ltr'>τὸν</span> <span class='ocrx_word' id='word_1_674' title='bbox 3260 4241 3370 4309; x_wconf 85' lang='grc' dir='ltr'>βίον</span> <span class='ocrx_word' id='word_1_675' title='bbox 3413 4235 3713 4305; x_wconf 76' lang='grc' dir='ltr'>ἐξαιρέτως</span> 
     </span>
    </p>
   </div>
   <div class='ocr_carea' id='block_1_91' title="bbox 2138 4328 3715 4401">
    <p class='ocr_par' dir='ltr' id='par_1_91' title="bbox 2138 4328 3715 4401">
     <span class='ocr_line' id='line_1_91' title="bbox 2138 4328 3715 4401; baseline -0.005 -14"><span class='ocrx_word' id='word_1_676' title='bbox 2138 4333 2505 4401; x_wconf 57' lang='grc' dir='ltr'>ἀπῇλαυσεν.»</span> <span class='ocrx_word' id='word_1_677' title='bbox 2547 4333 2833 4401; x_wconf 87' lang='grc' dir='ltr'>Μαρτυρεῖ</span> <span class='ocrx_word' id='word_1_678' title='bbox 2868 4348 2957 4401; x_wconf 89' lang='grc' dir='ltr'>μοι</span> <span class='ocrx_word' id='word_1_679' title='bbox 2988 4330 3065 4399; x_wconf 82' lang='grc' dir='ltr'>τῷ</span> <span class='ocrx_word' id='word_1_680' title='bbox 3101 4331 3265 4401; x_wconf 79' lang='grc' dir='ltr'>λόγῳ,</span> <span class='ocrx_word' id='word_1_681' title='bbox 3297 4331 3390 4383; x_wconf 75' lang='grc' dir='ltr'>καὶ</span> <span class='ocrx_word' id='word_1_682' title='bbox 3418 4329 3478 4382; x_wconf 74' lang='grc' dir='ltr'>τὸ</span> <span class='ocrx_word' id='word_1_683' title='bbox 3506 4332 3588 4388; x_wconf 78' lang='grc' dir='ltr'>εἰς</span> <span class='ocrx_word' id='word_1_684' title='bbox 3611 4328 3715 4380; x_wconf 82' lang='grc' dir='ltr'>αῦ-</span> 
     </span>
    </p>
   </div>
   <div class='ocr_carea' id='block_1_92' title="bbox 471 4414 2016 4491">
    <p class='ocr_par' dir='ltr' id='par_1_92' title="bbox 471 4414 2016 4483">
     <span class='ocr_line' id='line_1_92' title="bbox 471 4414 2016 4483; baseline 0.001 -15"><span class='ocrx_word' id='word_1_685' title='bbox 471 4418 525 4468; x_wconf 87' lang='lat' dir='ltr'>in</span> <span class='ocrx_word' id='word_1_686' title='bbox 585 4415 744 4468; x_wconf 85' lang='lat' dir='ltr'><strong>tertio</strong></span> <span class='ocrx_word' id='word_1_687' title='bbox 794 4415 997 4468; x_wconf 88' lang='lat' dir='ltr'><strong>decreti</strong></span> <span class='ocrx_word' id='word_1_688' title='bbox 1045 4414 1220 4483; x_wconf 87' lang='lat' dir='ltr'><strong>capite</strong></span> <span class='ocrx_word' id='word_1_689' title='bbox 1270 4415 1401 4468; x_wconf 86' lang='lat' dir='ltr'><strong>satis</strong></span> <span class='ocrx_word' id='word_1_690' title='bbox 1433 4430 1464 4468; x_wconf 88' lang='lat' dir='ltr'>a</span> <span class='ocrx_word' id='word_1_691' title='bbox 1509 4414 1669 4468; x_wconf 89' lang='lat' dir='ltr'><strong>nobis</strong></span> <span class='ocrx_word' id='word_1_692' title='bbox 1705 4430 2016 4482; x_wconf 82' lang='lat' dir='ltr'><strong>responsum</strong></span> 
     </span>
    </p>
   </div>
   <div class='ocr_carea' id='block_1_93' title="bbox 2121 4414 3710 4491">
    <p class='ocr_par' dir='ltr' id='par_1_93' title="bbox 2139 4417 3710 4491">
     <span class='ocr_line' id='line_1_93' title="bbox 2139 4417 3710 4491; baseline -0.004 -19"><span class='ocrx_word' id='word_1_693' title='bbox 2139 4419 2231 4472; x_wconf 74' lang='grc' dir='ltr'>τὸν</span> <span class='ocrx_word' id='word_1_694' title='bbox 2266 4420 2415 4486; x_wconf 80' lang='grc' dir='ltr'>παρὰ</span> <span class='ocrx_word' id='word_1_695' title='bbox 2469 4420 2566 4486; x_wconf 78' lang='grc' dir='ltr'>τῆς</span> <span class='ocrx_word' id='word_1_696' title='bbox 2609 4419 2940 4489; x_wconf 83' lang='grc' dir='ltr'>Ἐκκλησίας</span> <span class='ocrx_word' id='word_1_697' title='bbox 2992 4418 3275 4491; x_wconf 75' lang='grc' dir='ltr'>ᾀδόμενον,</span> <span class='ocrx_word' id='word_1_698' title='bbox 3317 4417 3490 4479; x_wconf 86' lang='grc' dir='ltr'>οῦτως</span> <span class='ocrx_word' id='word_1_699' title='bbox 3546 4418 3668 4485; x_wconf 77' lang='grc' dir='ltr'>ἕχον</span> <span class='ocrx_word' id='word_1_700' title='bbox 3693 4433 3710 4445; x_wconf 86' lang='grc'><strong>·</strong></span> 
     </span>
    </p>
   </div>
   <div class='ocr_carea' id='block_1_94' title="bbox 470 4505 2037 4574">
    <p class='ocr_par' dir='ltr' id='par_1_94' title="bbox 470 4505 2037 4574">
     <span class='ocr_line' id='line_1_94' title="bbox 470 4505 2037 4574; baseline 0.003 -15"><span class='ocrx_word' id='word_1_701' title='bbox 470 4514 573 4573; x_wconf 90' lang='lat' dir='ltr'><strong>est;</strong></span> <span class='ocrx_word' id='word_1_702' title='bbox 600 4522 697 4560; x_wconf 92' lang='lat' dir='ltr'>nec</span> <span class='ocrx_word' id='word_1_703' title='bbox 718 4505 884 4561; x_wconf 89' lang='lat' dir='ltr'><strong>semel</strong></span> <span class='ocrx_word' id='word_1_704' title='bbox 916 4505 1059 4559; x_wconf 88' lang='lat' dir='ltr'><strong>dicta</strong></span> <span class='ocrx_word' id='word_1_705' title='bbox 1084 4505 1375 4574; x_wconf 86' lang='lat' dir='ltr'><strong>repetenda</strong></span> <span class='ocrx_word' id='word_1_706' title='bbox 1405 4513 1554 4571; x_wconf 86' lang='lat' dir='ltr'><strong>sunt,</strong></span> <span class='ocrx_word' id='word_1_707' title='bbox 1580 4506 1669 4560; x_wconf 79' lang='lat' dir='ltr'>sed</span> <span class='ocrx_word' id='word_1_708' title='bbox 1694 4515 2037 4563; x_wconf 82' lang='lat' dir='ltr'><strong>revertamur</strong></span> 
     </span>
    </p>
   </div>
   <div class='ocr_carea' id='block_1_95' title="bbox 467 4597 1206 4667">
    <p class='ocr_par' dir='ltr' id='par_1_95' title="bbox 467 4597 1206 4667">
     <span class='ocr_line' id='line_1_95' title="bbox 467 4597 1206 4667; baseline -0.001 -15"><span class='ocrx_word' id='word_1_709' title='bbox 467 4613 533 4653; x_wconf 94' lang='lat' dir='ltr'>co</span> <span class='ocrx_word' id='word_1_710' title='bbox 558 4598 701 4653; x_wconf 89' lang='lat' dir='ltr'><strong>unde</strong></span> <span class='ocrx_word' id='word_1_711' title='bbox 731 4597 960 4667; x_wconf 84' lang='lat' dir='ltr'><strong>digressi</strong></span> <span class='ocrx_word' id='word_1_712' title='bbox 995 4612 1206 4652; x_wconf 91' lang='lat' dir='ltr'><strong>sumus.</strong></span> 
     </span>
    </p>
   </div>
   <div class='ocr_carea' id='block_1_96' title="bbox 2157 4507 3718 4578">
    <p class='ocr_par' dir='ltr' id='par_1_96' title="bbox 2157 4507 3718 4578">
     <span class='ocr_line' id='line_1_96' title="bbox 2157 4507 3718 4578; baseline -0.002 -17"><span class='ocrx_word' id='word_1_713' title='bbox 2157 4528 2175 4561; x_wconf 83' lang='grc' dir='ltr'>ι</span> <span class='ocrx_word' id='word_1_714' title='bbox 2220 4508 2480 4578; x_wconf 80' lang='grc' dir='ltr'>Προφῆτα</span> <span class='ocrx_word' id='word_1_715' title='bbox 2532 4510 2707 4578; x_wconf 77' lang='grc' dir='ltr'>κῆρυξ</span> <span class='ocrx_word' id='word_1_716' title='bbox 2740 4509 2999 4577; x_wconf 76' lang='grc' dir='ltr'>Χριστοῦ,</span> <span class='ocrx_word' id='word_1_717' title='bbox 3035 4508 3129 4561; x_wconf 86' lang='grc' dir='ltr'>τοῦ</span> <span class='ocrx_word' id='word_1_718' title='bbox 3172 4507 3361 4577; x_wconf 85' lang='grc' dir='ltr'>θρόνου</span> <span class='ocrx_word' id='word_1_719' title='bbox 3406 4509 3501 4577; x_wconf 83' lang='grc' dir='ltr'>τῆς</span> <span class='ocrx_word' id='word_1_720' title='bbox 3544 4524 3718 4577; x_wconf 83' lang='grc' dir='ltr'>μεγα-</span> 
     </span>
    </p>
   </div>
   <div class='ocr_carea' id='block_1_97' title="bbox 2149 4599 3717 4673">
    <p class='ocr_par' dir='ltr' id='par_1_97' title="bbox 2149 4599 3717 4673">
     <span class='ocr_line' id='line_1_97' title="bbox 2149 4599 3717 4673; baseline -0.001 -21"><span class='ocrx_word' id='word_1_721' title='bbox 2149 4599 2396 4670; x_wconf 84' lang='grc' dir='ltr'>λωσύνης</span> <span class='ocrx_word' id='word_1_722' title='bbox 2426 4601 2684 4653; x_wconf 78' lang='grc' dir='ltr'>οὐδέποτε</span> <span class='ocrx_word' id='word_1_723' title='bbox 2730 4600 2940 4673; x_wconf 78' lang='grc' dir='ltr'>χωρίζῃ</span> <span class='ocrx_word' id='word_1_724' title='bbox 2965 4617 2978 4631; x_wconf 91' lang='grc'><strong>·</strong></span> <span class='ocrx_word' id='word_1_725' title='bbox 3015 4600 3107 4654; x_wconf 77' lang='grc' dir='ltr'>καὶ</span> <span class='ocrx_word' id='word_1_726' title='bbox 3143 4600 3357 4668; x_wconf 78' lang='grc' dir='ltr'>ἑκάστῳ</span> <span class='ocrx_word' id='word_1_727' title='bbox 3402 4600 3717 4653; x_wconf 70' lang='grc' dir='ltr'>ἀσθενοῦντι</span> 
     </span>
    </p>
   </div>
   <div class='ocr_carea' id='block_1_98' title="bbox 467 4690 3716 4763">
    <p class='ocr_par' dir='ltr' id='par_1_98' title="bbox 467 4690 3716 4763">
     <span class='ocr_line' id='line_1_98' title="bbox 467 4690 3716 4763; baseline -0.001 -19"><span class='ocrx_word' id='word_1_728' title='bbox 467 4692 936 4763; x_wconf 52' lang='grc' dir='ltr'>ἀεὶοπαρίστασαι</span> <span class='ocrx_word' id='word_1_729' title='bbox 989 4695 1047 4747; x_wconf 82' lang='grc' dir='ltr'>ὲν</span> <span class='ocrx_word' id='word_1_730' title='bbox 1094 4696 1205 4754; x_wconf 89' lang='grc' dir='ltr'>τοῖς</span> <span class='ocrx_word' id='word_1_731' title='bbox 1242 4692 1485 4760; x_wconf 78' lang='grc' dir='ltr'>ὑψίστοις</span> <span class='ocrx_word' id='word_1_732' title='bbox 1533 4690 1892 4759; x_wconf 83' lang='grc' dir='ltr'>λειτουργῶν,</span> <span class='ocrx_word' id='word_1_733' title='bbox 1944 4690 2045 4759; x_wconf 79' lang='grc' dir='ltr'>τὴν</span> <span class='ocrx_word' id='word_1_734' title='bbox 2077 4693 2410 4762; x_wconf 82' lang='grc' dir='ltr'>οἰκουμένην</span> <span class='ocrx_word' id='word_1_735' title='bbox 2437 4692 2700 4759; x_wconf 83' lang='grc' dir='ltr'>εὐλογεῖς,</span> <span class='ocrx_word' id='word_1_736' title='bbox 2741 4692 3017 4761; x_wconf 86' lang='grc' dir='ltr'>πανταχοῦ</span> <span class='ocrx_word' id='word_1_737' title='bbox 3074 4690 3454 4762; x_wconf 75' lang='grc' dir='ltr'>δοξαζόμενος,</span> <span class='ocrx_word' id='word_1_738' title='bbox 3488 4710 3505 4741; x_wconf 77' lang='grc' dir='ltr'>ι</span> <span class='ocrx_word' id='word_1_739' title='bbox 3583 4692 3716 4743; x_wconf 71' lang='grc' dir='ltr'>Ἰδοὺ</span> 
     </span>
    </p>
   </div>
   <div class='ocr_carea' id='block_1_99' title="bbox 468 4782 3719 4856">
    <p class='ocr_par' dir='ltr' id='par_1_99' title="bbox 468 4782 3719 4856">
     <span class='ocr_line' id='line_1_99' title="bbox 468 4782 3719 4856; baseline 0 -22"><span class='ocrx_word' id='word_1_740' title='bbox 468 4785 523 4835; x_wconf 82' lang='grc' dir='ltr'>ὲν</span> <span class='ocrx_word' id='word_1_741' title='bbox 556 4785 727 4852; x_wconf 76' lang='grc' dir='ltr'>τούτῳ</span> <span class='ocrx_word' id='word_1_742' title='bbox 763 4786 1033 4854; x_wconf 87' lang='grc' dir='ltr'>λαμπρῶς</span> <span class='ocrx_word' id='word_1_743' title='bbox 1067 4786 1162 4839; x_wconf 75' lang='grc' dir='ltr'>καὶ</span> <span class='ocrx_word' id='word_1_744' title='bbox 1186 4785 1501 4855; x_wconf 86' lang='grc' dir='ltr'>περιφανῶς</span> <span class='ocrx_word' id='word_1_745' title='bbox 1534 4784 1633 4852; x_wconf 80' lang='grc' dir='ltr'>τῆς</span> <span class='ocrx_word' id='word_1_746' title='bbox 1695 4782 1832 4853; x_wconf 80' lang='grc' dir='ltr'>πρὸς</span> <span class='ocrx_word' id='word_1_747' title='bbox 1865 4784 2166 4854; x_wconf 84' lang='grc' dir='ltr'>πρόσωπον</span> <span class='ocrx_word' id='word_1_748' title='bbox 2219 4784 2452 4856; x_wconf 83' lang='grc' dir='ltr'>θεωρίας</span> <span class='ocrx_word' id='word_1_749' title='bbox 2498 4785 2591 4839; x_wconf 88' lang='grc' dir='ltr'>τοῦ</span> <span class='ocrx_word' id='word_1_750' title='bbox 2658 4785 2815 4847; x_wconf 85' lang='grc' dir='ltr'>Θεοῦ,</span> <span class='ocrx_word' id='word_1_751' title='bbox 2884 4786 3007 4847; x_wconf 75' lang='grc' dir='ltr'>τοὺς</span> <span class='ocrx_word' id='word_1_752' title='bbox 3078 4785 3265 4853; x_wconf 84' lang='grc' dir='ltr'>ἁγίους</span> <span class='ocrx_word' id='word_1_753' title='bbox 3314 4782 3719 4850; x_wconf 68' lang='grc' dir='ltr'>ἀπολαμϐάνειν</span> 
     </span>
    </p>
   </div>
   <div class='ocr_carea' id='block_1_100' title="bbox 467 4879 3719 4957">
    <p class='ocr_par' dir='ltr' id='par_1_100' title="bbox 467 4879 3719 4957">
     <span class='ocr_line' id='line_1_100' title="bbox 467 4879 3719 4957; baseline 0 -27"><span class='ocrx_word' id='word_1_754' title='bbox 467 4879 896 4946; x_wconf 72' lang='grc' dir='ltr'>διισχυρίζεταιο</span> <span class='ocrx_word' id='word_1_755' title='bbox 944 4880 1157 4932; x_wconf 75' lang='grc' dir='ltr'>καὶτὸν</span> <span class='ocrx_word' id='word_1_756' title='bbox 1189 4881 1344 4947; x_wconf 84' lang='grc' dir='ltr'>ἁγιον</span> <span class='ocrx_word' id='word_1_757' title='bbox 1391 4880 1581 4933; x_wconf 84' lang='grc' dir='ltr'>Ἠλίαν</span> <span class='ocrx_word' id='word_1_758' title='bbox 1620 4882 1715 4933; x_wconf 76' lang='grc' dir='ltr'>καὶ</span> <span class='ocrx_word' id='word_1_759' title='bbox 1764 4882 1901 4950; x_wconf 87' lang='grc' dir='ltr'>μετά</span> <span class='ocrx_word' id='word_1_760' title='bbox 1930 4880 2183 4951; x_wconf 85' lang='grc' dir='ltr'>σώματος</span> <span class='ocrx_word' id='word_1_761' title='bbox 2215 4881 2312 4951; x_wconf 83' lang='grc' dir='ltr'>τῆς</span> <span class='ocrx_word' id='word_1_762' title='bbox 2344 4881 2603 4957; x_wconf 73' lang='grc' dir='ltr'>τοιαύτης</span> <span class='ocrx_word' id='word_1_763' title='bbox 2659 4880 2943 4948; x_wconf 77' lang='grc' dir='ltr'>ἀξιοῦσθαι</span> <span class='ocrx_word' id='word_1_764' title='bbox 3010 4880 3241 4951; x_wconf 85' lang='grc' dir='ltr'>θεωρίας</span> <span class='ocrx_word' id='word_1_765' title='bbox 3304 4882 3523 4949; x_wconf 78' lang='grc' dir='ltr'>φάσκει,</span> <span class='ocrx_word' id='word_1_766' title='bbox 3581 4881 3719 4951; x_wconf 71' lang='grc' dir='ltr'>ὅπερ</span> 
     </span>
    </p>
   </div>
   <div class='ocr_carea' id='block_1_101' title="bbox 469 4973 3719 5059">
    <p class='ocr_par' dir='ltr' id='par_1_101' title="bbox 469 4973 3719 5059">
     <span class='ocr_line' id='line_1_101' title="bbox 469 4973 3719 5059; baseline 0 -31"><span class='ocrx_word' id='word_1_767' title='bbox 469 4977 564 5028; x_wconf 76' lang='grc' dir='ltr'>καὶ</span> <span class='ocrx_word' id='word_1_768' title='bbox 601 4976 763 5027; x_wconf 82' lang='grc' dir='ltr'>πλέον</span> <span class='ocrx_word' id='word_1_769' title='bbox 801 4974 894 5027; x_wconf 90' lang='grc' dir='ltr'>τοῦ</span> <span class='ocrx_word' id='word_1_770' title='bbox 928 4974 1137 5026; x_wconf 85' lang='grc' dir='ltr'>δικαίου</span> <span class='ocrx_word' id='word_1_771' title='bbox 1188 4975 1355 5030; x_wconf 80' lang='grc' dir='ltr'>ἐστίν.</span> <span class='ocrx_word' id='word_1_772' title='bbox 1390 4977 1450 5028; x_wconf 85' lang='lat' dir='ltr'>Ei</span> <span class='ocrx_word' id='word_1_773' title='bbox 1496 4977 1588 5030; x_wconf 79' lang='grc' dir='ltr'>οὖν</span> <span class='ocrx_word' id='word_1_774' title='bbox 1626 4975 1755 5030; x_wconf 81' lang='grc' dir='ltr'>ἄλλο</span> <span class='ocrx_word' id='word_1_775' title='bbox 1788 4977 1841 5029; x_wconf 88' lang='grc' dir='ltr'>τί</span> <span class='ocrx_word' id='word_1_776' title='bbox 1883 4978 2034 5030; x_wconf 74' lang='grc' dir='ltr'>ἐστιν</span> <span class='ocrx_word' id='word_1_777' title='bbox 2072 4976 2106 5046; x_wconf 79' lang='grc' dir='ltr'>ἠ</span> <span class='ocrx_word' id='word_1_778' title='bbox 2157 4976 2540 5047; x_wconf 77' lang='grc' dir='ltr'>ἡτοιμασμένη</span> <span class='ocrx_word' id='word_1_779' title='bbox 2573 4973 2846 5045; x_wconf 79' lang='grc' dir='ltr'>βασιλεία,</span> <span class='ocrx_word' id='word_1_780' title='bbox 2888 4978 2977 5030; x_wconf 75' lang='grc' dir='ltr'>καὶ</span> <span class='ocrx_word' id='word_1_781' title='bbox 3048 4976 3115 5029; x_wconf 84' lang='grc' dir='ltr'>τὰ</span> <span class='ocrx_word' id='word_1_782' title='bbox 3162 4976 3448 5046; x_wconf 77' lang='grc' dir='ltr'>ἀπόρρητα</span> <span class='ocrx_word' id='word_1_783' title='bbox 3512 4976 3719 5059; x_wconf 51' lang='grc' dir='ltr'>ἀγαθὰ,</span> 
     </span>
    </p>
   </div>
   <div class='ocr_carea' id='block_1_102' title="bbox 469 5065 3710 5139">
    <p class='ocr_par' dir='ltr' id='par_1_102' title="bbox 469 5065 3710 5139">
     <span class='ocr_line' id='line_1_102' title="bbox 469 5065 3710 5139; baseline -0.001 -19"><span class='ocrx_word' id='word_1_784' title='bbox 469 5071 620 5139; x_wconf 87' lang='grc' dir='ltr'>παρὰ</span> <span class='ocrx_word' id='word_1_785' title='bbox 667 5067 764 5138; x_wconf 83' lang='grc' dir='ltr'>τὴν</span> <span class='ocrx_word' id='word_1_786' title='bbox 800 5068 893 5121; x_wconf 82' lang='grc' dir='ltr'>τοῦ</span> <span class='ocrx_word' id='word_1_787' title='bbox 947 5066 1079 5119; x_wconf 83' lang='grc' dir='ltr'>Θεοῦ</span> <span class='ocrx_word' id='word_1_788' title='bbox 1114 5068 1247 5130; x_wconf 66' lang='grc' dir='ltr'>πρδς</span> <span class='ocrx_word' id='word_1_789' title='bbox 1296 5067 1586 5136; x_wconf 81' lang='grc' dir='ltr'>πρόσωπον</span> <span class='ocrx_word' id='word_1_790' title='bbox 1640 5069 1896 5137; x_wconf 82' lang='grc' dir='ltr'>θεωρίαν,</span> <span class='ocrx_word' id='word_1_791' title='bbox 1932 5068 2172 5135; x_wconf 80' lang='grc' dir='ltr'>δειξάτω</span> <span class='ocrx_word' id='word_1_792' title='bbox 2202 5070 2365 5137; x_wconf 71' lang='grc' dir='ltr'>ἡμῖν’</span> <span class='ocrx_word' id='word_1_793' title='bbox 2412 5070 2567 5121; x_wconf 78' lang='grc' dir='ltr'>ἔσται.</span> <span class='ocrx_word' id='word_1_794' title='bbox 2639 5067 2747 5139; x_wconf 84' lang='grc' dir='ltr'>γὰρ</span> <span class='ocrx_word' id='word_1_795' title='bbox 2797 5066 2982 5137; x_wconf 76' lang='grc' dir='ltr'>ἐκείνη</span> <span class='ocrx_word' id='word_1_796' title='bbox 3050 5065 3255 5137; x_wconf 74' lang='grc' dir='ltr'>μείζων</span> <span class='ocrx_word' id='word_1_797' title='bbox 3308 5068 3406 5134; x_wconf 78' lang='grc' dir='ltr'>τῆς</span> <span class='ocrx_word' id='word_1_798' title='bbox 3475 5068 3710 5138; x_wconf 75' lang='grc' dir='ltr'>θεωρίας</span> 
     </span>
    </p>
   </div>
   <div class='ocr_carea' id='block_1_103' title="bbox 469 5157 3722 5230">
    <p class='ocr_par' dir='ltr' id='par_1_103' title="bbox 469 5157 3722 5230">
     <span class='ocr_line' id='line_1_103' title="bbox 469 5157 3722 5230; baseline -0.001 -19"><span class='ocrx_word' id='word_1_799' title='bbox 469 5158 634 5211; x_wconf 83' lang='grc' dir='ltr'>αὑτοῦ</span> <span class='ocrx_word' id='word_1_800' title='bbox 682 5158 773 5211; x_wconf 51' lang='grc' dir='ltr'>τον]</span> <span class='ocrx_word' id='word_1_801' title='bbox 807 5158 964 5213; x_wconf 84' lang='grc' dir='ltr'>Θεοῦ.</span> <span class='ocrx_word' id='word_1_802' title='bbox 1011 5157 1153 5209; x_wconf 80' lang='grc' dir='ltr'>Ἀλλ’</span> <span class='ocrx_word' id='word_1_803' title='bbox 1196 5157 1370 5221; x_wconf 75' lang='grc' dir='ltr'>οὐδεὶς</span> <span class='ocrx_word' id='word_1_804' title='bbox 1410 5158 1519 5212; x_wconf 86' lang='grc' dir='ltr'>τῶν</span> <span class='ocrx_word' id='word_1_805' title='bbox 1562 5159 1895 5213; x_wconf 78' lang='grc' dir='ltr'>διδασκάλων</span> <span class='ocrx_word' id='word_1_806' title='bbox 1945 5160 2043 5230; x_wconf 85' lang='grc' dir='ltr'>τῆς</span> <span class='ocrx_word' id='word_1_807' title='bbox 2090 5159 2417 5228; x_wconf 84' lang='grc' dir='ltr'>Ἐκκλησίας</span> <span class='ocrx_word' id='word_1_808' title='bbox 2471 5160 2635 5230; x_wconf 75' lang='grc' dir='ltr'>μέχρι</span> <span class='ocrx_word' id='word_1_809' title='bbox 2691 5162 2784 5213; x_wconf 80' lang='grc' dir='ltr'>καὶ</span> <span class='ocrx_word' id='word_1_810' title='bbox 2834 5160 3074 5229; x_wconf 83' lang='grc' dir='ltr'>σήμερον</span> <span class='ocrx_word' id='word_1_811' title='bbox 3133 5158 3277 5213; x_wconf 80' lang='grc' dir='ltr'>τοῦτ’</span> <span class='ocrx_word' id='word_1_812' title='bbox 3346 5161 3587 5228; x_wconf 76' lang='grc' dir='ltr'>εἴρηκεν,</span> <span class='ocrx_word' id='word_1_813' title='bbox 3640 5157 3722 5209; x_wconf 75' lang='grc' dir='ltr'>ὅτι</span> 
     </span>
    </p>
   </div>
   <div class='ocr_carea' id='block_1_104' title="bbox 469 5248 3722 5323">
    <p class='ocr_par' dir='ltr' id='par_1_104' title="bbox 469 5248 3722 5323">
     <span class='ocr_line' id='line_1_104' title="bbox 469 5248 3722 5323; baseline -0.001 -21"><span class='ocrx_word' id='word_1_814' title='bbox 469 5252 583 5304; x_wconf 85' lang='grc' dir='ltr'>ἐστί</span> <span class='ocrx_word' id='word_1_815' title='bbox 615 5269 667 5304; x_wconf 88' lang='grc' dir='ltr'>τι</span> <span class='ocrx_word' id='word_1_816' title='bbox 703 5250 890 5319; x_wconf 75' lang='grc' dir='ltr'>μεῖζον</span> <span class='ocrx_word' id='word_1_817' title='bbox 939 5254 1019 5315; x_wconf 75' lang='grc' dir='ltr'>είς</span> <span class='ocrx_word' id='word_1_818' title='bbox 1070 5251 1394 5312; x_wconf 77' lang='grc' dir='ltr'>ἀπόλαυσιν,</span> <span class='ocrx_word' id='word_1_819' title='bbox 1428 5251 1527 5320; x_wconf 82' lang='grc' dir='ltr'>τῆς</span> <span class='ocrx_word' id='word_1_820' title='bbox 1571 5250 1665 5303; x_wconf 87' lang='grc' dir='ltr'>τοῦ</span> <span class='ocrx_word' id='word_1_821' title='bbox 1698 5252 1835 5304; x_wconf 82' lang='grc' dir='ltr'>Θεοῦ</span> <span class='ocrx_word' id='word_1_822' title='bbox 1895 5251 2155 5322; x_wconf 86' lang='grc' dir='ltr'>θεωρίας.</span> <span class='ocrx_word' id='word_1_823' title='bbox 2186 5254 2250 5305; x_wconf 86' lang='grc' dir='ltr'>Ὃ</span> <span class='ocrx_word' id='word_1_824' title='bbox 2280 5253 2337 5306; x_wconf 80' lang='grc' dir='ltr'>δέ</span> <span class='ocrx_word' id='word_1_825' title='bbox 2365 5270 2530 5323; x_wconf 86' lang='grc' dir='ltr'>φησιν</span> <span class='ocrx_word' id='word_1_826' title='bbox 2603 5254 2632 5306; x_wconf 72' lang='grc' dir='ltr'>ὁ</span> <span class='ocrx_word' id='word_1_827' title='bbox 2701 5252 2874 5322; x_wconf 71' lang='grc' dir='ltr'>μέγας</span> <span class='ocrx_word' id='word_1_828' title='bbox 2924 5252 3244 5322; x_wconf 81' lang='grc' dir='ltr'>Γρηγόριος,</span> <span class='ocrx_word' id='word_1_829' title='bbox 3318 5252 3400 5305; x_wconf 85' lang='grc' dir='ltr'>ὅτι</span> <span class='ocrx_word' id='word_1_830' title='bbox 3450 5252 3557 5303; x_wconf 85' lang='grc' dir='ltr'>εἰσὶ</span> <span class='ocrx_word' id='word_1_831' title='bbox 3625 5248 3722 5317; x_wconf 75' lang='grc' dir='ltr'>μὲν</span> 
     </span>
    </p>
   </div>
   <div class='ocr_carea' id='block_1_105' title="bbox 470 5340 3717 5416">
    <p class='ocr_par' dir='ltr' id='par_1_105' title="bbox 470 5340 3717 5416">
     <span class='ocr_line' id='line_1_105' title="bbox 470 5340 3717 5416; baseline -0.002 -19"><span class='ocrx_word' id='word_1_832' title='bbox 470 5347 695 5400; x_wconf 83' lang='grc' dir='ltr'>δικαίων</span> <span class='ocrx_word' id='word_1_833' title='bbox 724 5346 884 5399; x_wconf 87' lang='grc' dir='ltr'>τινῶν</span> <span class='ocrx_word' id='word_1_834' title='bbox 919 5345 1111 5416; x_wconf 77' lang='grc' dir='ltr'>ψυχαὶ,</span> <span class='ocrx_word' id='word_1_835' title='bbox 1144 5346 1346 5408; x_wconf 81' lang='grc' dir='ltr'>αἵτινες</span> <span class='ocrx_word' id='word_1_836' title='bbox 1370 5347 1433 5399; x_wconf 85' lang='grc' dir='ltr'>ὲκ</span> <span class='ocrx_word' id='word_1_837' title='bbox 1455 5346 1553 5415; x_wconf 76' lang='grc' dir='ltr'>τῆς</span> <span class='ocrx_word' id='word_1_838' title='bbox 1586 5345 1911 5414; x_wconf 71' lang='grc' dir='ltr'>ἐπουρανίου</span> <span class='ocrx_word' id='word_1_839' title='bbox 1974 5340 2257 5415; x_wconf 78' lang='grc' dir='ltr'>βασιλείας</span> <span class='ocrx_word' id='word_1_840' title='bbox 2307 5346 2418 5399; x_wconf 73' lang='grc' dir='ltr'>τισὶ</span> <span class='ocrx_word' id='word_1_841' title='bbox 2487 5346 2678 5414; x_wconf 86' lang='grc' dir='ltr'>μοναῖς</span> <span class='ocrx_word' id='word_1_842' title='bbox 2725 5344 3049 5408; x_wconf 80' lang='grc' dir='ltr'>διίστανται,</span> <span class='ocrx_word' id='word_1_843' title='bbox 3117 5347 3211 5397; x_wconf 77' lang='grc' dir='ltr'>καὶ</span> <span class='ocrx_word' id='word_1_844' title='bbox 3274 5345 3357 5397; x_wconf 86' lang='grc' dir='ltr'>ὃτι</span> <span class='ocrx_word' id='word_1_845' title='bbox 3415 5344 3525 5397; x_wconf 86' lang='grc' dir='ltr'>τῶν</span> <span class='ocrx_word' id='word_1_846' title='bbox 3562 5358 3717 5403; x_wconf 77' lang='grc' dir='ltr'>τετε,</span> 
     </span>
    </p>
   </div>
   <div class='ocr_carea' id='block_1_106' title="bbox 472 5432 3730 5509">
    <p class='ocr_par' dir='ltr' id='par_1_106' title="bbox 472 5432 3730 5509">
     <span class='ocr_line' id='line_1_106' title="bbox 472 5432 3730 5509; baseline -0.002 -20"><span class='ocrx_word' id='word_1_847' title='bbox 472 5438 785 5508; x_wconf 77' lang='grc' dir='ltr'>λειωμένων</span> <span class='ocrx_word' id='word_1_848' title='bbox 811 5439 1034 5493; x_wconf 77' lang='grc' dir='ltr'>δικαίων</span> <span class='ocrx_word' id='word_1_849' title='bbox 1074 5441 1129 5493; x_wconf 88' lang='grc' dir='ltr'>αί</span> <span class='ocrx_word' id='word_1_850' title='bbox 1158 5438 1346 5509; x_wconf 72' lang='grc' dir='ltr'>ψυχαὶ,</span> <span class='ocrx_word' id='word_1_851' title='bbox 1387 5438 1661 5492; x_wconf 85' lang='grc' dir='ltr'>δείκνυσιν</span> <span class='ocrx_word' id='word_1_852' title='bbox 1687 5437 1770 5489; x_wconf 84' lang='grc' dir='ltr'>ὅτι</span> <span class='ocrx_word' id='word_1_853' title='bbox 1809 5436 1917 5489; x_wconf 72' lang='lat' dir='ltr'><strong>eisi.</strong></span> <span class='ocrx_word' id='word_1_854' title='bbox 1946 5440 2038 5489; x_wconf 82' lang='grc' dir='ltr'>καὶ</span> <span class='ocrx_word' id='word_1_855' title='bbox 2078 5497 2086 5504; x_wconf 24' lang='grc' dir='ltr'><strong>λ</strong></span> <span class='ocrx_word' id='word_1_856' title='bbox 2118 5436 2283 5489; x_wconf 88' lang='grc' dir='ltr'>τινῶν</span> <span class='ocrx_word' id='word_1_857' title='bbox 2344 5437 2444 5506; x_wconf 82' lang='grc' dir='ltr'>μὲν</span> <span class='ocrx_word' id='word_1_858' title='bbox 2493 5436 2717 5488; x_wconf 83' lang='grc' dir='ltr'>δικαίων</span> <span class='ocrx_word' id='word_1_859' title='bbox 2778 5435 2984 5488; x_wconf 86' lang='grc' dir='ltr'>ἀτελῶν</span> <span class='ocrx_word' id='word_1_860' title='bbox 3034 5434 3220 5503; x_wconf 73' lang='grc' dir='ltr'>ψυχαί.</span> <span class='ocrx_word' id='word_1_861' title='bbox 3275 5432 3385 5487; x_wconf 84' lang='grc' dir='ltr'>Ποῦ</span> <span class='ocrx_word' id='word_1_862' title='bbox 3452 5432 3521 5485; x_wconf 72' lang='grc' dir='ltr'>Δδὲ</span> <span class='ocrx_word' id='word_1_863' title='bbox 3572 5432 3730 5485; x_wconf 78' lang='grc' dir='ltr'>αὗταί</span> 
     </span>
    </p>
   </div>
   <div class='ocr_carea' id='block_1_107' title="bbox 476 5528 3724 5605">
    <p class='ocr_par' dir='ltr' id='par_1_107' title="bbox 476 5528 3724 5605">
     <span class='ocr_line' id='line_1_107' title="bbox 476 5528 3724 5605; baseline 0 -24"><span class='ocrx_word' id='word_1_864' title='bbox 476 5532 638 5596; x_wconf 70' lang='grc' dir='ltr'>εἰσιν,</span> <span class='ocrx_word' id='word_1_865' title='bbox 676 5532 802 5596; x_wconf 81' lang='grc' dir='ltr'>ίσως</span> <span class='ocrx_word' id='word_1_866' title='bbox 834 5534 1169 5601; x_wconf 70' lang='grc' dir='ltr'>ἀμφιϐάλλει</span> <span class='ocrx_word' id='word_1_867' title='bbox 1216 5551 1322 5599; x_wconf 89' lang='grc' dir='ltr'>τις,</span> <span class='ocrx_word' id='word_1_868' title='bbox 1354 5537 1412 5588; x_wconf 79' lang='grc' dir='ltr'>ὲν</span> <span class='ocrx_word' id='word_1_869' title='bbox 1445 5533 1523 5603; x_wconf 85' lang='grc' dir='ltr'>τῷ</span> <span class='ocrx_word' id='word_1_870' title='bbox 1568 5531 2049 5605; x_wconf 77' lang='grc' dir='ltr'>τρίτῳ.κεφαλαίῳ</span> <span class='ocrx_word' id='word_1_871' title='bbox 2083 5532 2176 5584; x_wconf 86' lang='grc' dir='ltr'>τοῦ</span> <span class='ocrx_word' id='word_1_872' title='bbox 2204 5532 2355 5601; x_wconf 78' lang='grc' dir='ltr'>ὅρου,</span> <span class='ocrx_word' id='word_1_873' title='bbox 2387 5530 2587 5593; x_wconf 88' lang='grc' dir='ltr'>ίκανῶς</span> <span class='ocrx_word' id='word_1_874' title='bbox 2651 5532 2779 5599; x_wconf 72' lang='grc' dir='ltr'>περὶ</span> <span class='ocrx_word' id='word_1_875' title='bbox 2804 5528 2993 5583; x_wconf 78' lang='grc' dir='ltr'>τούτου</span> <span class='ocrx_word' id='word_1_876' title='bbox 3039 5529 3525 5600; x_wconf 86' lang='grc' dir='ltr'>ἁπελογησάμεθα,</span> <span class='ocrx_word' id='word_1_877' title='bbox 3596 5529 3724 5583; x_wconf 67' lang='grc' dir='ltr'>ἔνθα</span> 
     </span>
    </p>
   </div>
   <div class='ocr_carea' id='block_1_108' title="bbox 481 5624 2941 5697">
    <p class='ocr_par' dir='ltr' id='par_1_108' title="bbox 481 5624 2941 5697">
     <span class='ocr_line' id='line_1_108' title="bbox 481 5624 2941 5697; baseline -0.001 -19"><span class='ocrx_word' id='word_1_878' title='bbox 481 5627 733 5692; x_wconf 74' lang='grc' dir='ltr'>περὶτῆς</span> <span class='ocrx_word' id='word_1_879' title='bbox 763 5627 872 5678; x_wconf 89' lang='grc' dir='ltr'>τῶν</span> <span class='ocrx_word' id='word_1_880' title='bbox 910 5625 1100 5695; x_wconf 79' lang='grc' dir='ltr'>ψυχῶν</span> <span class='ocrx_word' id='word_1_881' title='bbox 1132 5628 1455 5697; x_wconf 86' lang='grc' dir='ltr'>καθάρσεως</span> <span class='ocrx_word' id='word_1_882' title='bbox 1490 5630 1719 5697; x_wconf 77' lang='grc' dir='ltr'>ἔφημεν,</span> <span class='ocrx_word' id='word_1_883' title='bbox 1755 5628 1846 5680; x_wconf 63' lang='grc' dir='ltr'>καὶ</span> <span class='ocrx_word' id='word_1_884' title='bbox 1878 5627 1939 5681; x_wconf 75' lang='grc' dir='ltr'>οὐ</span> <span class='ocrx_word' id='word_1_885' title='bbox 2008 5628 2090 5681; x_wconf 81' lang='grc' dir='ltr'>δεῖ</span> <span class='ocrx_word' id='word_1_886' title='bbox 2166 5627 2399 5681; x_wconf 79' lang='grc' dir='ltr'>ἐνταῦθα</span> <span class='ocrx_word' id='word_1_887' title='bbox 2456 5626 2585 5692; x_wconf 70' lang='grc' dir='ltr'>περὶ</span> <span class='ocrx_word' id='word_1_888' title='bbox 2635 5625 2740 5677; x_wconf 88' lang='grc' dir='ltr'>τῶν</span> <span class='ocrx_word' id='word_1_889' title='bbox 2794 5624 2941 5689; x_wconf 77' lang='grc' dir='ltr'>ἁπαξ</span> 
     </span>
    </p>
   </div>
   <div class='ocr_carea' id='block_1_109' title="bbox 2996 5623 3724 5695">
    <p class='ocr_par' dir='ltr' id='par_1_109' title="bbox 2996 5623 3724 5695">
     <span class='ocr_line' id='line_1_109' title="bbox 2996 5623 3724 5695; baseline 0 -18"><span class='ocrx_word' id='word_1_890' title='bbox 2996 5625 3299 5695; x_wconf 85' lang='grc' dir='ltr'>είρημένων</span> <span class='ocrx_word' id='word_1_891' title='bbox 3353 5623 3724 5692; x_wconf 84' lang='grc' dir='ltr'>παλιλλογείν.</span> 
     </span>
    </p>
   </div>
   <div class='ocr_carea' id='block_1_110' title="bbox 496 5700 1799 5793">
    <p class='ocr_par' dir='ltr' id='par_1_110' title="bbox 496 5700 1799 5793">
     <span class='ocr_line' id='line_1_110' title="bbox 496 5700 1799 5793; baseline 0.004 -23"><span class='ocrx_word' id='word_1_892' title='bbox 496 5718 634 5770; x_wconf 79' lang='grc' dir='ltr'>Ἀλλ’</span> <span class='ocrx_word' id='word_1_893' title='bbox 664 5718 785 5771; x_wconf 84' lang='grc' dir='ltr'>ὅθεν</span> <span class='ocrx_word' id='word_1_894' title='bbox 820 5700 1115 5789; x_wconf 77' lang='grc' dir='ltr'>ἐξήλθομεν</span> <span class='ocrx_word' id='word_1_895' title='bbox 1157 5719 1319 5774; x_wconf 85' lang='grc' dir='ltr'>πάλιν</span> <span class='ocrx_word' id='word_1_896' title='bbox 1357 5720 1799 5793; x_wconf 61' lang='grc' dir='ltr'>ἐπιστρέψωμεν.</span> 
     </span>
    </p>
   </div>
  </div>
