3966 6198
303 299 436 376 1281

1046 419 1119 475 Δ’.

367 508 643 578 Θαυμάζω
672 508 851 561 τοίνυν
882 510 973 561 καὶ
1004 510 1216 581 ἀπορῶ,
1248 510 1364 575 πῶς
1386 513 1492 565 είσί
1516 530 1658 576 τινες
1684 515 1858 580 οὑτως

297 600 625 669 ἀμελοῦντες
656 603 751 670 τῆς
780 601 1033 670 ἀληθείας
1062 605 1161 671 τῆς
1191 603 1447 667 πίστεως,
1475 604 1550 667 ὡς
1591 607 1665 675 μὴ
1697 608 1859 675 μόνον

295 693 358 745 οὑ
395 690 679 759 βούλεσθαι
715 695 926 759 μαθεῖν,
957 695 1103 754 ὅπως
1136 695 1562 764 ἐπιστραφέντες
1588 698 1856 764 σωθῶσιν,

299 784 435 837 ἀλλά
468 784 561 836 κα)⁵
588 783 697 836 τῶν
733 784 999 849 κειμένων
1030 784 1089 836 ὲν
1122 787 1230 847 τοῖς
1262 786 1426 854 ἱεροῖς
1468 786 1575 838 τῶν
1604 788 1858 841 διδασκά-

295 876 402 929 λιιρν
438 876 663 945 βιϐλίοις
694 877 986 946 προφανῶς
1021 877 1238 947 φθορεῖς
1274 879 1519 946 ἐγένοντο
1543 894 1557 909 ο
1605 882 1699 932 καὶ
1731 880 1857 933 οὔτε

298 968 474 1030 καλῶς
507 967 738 1031 νοοῦσιν,
789 966 904 1020 οὒτ’
937 968 1154 1021 ἀκούειν
1207 969 1483 1038 βούλονται
1534 970 1600 1040 ἣν
1640 971 1857 1041 ἔχουσιν

295 1058 341 1110 οί
376 1057 685 1110 διδάσκαλοι
735 1058 890 1122 δόξαν
945 1060 1073 1127 περὶ
1125 1059 1226 1128 τῆς
1260 1061 1448 1131 κοινῆς
1496 1062 1699 1131 ταύτης
1747 1064 1856 1116 τῶν

296 1149 636 1217 Χριστιανῶν
684 1151 1016 1219 ὁμολογίας·
1067 1151 1201 1204 ἀλλά
1262 1155 1421 1220 μόνον
1478 1154 1681 1224 μικράν
1736 1174 1857 1209 τινα

296 1240 489 1309 ρανίδα
542 1239 796 1304 λαϐόντες
832 1242 1056 1308 ἄγουσιν
1106 1243 1336 1312 ἀπορίας
1375 1244 1488 1297 ἄνω
1524 1246 1617 1298 καὶ
1664 1248 1850 1302 κάτωο

294 1330 387 1381 καὶ
416 1329 634 1382 δοκοῦσί
661 1347 783 1384 τινα
823 1333 1043 1397 γενναῖα
1076 1333 1266 1399 φέρειν
1310 1337 1373 1386 ἐκ
1407 1324 1507 1403 τῆξ
1539 1337 1719 1390 αὐτῶν
1744 1356 1857 1393 κοι-

294 1419 411 1480 λίας
443 1420 578 1488 πρὸς
606 1419 931 1490 ’ἀνατροπὴν
960 1421 1056 1489 τῆς
1090 1421 1379 1490 ἀληθείας;
1415 1424 1451 1478 ἃ
1494 1424 1599 1494 πρὸ
1628 1424 1855 1490 τούτων,

292 1509 342 1561 oi
375 1507 681 1561 διδάσκαλοι
726 1510 1051 1579 προσθέντες
1078 1512 1328 1566 διέλυσαν
1376 1515 1554 1583 λόγοις
1596 1521 1686 1569 καὶ
1720 1536 1854 1587 συγ-

292 1599 533 1664 γραφαῖς
552 1614 566 1626 ·
599 1598 659 1662 ἐξ
689 1593 763 1653 ὧν
790 1602 999 1669 ταχέως
1032 1601 1344 1671 ἐλέγχονται
1374 1604 1423 1656 οί
1459 1607 1570 1658 νέοι
1596 1605 1855 1675 δογματι-

292 1690 437 1743 σταί.
478 1691 628 1744 Ἔδει
687 1691 796 1762 γὰρ
848 1692 1041 1753 αὐτοὺς
1102 1692 1325 1762 θεωρεῖν
1372 1697 1468 1749 καὶ
1522 1697 1851 1751 σκέπτεσθαι

289 1784 433 1855 ἅπερ
455 1786 503 1837 οῖ
530 1785 676 1850 ἅγιοι
717 1781 932 1850 λέγουσι
965 1785 1058 1837 καὶ
1105 1785 1415 1856 ὑποχωρεῖν
1450 1788 1657 1853 αὐτοῖς,
1689 1789 1746 1841 ὲν
1769 1785 1851 1851 οἷς

287 1874 527 1942 λέγουσι.
578 1876 667 1941 Μὴ
697 1874 917 1944 εὑροῦσι
968 1875 1027 1928 δὲ
1085 1874 1386 1945 θεραπείαν
1438 1879 1499 1931 ὲν
1534 1883 1644 1942 τοῖς
1698 1882 1850 1951 παρά

287 1964 393 2015 τῶν
430 1964 599 2029 ἁγίων
649 1965 961 2033 εἰρημένοις
1010 1967 1066 2017 ὲν
1117 1962 1199 2028 οἷς
1250 1967 1674 2035 ἀμφιϐάλλουσι,
1728 1971 1846 2023 τότε

286 2052 415 2122 ἐξῆν
450 2054 631 2117 αὑτοῖς
684 2058 932 2125 ἀπορεῖν,
969 2056 1125 2125 εἴπερ
1160 2057 1255 2111 καὶ
1306 2058 1558 2113 δύνανται
1582 2077 1596 2093 ο
1630 2062 1691 2113 οὑ
1743 2066 1850 2133 μὴν

282 2144 340 2198 δι
370 2146 595 2213 ἀπορεῖν
621 2150 747 2215 περὶ
784 2148 892 2199 τῶν
920 2148 1018 2218 ἡδη
1058 2150 1365 2219 εἰρημένων
1399 2170 1454 2204 τε
1485 2153 1578 2205 καὶ
1610 2170 1850 2222 σεσαφη-

283 2236 569 2304 νισμένων.
615 2238 709 2298 Τίς
738 2238 793 2290 δέ
827 2241 974 2291 ἐστιν
1020 2241 1053 2310 ἡ
1095 2240 1384 2312 θαυμαστὴ
1420 2244 1600 2295 αὑτῶν
1646 2245 1848 2316 ἀπορία

282 2327 348 2395 ἢν
382 2327 513 2394 ἡμῖν
564 2328 918 2398 προφέρουσι,
966 2332 1061 2383 κα)⁸
1106 2334 1311 2402 σφόδρα
1369 2336 1845 2407 μεγαλαυχοῦσιν;

281 2413 352 2467 '0
391 2417 688 2485 καθολικοὶ,
726 2421 842 2487 ἐὰν,
868 2424 942 2484 ὡς
990 2423 1200 2490 λέγετε,
1248 2425 1341 2478 νῦν
1389 2428 1848 2497 ἀπολαμϐάνωσιν

281 2508 337 2561 αἱ
365 2506 536 2579 (laxat
568 2510 678 2563 τῶν
729 2510 976 2577 δικαίων,
1012 2516 1180 2584 μήπω
1230 2518 1528 2588 γενομένης
1570 2520 1664 2589 τῆς
1715 2522 1847 2574 ἀνα-

283 2601 546 2665 στάσεως,
597 2605 856 2672 περισσόν
905 2606 1020 2658 ἐστι
1074 2608 1323 2675 γενέσθαι
1377 2610 1477 2681 τὴν
1527 2614 1843 2681 ἀνάστασιν,

284 2692 376 2743 καὶ
402 2695 493 2744 τὸν
526 2696 717 2766 κριτὴν
748 2697 840 2749 ἐπὶ
871 2697 1063 2766 θρόνου
1092 2700 1334 2765 καθίσαι,
1365 2704 1458 2756 καὶ
1488 2706 1670 2774 κρίσιν
1692 2710 1847 2777 ποιῆ-

284 2800 413 2836 σαι·
463 2786 516 2839 τί
546 2787 602 2839 δὲ
657 2790 749 2841 καὶ
802 2788 1063 2859 λήψονται
1116 2793 1256 2858 τότε,
1304 2797 1352 2857 εί
1386 2796 1481 2849 νῦν
1530 2799 1842 2868 ἀπέλαϐον;

285 2874 392 2925 Καὶ
423 2876 581 2945 ἡμεῖς
616 2879 751 2943 πρὸς
787 2879 985 2940 αὑτούς
1009 2896 1023 2911 ·
1056 2882 1351 2937 Καθολικοί
1391 2887 1578 2955 ἐσμεν,
1621 2890 1714 2943 καὶ
1742 2908 1845 2943 κα-

282 2963 487 3019 θολικοὶ
548 2970 852 3040 βουλόμεθα
891 2972 1165 3040 λέγεσθαι,
1196 2977 1244 3028 εἰ
1281 2979 1374 3030 καὶ
1405 2979 1564 3047 ὑμεῖς
1589 2980 1649 3033 τὸ
1675 2981 1845 3051 ὄνομα

741 304 896 365 PRO
934 304 1151 370 CONC.
1184 307 1555 368 FLORENT.
1604 307 1763 372 CAP.
1794 310 1890 373 IV.
1929 313 2028 373 DE
2073 316 2501 377 FRUITIONE
2542 318 3032 388 SANCTORUM.

1886 426 1936 485 Α

3394 332 3530 395 1282

2028 520 2285 576 Admiror
2335 524 2502 593 igitur
2532 533 2585 578 et
2626 526 2813 583 dubito
2852 544 2962 598 quo
2994 540 3153 603 pacto
3187 534 3529 601 reperiantur

1960 613 2177 680 quidam
2212 613 2347 669 adeo
2370 617 2614 671 veritatis
2642 617 2761 672 fidei
2795 623 3150 693 negligentes,
3179 635 3237 678 ut
3270 642 3375 680 non
3413 636 3528 682 tan-

1963 714 2074 758 tum
2109 722 2216 760 non
2255 707 2464 763 discere
2495 710 2681 775 velint,
2708 722 2767 766 ut
2804 716 3056 770 conversi
3087 716 3391 783 salventur,
3430 736 3557 775 νοω

1961 811 2080 849 rum
2110 799 2271 852 etiam
2303 814 2495 855 eorum
2541 816 2665 869 quae
2697 818 2726 857 a
2754 806 2928 860 sacris
2959 809 3277 865 doctoribus
3321 813 3524 881 scripta

1960 900 2106 953 sunt,
2140 900 2323 957 aperte
2360 903 2710 963 corruptores
2774 899 3236 970 exstiterint:qni
3292 918 3391 957 nec
3437 920 3528 958 re-

1959 992 2051 1035 cte
2090 982 2439 1052 intelligunt,
2499 1002 2675 1056 neque
2728 989 2916 1045 audire
2973 994 3300 1048 sententiam
3340 997 3528 1050 volunt

1959 1086 2121 1139 quam
2158 1074 2412 1131 doctores
2458 1076 2658 1131 habent
2705 1094 2872 1147 super
2900 1080 3001 1137 hac
3047 1087 3323 1137 communi
3358 1085 3521 1140 Chii»

1959 1163 2256 1217 stianornm
2296 1166 2665 1235 confessione.
2704 1169 2810 1223 Sed
2861 1171 3111 1242 exiguam
3160 1183 3369 1228 tantum
3409 1178 3523 1231 stil-

1958 1253 2061 1306 lam
2089 1254 2248 1308 abiis
2275 1252 2614 1324 haurientes,
2644 1274 2861 1315 sursum
2893 1262 3146 1318 deorsum
3169 1264 3519 1321 diﬂicultates

1957 1346 2187 1400 miscent
2227 1363 2291 1400 ex
2326 1364 2424 1402 suo
2456 1365 2640 1412 sensu,
2692 1354 3076 1409 existimantes
3123 1358 3336 1427 egregie
3370 1374 3518 1427 quae-

1957 1441 2078 1491 dam
2113 1440 2179 1493 ad
2216 1442 2555 1497 eversionem
2591 1447 2836 1500 veritatis
2868 1448 3086 1511 aﬂerre,
3112 1465 3249 1515 quas
3280 1460 3401 1506 ante
3422 1452 3523 1505 hos

1957 1529 2175 1596 scriptis
2217 1539 2270 1584 et
2320 1532 2473 1588 libris
2508 1535 2669 1589 editis
2719 1538 2970 1593 doctores
3020 1540 3415 1607 dissolverunt,
3451 1559 3517 1595 ex

1956 1623 2155 1689 quibus
2184 1624 2366 1677 statim
2413 1624 2466 1678 hi
2523 1629 2644 1681 novi
2678 1629 3015 1699 dogmatista':
3052 1633 3456 1700 redarguuntur
3505 1651 3518 1686 :

1958 1729 2081 1766 nam
2112 1729 2205 1768 eos
2224 1716 2411 1770 videre
2435 1724 2488 1770 et
2514 1719 2862 1775 considerare
2888 1723 3168 1789 oportebat
3199 1740 3318 1792 qua:
3347 1726 3520 1781 sancti

1958 1804 2171 1869 dicunt,
2210 1814 2261 1859 ct
2298 1822 2487 1862 eorum
2541 1811 2706 1865 dictis
2748 1812 3117 1880 acquiescere.
3167 1814 3320 1880 Quod
3371 1819 3416 1872 si
3466 1819 3521 1872 in

1958 1908 2273 1953 sanctorum
2303 1899 2485 1964 dictis,
2522 1901 2574 1955 in
2608 1902 2809 1971 quibus
2853 1908 3172 1961 sententiam
3205 1910 3478 1965 alternant
3506 1953 3521 1974 ,

1957 1990 2290 2046 curationem
2317 2010 2424 2047 non
2473 1994 2812 2052 invenissent
2847 2038 2860 2061 ,
2897 2011 3025 2054 tunc
3057 2001 3275 2055 demum
3324 2004 3521 2059 licebat

1956 2081 2037 2135 eis
2073 2081 2438 2138 dubitationes
2468 2084 2665 2139 aﬂerre
2696 2087 2763 2156 (si
2798 2098 2974 2143 tamen
3011 2092 3061 2143 id
3099 2093 3384 2163 possent);
3419 2112 3520 2149 nec

1958 2187 2080 2227 vero
2110 2174 2386 2242 ambigere
2410 2176 2476 2229 de
2502 2175 2585 2230 his
2620 2177 2868 2242 decebat,
2902 2196 3023 2247 quae
3056 2191 3213 2237 antea
3242 2183 3519 2254 disputata

1954 2272 2008 2316 et
2047 2262 2316 2317 declarata
2354 2275 2504 2322 sunt.
2540 2266 2609 2319 At
2643 2268 2947 2336 qualisnam
2984 2282 3065 2327 est
3100 2289 3288 2328 eorum
3338 2277 3515 2329 admi‘

1957 2353 2144 2407 rabilis
2176 2355 2403 2420 quaestio
2434 2371 2593 2423 quam
2625 2358 2779 2412 nobis
2803 2359 3066 2426 objiciunt
3091 2365 3285 2417 mirum
3320 2365 3372 2418 in
3408 2383 3515 2419 mo-

1954 2443 2081 2497 dum
2101 2442 2517 2510 jactabuudi?0
2542 2448 2819 2511 catholici,
2850 2451 2917 2513 si,
2939 2461 2996 2505 ut
3022 2468 3117 2508 vos
3146 2454 3349 2519 dicitis,
3373 2473 3516 2511 nunc

1947 2534 2222 2603 justorum
2274 2538 2469 2591 animae
2517 2548 2641 2592 ante
2697 2542 3153 2599 resurrectionem
3204 2548 3515 2616 recipiunt,

1953 2640 2355 2695 supervacanea
2396 2638 2478 2683 est
2506 2632 2838 2686 resurrectio
2868 2641 2923 2687 et
2957 2633 3243 2703 judicium,
3269 2648 3321 2690 et
3352 2653 3519 2708 super

1953 2718 2145 2771 throno
2172 2734 2461 2785 assessus,
2497 2729 2549 2775 et
2598 2722 2794 2790 judicii
2843 2726 3184 2785 constitutio.
3222 2726 3361 2793 Quid
3399 2739 3513 2783 tum

1952 2808 2229 2875 recipient,
2264 2808 2308 2864 si
2344 2825 2487 2863 nunc
2525 2808 2889 2887 receperunt?
2918 2814 3123 2881 Quibus
3157 2834 3255 2873 nos
3286 2835 3511 2889 respou-

1951 2898 2162 2967 demus,
2195 2899 2459 2957 Catholici
2493 2919 2684 2959 sumus
2715 2914 2769 2960 et
2807 2907 3060 2962 catholici
3093 2910 3198 2963 dici
3235 2912 3510 2976 volumus;

1951 2997 2004 3043 et
2030 2991 2076 3043 si
2108 2991 2159 3044 in
2190 2992 2575 3048 contumeliam
2613 2995 2716 3050 hoc
2751 3012 2945 3051 nomen
2982 2999 3137 3053 nobis
3170 3000 3432 3069 objicitis,
3459 3015 3513 3056 et

280 3056 437 3110 τοῦτο
485 3059 607 3112 κατ’
654 3062 937 3130 εἰρωνείαν
991 3065 1124 3135 ἡμῖν
1182 3069 1507 3139 προφέρετε,
1547 3075 1640 3127 καὶ
1686 3072 1843 3142 ὕϐριν

1950 3080 2205 3151 iniuriam
2236 3083 2390 3140 nobis
2423 3084 2626 3140 inlerre
2655 3086 2994 3143 arbitramini
3022 3105 3037 3141 :
3061 3091 3344 3146 credentes
3365 3092 3509 3145 enim

280 3146 557 3214 λογίζεσθε
581 3166 595 3180 ο
629 3154 980 3218 πιστεύοντες
1010 3163 1117 3224 γὰρ
1148 3162 1226 3220 εἰς
1271 3161 1399 3228 μίαν
1441 3163 1601 3229 ἁγίαν
1632 3166 1845 3219 καθολι-

1952 3189 2112 3227 unam
2149 3185 2391 3228 sanctam
2422 3185 2475 3228 et
2508 3179 2870 3244 apostolicam
2899 3180 3226 3246 Ecclesiam,
3251 3184 3505 3238 catholici

281 3241 382 3306 κὴν
416 3241 509 3292 καὶ
537 3241 904 3311 ἀποστολικὴν
952 3245 1298 3315 Ἐκκλησίαν,
1336 3250 1613 3303 καθολικοί
1652 3256 1841 3322 ἐσμεν,

280 3334 370 3380 καί
398 3330 674 3401 λεγόμεθα
700 3349 713 3364 ⁸
744 3334 839 3385 καὶ
872 3335 998 3397 τοὺς
1030 3336 1105 3405 μὴ
1144 3337 1469 3406 λεγομένους
1502 3342 1843 3408 καθολικοὺς,

278 3421 400 3491 ἡτοι
432 3424 553 3483 τοὺς
589 3424 662 3492 μὴ
694 3425 994 3493 ἑπομένους
1024 3428 1187 3498 αὑτῇ,
1220 3433 1609 3498 σχισματικοὺς
1655 3434 1847 3486 καλοῦο

279 3531 403 3584 μεν,
455 3515 568 3575 καὶ.
603 3509 779 3585 οἶμαι,
831 3517 1074 3577 δικαίως.
1108 3521 1252 3590 Πρὸς
1276 3520 1369 3574 οὖν
1422 3520 1522 3591 τὴν
1575 3523 1846 3593 ἐρώτησιν

280 3608 433 3676 ὑμῶν
465 3623 668 3673 φαμεν,
695 3608 770 3668 ὡς
803 3610 851 3661 εί
892 3609 1100 3681 ὑπῆρχε
1133 3613 1291 3682 καινὴ
1316 3614 1348 3683 ἡ
1373 3612 1638 3684 ἐρώτησις
1664 3615 1840 3686 ὑμῶν,

278 3701 559 3770 ἐδώκαμεν
586 3702 651 3753 ἂν
681 3700 778 3771 τὴν
820 3702 1117 3771 ἀπολογίαν
1163 3705 1259 3773 ἀφ’
1291 3705 1468 3775 ἡμῶν,
1501 3706 1576 3770 ὡς
1612 3708 1643 3778 ἡ
1687 3708 1846 3761 δύνα-

280 3809 370 3855 μις
397 3807 410 3819 ·
448 3793 566 3842 ἐπεὶ
594 3792 651 3865 δέ
681 3793 747 3861 ἣν
780 3793 936 3861 ὑμεῖς
968 3797 1190 3857 ποιεῖτε,
1224 3796 1317 3848 καὶ
1364 3796 1511 3851 ἄλλοι
1554 3799 1659 3867 πρὸ
1690 3797 1845 3865 ὑμῶν

278 3884 621 3951 πεποίηνται,
658 3884 717 3935 οὑ
749 3886 907 3953 χρεία
940 3888 1069 3951 περὶ
1096 3881 1170 3939 ὧν
1196 3887 1246 3938 οἱ
1271 3887 1581 3941 διδάσκαλοι
1611 3887 1840 3958 ἥψαντο,

279 3978 372 4029 καὶ
405 3977 502 4043 τὴν
536 3976 831 4042 ἀπολογίαν
865 3978 1150 4032 ἀπέδωκαν
1181 3979 1256 4041 ὡς
1285 3980 1422 4045 ἐνὸν,
1466 3980 1615 4049 ἡμᾶς
1644 3981 1842 4033 ἀπολο-

276 4069 488 4133 γεῖσθαι
538 4068 824 4137 τολμηρῶς
881 4070 1023 4122 οὕτω
1073 4072 1165 4122 καὶ
1219 4072 1487 4135 ἀναιδῶς·
1542 4072 1657 4125 ἀλλ’
1706 4073 1842 4142 ὅπερ

275 4162 471 4212 ἐκεῖνοι
499 4161 787 4225 ἐξέδωκαν,
822 4161 951 4213 αὑτὸ
986 4162 1077 4213 καὶ
1104 4162 1261 4231 ἡμεῖς
1298 4161 1704 4232 προσθήσομεν.
1735 4164 1842 4215 Πέ-

274 4271 399 4321 τρος
428 4255 532 4322 γὰρ
562 4257 590 4307 ὁ
638 4254 1142 4325 προμνημονευθεὶς
1188 4256 1564 4324 ἀρχιδιάκονος
1609 4255 1708 4325 τῆς
1743 4274 1841 4326 με·

277 4346 447 4411 γάλης
490 4346 814 4413 Ἐκκλησίας
841 4346 973 4414 πρὸς
1004 4345 1094 4397 τὸν
1138 4346 1313 4411 μέγαν
1340 4346 1602 4415 ἀρχιερέα
1638 4347 1842 4416 Γρηγό⁶

1949 3276 2141 3315 sumus
2174 3273 2229 3317 et
2255 3264 2626 3332 appellamur;
2663 3266 2755 3333 qui
2792 3268 3044 3322 catholici
3088 3285 3193 3323 non
3227 3284 3507 3338 vocantur,

1947 3351 2062 3405 sive
2084 3353 2175 3419 qui
2208 3368 2323 3405 eam
2352 3369 2458 3406 non
2485 3366 2813 3423 sequuntur,
2850 3358 3231 3415 schismaticos
3252 3360 3509 3427 dicimus,

1947 3457 2010 3495 ac
2046 3443 2189 3511 jure,
2227 3452 2283 3496 ut
2308 3441 2566 3499 arbitror.
2604 3445 2682 3497 Ad
2711 3445 3189 3515 interrogationem
3220 3450 3384 3520 igitur
3413 3468 3510 3507 ve-

1947 3544 2119 3589 stram
2151 3534 2406 3599 dicimus,
2448 3536 2591 3605 quod
2633 3536 2680 3590 si
2716 3551 2853 3591 nova
2887 3547 3033 3592 esset
3067 3550 3242 3594 vestra
3275 3542 3507 3597 interro—

1946 3621 2110 3690 gatio,
2141 3635 2239 3690 pro
2285 3621 2495 3676 viribus
2543 3623 2747 3678 nostris
2787 3628 3196 3694 responsionem
3232 3631 3507 3685 attulisse.

1946 3727 2067 3767 mus
2099 3728 2113 3764 :
2147 3712 2239 3767 sed
2266 3714 2522 3782 quoniam
2550 3716 2694 3783 quod
2729 3730 2824 3769 vos
2855 3716 3031 3772 facitis
3060 3728 3114 3771 et
3143 3719 3233 3773 alii
3259 3733 3384 3774 ante
3413 3736 3508 3775 vos

1942 3810 2192 3870 egerunt,
2224 3818 2328 3857 non
2362 3819 2501 3874 opus
2532 3814 2635 3869 est,
2665 3821 2786 3874 qua:
2815 3805 3070 3862 doctores
3096 3808 3417 3878 attigerunt,
3454 3820 3507 3863 et

1944 3894 2332 3963 responsiones
2360 3903 2420 3948 ut
2449 3896 2650 3951 decens
2685 3905 2805 3951 erat
2835 3897 3175 3953 tradiderunt
3200 3937 3215 3962 ,
3246 3914 3342 3951 nos
3372 3899 3507 3953 adeo

1944 3985 2209 4039 audacter
2238 3993 2289 4040 et
2323 3986 2579 4053 pertricta
2616 3987 2794 4041 fronte
2837 3992 3184 4057 respondere.
3225 3989 3328 4045 Sed
3360 3993 3501 4059 quod

1944 4075 1980 4129 ii
2008 4076 2316 4141 ediderunt,
2349 4077 2583 4146 idipsum
2614 4086 2666 4132 et
2692 4093 2792 4131 nos
2816 4078 3193 4145 adjungemus.
3224 4074 3368 4134 Nam
3406 4082 3506 4136 l‘eo

1946 4174 2084 4229 trus,
2130 4165 2387 4222 Ecclesia:
2438 4183 2645 4237 magna:
2695 4169 3135 4233 archidiaconus,
3182 4181 3240 4225 ut
3273 4182 3428 4226 antea
3475 4189 3505 4226 a

1943 4254 2100 4309 nobis
2125 4256 2428 4322 expositum
2460 4265 2567 4319 est,
2598 4271 2792 4324 magno
2817 4255 3060 4323 pontifici
3100 4254 3359 4324 Gregorio
3381 4256 3503 4310 Dia-

1942 4342 2085 4412 logo,
2122 4343 2263 4397 hanc
2295 4358 2457 4411 quam
2488 4344 2543 4397 in
2575 4346 2861 4412 praesentia
2895 4359 2990 4398 vos
3024 4344 3500 4413 interrogationem

277 4455 392 4506 ριον
418 4437 508 4488 τὸν
541 4439 820 4505 Διάλογον,
854 4437 1056 4507 ταύτην
1084 4439 1149 4507 ἢν
1182 4438 1339 4505 ὑμεῖς
1377 4438 1473 4491 νῦν
1506 4438 1837 4507 προϐάλλετε

1950 4435 2273 4504 proponitis,
2303 4434 2551 4489 eamdem
2595 4435 2640 4488 is
2670 4434 2768 4503 ipsi
2802 4434 2949 4491 fecit.
2969 4432 3100 4488 Nam
3128 4436 3197 4489 ita
3230 4434 3284 4488 iu
3311 4437 3501 4490 eodem

270 4524 562 4594 ἐρώτησιν,
589 4528 759 4596 αὑτὴν
792 4529 884 4579 καὶ
929 4528 1089 4590 αὐτὸς
1139 4529 1273 4595 πρὸς
1305 4528 1467 4581 αὑτὸν
1498 4529 1791 4599 πεποίηται
1819 4545 1834 4560 ο

271 4616 419 4683 λέγει
441 4618 547 4687 γὰρ
591 4616 686 4670 ὡδὶ
718 4620 774 4669 έν
822 4618 899 4688 τῷ
944 4619 1093 4688 αὑτῴ
1124 4619 1317 4688 βιϐλίῳ
1353 4620 1462 4673 τῶν
1511 4624 1835 4692 Διαλόγων.

273 4707 480 4775 Πέτρου
539 4708 828 4780 ἐρώτησις.
866 4726 886 4759 ι
937 4709 1062 4762 Ἐὰν
1110 4711 1204 4763 νῦν
1237 4712 1294 4762 ὲν
1320 4712 1398 4779 τῷ
1445 4712 1658 4783 οὑρανῷ
1696 4717 1836 4767 εἰσιν

270 4799 325 4848 αἱ
376 4796 541 4865 ψυχαὶ
579 4798 685 4849 τῶν
713 4798 956 4864 δικαίων,
1011 4800 1061 4851 τί
1094 4801 1239 4851 ἐστιν
1279 4802 1417 4871 ὅπερ
1448 4803 1505 4853 ἐν
1535 4805 1601 4872 τῇ
1654 4804 1837 4873 ἡμέρᾳ

270 4891 366 4955 τῆς
402 4892 634 4956 κρίσεως
654 4890 942 4957 μέλλουσιν
971 4891 1266 4945 ἀπολαϐεῖν
1289 4907 1337 4959 ;›
1376 4893 1676 4968 Γρηγορίου
1705 4895 1839 4946 ἀπό-

274 4996 474 5047 κρισις.
506 4979 704 5032 «Τοῦτο
732 4981 917 5045 αὑτοῖς
933 4985 990 5036 ὲν
1019 4987 1084 5053 τῇ
1114 4985 1293 5054 κρίσει
1322 4985 1637 5054 θαυμασίως
1665 4986 1838 5055 ὑπάρε-

273 5068 351 5131 ξει
382 5085 395 5099 ο
434 5071 527 5121 νῦν
570 5072 678 5140 γὰρ
712 5072 819 5123 τῶν
848 5072 1039 5143 ψυχῶν
1093 5075 1291 5142 μόνων,
1327 5077 1448 5129 τότε
1490 5076 1547 5129 δὲ
1598 5078 1691 5130 καὶ
1731 5077 1837 5130 τῶν

272 5160 543 5227 σωμάτων
571 5160 671 5228 τὴν
718 5164 1097 5233 μακαριότητα
1135 5166 1529 5237 ἀπολήψονται.
1571 5168 1732 5222 Ὥστε
1780 5171 1838 5220 ὲν

268 5249 402 5318 αὐτῇ
436 5253 499 5319 τῇ
539 5251 703 5319 σαρκὶ⁵
749 5252 955 5315 αὑτοὺς,
982 5254 1440 5325 ἀγαλλιασθῆναι,
1475 5258 1533 5308 ἐν
1571 5251 1603 5331 ᾖ
1640 5258 1837 5319 πόνους

271 5339 412 5407 ὑπὲρ
443 5340 682 5408 Χριστοῦ
714 5344 807 5397 καὶ
844 5344 1110 5413 βασάνους
1144 5346 1466 5415 ὑπέμειναν.
1500 5350 1597 5400 Διά
1627 5348 1835 5416 ταύτην

271 5429 378 5496 γὰρ
404 5429 501 5498 τὴν
531 5430 721 5501 διπλῆν
748 5433 927 5487 αὑτῶν
971 5436 1149 5502 δόξαν,
1184 5439 1240 5489 ὲν
1268 5440 1333 5507 τῇ
1375 5440 1444 5507 γῇ
1479 5438 1619 5504 ὑπὲρ
1654 5438 1835 5493 αὐτῶν

272 5520 614 5586 γέγραπταιο
669 5524 995 5579 Διπλασίονα
1052 5528 1469 5596 νεμηθήσονται.
1523 5529 1627 5581 Καὶ
1676 5528 1834 5583 τοῦτο

382 5692 427 5723 ⁸⁷
456 5693 557 5749 Isa.
596 5711 703 5761 ut,
737 5700 788 5758 7.

1942 4525 2083 4579 libro
2110 4523 2457 4595 Dialogorum
2498 4524 2688 4579 scribit
2721 4525 2818 4581 lib.
2850 4541 2925 4591 tv,
2952 4541 3073 4593 cap.
3104 4525 3215 4579 25:
3254 4526 3397 4580 Petri
3425 4529 3506 4581 in-

1944 4615 2234 4684 tcrrogatio
2267 4631 2281 4667 :
2312 4634 2330 4667 ι
2369 4614 2424 4669 Si
2458 4615 2619 4684 igitur
2650 4630 2794 4669 nunc
2846 4626 2975 4670 sunt
3026 4616 3082 4670 in
3131 4618 3272 4671 ccelo
3306 4617 3504 4672 anima:

1937 4704 2234 4773 iustorum,
2264 4706 2392 4774 quid
2428 4717 2511 4760 est
2544 4705 2688 4775 quod
2730 4706 2782 4759 in
2817 4705 2905 4759 die
2934 4705 3125 4775 judicii
3160 4722 3257 4775 pro
3280 4708 3507 4775 justitizn

1940 4811 2052 4851 suae
2102 4799 2461 4851 retributione
2494 4798 2793 4866 recipient?
2832 4816 2851 4849 ι
2886 4798 3134 4868 Gregorii
3166 4801 3450 4869 responsio
3485 4817 3503 4857 '.

1945 4906 1963 4939 ι
2000 4886 2114 4942 Hoc
2139 4888 2219 4943 eis
2252 4889 2508 4943 nimirum
2559 4890 2758 4945 crescit
2803 4891 2857 4944 in
2898 4890 3129 4959 judicio,
3165 4892 3308 4961 quod
3360 4908 3506 4945 nunc

1936 4978 2240 5032 animarum
2304 4980 2715 5043 tantummodo,
2768 4981 3114 5048 postmodum
3163 4995 3290 5035 vero
3338 4983 3501 5035 etiam

1936 5084 2224 5139 corporum
2260 5070 2592 5126 beatitudine
2617 5071 2985 5140 perfruentur,
3021 5079 3076 5124 ut
3123 5070 3176 5124 in
3225 5071 3341 5139 ipsa
3364 5087 3503 5140 quo-

1935 5176 2044 5231 que
2092 5176 2258 5215 carne
2302 5160 2577 5229 gaudeant
2623 5164 2677 5217 in
2723 5178 2829 5233 qua
2881 5162 3098 5216 dolores
3130 5176 3229 5229 pro
3265 5162 3500 5216 Domino

1934 5251 2322 5321 cruciatusque
2353 5252 2707 5321 pertulerunt.
2760 5270 2793 5325 ιη
2824 5252 2930 5306 Pro
2966 5251 3068 5306 hac
3093 5252 3295 5322 quippe
3334 5254 3504 5322 gemi-

1933 5355 2059 5397 nata
2088 5357 2275 5398 eorum
2302 5342 2473 5412 gloria
2507 5342 2770 5412 scriptum
2805 5352 2886 5395 est
2918 5359 2933 5395 :
2966 5358 2984 5392 ι
3016 5338 3074 5395 in
3102 5351 3245 5396 terra
3278 5357 3375 5397 sua
3400 5342 3502 5397 du-

1935 5435 2095 5503 plicia
2129 5434 2489 5504 possidebunt
2519 5433 2586 5486 ".
2636 5452 2656 5485 ι
2698 5432 2835 5488 Hinc
2877 5433 3040 5488 etiam
3086 5441 3212 5489 ante
3253 5449 3498 5489 resurre-

1935 5529 2137 5586 ctionis
2172 5529 2318 5585 diem
2348 5529 2416 5584 de
2448 5536 2763 5584 sanctorum
2792 5529 3079 5585 animabus
3095 5530 3351 5596 scriptum
3376 5535 3493 5582 est:
