3966 6198
464 344 602 414 1ἓ87

1644 332 1823 395 ’IOSE
1836 334 1966 394 PH!
2009 334 2063 393 M
2076 333 2557 393 ETHONENSIS

3576 328 3717 390 1.233

464 462 708 519 omnium
743 456 1017 529 principii,
1052 453 1189 508 facie
1240 452 1307 507 ad
1347 451 1561 516 l‘arietn,
1596 449 2026 519 sapientissime,

2147 449 2394 518 ›ύρανοὺς
2425 448 2483 498 tv
2511 445 2654 515 χειρὶ
2684 443 2840 499 Θεοῦ.
2878 461 2899 497 »
2929 444 3039 499 Kal
3063 443 3246 507 πάλιν,
3276 443 3369 497 «οί
3396 443 3563 513 ἱερεῖς
3587 460 3719 505 σου,

466 554 561 625 qui
587 562 643 607 et
671 548 972 620 splendoris
1032 555 1085 600 et
1112 544 1339 598 visionis
1364 544 1559 597 divina'
1585 543 1782 609 dignus
1807 540 2029 594 etl'ectus

467 662 550 701 es.
591 663 609 696 »
651 644 711 696 Et
757 651 997 695 rursus:
1037 656 1055 688 ι
1090 636 1225 691 Cum
1276 634 1484 703 angelis
1530 632 1819 701 tripudias,
1878 632 2031 684 beate

466 734 763 792 Onesime.
818 728 1065 799 martyrii
1117 742 1317 781 corona
1368 735 1686 787 exornatus,
1748 721 2029 789 refulgeuti

467 827 666 882 tbrono
708 822 1005 876 Salvatoris
1044 819 1278 873 assistis.
1311 836 1329 868 »
1362 818 1427 871 Et
1450 816 1574 870 alibi
1608 834 1621 870 :
1652 835 1670 868 ι
1706 816 2028 868 Sanctorum

465 919 688 974 ordines
724 931 845 970 eum
892 913 981 984 qui
1027 916 1169 967 inter
1216 911 1443 982 angelos
1492 908 1785 977 requiescit
1834 919 2026 974 magna

465 1026 599 1065 voce
647 1010 949 1070 laudantes,
982 1004 1183 1057 divinis
1226 1017 1368 1055 nunc
1395 1000 1653 1053 fruuntur
1704 996 1939 1058 deliciis,
1977 1004 2030 1050 et

466 1102 717 1155 laetantes
765 1095 1079 1164 tripudiant.
1132 1112 1149 1145 »
1203 1092 1265 1146 Et
1304 1091 1357 1145 in
1390 1090 1497 1143 alio
1530 1107 1543 1144 :
1581 1107 1599 1140 ι
1640 1087 2031 1155 Superintelle—

467 1190 634 1244 etuali
668 1189 955 1257 splendore
1006 1185 1306 1241 exsaturati
1334 1182 1527 1247 sancti,
1558 1191 1610 1234 et
1640 1179 1819 1233 divina
1845 1177 2029 1231 laetitia

467 1278 748 1348 Splendide
777 1274 987 1344 repleti,
1018 1274 1091 1327 dii
1127 1271 1417 1336 vocamini,
1455 1280 1512 1324 ut
1537 1270 1585 1323 ei
1614 1269 1843 1339 proximi
1888 1268 2030 1321 inter

468 1374 684 1426 divinos
728 1369 1043 1438 splendores
1087 1374 1388 1423 versantes,
1426 1373 1479 1415 et
1520 1362 1701 1431 gloria:
1734 1358 2029 1414 ineﬂabilis

468 1464 631 1517 radiis
667 1460 941 1514 illustrati.
1010 1476 1028 1509 »
1087 1457 1155 1510 Et
1187 1467 1427 1508 rursus:
1469 1471 1488 1504 ι
1536 1452 1722 1507 Sacris
1782 1452 2029 1505 melodiis

468 1554 831 1615 celebrentur,
863 1549 1019 1618 quasi
1059 1547 1301 1602 caelestis
1335 1545 1577 1599 baeredes
1626 1545 1812 1613 regni,
1868 1541 2025 1611 quasi

469 1645 660 1699 incola
689 1644 979 1711 paradisi.»
1019 1640 1083 1693 Et
1114 1640 1240 1693 alibi
1275 1657 1289 1703 ;
1328 1637 1620 1693 «Concives
1652 1635 2024 1702 angelorum.»

2134 536 2360 607 Χριστὲ,
2415 535 2764 603 δικαιοσύνην
2815 534 3177 601 ἐνδεδυμένοι,
3223 535 3389 595 ὁσίοις
3454 536 3567 595 τοῖς
3618 532 3721 584 ἀπ’

2130 631 2328 691 αίῶνος
2366 629 2709 699 ἀγάλλονται,
2749 629 2846 683 σοῦ
2880 630 2936 682 τὸ
2978 630 3173 691 κάλλος
3202 629 3439 697 ὁρῶντες
3461 631 3524 682 τδ
3566 628 3723 682 θεῖον

2129 724 2487 796 τρανὼτερον.
2527 744 2544 775 »
2581 724 2688 776 Kal
2742 725 2802 775 tv
2831 722 3030 785 ἄλλοις,
3077 740 3094 773 ι
3136 722 3250 775 Νῦν
3296 723 3395 774 οὐκ
3426 724 3482 774 tv
3533 723 3725 786 αῗνῖγο

2136 834 2288 883 ματι,
2330 817 2534 885 Πάτερ,
2562 816 2663 867 οὐκ
2695 817 2751 866 tv
2798 815 3049 886 ἐσόπτρῳ
3081 816 3435 877 κατοπτεύεις
3483 816 3576 866 τὸν
3610 816 3724 882 τῆς

2132 906 2389 976 θεαρχίας
2447 906 2726 976 φωτισμόν
2756 922 2771 937 ·
2812 905 2950 973 πρὸς
3001 906 3289 974 πρόσωπον
3326 906 3403 971 δὲ,
3441 907 3723 973 πάνσοφε,

2132 999 2426 1068 πρόσωπον
2454 1015 2468 1028 ’
2529 998 2625 1063 τῆς
2662 996 2802 1065 ὑπὲρ
2853 996 2977 1049 νοῦν
3013 997 3398 1068 λαμπρότητος
3438 1000 3532 1051 καὶ
3592 999 3726 1050 θεοο

2131 1091 2295 1151 πτίας
2348 1090 2683 1157 ἀξιούμενος.
2745 1110 2763 1140 ο
2817 1090 2923 1143 Kal
2980 1089 3163 1152 πάλιν,
3223 1107 3243 1139 ι
3299 1092 3403 1143 Σὺν
3452 1090 3724 1156 ἀγγέλοις

2132 1183 2399 1253 χορεύεις,
2442 1183 2628 1253 μάκαρ
2670 1184 2952 1253 Ὀνήσιμε,
2989 1183 3289 1251 μαρτυρίου
3339 1183 3588 1253 στεφάνῳ
3619 1203 3725 1236 κα-

2131 1274 2596 1345 τακοσμούμενος,
2625 1274 2799 1343 θρόνῳ
2828 1275 2906 1343 τῷ
2953 1276 3165 1344 φαιδρῷ
3195 1273 3287 1327 τοῦ
3322 1274 3581 1343 Σωτῆρος
3608 1293 3724 1327 πα-

2137 1366 2403 1432 ρίστασαι.
2437 1385 2455 1417 »
2496 1366 2607 1418 Kal
2638 1364 2894 1435 ἀλλαχοῦ.
2937 1384 2955 1417 ι
3007 1365 3201 1432 Ἀγίων
3244 1366 3497 1433 τάγματα
3534 1366 3627 1419 τὸν
3665 1370 3727 1418 ὲν

2134 1456 2312 1521 ἁγίοις
2362 1457 2777 1527 ἀναπαυόμενον
2836 1457 3115 1525 άσιγήτως
3160 1457 3460 1525 ὑμνοῦντα,
3500 1461 3723 1525 τρυφῆς

2133 1544 2315 1617 ἐνθέου
2350 1544 2445 1598 νῦν
2475 1545 2836 1607 ἀπολαύουσι,
2870 1548 2965 1599 καὶ
3008 1547 3305 1614 γεγηθότες
3336 1547 3645 1616 χορεύουσι.
3694 1567 3714 1598 »

2133 1638 2243 1690 Kal
2278 1640 2335 1691 tv
2377 1638 2545 1707 ἄλλῳ,
2580 1654 2612 1689 ι·
2635 1638 2747 1706 Τῆς
2781 1639 2918 1707 ὑπὲρ
2942 1638 3064 1691 νοῦν
3092 1640 3503 1710 λαμπρότητος,
3544 1641 3721 1707 ἔμφοο

470 1735 537 1789 Ει
587 1751 784 1788 rursus
824 1752 837 1787 :
885 1751 903 1783 ι
953 1731 1247 1801 Sanguinis
1300 1729 1376 1783 tui
1432 1727 1653 1797 pretiosi
1708 1726 2030 1780 intinctione

2147 1727 2395 1797 ρούμενοι
2422 1728 2590 1795 άγιοι,
2621 1728 2767 1792 θείας
2798 1730 3139 1799 εὐφροσύνης
3166 1746 3227 1782 τε
3269 1729 3545 1800 λαμπρῶς
3573 1731 3715 1798 πλη-

471 1838 697 1897 ntartyr,
729 1842 1021 1894 purpuram
1065 1824 1157 1878 tibi
1203 1823 1494 1893 pretiosam
1529 1819 1885 1888 comparasti,
1918 1833 2026 1887 qua

2147 1794 2423 1890 ρούμενοι,
2452 1794 2959 1892 θεοὶχρηματίζετε
2983 1826 3046 1892 τῇ
3078 1794 3212 1893 πρὸς
3236 1794 3399 1876 αύτδν
3429 1794 3717 1893 ἐγγύτητι,

468 1919 696 1973 indutus
729 1918 1007 1971 caelestem
1055 1914 1256 1983 regiam
1306 1929 1434 1967 vere
1488 1911 1764 1964 inliabitas
1803 1908 1911 1963 Deo
1942 1924 2036 1962 su-

470 2026 660 2080 premo
717 2011 828 2078 regi
874 2010 1167 2061 assistens.
1227 2024 1246 2057 »
1300 2005 1569 2058 Assistere
1612 2017 1741 2056 vero
1782 2015 2039 2069 supremo

471 2105 607 2171 regi,
632 2103 760 2171 quid
786 2101 931 2154 aliud
957 2114 1051 2167 per
1080 2098 1248 2152 Deum
1282 2096 1580 2166 signiﬁcat.
1608 2095 1712 2149 nisi
1746 2094 1890 2163 quod
1922 2108 2043 2146 san-

470 2196 542 2251 cti
592 2204 860 2263 quatenus
893 2193 1089 2245 anima:
1141 2190 1475 2243 beatitudine
1528 2186 1927 2257 perfruuntur?
1977 2184 2036 2239 In

472 2286 597 2341 aliis
636 2300 815 2339 vero:
878 2301 896 2335 ι
942 2283 1199 2335 Patribus
1244 2280 1506 2349 hymnum
1555 2277 1891 2343 oneremus,
1947 2276 2039 2346 qui

472 2388 598 2431 ante
624 2375 797 2444 legent
838 2383 893 2428 ct
921 2372 975 2427 in
1012 2373 1129 2440 lege
1163 2371 1515 2433 refulserunt,
1538 2378 1590 2423 et
1613 2370 1706 2439 qui
1733 2385 1795 2423 ex
1822 2367 2043 2433 Virgine

440 2470 652 2537 .genito
673 2468 902 2522 Domino
933 2474 988 2520 et
1020 2468 1151 2520 hero
1186 2472 1330 2518 recta
1362 2472 1542 2516 mente
1574 2461 1959 2525 iuservierunt,
1988 2469 2041 2515 et

473 2559 902 2615 inaccessibilem
941 2558 1117 2611 lucem
1153 2556 1294 2610 banc
1323 2554 1500 2623 adepti
1527 2563 1706 2607 sunt.»
1736 2552 1799 2605 Et
1830 2554 1882 2606 in
1909 2553 2037 2607 alio:

478 2670 498 2705 ι
531 2652 709 2714 Nunc,
762 2667 795 2703 ο
848 2650 1024 2712 beate,
1073 2646 1345 2702 intercede
1398 2646 1539 2713 apud
1585 2646 1753 2700 Deum
1803 2661 1904 2714 pro
1953 2655 2043 2699 tuo

474 2758 655 2812 grege.
689 2759 710 2793 »
743 2740 811 2795 Et
842 2754 1032 2793 rursus
1062 2756 1076 2791 ι
1115 2756 1133 2789 ι
1172 2737 1410 2792 Cwleste
1449 2751 1671 2806 regnum
1707 2736 2042 2805 concupisti,

474 2850 585 2905 quo
626 2848 790 2898 nunc,
831 2832 1164 2894 beatissime,
1205 2845 1331 2883 vere
1383 2830 1601 2884 frueris.
1645 2848 1663 2880 »
1699 2827 1767 2881 Et
1799 2829 1852 2882 in
1889 2829 1994 2884 alio
2028 2845 2042 2883 :

480 2947 498 2977 ι
540 2922 722 2995 Super
769 2937 992 2976 omnem
1029 2923 1285 2975 virtutem
1325 2921 1534 2989 positus
1560 2961 1574 2980 .
1616 2930 1771 2989 pater
1802 2921 2044 2984 Antoni,

475 3034 595 3073 cum
632 3013 837 3083 angelis
868 3014 1102 3066 versaris
1132 3013 1184 3066 in
1229 3028 1397 3081 regno
1429 3014 1713 3067 caelorum.
1758 3030 1775 3062 »
1824 3013 1884 3066 Et
1919 3026 2046 3067 rur-

476 3123 574 3163 sus
607 3124 619 3159 :
656 3125 675 3158 ι
708 3105 797 3159 Dei
828 3118 1007 3173 praeco
1036 3104 1320 3165 Atbanasi,
1357 3104 1452 3173 qui
1484 3104 1723 3173 pericula
1756 3112 1810 3159 et
1844 3118 2040 3173 perpe-

481 3212 603 3254 tuas
626 3196 961 3253 tentationes
992 3193 1325 3257 sustinuisti,
1356 3209 1503 3249 nunc
1531 3195 1853 3250 deliciarum
1885 3209 2046 3264 para-

477 3292 580 3348 disi
613 3289 807 3358 diguus
848 3303 907 3343 es
939 3290 1133 3351 iactus,
1166 3287 1380 3342 divinas
1413 3287 1726 3341 mansiones
1777 3301 2045 3341 consecu-

476 3394 586 3447 tus,
626 3382 1051 3452 incorruptibilis
1095 3381 1217 3433 vita:
1247 3380 1392 3445 ligno
1447 3379 1807 3446 propinquus,
1866 3386 1923 3430 ut
1953 3377 2043 3447 ju-

474 3477 639 3531 stitize
687 3478 875 3541 victor,
931 3489 1130 3529 corona
1176 3481 1230 3525 et
1266 3471 1571 3526 diademate
1619 3472 1860 3525 cmlestis
1894 3470 2043 3538 regni

479 3574 791 3630 exornatus,
819 3566 1015 3618 decore
1036 3563 1367 3632 conspicuus
1395 3570 1448 3614 et
1473 3560 1644 3632 forma
1672 3562 2041 3629 praecellens.»

484 3657 548 3710 Et
598 3627 833 3709 rursus:
872 3672 889 3704 ι
934 3627 1385 3722 Splendidissimo
1418 3661 1472 3704 et
1528 3627 1930 3715 fulgentissimo
1964 3651 2050 3702 ιιι-

483 3748 627 3800 tr.ine
662 3746 892 3799 lucidius
921 3760 1067 3797 nunc
1101 3743 1458 3797 illustratus.»
1496 3743 1563 3795 Et
1595 3757 1788 3795 rursus
1823 3758 1837 3795 :
1880 3760 1897 3792 ι
1928 3740 2045 3794 Non

481 3839 536 3894 in
576 3840 861 3907 aenigmate
904 3837 1155 3904 gloriam.
1202 3849 1364 3903 quam
1392 3848 1422 3887 a
1479 3847 1648 3903 puero
1706 3830 2049 3901 coempisti,

483 3931 657 3994 vides,
687 3931 838 3983 beate
874 3927 1123 3999 Eutycbi,
1159 3926 1270 3979 imo
1303 3925 1436 3979 facie
1459 3925 1524 3977 ad
1553 3924 1742 3978 facient
1779 3939 1924 3977 nunc
1956 3938 2051 3978 so-

485 4020 615 4075 lutis
661 4021 844 4075 carnis
895 4018 1149 4088 speculis,
1186 4028 1336 4087 pater
1386 4018 1612 4072 noster?
1658 4038 1677 4069 »
1717 4017 1782 4071 Et
1811 4031 2047 4071 rursus:

488 4130 509 4164 ι
548 4110 624 4165 Ex
652 4111 959 4165 diﬂicilibus
983 4108 1249 4178 angustiis
1280 4120 1333 4163 et
1364 4109 1712 4175 corruptione
1737 4107 1789 4162 in
1812 4108 2049 4177 amplam

493 4210 549 4258 et
572 4202 864 4273 jucundam
897 4202 1136 4271 paradisi
1188 4201 1526 4254 latitudinem
1578 4199 1892 4267 pervenisti,
1924 4214 2051 4252 san-

484 4304 698 4350 ciorum
748 4296 964 4348 visurus
1019 4292 1358 4362 splendidam
1398 4293 1570 4345 lucem
1621 4300 1676 4345 et
1730 4291 2048 4362 angelorum

483 4388 712 4442 choreas
744 4387 855 4441 Deo
884 4386 1219 4446 assistentes,
1244 4393 1297 4437 et
1323 4384 1658 4438 incessanter
1691 4383 2045 4438 clamantes.»

2140 1915 2261 1976 ταῖς
2289 1912 2638 1982 θεουργικαῖς
2690 1918 3085 1984 μαρμαρυγαῖς
3113 1915 3453 1985 ὁμιλοῦντες,
3504 1920 3602 1969 καὶ
3632 1919 3723 1971 δό-

2108 2001 2237 2070 ηξης
2284 2003 2383 2069 τῆς
2425 2004 2706 2070 ἀφράστου
2763 2005 3126 2072 φωτισθέντες
3171 2008 3374 2062 ἀκτῖσι.
3415 2028 3433 2060 »
3477 2010 3587 2061 Kal
3620 2010 3725 2061 1:6-

2140 2089 2247 2158 λιν,
2287 2112 2306 2145 ι
2342 2095 2810 2164 Εὑφημείσθωσαν
2846 2097 3021 2165 ἱεραῖς
3050 2097 3357 2167 μελῳδίαις,
3378 2098 3455 2162 ὡς
3481 2100 3582 2168 τῆς
3610 2102 3722 2154 ἀνω

2144 2185 2422 2254 βασιλείας
2467 2188 2815 2256 κληρονόμοι,
2847 2188 2923 2251 ὡς
2968 2190 3299 2260 παραδείσου
3344 2192 3656 2263 οίκήτορες.
3698 2214 3717 2247 »

2142 2276 2251 2328 Kal
2282 2276 2536 2345 ἀλλαχοῦ,
2573 2296 2591 2328 ι
2624 2279 2959 2347 Συμπολῖται
2985 2279 3095 2333 τῶν
3125 2282 3393 2348 ἀγγέλων.
3436 2302 3455 2335 »
3484 2285 3596 2337 Kal
3621 2286 3725 2337 πά-

2144 2366 2250 2429 λιν,
2292 2386 2311 2417 ι
2344 2368 2601 2435 Δίμάτων
2645 2371 2844 2437 τιμίων
2891 2388 2986 2424 σου
3033 2372 3249 2441 βαφαῖς,
3293 2373 3507 2441 μάρτυς
3560 2393 3722 2427 κατε-

2146 2457 2419 2520 σκεύασας
2448 2458 2630 2528 σαυτῷ
2662 2462 2950 2531 πορφύραν
2996 2462 3293 2530 πολύτιμον
3324 2480 3342 2497 ο
3375 2464 3441 2527 ἥν
3476 2466 3722 2517 στολισά-

2148 2566 2329 2617 μενος,
2381 2552 2661 2614 κατοικεῖς
2712 2552 2783 2605 τά
2826 2553 2939 2606 ἀνω
2992 2554 3214 2623 ἀληθῶς
3280 2553 3552 2623 βασίλεια,
3602 2556 3720 2624 Θεῷ

2146 2639 2481 2707 παμϐασιλεῖ
2516 2643 2944 2710 παριστάμενος.
2987 2661 3004 2695 »
3040 2642 3111 2695 Τὸ
3151 2643 3208 2695 δὲ
3246 2644 3615 2714 παρίστασθαι
3644 2645 3722 2714 τῷ

2148 2730 2487 2797 παμϐασιλεῖ
2534 2730 2673 2800 Θεῷ,
2735 2734 2828 2785 καὶ
2878 2735 3154 2787 κατοικεῖν
3202 2734 3271 2786 τὰ
3316 2735 3429 2789 ἀνω
3476 2735 3720 2803 βασίλεια

2148 2820 2386 2892 ἀληθῶς,
2429 2824 2482 2875 τί
2521 2822 2650 2877 ἀλλο
2684 2825 2821 2893 πρὸς
2870 2824 3002 2877 θεοῦ
3049 2827 3323 2897 σημαίνει,
3374 2830 3405 2898 ῆ
3464 2828 3543 2881 ὅτι
3588 2831 3720 2882 ἀποο

2145 2910 2481 2977 λαμϐάνουσι
2516 2916 2651 2969 καθὸ
2679 2916 2847 2987 ψυχαὶ
2878 2917 2973 2969 νῦν
3004 2919 3053 2971 οί
3096 2917 3239 2981 ἅγιοι
3270 2960 3283 2983 ,
3317 2920 3405 2971 Ἐν
3434 2920 3613 2983 ἄλλοις
3640 2922 3717 2983 δὲ,

2154 3023 2173 3056 ι
2215 3007 2491 3074 Πατράσιν
2535 3008 2705 3078 ὕμνον
2757 3010 3142 3080 προσοίσομεν,
3179 3014 3284 3079 πρὸ
3326 3014 3496 3080 νόμου
3539 3016 3629 3066 καὶ
3658 3018 3717 3066 tv

2149 3096 2299 3165 νόμῳ
2329 3098 2645 3167 ἐκλάμψασι
2673 3118 2687 3134 ο
2719 3102 2810 3153 καὶ
2838 3102 2931 3154 τὸν
2962 3105 3024 3156 ἐκ
3072 3104 3353 3172 Παρθένου
3388 3107 3590 3175 Κύριον
3623 3107 3723 3157 καὶ

2152 3191 2431 3261 Δεσπότην
2462 3192 2655 3266 γνώμῃ
2686 3194 2872 3265 εὐθείᾳ
2902 3195 3355 3265 τεθεραπευκόσι,
3396 3200 3487 3251 καὶ
3526 3198 3721 3252 ἀδύτου

2150 3283 2434 3350 φωτισμοῦ
2480 3284 2576 3338 νῦν
2628 3286 2986 3341 ἀπολαύουσι.
3030 3308 3046 3339 ι
3086 3288 3196 3342 Kal
3228 3292 3285 3341 tv
3337 3290 3505 3360 ἄλλῳ,
3547 3309 3569 3343 ι
3608 3291 3722 3345 Νῦν

2147 3372 2205 3426 δὲ
2238 3375 2595 3441 παρίστασαι,
2644 3379 2850 3447 μάκαρ,
2904 3379 3150 3448 πρέσϐυς
3192 3382 3270 3449 τῷ
3307 3383 3424 3449 Θεῷ
3459 3384 3602 3453 ὑπὲρ
3628 3385 3722 3451 τῆς

2152 3468 2389 3537 ποίμνης
2417 3486 2532 3523 σου.
2576 3488 2594 3523 »
2634 3471 2743 3523 Kal
2780 3471 2958 3535 πάλιν,
2998 3490 3016 3523 ι
3066 3472 3446 3545 Ἐπεπόθησας
3485 3479 3585 3547 τῆς
3617 3480 3724 3530 ἀνω

2153 3559 2452 3627 βασιλείας,
2472 3555 2539 3631 ἧς
2568 3560 2662 3615 νῦν
2689 3563 2981 3626 ἀπολαύεις
3012 3565 3249 3634 ἀληθῶς,
3276 3570 3717 3637 anapaestus.»

2152 3652 2263 3705 Kal
2310 3655 2368 3704 tv
2401 3653 2564 3721 ἄλλῳ,
2601 3670 2620 3703 ι
2670 3653 2955 3724 ’Υπεράνω
2999 3657 3181 3725 πάσης
3206 3660 3406 3727 ἀρετῆς
3454 3662 3723 3728 γεγόνὼς,

2152 3744 2335 3814 Πάτερ
2378 3746 2649 3813 Ἀντώνιε,
2690 3747 2982 3820 συναυλίζῃ
3013 3751 3266 3817 ἀγγέλοις
3294 3754 3350 3804 tv
3379 3756 3442 3821 τῇ
3476 3753 3721 3823 βασιλείᾳ

2152 3834 2261 3887 τῶν
2292 3836 2559 3905 οὐρανῶν.
2598 3857 2616 3890 »
2652 3840 2759 3894 Kal
2806 3842 2991 3903 πάλιν,
3034 3861 3051 3894 ι
3087 3843 3367 3913 Θεοκήρυξ
3414 3846 3716 3907 Ἀθανάσιε,

2153 3925 2430 3988 κινδύνους
2466 3928 2768 3996 ὑπομείνας
2800 3931 2897 3982 καὶ
2932 3933 3177 3999 συνεχεῖς
3202 3937 3565 4002 πειρασμοὺς.
3595 3954 3718 4007 τρυ-

2154 4018 2259 4085 φῆς
2291 4016 2383 4070 τοῦ
2433 4021 2763 4089 παραδείσου
2798 4021 2892 4074 νῦν
2941 4022 3384 4093 ῆξιώθης,“ἔνδον
3436 4029 3718 4097 γενῦμενος

2152 4108 2262 4159 τῶν
2313 4108 2471 4162 θείων
2521 4112 2733 4178 μονῶν⁸
2786 4112 2929 4183 ξύλῳ
2991 4116 3381 4183 προσπελάσας
3432 4119 3573 4185 ζωῆς
3626 4120 3720 4185 τῆς

2152 4197 2470 4265 ἀκηράτου·
2531 4199 2877 4270 δικαιοσύνης
2935 4202 3010 4265 ὡς
3069 4205 3337 4274 νικητής·
3400 4207 3580 4272 στέφει
3630 4223 3716 4259 κο-

2158 4288 2487 4357 σμούμενος,
2513 4292 2605 4342 καὶ
2627 4291 2921 4361 διαδήματι
2966 4294 3066 4362 τῆς
3088 4295 3202 4349 ἀνω
3226 4295 3505 4362 βασιλείας
3523 4313 3537 4328 ⁸
3560 4298 3717 4365 digni-

2155 4382 2401 4450 ζόμενος.
2436 4384 2529 4436 καὶ
2557 4383 2746 4437 κάλλει
2777 4386 3157 4455 διαπρέπων.»
3191 4388 3301 4441 Καὶ
3324 4389 3508 4453 πάλιν,
3539 4408 3557 4440 ι
3585 4392 3716 4442 Quit!

487 4477 553 4530 Et
591 4477 765 4530 alibi:
803 4494 821 4527 ι
867 4473 1036 4529 Terra
1087 4474 1307 4543 quidem
1354 4488 1501 4527 nunc
1546 4474 1762 4543 operuit
1817 4486 2042 4540 corpora

2157 4472 2234 4543 τῷ
2287 4474 2551 4544 τρισηλίῳ
2604 4474 2699 4527 καὶ
2754 4479 3084 4545 τριφεγγεῖο
3136 4480 3571 4549 τηλαυγέστερον
3628 4480 3715 4533 νῦν

483 4575 693 4631 vestra,
728 4566 927 4621 cmlum
969 4581 1115 4629 vero,
1137 4582 1179 4641 oi
1200 4564 1399 4629 sancti,
1429 4564 1651 4631 spiritus
1674 4577 1892 4631 semper
1917 4562 2043 4627 fert,

487 4659 681 4712 tlirono
708 4658 889 4727 gloriae
932 4657 1233 4712 assidentes
1260 4665 1313 4709 et
1344 4670 1469 4709 cum
1518 4653 1726 4724 angelis
1772 4654 2051 4708 exsultan-

487 4753 590 4797 tes.
630 4762 648 4794 »
681 4742 746 4796 Et
773 4744 901 4797 alibi
937 4760 951 4796 :
986 4762 1005 4795 ι
1036 4745 1188 4797 Nunc
1211 4744 1379 4798 caelos
1411 4743 1603 4798 incolis
1631 4754 1929 4813 martyrum
1964 4745 2051 4812 pie

489 4844 803 4887 sanctorum
858 4843 913 4887 et
956 4835 1252 4902 justorum.
1300 4853 1319 4887 »
1352 4834 1418 4888 Et
1452 4835 1505 4887 in
1547 4835 1698 4889 alio:
1735 4852 1753 4886 ι
1796 4834 2052 4904 Princeps

485 4938 769 4977 sacrorum
804 4923 1033 4976 Eumeni
1062 4964 1077 4987 ,
1122 4926 1218 4992 qui
1262 4924 1566 4979 libertatem
1601 4924 1695 4978 tibi
1725 4924 1867 4994 apud
1902 4925 2060 4978 Cbri-

486 5023 633 5069 stum
669 5014 1023 5082 comparasti,
1052 5013 1206 5083 juxta
1256 5014 1413 5084 cujus
1446 5014 1725 5080 thronum,
1754 5024 1963 5076 sancte,
1994 5014 2050 5069 in

486 5107 655 5175 gloria
693 5106 902 5160 assistis
930 5122 1075 5159 nunc
1109 5120 1232 5159 cum
1270 5106 1475 5174 angelis
1506 5109 1730 5163 sanctis.
1778 5126 1796 5160 »
1838 5106 1901 5160 Et
1937 5122 2058 5161 rur-

486 5212 580 5251 sus
615 5215 628 5250 :
662 5196 775 5250 «Ad
802 5195 1156 5266 tranquillum
1192 5208 1404 5266 portum
1432 5196 1685 5265 appulisti
1714 5210 1743 5250 a
1774 5197 2053 5250 laboribus

492 5290 863 5359 requiescens,
894 5292 966 5342 et
1004 5300 1300 5344 coronatus
1350 5290 1612 5357 tripudias
1668 5288 1722 5341 in
1776 5288 2054 5357 paradiso,

491 5397 597 5436 una
625 5396 748 5435 cum
778 5380 981 5437 Christi
1014 5381 1368 5452 martyribus.
1393 5380 1581 5437 Niceta
1616 5381 1818 5445 divine,
1853 5382 2051 5437 merito

490 5482 544 5527 te
566 5473 955 5544 gloriﬁcamus.
994 5492 1013 5525 »
1048 5475 1115 5528 Et
1145 5491 1336 5531 rursus
1366 5477 1420 5530 in
1457 5475 1563 5529 alio
1590 5490 1605 5529 :
1637 5472 1770 5540 «Qui
1803 5491 1830 5527 a
1863 5475 2053 5529 dextra

492 5565 708 5619 assistis
732 5563 983 5620 Trinitati
1016 5575 1067 5619 et
1098 5568 1409 5621 immediate
1436 5566 1723 5620 versaris.»
1775 5565 1837 5619 Et
1870 5566 1921 5619 in
1952 5566 2053 5620 ode

493 5652 526 5706 9
575 5657 802 5709 canonis
852 5655 909 5711 S.
965 5654 1192 5710 Joannis
1244 5655 1505 5726 Tbeologi
1543 5672 1559 5711 :
1600 5675 1617 5707 ι
1655 5656 1805 5711 Nunc
1846 5672 1954 5711 nou
1999 5658 2051 5711 iu

489 5745 795 5813 aenigmate,
810 5747 901 5801 sed
932 5747 1068 5803 facie
1097 5748 1163 5803 ad
1197 5748 1389 5803 faciem
1420 5749 1730 5805 deliciarum
1756 5760 2048 5807 torrentem

1827 5990 1853 6017 κ

2158 4565 2591 4635 ἑλλαμπόμενος.
2630 4586 2648 4618 »
2700 4569 2813 4621 Kal
2857 4568 2945 4633 αὖ,
2990 4589 3007 4621 ι
3046 4572 3160 4624 Οὐκ
3206 4572 3262 4623 tv
3295 4573 3579 4642 αἰνίγματι
3633 4574 3716 4622 νῦν

2159 4657 2399 4728 καθορᾷς
2427 4657 2583 4723 δόξαν
2602 4660 2670 4729 ἣν
2695 4661 2970 4731 ὲπόθησας
2995 4661 3129 4714 Θεοῦ
3157 4665 3220 4715 ἐκ
3248 4662 3506 4732 βρέφους,
3542 4664 3717 4731 μάκαρ

2161 4749 2393 4818 Εύτύχιε
2414 4764 2427 4779 ·
2460 4751 2754 4818 πρόσωπον
2782 4751 2839 4805 δὲ
2869 4752 3070 4822 μᾶλλον
3093 4752 3211 4806 νυνὶ
3240 4753 3378 4821 πρὸς
3414 4755 3716 4821 πρόσωπον,

2154 4839 2425 4893 λυθέντων
2451 4841 2559 4895 τῶν
2584 4842 2865 4912 ἐσόπτρων
2894 4844 2990 4908 τῆς
3016 4843 3237 4911 σαρκὸς,
3267 4843 3459 4914 Πατὴρ
3488 4842 3663 4913 ἡμῶν.
3697 4861 3713 4893 »

2160 4932 2273 4986 Kal
2313 4932 2473 4985 πάλιν
2521 4934 2579 4984 tv
2606 4932 2809 4998 ἄλλοις,
2838 4950 2856 4985 ι
2880 4931 2977 4985 Ἐκ
2999 4933 3241 5002 χαλεπῆς
3273 4934 3606 4999 πενώσεως,
3634 4932 3718 4987 καὶ

2160 5022 2391 5093 φθορᾶς,
2452 5024 2589 5093 πρὸς
2637 5022 2948 5094 εύρύχωρον
2997 5024 3201 5087 πλάτος
3257 5025 3587 5095 παραδείσου
3634 5026 3720 5080 καὶ

2158 5116 2391 5185 τερπνὸν
2447 5117 2814 5185 κατήντησας,
2876 5116 3048 5184 ἁγίων
3100 5116 3364 5187 ὀψόμενος
3420 5115 3717 5184 φωτοειδεῖς

2157 5204 2569 5275 λαμπρότητας,
2626 5207 2847 5269 καὶτὰς
2902 5207 3011 5259 τῶν
3063 5208 3313 5275 ἀγγέλων
3373 5207 3718 5261 ἐποπτεύεων

2157 5296 2398 5366 χορείας,
2423 5294 2541 5365 Θεῷ
2572 5297 2981 5365 παρισταμένας
3013 5297 3105 5350 καὶ
3129 5296 3341 5366 βοώσας
3363 5298 3678 5359 ἀπαύστως.
3698 5314 3713 5345 »

2159 5388 2271 5441 Kal
2323 5386 2581 5456 ἀλλαχοῦ,
2622 5406 2641 5439 ι
2688 5389 2753 5440 'H
2815 5388 2886 5457 γῆ
2927 5389 3024 5457 μὲν
3051 5389 3429 5460 κατεκάλυψεν
3478 5389 3632 5457 ὑμῶν
3656 5386 3720 5438 τὰ

2161 5478 2390 5545 σώματα
2425 5478 2563 5539 νυνὶ,
2616 5479 2642 5530 ὁ
2674 5478 2899 5547 οὐρανὸς
2931 5479 3012 5545 δὲ,
3063 5479 3233 5547 ἅγιοι,
3257 5480 3412 5551 φέρει
3443 5480 3511 5533 τά
3570 5476 3721 5531 avsi}-

2164 5584 2313 5637 ματα
2362 5570 2469 5633 ἀεὶ,
2520 5568 2597 5639 τῷ
2626 5570 2800 5639 θρόνῳ
2853 5571 3178 5637 παρεστῶτα
3226 5573 3324 5641 τῆς
3372 5572 3555 5640 δόξης,
3609 5567 3718 5640 μετ’

2159 5660 2409 5727 ἀγγέλων
2423 5661 2822 5732 ἀγαλλόμεναι
2852 5664 2957 5716 Kal
2979 5662 3237 5733 ἀλλαχοῦ,
3264 5682 3282 5713 ι
3309 5664 3419 5717 Kal
3448 5663 3543 5716 νῦν
3566 5662 3718 5719 οἰκεῖς

2158 5753 2287 5818 τοὺς
2331 5753 2618 5823 οὐρανοὺς,
2668 5756 2964 5827 μαρτύρων
2997 5756 3111 5808 ὃσιε
3159 5755 3330 5822 ἀγίων
3385 5756 3479 5807 καὶ
3511 5754 3619 5807 τῶν
3646 5753 3711 5806 διο
