3966 6198
497 350 635 412 1995

1664 346 1979 409 JOSEPIII
2028 347 2579 409 METHONENSIS

3616 350 3771 413 126

485 465 589 519 ioci
622 478 766 519 nunc
804 478 923 518 esse
953 462 1184 524 animas.
1209 471 1396 531 postea
1442 460 1751 525 discedunt,
1786 470 1840 516 et
1868 476 2056 516 earum

2183 464 2362 534 ρυχὰς,
2398 467 2549 517 πᾶσα
2599 461 2873 532 qualus
2920 464 3015 516 καὶ
3051 462 3229 533 Καινὴ
3278 462 3547 534 Δαθήκη,
3596 466 3663 519 ἐν
3688 465 3776 531 τῷ

483 558 755 625 recipiunt
783 569 1036 625 corpora,
1070 571 1231 609 suum
1265 554 1466 625 singuli
1503 572 1518 608 :
1551 554 1626 609 ita
1648 564 1835 625 postea
1863 569 1893 609 a
1914 554 2061 624 judi-

474 665 544 706 ce
572 649 832 703 adversus
859 662 953 702 eos
978 646 1249 703 sententia
1283 645 1477 711 fertur,
1520 648 1729 713 dicens,
1768 665 1786 697 ι
1820 646 2065 701 Conver-

482 754 666 799 tuntur
692 750 1005 812 peccatores
1034 740 1086 795 in
1134 739 1411 803 infernum
1459 756 1515 808 ;›
1547 740 1637 807 qui
1668 748 1852 795 autem
1878 753 2066 794 rever-

481 839 636 899 titur,
663 844 911 904 apertum
947 841 1028 889 est
1049 847 1115 888 eo
1144 833 1287 889 unde
1316 842 1540 888 venerat
1567 849 1689 889 eum
1714 833 1931 888 reverti.
1958 831 2063 887 Sed

483 926 873 982 celeberrimus
903 939 1034 980 sane
1091 935 1144 980 et
1187 925 1405 980 divinus
1441 934 1626 979 noster
1674 924 1856 987 Pater.
1892 924 2067 979 Creta;

484 1016 841 1086 dignissimus
871 1026 1057 1086 pastor
1106 1017 1375 1079 Andreas,
1413 1026 1532 1085 post
1596 1025 1817 1071 sanctos
1869 1032 2063 1073 omnes

482 1124 511 1162 a
544 1108 701 1163 nobis
736 1108 789 1163 in
820 1115 986 1164 testes
1013 1108 1067 1163 in
1103 1107 1210 1163 hoc
1242 1116 1569 1177 argumento
1598 1107 1885 1173 adductos,
1914 1122 2067 1163 acccc

483 1202 571 1253 dat
596 1208 649 1253 et
676 1198 792 1269 ipse
824 1208 884 1254 ut
911 1214 1123 1253 mecum
1156 1199 1342 1253 eadem
1372 1200 1712 1255 testificetur.
1753 1200 1799 1253 ls
1831 1214 2069 1269 namque

482 1292 535 1346 in
572 1291 807 1361 quadam
865 1290 1049 1344 divina
1104 1290 1378 1361 oratione,
1411 1306 1574 1358 quam
1611 1292 1663 1345 in
1696 1292 2069 1346 immaculata:

446 1374 447 1377 “
484 1393 683 1437 nostra:
761 1380 999 1452 Virginis
1036 1360 1475 1436 dormitationem
1518 1382 1887 1450 pulcherrime
1914 1396 2070 1435 com-

483 1474 688 1544 posuit,
764 1471 920 1542 cujus
997 1472 1371 1542 principium:
1437 1490 1455 1523 ι
1541 1472 1860 1541 Quicunque
1942 1473 2067 1526 reli-

480 1566 692 1635 giosum
715 1574 770 1620 et
803 1564 1173 1620 venerandum
1209 1564 1385 1620 locum
1409 1565 1577 1632 hunc,
1612 1584 1630 1617 ι
1658 1566 1813 1636 juxta
1863 1566 2069 1634 princi-

481 1657 628 1727 pium
665 1656 732 1712 de
774 1671 841 1712 eo
875 1658 948 1712 ita
981 1665 1280 1726 pertractat
1312 1672 1326 1710 :
1373 1673 1393 1707 ι
1420 1654 1711 1722 Caeterum,
1743 1666 1797 1711 et
1846 1664 2069 1711 sancto-

481 1764 603 1805 rum
626 1751 823 1806 animas
858 1750 1205 1805 tenebrosum
1234 1749 1454 1819 quidem
1523 1749 1703 1804 locum
1740 1750 1894 1804 illum
1951 1766 2071 1820 per-

2166 554 2261 608 τοῦ
2286 555 2414 625 ᾆδον
2443 553 2807 626 δεσμωτηρίῳ
2834 555 3301 625 παραπέμπεσθαι
3331 555 3403 618 ὡ,
3426 559 3485 608 ἐν
3508 556 3773 626 φυλακῇ,

2171 648 2460 716 μαρτυρεῖ.
2513 639 2795 700 Καθὰκαὶ
2829 644 2960 716 περὶ
3006 644 3098 697 τοῦ
3155 646 3410 699 πλουσίου
3474 647 3705 698 ἐκείνου
3749 648 3777 699 6

2169 738 2374 809 Κύριος
2426 738 2673 810 εἴρηκεν.
2738 736 2973 807 Ὁμοίοις
3025 737 3117 791 καὶ
3174 738 3339 792 Δαϐὶδ
3391 739 3420 791 6
3468 740 3778 807 προφήτης

2170 830 2374 898 φησὶν,
2418 850 2438 883 ‹
2475 831 3017 900 Ἀποστραφήτωσαν
3048 829 3098 882 οἱ
3156 831 3472 901 ἁμαρτωλοὶ
3524 831 3608 893 είς
3681 830 3780 882 τὸν

2180 919 2375 990 ᾂδην.ι
2418 920 2491 973 Τὸ
2524 920 2580 974 δὲ
2610 922 2805 984 εἰπεῖν,
2845 920 3373 989 άποστραφήτωσαν,
3394 922 3657 990 σημαίνει
3690 922 3779 971 ὅτι

2170 1012 2265 1067 νῦν
2291 1015 2408 1067 ἐκεῖ
2438 1016 2491 1066 αἱ
2537 1012 2710 1083 ψυχαὶ
2755 1012 2963 1067 τούτων
3004 1014 3352 1083 ὑπάρχουσιν
3376 1031 3390 1046 ο
3435 1009 3555 1066 εἶτα
3588 1017 3778 1082 ἀπέρ-

2173 1124 2357 1177 χονται
2397 1108 2491 1159 καὶ
2536 1106 2993 1177 ἀπολαμϐάνουσι
3039 1107 3245 1160 τούτων
3290 1107 3357 1158 τὰ
3403 1105 3665 1173 σώματα,
3705 1106 3772 1155 τὸ

2174 1200 2305 1254 ίδιον
2342 1201 2594 1269 ἕκαστος.
2638 1200 2748 1255 Καὶ
2778 1195 2878 1253 εἶθ’
2906 1199 3077 1262 οὑτως
3109 1201 3140 1269 ἡ
3188 1200 3466 1268 ἀπόφασις
3509 1201 3609 1251 τοῦ
3638 1216 3775 1266 κρι-

2170 1292 2266 1345 τοῦ
2291 1290 2412 1344 κατ’
2458 1289 2638 1343 αὑτῶν
2668 1290 2973 1361 ἐξέρχεται,
3032 1290 3304 1358 λέγουσα*
3368 1290 3769 1358 Ἀποστραφή-

2171 1402 2354 1439 τωσαν
2381 1384 2431 1438 οἱ
2458 1384 2774 1454 ἁμαρτωλοὶ
2797 1384 2874 1446 είς
2896 1381 2986 1436 τὺν
3011 1382 3167 1453 ᾅδην.
3204 1380 3263 1435 '0
3289 1382 3341 1435 δὲ
3366 1382 3764 1449 ὑποστρέφων,

2174 1478 2439 1547 πρόδηλον
2472 1478 2598 1531 ἔνθα
2656 1460 2905 1547 ὑπῆρχεν
2936 1476 3291 1546 ὑποστρέφει.
3331 1495 3347 1525 ι
3402 1474 3570 1527 Ἀλλ-ἰ
3605 1476 3709 1527 καὶ
3742 1478 3769 1528 ό

2174 1568 2701 1641 πανηγυρικὼτατος
2724 1570 2800 1639 τῷ
2828 1569 2941 1622 δντι
2965 1573 3059 1622 καὶ
3082 1568 3342 1637 θεοφόρος
3368 1569 3556 1637 Πατὴρ
3582 1570 3763 1637 ἡμῶν,

2173 1664 2201 1716 6
2262 1662 2487 1733 Κρήτης
2541 1660 2820 1732 Ἀνδρέας,
2861 1663 2889 1714 6
2943 1659 3240 1724 ἀξιώτατος
3311 1664 3515 1729 ποιμὴν
3563 1661 3764 1726 αὐτῆς,

2176 1753 2319 1823 μετὰ
2370 1753 2581 1815 πάντας
2613 1753 2742 1816 τοὺς
2783 1752 2994 1820 ἁγίους,
3030 1746 3112 1814 οἷς
3160 1750 3516 1823 ἐχρησάμεθα
3552 1751 3767 1818 μάρτυ-

483 1851 765 1899 transeunt
798 1860 811 1898 :
844 1852 901 1897 at
958 1858 1066 1898 nou
1100 1842 1176 1898 ibi
1234 1841 1571 1909 detinentur,
1604 1854 1914 1912 praetereas
1945 1858 2068 1913 qua:

2183 1860 2284 1909 σιν,
2315 1843 2407 1897 ἐπὶ
2445 1844 2513 1913 τῇ
2549 1842 2728 1914 τοιᾷδε
2757 1842 2888 1911 ἡμῖν
2918 1840 3195 1903 ὑποθέσει,
3232 1839 3445 1909 παρίτω
3471 1842 3568 1892 καὶ
3603 1841 3766 1902 αὐτὸς

481 1935 610 1990 vitae
640 1934 852 1990 deliciis
882 1933 1123 1989 delinitar.
1157 1942 1501 2004 peccatorum
1560 1942 1792 1990 mortem
1827 1944 2072 1991 attraxe—

482 2033 631 2082 runt.
666 2026 799 2081 Nam
836 2041 1177 2096 qumcunque
1238 2041 1299 2081 se
1319 2026 1517 2082 divinis
1540 2027 1749 2096 legibus
1778 2028 2074 2098 subjicien-

482 2128 586 2185 tes,
617 2134 742 2174 eam
779 2133 902 2188 quae
955 2118 1011 2173 in
1043 2117 1199 2176 caelis
1250 2118 1471 2187 degitur
1502 2119 1672 2173 vitam
1734 2118 1940 2190 Spiritu
1979 2137 2075 2192 per

483 2225 702 2266 carnem
732 2210 1270 2277 demonstraverunt,
1305 2211 1371 2265 ad
1404 2210 1523 2266 loca
1571 2212 1761 2280 procul
1793 2211 1964 2267 dubio
1989 2228 2075 2268 re-

484 2304 826 2375 splendentia
858 2304 987 2359 huic
1016 2313 1334 2360 sanctorum
1363 2319 1524 2361 sacro
1570 2306 1740 2360 statui
1771 2315 2071 2362 consenta-

484 2412 585 2453 nea
647 2398 991 2470 ablegantur,
1024 2413 1146 2467 quas
1199 2397 1465 2455 Dominus
1512 2399 1777 2464 custodit,
1827 2407 1882 2454 et
1925 2397 2073 2454 oculi

480 2489 607 2559 ejus
653 2490 767 2561 qui,
813 2500 875 2547 ut
950 2490 1254 2561 Scripturae
1322 2489 1566 2553 tradunt,
1615 2492 1799 2546 omnia
1854 2490 2075 2561 conspia

483 2581 659 2648 ciunt,
706 2598 940 2653 quorum
999 2581 1468 2654 pulchritudinem
1522 2593 1575 2639 et
1610 2583 2071 2654 magnitudinem,

484 2672 685 2728 addam
718 2676 907 2738 etiam,
962 2682 1017 2730 et
1045 2688 1212 2744 supra
1252 2683 1476 2745 captum
1526 2673 1767 2731 hominis
1796 2672 2071 2740 decorem,

494 2763 614 2827 iure
635 2764 882 2833 apertius
918 2772 974 2821 et
996 2764 1271 2822 excelsius
1306 2772 1536 2821 noscent
1566 2766 1660 2834 qui
1694 2765 1801 2820 Deo
1825 2764 2075 2835 proxime

489 2855 786 2921 accedunt,
814 2856 1002 2928 ibique
1036 2871 1261 2913 rursum
1314 2856 1577 2913 sistentes
1605 2856 1944 2912 vacationem
1984 2872 2074 2912 re-

486 2948 1006 3019 ceperunt,quibus
1035 2947 1313 3019 praecipue
1359 2957 1553 3019 parata
1608 2959 1690 3002 est
1723 2964 1754 3002 a
1780 2948 2075 3018 providen-

489 3040 587 3107 tia,
616 3055 737 3110 quae
785 3047 986 3096 cuncta
1045 3039 1325 3109 sapienter
1369 3040 1742 3094 administrat.
1768 3058 1786 3091 ι
1824 3039 2073 3095 Audistis

487 3131 873 3186 admirabilem
924 3138 978 3185 et
1026 3145 1285 3200 maguum
1324 3129 1503 3185 virum
1555 3130 1723 3196 hunc,
1756 3145 1868 3200 quo
1915 3138 2072 3199 pacto

2176 1934 2246 1988 τὰ
2295 1935 2435 1988 αὑτὰ
2476 1936 2958 2005 συμμαρτυρὴσων
3004 1935 3159 2003 ἡμῖν.
3205 1926 3372 1994 Οὗτος
3425 1933 3539 2002 γὰρ
3590 1934 3649 1985 ἐν
3685 1934 3763 1986 ἐνὶ

2176 2026 2285 2080 τῶν
2321 2026 2648 2097 θαυμασίων
2686 2025 2851 2080 αὑτοῦ
2902 2026 3102 2095 λόγων,
3157 2024 3216 2078 ὃν
3250 2026 3329 2089 είς
3364 2025 3461 2095 τὴν
3500 2028 3601 2095 τῆς
3632 2044 3763 2079 πιν-

2178 2120 2346 2187 άγνου
2416 2119 2715 2187 Δεσποίνης
2771 2118 2927 2189 ἡμῶν
2981 2118 3238 2187 κοίμησιν
3291 2118 3622 2187 ὑπερκαλως
3672 2134 3766 2169 περ

2177 2210 2424 2281 ποίηται,
2458 2211 2491 2278 ὴ
2526 2209 2573 2262 δ’
2598 2209 2746 2280 ἁρχὴ
2782 2208 2877 2261 τοῦ
2923 2208 3107 2276 λόγου,
3141 2209 3328 2260 ("Odor
3361 2207 3420 2259 τὸ
3445 2207 3646 2261 σεπτὶν
3675 2207 3764 2259 καὶ

2178 2302 2478 2371 σεὸάσμιον
2513 2302 2742 2372 τέμενος
2776 2302 2995 2369 τοῦτο,»
3034 2302 3263 2368 ἔγγιστά
3287 2319 3387 2355 που
3427 2302 3528 2369 τῆς
3568 2294 3761 2370 ἀρχῆς,

2178 2395 2434 2465 καὶπερὶ
2480 2394 2673 2449 τούτου
2705 2395 2847 2448 οὑτω
2899 2395 3285 2465 διαλαμϐάνει,
3336 2414 3354 2446 ι
3397 2395 3509 2448 Καὶ
3545 2394 3647 2462 μέν
3680 2411 3758 2444 τοι

2177 2486 2274 2542 καλ⁵
2304 2488 2413 2543 τῶν
2460 2488 2636 2557 ἁγίων
2698 2488 2755 2541 at
2804 2488 2974 2558 ψυχαὶ
3025 2489 3117 2541 τὸν
3157 2488 3310 2557 ἀειδῆ
3354 2488 3519 2541 τόπον
3556 2490 3760 2540 ἐκεῖνον

2174 2581 2483 2652 διέρχονται
2521 2581 2643 2650 μὲν,
2679 2582 2739 2634 οὑ
2787 2578 3111 2652 κατέχονται
3172 2583 3273 2634 δέ’
3317 2582 3457 2650 πλὴν
3511 2581 3621 2633 τῶν
3649 2581 3761 2634 ὅσαι

2177 2678 2243 2747 τῇ
2282 2673 2426 2729 κατὰ
2458 2675 2552 2730 τὸν
2584 2674 2701 2746 βίον
2733 2676 2985 2747 ῥᾳστώνῃ
3009 2676 3101 2729 τὸν
3132 2676 3201 2729 δι’
3228 2675 3502 2745 ἁμαρτίας
3528 2674 3755 2727 θάνατον

2178 2767 2590 2822 ἐπεσπάσαντο.
2650 2766 2817 2820 Ὅσαι
2852 2767 2961 2837 γὰρ
3009 2768 3185 2837 δήπου
3236 2767 3399 2835 τυχὸν
3450 2768 3562 2825 τοῖς
3604 2765 3760 2826 θείοις

2178 2861 2369 2928 νόμοις
2414 2859 2617 2921 ἑαυτὰς
2646 2857 3175 2925 ὑποζεύξασαι,ητὴν
3217 2859 3276 2910 ὲν
3311 2857 3567 2926 οὐρανοῖς
3621 2856 3762 2908 7:61:-

2175 2953 2328 3007 τείαν
2383 2956 2443 3008 ἐν
2504 2953 2779 3024 πνεύματι
2810 2951 2899 3005 διὰ
2943 2950 3145 3021 σαρκὸς
3199 2950 3570 3014 ἐπεδείξαντο,
3627 2949 3757 3017 πρὸς

2180 3045 2381 3108 τόπους
2422 3044 2583 3113 δῆλον
2621 3044 2944 3112 φωτοειδείς
2984 3042 3293 3113 πρέποντας
3338 3042 3404 3111 τῇ
3454 3040 3628 3110 τοιᾷδε
3656 3039 3757 3091 τῶν

2176 3137 2346 3205 ἁγίων
2365 3137 2489 3207 ίερᾷ
2505 3135 2860 3202 καταστάσει,
2890 3134 3251 3205 μετατεθῆναι
3279 3134 3755 3207 παραπέμπονται·

489 3230 809 3278 sanctorum
838 3231 894 3278 et
918 3223 1199 3292 justorum
1251 3224 1467 3287 anitum,
1502 3221 1671 3291 hujus
1738 3222 1868 3277 vitae
1905 3236 2076 3277 cursu

2183 3227 2278 3293 οὓς
2310 3230 2605 3283 ἐπισκοπεῖ
2635 3230 2863 3300 Κύριος,
2908 3231 3003 3282 καὶ
3032 3230 3080 3282 οἱ
3119 3227 3390 3299 ὀφθαλμοὶ
3421 3230 3587 3283 αὑτοῦ
3624 3228 3757 3281 κατὰ

488 3311 762 3382 perfeCto,
796 3314 1141 3370 vacationem
1176 3314 1487 3383 recipiunt?
1512 3314 1627 3371 Hoc
1654 3313 1796 3370 idem
1826 3323 1911 3369 est
1945 3329 2008 3369 ac
2032 3314 2080 3369 si

486 3406 718 3469 dtceret,
752 3406 1183 3477 promissionem
1248 3406 1536 3477 discipulis
1576 3407 1927 3476 promissam,
1957 3421 2080 3461 cum

487 3499 648 3564 dicit,
681 3518 701 3551 ι
726 3500 797 3556 Ut
830 3501 920 3554 ubi
945 3516 1045 3570 ego
1078 3515 1226 3563 sum,
1257 3501 1329 3556 ibi
1361 3511 1415 3556 et
1438 3517 1536 3557 vos
1565 3502 1731 3558 sitis?
1768 3521 1786 3554 ι
1819 3504 2080 3573 quodque

487 3591 546 3649 iu
579 3591 1061 3663 locaqrefulgentia
1092 3591 1562 3656 transmittuntur,
1598 3592 1823 3663 Deoque
1848 3595 2080 3664 propin-

489 3691 684 3753 quant,
704 3689 757 3737 et
775 3683 1129 3738 beatitudinis
1143 3683 1370 3739 miriﬁce
1389 3684 1755 3741 arrhabonem
1775 3687 2074 3757 recipiunt,

493 3779 605 3832 imo
676 3776 1142 3847 pulchritudinem
1202 3786 1255 3831 et
1320 3776 1755 3846 magnitudinem
1805 3789 1855 3833 el
1914 3795 2082 3850 supra

495 3871 701 3926 mentis
736 3876 961 3939 captum
984 3867 1259 3933 decorem,
1286 3867 1338 3922 id
1367 3878 1452 3925 est
1474 3868 1648 3925 Deum
1679 3871 1855 3941 ipsum
1877 3871 2082 3928 clarius

493 3973 549 4017 et
572 3960 860 4033 excelsius
880 3960 1248 4030 conspiciunt.
1277 3959 1391 4014 Cur
1426 3963 1597 4031 magis
1645 3978 1756 4018 non
1790 3964 2082 4019 versamini

497 4054 552 4109 in
587 4054 699 4120 his,
732 4068 779 4109 α
806 4052 967 4107 amici
996 4060 1050 4108 et
1086 4051 1434 4109 fratres?sed
1462 4054 1644 4123 potius
1666 4056 1921 4124 occupati
1948 4056 2082 4111 estis

498 4148 549 4202 iu
580 4147 647 4203 iis
679 4144 1008 4211 damnandis
1032 4145 1124 4216 qui
1154 4145 1269 4199 haec
1288 4144 1521 4199 credunt
1553 4154 1715 4214 atque
1739 4139 2084 4216 asnpleCtun-

494 4250 604 4303 tur,
628 4245 683 4291 et
716 4245 773 4291 ut
798 4236 852 4291 iu
874 4252 970 4293 eos
1015 4233 1306 4290 maledicta
1334 4235 1579 4305 quotidie
1608 4234 1899 4292 eil'undatis
1923 4252 2088 4306 super

495 4331 679 4387 omnia
704 4345 925 4400 operam
953 4327 1141 4383 datis?

2179 3327 2241 3375 το
2268 3320 2450 3389 λόγιον
2477 3322 2564 3376 διὰ
2587 3322 2789 3385 παντὸς
2812 3322 3222 3377 ὲπισλέπουσιν.
3260 3316 3361 3377 Ὧν
3388 3324 3449 3377 τό
3480 3341 3540 3376 τε
3572 3323 3756 3383 κάλλος

2185 3413 2282 3467 καὶ
2316 3410 2571 3483 μέγεθος,
2603 3415 2699 3469 καὶ
2724 3413 2825 3485 τὴν
2858 3414 2940 3476 είς
2978 3415 3123 3469 ἅπαν
3156 3416 3563 3487 μακαριότητος
3595 3418 3751 3479 θέσιν,

2184 3508 2485 3579 προσθήσω
2513 3506 2569 3559 δὲ
2596 3505 2689 3560 καὶ
2720 3506 2818 3576 τῆς
2849 3506 2989 3580 ὑπὲρ
3034 3508 3161 3563 νοῦν
3184 3507 3543 3578 ὡραιότητος,
3577 3510 3754 3563 εἰδεῖεν

2181 3602 2249 3655 ἂν
2280 3601 2510 3664 είκότως
2535 3617 2639 3671 τρα
2652 3599 2889 3673 νώτερόν
2920 3618 2978 3655 τε
3010 3602 3104 3655 καὶ
3132 3602 3463 3672 ὑψηλότερον
3490 3606 3537 3656 oi
3567 3605 3754 3671 μᾶλλον

2184 3691 2345 3760 ἡμῶν
2372 3690 2492 3761 Θεῷ
2524 3690 2945 3761 πλησιάζοντες.
2970 3692 3266 3747 Κάνταῦθα
3295 3693 3390 3745 τοῦ
3420 3693 3628 3763 δρόμου
3677 3695 3757 3761 λή-

2185 3780 2399 3847 ξαντες,
2433 3781 2532 3853 τὴν
2579 3782 2891 3855 ἐκεχειρίαν
2951 3781 3225 3850 ἐδέξαντο,
3273 3781 3356 3847 οἷς
3404 3786 3500 3837 καὶ
3563 3786 3755 3853 μᾶλλον

2187 3874 2520 3945 ἡτοίμασται
2577 3874 2729 3943 παρὰ
2777 3878 2880 3943 τῆς
2935 3878 3115 3932 πάντα
3164 3877 3341 3947 σοφῶς
3405 3878 3754 3947 διεξαγοὺσης

2186 3966 2466 4037 προνοίας.
2502 3984 2520 4018 ι
2565 3966 2866 4021 Ἠκούσατε
2927 3969 3022 4022 καὶ
3068 3966 3164 4022 τοῦ
3212 3969 3518 4038 θαυμασίου
3574 3972 3752 4023 τούτου

2190 4063 2284 4114 καὶ
2328 4061 2567 4133 μεγάλου
2600 4063 2814 4134 ἀνδρὸς,
2845 4062 2962 4127 πῶς
2992 4065 3047 4117 at!
3071 4065 3180 4118 τῶν
3211 4064 3435 4119 δικαίων
3472 4068 3566 4121 καὶ
3596 4067 3755 4134 ἁγίων

2190 4152 2384 4223 ψυχαὶ,
2421 4153 2700 4223 ληξάντων
2731 4156 2825 4208 τοῦ
2852 4155 3055 4226 δρόμου
3097 4156 3192 4209 τοῦ
3219 4157 3335 4227 βίου
3382 4159 3596 4223 τούτου,
3626 4159 3754 4226 λαμ-

2193 4243 2421 4298 ϐάνουσι
2446 4244 2545 4313 τὴν
2577 4245 2887 4316 ἐκεχειρίαν
2916 4264 2931 4313 ;
2954 4247 3122 4300 Τοῦτο
3149 4247 3192 4299 δ’
3214 4248 3344 4300 αὑτό
3370 4249 3486 4300 ἐστι
3514 4249 3571 4301 τὸ
3597 4250 3755 4301 εἰπεῖν

2194 4334 2293 4405 τὴν
2328 4335 2623 4407 ὑπόσχεσιν
2656 4336 2723 4408 ἣν
2769 4339 2955 4402 αὑτοῖς
3009 4338 3281 4410 μαθηταῖς
3329 4341 3642 4410 ὲπηγγείλω
3686 4340 3736 4393 λέ

495 4438 630 4491 γων,
667 4423 819 4476 (Ἵνα
851 4422 987 4475 ὅπου
1015 4421 1132 4490 εἰμὶ
1159 4419 1292 4488 ἐγὼ,
1339 4420 1433 4474 καὶ
1481 4423 1640 4492 ἡμεῖς
1663 4418 1761 4495 ἤτε
1787 4437 1838 4475 ἰ
1874 4423 1967 4476 καὶ
2013 4424 2095 4478 ὅτι
2126 4427 2263 4497 πρὸς
2295 4428 2499 4493 τόπους
2554 4431 2867 4499 φωτοειδεῖς
2917 4432 3405 4502 παραπέμπονται.
3478 4435 3575 4488 καὶ
3648 4432 3753 4502 Θεῷ

499 4514 884 4583 πλησιάζουσι,
939 4513 1033 4568 καὶ
1094 4513 1194 4584 τὴν
1244 4515 1624 4584 μακαριότητα
1699 4516 2022 4585 θαυμασίως
2088 4520 2662 4593 ἀρῤαδωνίζονται·ἦ
2714 4524 2939 4594 μᾶλλον,
2976 4525 3038 4578 τὸ
3092 4524 3289 4590 κάλλος
3339 4525 3439 4580 καὶ
3518 4528 3751 4597 μέγεθος·

499 4607 594 4662 καὶ
623 4607 723 4679 τὴν
747 4607 888 4678 ὑπὲρ
917 4607 1043 4660 νοῦν
1075 4605 1407 4676 ὡραιότητα,
1433 4608 1469 4676 ἦ
1500 4609 1648 4661 ἐστιν
1676 4607 1839 4671 αὐτὸς
1863 4610 1891 4660 ό
1917 4610 2075 4675 Θεὸς,
2111 4611 2463 4685 τρανώτερόν
2508 4632 2569 4668 τε
2635 4617 2729 4669 καὶ
2778 4617 3109 4689 ὑψηλότερον
3158 4618 3580 4674 κατοπτεὺουσι.
3650 4621 3729 4672 1Ιὼ

498 4704 559 4757 οὑ
588 4701 873 4773 σχολάζετε
908 4698 1002 4753 ἐπὶ
1035 4698 1274 4765 τούτοις,
1312 4697 1356 4751 ὧ
1392 4698 1537 4767 φίλοι
1566 4700 1663 4752 καὶ
1694 4700 1950 4771 adamat;
2022 4702 2157 4758 ἀλλὰ
2191 4704 2352 4776 μόνον
2381 4706 2518 4777 πρὸς
2577 4708 2638 4760 τδ
2679 4708 3035 4782 κατακρίνειν
3060 4710 3184 4775 τοὺς
3213 4709 3387 4764 ταῦτα
3418 4714 3748 4784 πειθομένων

500 4801 596 4854 καὶ
626 4799 979 4867 στέργοντας,
1030 4799 1125 4851 καὶ
1161 4796 1508 4867 βλασφημεῖν
1560 4798 1762 4862 αὑτοὺς
1789 4800 2081 4872 ⁸ὁσημέραι
2120 4803 2210 4858 διὰ
2244 4804 2448 4869 παντὸς
2473 4804 2851 4877 ἐπιμελεῖσθε.

1235 4890 1351 4946 VII.

571 4987 645 5045 Ut
672 4998 852 5045 autem
890 5002 1055 5043 omne
1076 5001 1139 5042 οσ
1168 4988 1513 5042 contrarium
1537 4989 1729 5045 dicens
1768 4991 2086 5046 obstruatur

500 5091 557 5138 et
587 5085 898 5147 obturetur,
945 5095 1117 5135 unum
1144 5087 1198 5134 et
1228 5078 1408 5134 solum
1458 5081 1834 5136 testimonium
1861 5082 2085 5147 addam,

499 5173 646 5231 ouod
684 5181 934 5228 extremo
964 5172 1083 5227 loco
1118 5170 1416 5227 reservavi.
1448 5171 1508 5226 Id
1529 5182 1707 5227 autem
1732 5182 1814 5229 est
1837 5189 1901 5228 cx
1927 5172 2094 5228 Joan-

503 5280 590 5321 nts
646 5264 999 5333 evangelista
1071 5262 1424 5334 Apocalypsi,
1488 5276 1590 5317 nec
1639 5277 1870 5317 renuere
1937 5273 2091 5333 pole-

502 5352 811 5423 5Iis;dieit
869 5353 1019 5408 enim
1091 5371 1105 5408 :
1164 5352 1270 5405 ιΕι
1310 5368 1433 5407 cum
1493 5352 1801 5425 aperuisset
1850 5352 2091 5421 sigillum

499 5449 779 5516 quintum,
818 5443 927 5498 vidi
970 5444 1166 5499 subtus
1199 5444 1620 5500 altareanirnas
1669 5443 2086 5502 interfectorum

503 5549 724 5609 propter
763 5536 1000 5591 Verbum
1033 5534 1125 5589 Dei
1179 5542 1235 5591 et
1270 5544 1495 5606 propter
1530 5537 1903 5593 testimonium
1934 5538 2085 5609 quod

505 5630 812 5695 habebant;
864 5638 918 5684 et
977 5628 1292 5683 clamabant
1351 5642 1483 5684 voce
1535 5643 1730 5699 magna
1794 5629 2086 5687 dicentes:

511 5720 825 5790 Usquequo,
866 5719 1116 5781 Domine,
1153 5727 1380 5774 sanctus
1404 5728 1457 5774 et
1497 5735 1662 5776 verus
1694 5735 1803 5775 non
1847 5722 2086 5791 judicas,

503 5819 560 5869 et
590 5826 699 5867 non
731 5812 977 5866 vindicas
999 5810 1322 5880 sanguinem
1354 5821 1604 5867 nostrum
1634 5813 1700 5868 de
1729 5814 1795 5868 iis
1856 5815 1951 5883 qui
1986 5814 2085 5867 ha-

2119 4904 2166 4961 D

2945 4906 3022 4959 Z'.

2268 4992 2387 5047 Ἵνα
2443 4993 2499 5046 δὲ
2534 4995 2881 5065 ὲπιστομηθῇ
2942 4998 3036 5049 καῖ
3087 4998 3404 5071 ἐμφραγείη
3447 5004 3557 5054 πᾶν
3606 5002 3763 5065 στόμα

2195 5084 2389 5138 λαλοῦν
2437 5088 2717 5152 τάναντία,
2767 5087 2896 5157 μίαν
2940 5092 3032 5142 καὶ
3067 5091 3236 5162 μόνην
3264 5096 3578 5165 μαρτυρὶαν
3613 5109 3767 5161 apes.

2197 5178 2537 5247 κομίσομαι’
2587 5178 2654 5249 ὴν
2702 5180 3019 5233 τελευταίαν
3096 5186 3544 5253 ὲταμιευσάμην.
3627 5182 3762 5251 Αὕτη

2197 5266 2245 5320 δ’
2279 5269 2425 5321 ἐστὶν
2465 5270 2527 5323 ἐκ
2561 5270 2658 5341 τῆς
2700 5272 3125 5342 Ἀποκαλύψεως
3173 5276 3428 5330 Ἰωάννου
3478 5278 3575 5329 τοῦ
3609 5276 3768 5343 Εὐαγ-

2200 5361 2475 5428 γελιστοῦ,
2509 5363 2599 5415 καὶ
2628 5363 2686 5415 οὑ
2742 5365 2973 5434 δύνασθε
3029 5367 3394 5437 ἀρνήσασθαι.
3446 5370 3584 5439 Φησὶ
3628 5373 3765 5439 γάρ’

2200 5470 2219 5502 r
2256 5452 2365 5505 Kal
2394 5452 2483 5505 ὅτε
2515 5454 2695 5523 ἤνοιξε
2722 5454 2821 5524 τὴν
2849 5457 3108 5527 πέμπτην
3149 5460 3442 5529 σφραγῖδα,
3480 5459 3622 5515 εἶδον
3650 5463 3767 5513 ὑπο-

2195 5543 2347 5597 κάτω
2381 5543 2474 5598 τοῦ
2528 5546 2920 5617 θυσιαστηρίου
2981 5551 3080 5613 τὰς
3130 5552 3309 5621 ψυχὰς
3362 5553 3473 5606 τῶν
3518 5547 3769 5623 ἐσφραγι-

2195 5635 2408 5703 σμένων
2447 5634 2533 5687 διὰ
2560 5634 2651 5690 τὸν
2700 5637 2874 5704 Λόγον
2918 5638 3013 5691 τοῦ
3053 5640 3208 5704 Θεοῦ,
3247 5644 3341 5693 καὶ
3381 5641 3469 5694 διὰ
3506 5642 3605 5711 τὴν
3639 5660 3767 5709 pap-

2194 5727 2391 5795 τυρίαν
2446 5725 2540 5779 τοῦ
2597 5728 2783 5798 ἀρνίου
2840 5730 2906 5799 ἢν
2958 5724 3124 5800 εἶχον.
3171 5734 3282 5786 Καὶ
3338 5734 3576 5805 ἔκραξαν
3626 5733 3767 5801 φωνῇ

2194 5819 2401 5887 μεγάλῃ
2454 5818 2740 5884 λέγοντες·
2805 5820 2924 5882 Em;
2974 5825 3124 5886 πότε,
3153 5826 3180 5875 6
3228 5828 3506 5895 Δεσπότης
3548 5830 3574 5877 6
3624 5825 3769 5890 ἅγιος
