3966 6198
246 323 379 385 i301

241 439 342 490 6t)

240 531 457 595 αὐτούς.
494 534 824 604 Ἐπαγγελία
866 542 996 611 γὰρ,
1048 545 1168 614 ἦτοι
1224 547 1513 616 ὑπόσχεσις
1561 551 1810 619 λέγεταιο

242 625 508 698 ὑπέσχετο
536 630 643 701 γάρ
675 632 702 684 6
736 635 940 704 Κύριος
969 639 1299 710 ἀναστήσειν
1329 643 1428 711 τὴν
1456 644 1564 696 τῶν
1606 646 1817 714 ἀνθρώο

244 737 361 771 πων
392 719 577 788 φύσιν,
606 724 664 774 ἐν
690 722 767 793 τῷ
794 726 1043 780 ἀπιστεῖν
1066 730 1192 793 τοὺς
1236 731 1556 802 ἀνθρώπους
1586 733 1683 804 τήν
1709 738 1816 789 τῶν

248 811 518 881 σωμάτων
574 814 891 871 ἀνάστασιν.
951 818 1122 872 Τοῦτο
1184 821 1293 892 γὰρ
1360 824 1409 876 εί
1461 825 1705 893 ἐγεγόνει
1758 828 1817 881 ἐν

247 905 362 964 τοῖς
429 905 727 974 πατράσιν,
782 908 996 964 οὐχ’ἂν
1050 913 1211 982 ἡμεῖς
1240 913 1475 983 ἤλθομεν
1516 920 1596 983 εἰς
1650 918 1709 969 τὸ
1741 911 1818 969 εἷο

245 1008 374 1046 ναι*
409 996 503 1048 καὶ
558 995 718 1050 τοῦτό
770 998 918 1052 ἐστιν
973 1003 1109 1073 ὅπερ
1164 1005 1192 1057 6
1229 1005 1436 1070 Παῦλός
1484 1024 1681 1078 φησιν·
1716 1010 1816 1062 οὐκ

248 1085 573 1151 ἐκομίσαντο
606 1088 652 1139 0!
686 1089 791 1159 πρὸ
825 1090 984 1159 ἡμῶν
1037 1095 1138 1163 τὴν
1198 1094 1305 1149 τῶν
1359 1099 1629 1168 σωμάτων
1681 1100 1816 1153 ἀνά·

250 1191 484 1241 οτατιν,
543 1176 638 1231 τοῦ
684 1179 820 1232 Θεοῦ
872 1184 997 1251 περὶ
1049 1186 1205 1256 ἡμῶν
1274 1192 1521 1259 κρεῖττόν
1570 1209 1621 1243 τι
1681 1209 1816 1263 προ·-

251 1264 596 1334 6>ειξκαμένου
669 1268 755 1321 ἵνα
831 1273 909 1343 μὴ
972 1276 1142 1342 χωρὶς
1210 1277 1367 1348 ήμῶν
1412 1280 1816 1333 τελειωθῶσιν·

247 1367 526 1414 τουτέστιν
582 1364 669 1417 ἵνα
718 1366 793 1435 μή
826 1367 996 1437 χωρὶς
1038 1368 1194 1437 ἡμῶν
1233 1370 1431 1424 ἐκεῖνοι
1486 1373 1815 1427 ἀναστῶσιν.

248 1454 308 1505 Εἰ
341 1456 447 1525 γὰρ
490 1456 705 1516 ἐγένετο
735 1459 791 1511 ἐν
839 1459 1064 1524 ἐκείνοις
1098 1461 1129 1531 η
1167 1461 1524 1526 ἐξανάστασις
1574 1464 1681 1515 τῶν
1715 1481 1820 1517 σω·

253 1544 462 1613 μάτων,
493 1547 585 1621 καῖ
614 1548 885 1603 ἀπέλαϐον
918 1552 1010 1606 καὶ
1040 1552 1108 1604 τά
1150 1551 1376 1624 σώματα
1412 1554 1553 1623 μετά
1581 1554 1687 1607 τῶν
1717 1554 1819 1622 ψυ-

245 1638 376 1708 χῶν,
411 1638 533 1691 οὔτε
570 1642 604 1711 ή
651 1643 915 1712 ἐνσαρκος
967 1639 1247 1715 οἰκονομία
1295 1647 1360 1700 ἂν
1398 1648 1633 1715 ἐγένετο,
1693 1647 1817 1701 οὔτε

248 1727 477 1797 Πέτρος,
508 1728 632 1781 οὔτε
679 1732 911 1799 Παῦλος,
941 1732 1065 1787 οὔτε
1093 1737 1119 1788 6
1150 1735 1334 1799 λοιπὸς
1362 1738 1469 1791 τῶν
1502 1736 1819 1791 ἀποστόλων

245 1820 423 1890 χορὸς,
443 1820 563 1875 οὕτε
582 1823 630 1875 οί
652 1824 886 1895 Πατέρες
904 1826 1061 1897 ήμῶν
1082 1829 1176 1879 καὶ
1193 1828 1522 1893 διδάσκαλοι,
1544 1829 1666 1884 οὔτε
1681 1832 1729 1887 οἱ
1748 1831 1815 1883 ie-

246 1913 450 1983 ράρχαι
470 1914 566 1970 καὶ
589 1914 858 1985 θεοφόροι,
877 1916 969 1980 οῦς
996 1920 1234 1990 σήμερον
1260 1920 1598 1993 πλουτοῦμεν
1622 1921 1821 1991 ἀγίουςα

243 2007 339 2061 καὶ
374 2007 691 2075 θεοφόρους,
722 2011 817 2063 καὶ
845 2012 1338 2084 χειραγωγούμεθα
1369 2013 1435 2067 δι’
1467 2014 1651 2069 αὐτῶν
1680 2014 1816 2084 πρὸς

242 2091 599 2159 θεογνωσίαν,
655 2099 748 2152 καὶ
795 2100 930 2169 πρὸς
985 2101 1157 2172 αὐτὴν
1203 2102 1301 2173 τὴν
1331 2104 1607 2175 σωτηρίαν
1636 2105 1814 2175 ήμῶν.

254 2184 396 2235 Ἀλλ’
432 2187 555 2239 οὔτε
598 2190 757 2256 ἡμεῖς
786 2190 851 2243 ἂν
885 2193 1206 2265 ἐγενόμεθα,
1235 2195 1357 2248 οῦτε
1400 2196 1521 2267 μεθ’
1546 2198 1693 2267 ἡμᾶς
1722 2198 1815 2251 ἆλ-

242 2276 324 2329 λοι
351 2294 367 2308 ·
404 2278 498 2331 καὶ
532 2279 689 2333 τοῦτό
719 2283 865 2334 ἐστιν
889 2282 917 2336 6
940 2286 1066 2354 περὶ
1088 2285 1242 2356 ήμῶν
1271 2288 1515 2356 κρεῖττον
1550 2289 1578 2340 6
1608 2286 1817 2351 Παῦλος

240 2369 455 2439 νομίζει
504 2367 642 2425 εἶναι
677 2387 693 2402 ·
746 2372 831 2427 τνα
887 2374 964 2446 μὴ
1018 2377 1188 2446 χωρὶς
1246 2377 1404 2448 ήμῶν
1453 2378 1817 2431 τελειωθῶσιν

243 2464 443 2517 ἐκεῖνοι
469 2479 483 2493 ⁸
520 2465 635 2518 ἀλλ’
689 2466 774 2521 ἵνα
823 2473 1160 2540 περιμένωσι
1200 2472 1296 2524 κα)⁵
1324 2473 1473 2544 ἡμᾶς
1524 2474 1700 2527 ἐλθεῖν
1738 2472 1817 2536 εἰς

241 2554 303 2605 τὸ
335 2552 475 2608 εἶναι
498 2572 512 2586 ·
562 2560 654 2611 κα)⁸
695 2558 818 2611 τότε
848 2556 966 2628 ἅμα
1000 2560 1094 2614 καὶ
1124 2562 1284 2631 ἡμεῖς
1332 2563 1453 2633 μετ’
1501 2564 1683 2619 αὐτῶν
1720 2563 1819 2635 τὴν

241 2648 355 2701 τῶν
382 2649 651 2718 σωμάτων
675 2650 974 2705 ἀνάστασιν
996 2652 1397 2723 ἐπενδυσόμεθα
1422 2671 1434 2685 ·
1463 2656 1559 2711 καὶ
1587 2655 1656 2707 τὰ
1681 2655 1821 2724 γέρα

245 2743 345 2795 σὺν
382 2743 568 2806 αὐτοῖς
601 2743 697 2795 καὶ
730 2745 857 2806 τοῦς
904 2746 1199 2812 στεφάνους
1245 2744 1638 2818 ἀποληψόμεθα
1670 2745 1819 2817 παρὰ

244 2834 343 2888 τοῦ
379 2836 846 2905 ἐπαγγειλαμένου
879 2837 976 2890 καὶ
1016 2837 1263 2908 ἀρχηγοῦ
1306 2838 1406 2908 τῆς
1446 2838 1839 2902 ἀναστάσεως,ν

246 2932 345 2985 καὶ
374 2929 664 3009 τελειωτοῦ
698 2930 894 2999 Ἰησοῦ.
930 2930 1237 3001 Γενομένης
1267 2932 1372 3005 γὰρ
1397 2932 1497 3003 τῆς
1529 2930 1821 2999 καθολικῆς

246 3023 601 3083 ἀναστάσεως
633 3023 743 3077 τῶν
788 3024 1077 3093 σωμάτων,
1111 3023 1233 3078 οὔτε
1263 3025 1474 3093 γένεσις
1516 3024 1595 3077 ἐτι
1645 3023 1820 3090 ἐσται,

245 3113 373 3167 οὔτε
407 3114 511 3185 μὴν
541 3116 718 3186 φθορά
739 3131 753 3145 ·
805 3115 941 3170 ἀλλά
989 3116 1280 3187 ἀμφότερα
1322 3115 1574 3182 παύεται,
1608 3116 1702 3173 καὶ
1731 3117 1822 3169 οὖ-

726 330 877 393 PRO
912 333 1119 398 CONC.
1158 338 1526 401 FLORENT.
1567 342 1723 407 CAP.
1762 349 1856 409 IV.
1901 352 1996 410 DE
2041 351 2471 413 FRUlTlONE
2509 350 2994 415 SANCTORUM.‘

326 440 430 501 θεὸς
461 442 574 505 τοῖς
612 448 886 511 πατράσιν
921 451 978 504 ἐν
1006 454 1118 514 τοῖς
1154 454 1461 523 προφήταις
1493 458 1815 530 ἀναστήσειν

1928 475 2157 519 laturum
2182 483 2199 533 ;
2221 482 2344 519 nam
2374 482 2435 521 ea
2457 467 2778 537 pollicitatio
2837 481 2930 522 seu
2956 465 3252 537 promissio
3269 465 3491 521 dicitur:

3356 350 3494 415 1302

1924 554 2045 608 ideo
2080 556 2333 625 promisit
2372 555 2635 613 Dominus
2662 572 2722 615 se
2753 556 3046 611 humanam
3096 564 3347 611 naturam
3377 569 3497 611 sus-

1924 649 2244 711 citaturnm,
2290 649 2416 717 quia
2479 662 2772 718 corporum
2832 648 3228 705 resurrectioni
3294 647 3496 705 dimdi-

1924 756 2078 794 mns:
2114 755 2237 793 nam
2290 740 2337 796 si
2370 742 2421 795 id
2453 742 2694 811 patribus
2717 740 3008 804 evenisset,
3042 755 3144 797 nos
3173 742 3358 809 utique
3385 755 3495 797 non

1922 844 2203 897 essemus;
2235 830 2397 900 idque
2419 841 2501 887 est
2532 831 2678 901 quod
2718 831 2850 887 dicit
2870 830 3094 898 Paulus,
3127 844 3237 887 non
3265 845 3494 903 accepe-

1926 931 2076 987 runt,
2103 921 2198 991 qui
2230 922 2451 977 fuerunt
2478 930 2604 977 ante
2656 938 2779 989 nos,
2806 937 3099 992 corporum
3137 922 3498 989 resurrectio-

1923 1031 2069 1079 nem,
2098 1014 2210 1072 Deo
2258 1031 2360 1089 pro
2414 1016 2574 1072 nobis
2598 1015 2799 1072 melius
2829 1015 3032 1087 aliquid
3060 1015 3399 1087 providente,
3437 1022 3498 1071 ut

1921 1122 2031 1161 non
2061 1106 2179 1159 sine
2237 1106 2396 1163 nobis
2425 1114 2961 1170 consummarentur,
3008 1104 3063 1159 id
3086 1113 3193 1169 est,
3220 1119 3329 1160 non
3378 1104 3499 1161 sine
3547 1166 3551 1185 τ

1923 1200 2081 1255 nobis
2116 1199 2190 1252 illi
2234 1207 2542 1269 resurgant.
2568 1198 2622 1253 Si
2642 1198 2785 1255 enim
2811 1199 2865 1253 in
2895 1199 2962 1253 iis
2985 1212 3276 1269 corporum
3308 1212 3497 1254 resur-
3545 1192 3547 1201 ¹

1922 1291 2093 1347 rectio
2129 1289 2473 1359 contigisset,
2506 1303 2710 1359 suaque
2730 1303 2966 1361 corpora
3000 1302 3106 1343 una
3139 1302 3262 1345 cum
3286 1288 3498 1343 anima-

1924 1384 2025 1438 bus
2078 1383 2755 1457 recepissent,lincarnata
2825 1379 3159 1449 dispensatio
3218 1394 3493 1446 nunquam

1924 1474 2142 1537 fuisset,
2175 1489 2350 1544 neque
2364 1473 2581 1538 Petrus,
2604 1488 2780 1543 neque
2800 1472 3031 1538 Paulus,
3051 1487 3226 1542 neque
3251 1471 3500 1540 reliquus

1924 1566 2294 1639 apostolorum
2328 1566 2553 1633 chorus,
2579 1581 2752 1637 neque
2777 1576 2961 1635 patres
2993 1566 3170 1621 nostri
3203 1572 3257 1621 ct
3309 1565 3498 1621 docto-

1925 1672 2033 1719 res,
2069 1669 2244 1725 neque
2292 1655 2589 1711 liierarcbaa
2618 1666 2673 1711 et
2694 1655 2863 1715 divini
2920 1655 3045 1720 viri,
3079 1655 3282 1727 quibus
3337 1653 3497 1709 bodie

1925 1747 2345 1818 locupletamur,
2388 1747 2563 1803 sancti
2597 1756 2651 1805 et
2702 1747 2897 1813 divini,
2944 1762 3040 1819 per
3083 1762 3221 1817 quos
3287 1745 3355 1802 ad
3405 1744 3496 1801 Dei

1921 1841 2285 1912 cognitionem
2321 1838 2477 1911 quasi
2529 1854 2693 1895 manu
2750 1841 3011 1897 ducimur
3040 1851 3095 1896 et
3126 1842 3194 1897 ad
3252 1847 3495 1896 nostram

1920 1935 2173 1998 salutem,
2203 1938 2259 1990 at
2290 1945 2468 2002 neque
2492 1931 2663 2002 geniti
2692 1929 3007 1997 fuissemus,
3041 1945 3228 2003 neque
3262 1928 3354 1985 alii
3378 1938 3499 1997 post

1917 2045 2050 2099 nos;
2082 2029 2247 2102 idque
2283 2036 2397 2097 est,
2424 2028 2571 2099 quod
2602 2044 2703 2099 pro
2736 2028 2894 2084 nobis
2923 2027 3117 2083 melius
3144 2025 3342 2081 Paulus
3373 2039 3496 2081 esse

1919 2120 2243 2187 arbitratur,
2275 2127 2339 2175 ut
2361 2136 2467 2177 non
2501 2121 2621 2175 sine
2654 2120 2810 2176 nobis
2842 2118 2919 2173 illi
2951 2125 3493 2181 cousummareutur,

1921 2212 2015 2267 sed
2040 2227 2328 2285 quousque
2356 2226 2459 2269 nos
2504 2226 2827 2283 generentur
2851 2216 3252 2279 exspectarent,
3275 2216 3329 2261 et
3367 2214 3496 2263 tunc

1922 2318 2025 2359 nos
2055 2303 2220 2360 etiam
2274 2316 2380 2360 una
2439 2317 2562 2361 cum
2612 2300 2723 2358 illis
2752 2315 3036 2369 corporum
3092 2298 3500 2353 resurrectione

1920 2392 2234 2460 induamur,
2259 2391 2593 2463 praemiaque
2622 2399 2677 2446 et
2726 2404 2961 2446 coronas
3012 2388 3177 2443 simul
3213 2400 3338 2443 cum
3390 2384 3496 2439 illis

1922 2483 2287 2554 percipiemus
2316 2499 2347 2538 a
2379 2481 2801 2539 resurrectionis
2835 2480 3191 2552 promissore,
3220 2487 3277 2535 et
3309 2488 3495 2533 aucto-

1920 2592 2000 2641 re,
2035 2586 2088 2630 et
2110 2575 2587 2645 perfectorelesu.
2611 2573 2749 2628 Nam
2771 2589 2895 2629 cum
2956 2588 3248 2643 corporum
3280 2571 3499 2629 univcr—

1922 2670 2052 2724 salis
2076 2667 2404 2725 resurrectio
2430 2667 2594 2722 fuerit
2657 2667 2972 2731 subsecuta,
3020 2680 3195 2736 neque
3219 2664 3501 2736 generatio

1924 2760 2029 2817 erit
2059 2759 2316 2830 amplius,
2352 2773 2528 2829 neque
2568 2756 2868 2827 corruptio,
2900 2756 2994 2813 sed
3030 2766 3264 2826 utraque
3315 2767 3496 2809 cessa-

1925 2853 2085 2917 bunt,
2108 2866 2383 2921 nemoque
2417 2850 2651 2920 amplius
2670 2849 3017 2921 generabitur
3032 2862 3206 2919 neque
3236 2845 3497 2901 interibit.

1923 2946 2136 3001 Idcirco
2173 2954 2306 2999 tunc
2339 2958 2448 2999 non
2484 2942 2628 2996 facta
2666 2950 2750 2996 est
2774 2938 3129 2995 resurrectio.
3164 2937 3229 2994 Et
3279 2945 3501 3007 propter

1924 3050 2088 3106 quam
2125 3035 2287 3089 aliam
2314 3033 2384 3090 ob
2436 3033 2699 3090 causam?
2722 3030 2856 3097 Quia
2882 3046 2989 3086 non
3020 3030 3202 3086 adhuc
3267 3029 3504 3100 repletus

1924 3136 2007 3182 est
2037 3126 2191 3184 locus
2254 3125 2403 3181 illius
2452 3122 2663 3181 ordinis
2689 3123 2783 3196 qui
2823 3123 2889 3179 de
2919 3122 3062 3177 coelo
3094 3120 3331 3187 cecidit;
3377 3135 3500 3174 nam

244 3210 361 3273 δεὶς
412 3210 493 3262 ἔτι
532 3210 809 3276 γεννᾶται,
866 3208 989 3263 οὔτε
1049 3208 1157 3279 μὴν
1201 3210 1555 3279 ἀποθνήσκει.
1603 3211 1703 3264 Διά
1738 3227 1820 3263 τοι

1928 3218 2116 3274 scribit
2150 3216 2467 3286 Gregorius,
2497 3222 2862 3285 cognomento
2886 3212 3215 3282 Tlieologus,
3258 3213 3504 3281 superio-

246 3302 433 3366 τοῦτο,
477 3303 513 3371 ἡ
562 3302 861 3361 ἀνάστασις
909 3302 1011 3353 οὐκ
1054 3302 1272 3369 ἐγένετο
1320 3302 1465 3355 τότε.
1519 3301 1628 3355 Καὶ
1654 3300 1743 3353 διὰ
1774 3300 1826 3353 τί

244 3398 416 3463 ἄλλο;
456 3399 598 3450 Διότι
637 3397 739 3448 οὐκ
763 3393 1055 3465 ἐπληρώθη
1084 3398 1112 3450 6
1134 3395 1516 3463 καταλειφθεὶς
1541 3393 1703 3455 τόπος
1730 3390 1826 3445 τοῦ

244 3488 518 3550 πεσόντος
555 3488 766 3541 ἐκείνου
796 3488 1095 3557 τάγματος.
1127 3487 1293 3555 Λέγει
1323 3485 1429 3555 γὰρ
1464 3488 1491 3539 6
1522 3485 1659 3549 θεῖος
1692 3486 1832 3557 Γρη-

244 3581 487 3648 γόριοςό
538 3579 638 3648 τῆς
690 3578 971 3645 θεολογίας
1017 3578 1330 3649 ἐπώνυμος,
1385 3597 1403 3629 ι
1467 3577 1830 3646 Πληρωθῆναι

243 3674 331 3723 δεῖ
373 3673 466 3723 τὸν
501 3673 612 3724 ἀνω
648 3670 873 3737 κόσμον.
918 3669 1151 3739 Χριστὸς
1200 3667 1432 3733 κελεύει,
1485 3666 1560 3737 μὴ
1598 3668 1829 3721 ἀντιτεί-

242 3778 431 3831 νωμεν
460 3778 473 3793 ο
503 3762 597 3816 καὶ
620 3763 647 3814 6
683 3761 960 3843 ὑπηρέτης
994 3760 1131 3831 πρδς
1172 3760 1263 3815 τὸν
1316 3760 1538 3827 Κύριον·
1578 3777 1597 3811 ι
1636 3758 1829 3826 Κύριε,

245 3856 472 3921 γέγονεν
502 3854 577 3918 ὡς
607 3853 897 3919 ἐπέταξας,
927 3855 1020 3906 καὶ
1058 3852 1137 3905 ἔτι
1173 3854 1331 3913 τόπος
1368 3853 1506 3905 ἐστί.
1542 3869 1559 3901 ι
1605 3850 1710 3905 Τοῦ
1745 3851 1835 3902 τόο

250 3964 357 3999 που
390 3944 483 4001 οὖν
538 3946 728 4001 τούτου
789 3947 865 4018 μὴ
914 3947 1067 4011 ὄντος
1120 3945 1245 4000 τότε
1298 3942 1753 4029 πεπληρωμένον,
1796 3943 1828 4012 ή

248 4040 612 4103 ἐξανάσεασις
651 4041 759 4092 τῶν
816 4041 1028 4109 νεκρῶν
1080 4041 1181 4091 οἰκ
1226 4038 1446 4106 ἐγένετο
1499 4052 1511 4065 ⁸
1544 4036 1640 4089 καὶ
1693 4034 1847 4105 αὕτη

248 4137 404 4184 eos-Eo
454 4135 487 4200 ή
539 4132 863 4199 ἐπαγγελία,
920 4133 987 4203 ἣν
1023 4136 1051 4185 6
1102 4130 1313 4195 Παῦλος
1364 4130 1499 4200 πρὸς
1544 4130 1832 4202 Ἐϐραίους

251 4224 442 4292 φησὶν,
490 4225 563 4286 ὠς
604 4225 702 4275 οὐκ
749 4212 1074 4292 ἐκομίσαντο
1115 4224 1164 4275 οἱ
1220 4222 1322 4292 πρὸ
1364 4222 1521 4292 ἡμῶν
1606 4220 1710 4285 ἐτι,
1765 4225 1832 4293 ἦν

250 4314 367 4379 ἐγὼ
399 4308 554 4382 οἴμαι
588 4316 649 4365 οὐ
691 4315 982 4381 γινώσκειν
1011 4313 1153 4383 ὑμᾶς
1189 4313 1291 4367 ἔτι.
1328 4314 1521 4379 Ἡμεῖς
1554 4312 1610 4365 δὲ
1642 4314 1834 4364 ἀναλε-

254 4408 481 4474 ξάμενοι
524 4406 618 4458 καὶ
650 4396 809 4469 αὖθις
858 4408 918 4458 τὸ
951 4406 1262 4476 εἰρημένον,
1317 4405 1657 4473 ἐπιδείξομεν
1703 4405 1832 4473 ὑμῖν

253 4499 373 4559 πῶς
404 4498 707 4566 ἐπαγγελία
735 4512 751 4528 ο
801 4499 895 4550 καὶ
946 4500 1076 4551 πότε
1116 4498 1216 4568 τήν
1265 4498 1600 4566 ἐπαγγελίαν
1628 4496 1832 4564 ταύτην

252 4592 522 4659 ὑπέσχετο
576 4590 777 4659 Κύριος
811 4591 839 4641 ὀ
871 4590 1003 4654 Θεός
1030 4605 1045 4621 ⁸
1078 4592 1171 4643 καὶ
1201 4590 1345 4643 τίσιν
1388 4589 1579 4659 αὐτὴν,
1613 4588 1707 4641 καὶ
1739 4588 1827 4641 διὰ

251 4685 415 4736 ποίαν
447 4684 627 4736 αἰτίαν
678 4684 968 4753 ὑπέσχετο,
1014 4684 1165 4736 ἔνθεν
1212 4684 1485 4755 ἐροῦμεν·
1519 4685 1575 4735 ἐν
1623 4681 1702 4752 τῷ
1736 4683 1827 4734 τὸν

268 4778 483 4848 Ἰσραὴλ
529 4778 844 4845 ἀπογνῶναι
875 4780 975 4848 τῆς
1022 4778 1293 4847 σωτηρίας
1330 4776 1518 4843 αὐτοῦ,
1558 4776 1615 4827 ἐν
1644 4774 1721 4844 τῷ
1756 4774 1828 4844 μὴ

255 4872 501 4935 νομίζειν
530 4870 629 4939 τὴν
655 4871 767 4923 τῶν
790 4872 999 4939 νεκρῶν
1026 4870 1404 4934 ἐξανάστασιν,
1433 4871 1489 4920 ἐν
1518 4868 1596 4937 τῷ
1623 4867 1826 4935 λέγειν,
1852 4902 1863 4911 ι

259 4980 279 5014 ι
315 4962 849 5031 Διαπεφωνήκαμεν,
900 4962 1178 5014 ἀπόλωλεν
1214 4964 1246 5030 ή
1300 4962 1451 5024 ἐλπὶς
1485 4960 1677 5029 ἡμῶν
1723 4959 1826 5027 φάο

255 5073 480 5125 γωμεν,
538 5056 795 5125 πίωμεν·
860 5053 1055 5125 αῦριον
1110 5053 1557 5122 ἀποθνήσκομεν.
1616 5071 1634 5102 ι
1692 5050 1828 5103 Τότε

256 5148 487 5218 ἐμπνέει
519 5148 725 5217 Κύριος
758 5150 846 5201 τὸν
877 5147 1166 5217 προφήτην
1201 5149 1377 5200 εἰπεῖν
1408 5147 1543 5216 πρὸς
1572 5146 1664 5199 τὸν
1707 5144 1830 5195 λαὸν

258 5242 338 5311 μὴ
362 5242 609 5292 ἀπιστεῖν
638 5243 735 5309 τὴν
753 5240 859 5293 τῶν
887 5242 1155 5308 σωμάτων
1179 5241 1503 5301 ἀνάστασιν,
1535 5240 1629 5291 καὶ
1656 5241 1824 5304 ἐπαγ-

256 5329 546 5397 γείλασθαι
577 5330 759 5391 αὐτοῖς
796 5316 877 5382 ὅτι
906 5331 1199 5400 ἀναστήσει
1231 5331 1435 5398 Κύριος
1462 5330 1526 5380 τὰ
1560 5328 1697 5379 ὀστᾶ
1737 5328 1831 5376 αὐ-

256 5423 368 5474 τῶν
394 5423 463 5473 τά
500 5421 662 5491 ξηρὰ,
710 5423 803 5474 καὶ
841 5422 1047 5474 ὲνδύσει
1098 5422 1236 5474 αὐτὰ
1289 5422 1499 5490 σάρκας
1543 5422 1635 5471 καὶ
1666 5420 1833 5488 νεῦρα

262 5512 355 5564 καὶ
384 5512 596 5582 δέρμασ
636 5514 728 5566 καὶ
764 5512 981 5581 πνεῦμα
1014 5514 1193 5566 δώσει.
1236 5514 1347 5566 Καὶ
1387 5516 1833 5582 ἀποκαταστήσει

262 5606 461 5669 αὐτοὺς
497 5609 573 5670 εἰς
600 5606 696 5676 τὴν
730 5607 1111 5676 Ἰερουσαλήμ.
1153 5609 1221 5660 Ἢ
1253 5608 1441 5677 ὅρασις
1472 5610 1694 5676 εἰρήνης
1720 5607 1832 5658 ἐστί

262 5712 325 5747 τε
368 5700 460 5751 καὶ
488 5698 730 5766 λέγεται.
761 5701 870 5752 Ποῦ
894 5701 1065 5753 ταῦτα
1095 5702 1269 5752 κεῖται
1298 5720 1311 5765 ;
1348 5702 1435 5753 Ἐν
1466 5701 1543 5769 τῷ
1575 5700 1833 5764 Ἰεζεκιὴλ

268 5793 343 5861 τῷ
374 5791 628 5862 προφήτῃ
656 5806 667 5820 ’
719 5794 774 5845 ἐν
795 5792 1070 5863 κεταλαίῳ
1102 5794 1411 5865 τριακοστῷ
1441 5794 1670 5864 ἑϐδόμῳ.
1698 5796 1834 5862 Ψησῖ

1932 3322 2045 3361 rem
2074 3304 2337 3359 mundum
2402 3304 2599 3373 repleri
2631 3314 2905 3372 oportere.
2944 3302 3199 3360 Christus
3225 3302 3400 3371 jubet,
3435 3318 3502 3356 ne

1931 3397 2290 3451 obsistamus.
2325 3393 2390 3447 Et
2426 3393 2678 3448 minister
2711 3393 2777 3448 ad
2803 3391 3118 3455 Dominum,
3146 3390 3391 3453 Domine,
3428 3390 3503 3443 la-

1932 3505 2077 3546 etum
2109 3499 2191 3545 est
2227 3497 2283 3542 ut
2330 3488 2635 3558 imperasti,
2687 3496 2741 3541 et
2788 3486 2947 3551 locus
2981 3484 3167 3539 adhuc
3221 3490 3322 3537 est.
3367 3483 3505 3536 Cum

1933 3584 2097 3653 igitur
2124 3582 2278 3637 locus
2304 3580 2351 3636 is
2378 3590 2507 3635 tunc
2538 3578 2775 3647 repletus
2800 3591 2903 3643 non
2936 3575 3152 3637 luisset,
3174 3574 3508 3629 resurrectio

1933 3687 2277 3734 mortuorum
2310 3689 2414 3729 non
2461 3680 2546 3726 est
2584 3674 2906 3737 subsecuta,
2942 3670 3165 3740 [necque
3212 3666 3505 3736 promissio

1930 3780 2016 3827 est
2057 3784 2219 3839 quam
2271 3765 2471 3821 Paulus
2504 3766 2569 3819 ad
2618 3765 2873 3818 llcbrreos
2901 3761 3055 3829 dicit,
3087 3758 3232 3830 quod
3250 3761 3343 3831 qui
3382 3769 3506 3813 ante

1933 3879 2035 3918 nos
2062 3862 2284 3916 fuerunt
2309 3859 2487 3912 adhuc
2525 3874 2631 3910 non
2662 3865 3012 3926 acceperunt,
3046 3870 3206 3925 quam
3244 3862 3377 3923 pulo
3411 3868 3505 3906 vos

1934 3954 2111 4009 adhuc
2144 3966 2251 4005 non
2276 3950 2595 4018 intelligere.
2620 3946 2687 4001 At
2717 3962 2817 4001 nos
2841 3946 2892 4000 id
2918 3947 3121 4000 dictum
3144 3954 3505 4004 resumentes,

1933 4043 2207 4116 quomodo
2260 4040 2554 4110 promissio
2612 4040 2680 4093 sit
2742 4038 3113 4100 ostendemus,
3176 4046 3228 4088 et
3289 4039 3507 4105 quando

1936 4136 2353 4208 promissionem
2392 4134 2532 4187 lianc
2584 4130 2859 4201 pollicitus
2897 4130 2962 4181 sit
3018 4127 3284 4181 Dominus
3342 4127 3503 4190 Deus,

1937 4229 2247 4297 quibusque
2276 4242 2393 4281 eam
2421 4233 2477 4279 et
2515 4224 2583 4279 ob
2614 4238 2777 4292 quam
2810 4234 3031 4275 causam
3082 4217 3359 4286 pollicitus
3402 4225 3504 4278 est,

1937 4322 2195 4389 deinceps
2227 4320 2493 4374 dicemus.
2521 4316 2653 4369 Cum
2687 4312 2849 4368 Israel
2878 4312 3102 4366 salutem
3130 4324 3284 4363 suam
3311 4307 3507 4376 despc-

1938 4423 2133 4477 rassct,
2180 4425 2282 4465 nec
2329 4419 2668 4464 mortuorum
2727 4404 2975 4460 crederet
3026 4400 3505 4465 resurrectionem,

1938 4520 2060 4557 cum
2097 4502 2367 4565 dicerent,
2421 4497 2661 4553 Abscissi
2692 4495 2910 4563 sumus,’
2943 4494 3105 4565 p'criit
3134 4509 3259 4563 spes
3294 4504 3504 4553 nostra,

1940 4595 2337 4650 manducemus
2362 4599 2417 4649 et
2444 4590 2717 4655 bibamus,
2742 4602 2862 4643 cras
2892 4585 3208 4648 moriemur,
3256 4592 3386 4637 tunc
3428 4584 3507 4636 in-

1935 4685 2163 4756 Spiravit
2192 4682 2457 4738 Dominus
2496 4680 2834 4751 prophetam,
2863 4688 2915 4732 ut
2973 4676 3167 4747 pOpulo
3201 4674 3405 4728 diceret
3445 4690 3509 4727 ne

1930 4792 2221 4847 corporum
2280 4774 2697 4844 resurrectionij
2726 4772 3009 4839 dillideret,
3045 4768 3507 4841 polliceretur-que

1929 4869 1996 4923 iis
2014 4884 2072 4924 se
2090 4884 2313 4938 corpora
2332 4882 2519 4944 eorum
2534 4865 2685 4920 arida
2702 4863 3189 4927 exsuscitaturum,
3205 4875 3373 4929 seque
3390 4874 3511 4913 car-

1930 4961 2112 5025 nibus,
2138 4960 2324 5017 nervis
2340 4974 2403 5014 ac
2431 4967 2554 5013 cute
2588 4957 2927 5021 induturum,
2969 4954 3336 5023 spiritumque
3357 4949 3512 5003 datu-

1933 5073 2053 5111 rum
2092 5067 2144 5111 et
2192 5056 2245 5111 in
2286 5053 2582 5110 Jerusalem
2632 5052 3010 5108 restituturum
3039 5061 3158 5113 qua:
3206 5044 3339 5098 visio
3361 5041 3508 5111 pacis

1930 5160 2088 5208 estet
2126 5150 2345 5205 dicitur.
2371 5148 2601 5204 Ubinam
2630 5140 2935 5201 sunthaec?
2980 5137 3135 5207 Apud
3174 5133 3506 5189 Ezecliiclein

1935 5243 2256 5314 prophetam
2291 5240 2469 5311 capite
2523 5238 2800 5294 tricesimo
2854 5231 3124 5300 septimo;
3168 5228 3303 5285 dicit
3361 5226 3505 5281 enim

1934 5334 2152 5387 divinus
2183 5333 2269 5385 hic
2304 5331 2599 5399 propheta:
2634 5345 2658 5378 ι
2686 5322 2849 5376 Facta
2880 5327 2964 5375 est
3008 5334 3169 5387 super
3200 5333 3285 5372 me
3313 5330 3509 5371 manus

1937 5424 2171 5486 Domini,
2199 5433 2250 5477 ct
2275 5422 2461 5477 eduxit
2486 5434 2572 5472 me
2605 5416 2659 5470 in
2695 5414 2891 5484 Spiritu
2951 5409 3186 5475 Domini,
3219 5418 3271 5464 et
3304 5408 3508 5463 dimisit

1937 5536 2020 5572 inc
2046 5518 2096 5569 in
2126 5516 2302 5569 medio
2325 5512 2502 5578 campi
2522 5511 2612 5581 qui
2635 5519 2751 5563 erat
2776 5507 2967 5576 plenus
2990 5505 3228 5560 ossibus.
3260 5502 3507 5555 Circum-

1939 5610 2087 5661 dnxit
2120 5623 2203 5662 me
2228 5622 2319 5675 per
2340 5622 2403 5658 ea
2445 5604 2496 5655 in
2525 5617 2677 5672 gyro.
2704 5600 2869 5653 Erant
2902 5608 3078 5651 autem
3137 5585 3314 5659 inulta
3354 5596 3505 5648 \alile

1938 5716 2100 5769 super
2138 5698 2353 5771 ‘faciem
2377 5696 2577 5763 campi,
2639 5692 2893 5761 siccaque
2955 5690 3325 5743 vehementer.
3365 5708 3381 5739 ι
3442 5686 3507 5738 lit

1940 5792 2073 5847 dixit
2109 5792 2173 5845 ad
2220 5803 2348 5844 me:
2396 5788 2531 5841 (Fili
2580 5787 2841 5843 hominis.
2877 5794 3104 5854 putasne
3141 5784 3319 5838 \iitnt
3382 5798 3502 5835 ossa
