3966 6198
346 288 487 374 130's

837 307 984 365 PRO
1012 307 1223 368 CONC.
1254 307 1622 366 FLORENT.
1665 305 1821 364 CAP.
1873 305 1963 363 IV.
2015 303 2113 362 DE
2163 301 2587 362 FilUITmNE
2622 293 3102 358 SiNt‘J‘ORUii.

3443 287 3585 348 ιῗθθίῖ

341 426 401 478 ἐν
440 422 518 491 τῷ
552 422 758 487 άνοῖξαί
800 442 862 491 με
912 423 1038 485 τοὺς
1070 424 1272 490 τάφους
1301 423 1454 490 ὑμῶν
1504 423 1630 483 λαός
1666 439 1788 490 μου,
1825 423 1916 472 καὶ

2026 423 2296 476 tmllieitus
2319 431 2395 473 est
2420 419 2561 472 Deus
2598 416 2840 484 patrihus
2870 411 3061 463 vestris
3111 422 3205 474 per
3265 406 3582 472 prophetam

344 514 538 580 ἀνάξαι
569 515 712 582 ὑμᾶς
755 515 816 567 ἐκ
856 515 961 567 τῶν
1015 516 1315 582 μνημάτων
1347 515 1503 581 ὑμῶν
1528 535 1540 545 ·
1577 514 1672 565 καὶ
1713 513 1913 576 εἰσάξω

343 610 424 670 εἰς
443 609 544 676 τὴν
579 607 682 675 γῆν
711 605 805 660 τοῦ
832 607 1066 676 Ἰσραήλ.
1105 626 1124 658 ι
1172 606 1314 673 Αὕτη
1357 608 1501 658 ἐστὶν
1545 609 1578 676 ἡ
1612 605 1914 673 ἐπαγγελία

345 701 411 768 ἣν
444 699 808 768 ἐπηγγείλατο
838 700 865 749 ὁ
893 699 1046 762 Θεὸς,
1075 700 1169 753 καὶ
1201 701 1464 768 ὑπέσχετο
1503 703 1612 752 τοῖς
1645 699 1915 765 πατράσιν

342 790 499 859 ὑμῶν
532 791 618 844 διὰ
644 789 738 843 τοῦ
773 791 1051 859 προφήτου
1083 791 1302 843 τούτου·
1339 792 1664 857 ἀναστήσειν
1695 791 1913 853 αὐτοὺς,

343 884 434 935 καὶ
480 883 660 935 δοῦναι
703 882 905 944 αὐτοῖς,
948 885 1060 944 τοῖς
1092 883 1266 947 ἀξίοις
1313 883 1574 952 δηλονᾶτι,
1617 883 1712 936 καὶ
1745 899 1914 935 κεκα-

345 975 658 1042 θαρμένοις,
690 976 808 1026 ἀντὶ
839 975 936 1042 τῆς
978 974 1221 1042 ἐπιγείου
1269 973 1645 1042 Ἰερουσαλὴμ.
1692 975 1794 1040 ,τὴν
1819 973 1914 1025 οὖ-

344 1073 530 1132 ράνιον
575 1069 668 1120 καὶ
699 1069 1076 1134 ἀτελεύτητον,
1113 1069 1180 1136 ἢν
1214 1069 1310 1120 οὐκ
1354 1068 1678 1136 ἐκομίσαντο
1707 1066 1806 1129 ἔτι,
1841 1064 1916 1124 ὥς

346 1180 512 1230 φησιν
562 1166 588 1216 ὁ
635 1164 904 1232 μακάριος
959 1164 1189 1227 Παῦλος,
1241 1162 1334 1215 τοῦ
1387 1161 1521 1214 Θεοῦ
1572 1161 1698 1230 περὶ
1758 1161 1914 1229 ὴμῶν

344 1257 593 1323 κρεῖττόν
624 1273 675 1308 τι
709 1255 1184 1324 προσλεψαμένου,
1216 1257 1305 1308 ἵνα
1343 1254 1415 1322 μὴ
1455 1255 1624 1323 χωρὶς
1647 1253 1802 1323 ἡμῶν
1828 1269 1916 1304 τε·

347 1349 635 1412 λειωθῶσι,
693 1349 996 1410 τουτέστιν,
1048 1351 1135 1401 ἵνα
1168 1349 1241 1418 μὴ
1287 1348 1458 1417 χωρὶς
1510 1347 1668 1416 ἡμῶν
1718 1347 1917 1397 ἐκεῖνοι

347 1440 620 1492 ἀναστῶσι
659 1441 792 1510 μηδὲ
824 1444 924 1508 τὴν
959 1439 1150 1509 στολὴν
1180 1441 1274 1492 καὶ
1307 1439 1404 1509 τὴν
1436 1438 1797 1505 λαμπρότητα
1822 1418 1914 1488 τοῦ

262 1592 268 1597 _
350 1533 599 1598 σώματος
629 1531 1040 1600 ἀπολήψωνται,
1066 1531 1194 1601 πρὶν
1221 1532 1289 1584 ἂν
1321 1531 1414 1582 καὶ
1444 1531 1568 1591 τοὺς
1597 1527 1917 1588 συνδούλους

347 1625 439 1674 καὶ
471 1622 733 1690 ἀδελφοὺς
775 1625 1141 1693 περιμείνειεν
1174 1624 1496 1691 ἀναστῆναι.
1532 1623 1835 1691 Γενομένης
1860 1621 1916 1672 δὲ

2021 518 2182 568 hanc.
2221 530 2278 562 se.
2318 513 2680 564 excitaturum
2711 521 2823 565 eos,
2862 512 2914 556 et
2950 504 3196 555 daturum
3260 499 3346 559 iis,
3379 497 3589 548 scilicet

2019 608 2195 672 dignis
2230 616 2283 659 et
2315 605 2586 656 mundatis
2622 610 2726 668 pro
2752 610 2959 663 terrena
3028 593 3328 648 Jerusalem
3393 589 3591 656 smupi-

2023 710 2228 752 lcruant
2255 709 2304 749 et.
2337 698 2453 750 sine
2479 696 2604 758 ﬁne,
2645 708 2804 760 quam
2868 690 3106 743 nondum
3147 691 3492 751 acceperunt,
3533 691 3590 732 ut

2019 793 2208 845 beatus
2241 789 2418 854 inquit
2443 787 2663 846 Paulus,
2691 785 2798 837 Deo
2817 799 2909 849 pro
2933 779 3088 833 nobis
3110 777 3306 830 melius
3331 773 3585 842 quiddam

2021 881 2336 951 providente
2371 895 2388 933 :
2416 889 2473 930 ut
2499 894 2603 930 non
2661 877 2779 929 sine
2814 873 2970 926 nobis
2999 872 3031 923 ii
3065 877 3370 930 resurgant,
3416 880 3589 918 neaue.

2019 965 2213 1029 stolam
2249 984 2301 1024 et
2334 968 2676 1039 splendorem
2721 966 2966 1035 corporis
3006 962 3264 1028 recipiant
3298 967 3585 1023 antequam

2019 1085 2408 1124 conservorum
2435 1077 2488 1122 ct
2523 1068 2748 1119 fratrum
2783 1060 3242 1116 resurret-tionem
3272 1059 3592 1118 exspectent

2018 1174 2071 1218 et.
2095 1164 2332 1216 videant.
2362 1163 2493 1214 Cum
2537 1176 2666 1212 vero
2693 1159 2858 1208 totius
2888 1153 3069 1206 mundi
3117 1150 3278 1201 fuerit
3350 1157 3592 1196 resurre-

2019 1259 2127 1310 ctio
2159 1262 2474 1313 consecuta,
2510 1261 2638 1303 tunc
2694 1245 2996 1300 Salvatoris
3025 1241 3122 1295 Dei
3147 1237 3315 1291 nostri
3361 1233 3594 1302 promis-

2021 1351 2104 1402 sio
2143 1344 2551 1410 adimplebitur,
2605 1350 2658 1394 et
2689 1341 2942 1393 universa
3021 1333 3304 1387 hominum
3362 1337 3593 1392 corpora

2021 1446 2337 1503 resurgeut;
2367 1445 2420 1489 et
2451 1442 2680 1493 utraque
2717 1428 2900 1492 simul,
2935 1427 3113 1479 anima
3151 1432 3204 1476 et
3225 1433 3441 1486 corpus,
3471 1431 3596 1482 per-

2022 1530 2310 1583 fectionem
2343 1541 2446 1580 uua
2478 1524 2769 1590 recipient,
2806 1520 2858 1573 id
2898 1528 2980 1572 est
3034 1514 3328 1583 perfectam
3366 1506 3596 1562 beatitu—

2020 1625 2223 1677 dinem.
2261 1619 2434 1689 Hujus
2465 1618 2543 1670 rei
2573 1617 2725 1669 testis
2750 1627 2963 1664 merum
2995 1608 3098 1662 erit
3153 1606 3325 1658 Lucas
3365 1614 3599 1668 evange—

346 1715 444 1780 τῆς
488 1715 839 1782 παγκοσμίου
868 1715 1241 1779 ἀναστάσεως,
1277 1715 1396 1767 τότε
1427 1714 1850 1783 πληρωθήσεται
1881 1713 1914 1778 ἡ

2026 1718 2170 1779 Iista,
2199 1715 2252 1766 iu
2280 1712 2420 1766 libro
2443 1709 2532 1762 ubi
2565 1705 2937 1774 apostolorum
2963 1711 3081 1754 acta
3144 1695 3418 1761 exposuit,
3470 1707 3594 1746 cum

353 1803 663 1872 ἐπαγγελία
715 1804 808 1857 τοῦ
839 1805 1094 1874 Σωτῆρος
1139 1803 1296 1872 ήμῶν
1328 1802 1462 1856 Θεοῦ
1490 1821 1504 1835 ·
1557 1804 1648 1856 καὶ
1676 1805 1914 1869 ἁναστή-
1963 1837 1968 1842 -

349 1913 535 1950 σονται
584 1895 763 1950 πάντα
792 1897 859 1949 τὰ
911 1897 1022 1949 τῶν
1072 1895 1374 1965 ἀνθρώπων
1407 1897 1676 1967 σώματα*
1730 1899 1823 1950 καὶ
1861 1896 1918 1948 τδ

350 1990 780 2059 συναμφότερον,
836 1989 952 2058 ἅμα
979 1988 1126 2058 ψυχὴ
1177 1989 1273 2042 καὶ
1317 1990 1502 2055 σῶμα,
1549 1990 1918 2057 ἀπολήψονται

346 2082 408 2134 τὸ
425 2081 629 2134 τέλειον
650 2095 662 2108 ·
680 2081 926 2133 τουτέστι
944 2081 1165 2144 τελείως
1185 2082 1285 2150 τὴν
1316 2083 1714 2150 μακαριότητα.
1733 2081 1918 2149 Τούτῳ

347 2175 423 2240 τῷ
450 2173 594 2242 λόγῳ
625 2173 1084 2242 συμμαρτυρήσει
1113 2191 1204 2242 μοι
1233 2175 1328 2226 καὶ
1356 2175 1570 2235 Λουκᾶς
1599 2177 1624 2227 6
1646 2175 1919 2237 Θειότατος

349 2267 748 2336 εὐαγγελιστής
774 2282 786 2295 ο
814 2266 872 2317 ἐν
893 2261 974 2327 οἷς
998 2269 1054 2318 ἐν
1080 2268 1200 2326 ταῖς
1221 2267 1329 2318 τῶν
1361 2268 1674 2320 ἀποστόλων
1704 2267 1920 2332 ἐξέθετο

350 2359 610 2429 Πράξεσι,
648 2359 822 2425 λέγων
880 2359 1017 2425 πρὸς
1064 2358 1352 2421 Ἰουδαίους
1378 2375 1390 2389 ο
1431 2377 1452 2410 ι
1492 2358 1719 2428 ’Ἄνδρες
1768 2357 1922 2411 ἀδελ-

350 2452 462 2516 φοὶ,
499 2449 628 2517 ὑμῖν
660 2450 687 2500 6
719 2449 880 2515 λόγος
932 2450 1028 2518 τῆς
1086 2451 1361 2519 σωτηρίας
1413 2451 1691 2522 ἀπεστάλη
1718 2470 1734 2486 σ
1776 2452 1825 2503 oi
1876 2451 1921 2504 δ’

351 2538 611 2608 ἄρχοντες
645 2539 820 2609 ὑμῶν,
867 2542 1054 2593 τοῦτον
1100 2543 1491 2611 ἀγνοήσαντες,
1522 2543 1798 2613 ᾐτήσαντο
1828 2547 1924 2598 Πι-

350 2629 532 2693 λᾶτον,
585 2629 940 2698 ἀναιρεθῆναι
977 2629 1067 2682 τὸν
1105 2629 1310 2682 δίκαιον
1356 2629 1566 2699 Ἰησοῦν
1589 2644 1604 2660 ’
1639 2631 1734 2682 καὶ
1771 2630 1922 2682 τελέ-

353 2739 545 2784 σαντες
585 2721 762 2774 πάντα
796 2722 864 2774 τὰ
914 2722 1044 2790 περὶ
1092 2723 1255 2775 αὐτοῦ
1321 2721 1704 2790 γεγραμμένα,
1761 2721 1925 2774 καθε-

357 2815 542 2877 λόντες
591 2813 697 2866 ἀπὸ
729 2812 822 2865 τοῦ
876 2813 1056 2879 ξύλου,
1105 2813 1309 2883 ἔθηκαν
1374 2816 1430 2866 ἐν
1486 2814 1776 2883 μνημείῳ*
1812 2815 1924 2868 est

354 2908 486 2968 Θεὸς
511 2905 674 2960 αὐτὸν
697 2907 921 2976 ἤγειρεν
947 2908 1010 2959 ἐκ
1037 2893 1248 2975 νεκρῶν
1273 2924 1286 2935 ο
1316 2906 1374 2968 ὃς
1402 2906 1556 2976 ὤφθη
1589 2908 1679 2959 ἐπὶ
1709 2906 1926 2975 ἡμέρας

353 3002 571 3065 πλείους
601 3004 714 3064 τοῖς
769 3001 1137 3054 συναναϐᾶσιν
1169 3001 1316 3070 αὐτῷ
1355 3001 1462 3053 ἀπὸ
1496 3001 1595 3069 τῆς
1640 2999 1923 3062 Γαλιλαίας

2020 1809 2153 1862 dicit
2179 1807 2245 1859 ad
2288 1803 2542 1858 Judmos:
2607 1797 2760 1852 «Viri
2787 1796 3008 1857 fratres,
3049 1791 3205 1844 vobis
3236 1788 3458 1841 verbum
3504 1799 3595 1836 sa-

2020 1901 2148 1954 lntis
2199 1898 2361 1965 hujus
2417 1893 2642 1948 missum
2703 1898 2810 1944 est.
2877 1884 3160 1952 Principes
3211 1879 3378 1934 vestri
3447 1877 3594 1928 hunc

2021 1994 2333 2059 ignorantes
2362 1987 2634 2057 petierunt
2663 1999 2694 2036 a
2721 1981 2916 2040 Pilato,
2950 1985 3010 2030 ut
3045 1973 3420 2030 interﬁcerent
3448 1985 3593 2023 eum.

2019 2085 2267 2151 Cumque
2297 2081 2763 2134 cousummasseut
2793 2069 2973 2124 omnia
3003 2081 3123 2135 quae
3168 2080 3198 2118 ιι
3249 2063 3358 2116 Deo
3397 2061 3596 2127 scripta

2020 2184 2199 2236 erant,
2235 2173 2568 2239 deponenles
2597 2180 2720 2220 cum
2757 2164 2823 2216 tle
2849 2163 2994 2231 ligno
3018 2168 3312 2228 posuerunt
3334 2158 3385 2208 in
3409 2168 3598 2206 monu-

2024 2281 2229 2325 mento.
2265 2267 2407 2319 Deus
2445 2275 2576 2315 vero
2634 2255 2920 2312 suscitavit
2969 2267 3091 2306 eum
3126 2266 3154 2304 a
3189 2249 3440 2303 mortuis.
3491 2245 3594 2310 Qui

2023 2366 2173 2416 visus
2198 2369 2281 2414 est
2304 2371 2401 2427 per
2427 2355 2544 2409 dies
2568 2351 2764 2404 multos
2797 2348 2881 2400 his
2913 2345 3008 2412 qui
3049 2341 3212 2397 simul
3235 2339 3598 2394 ascenderant

2024 2469 2052 2508 a
2086 2452 2305 2508 Galilzea
2338 2450 2389 2502 in
2425 2442 2753 2501 Jerusalem,
2788 2438 2879 2507 qui
2929 2450 3073 2488 nunc
3105 2440 3229 2487 sunt
3266 2441 3429 2486 testes
3480 2427 3598 2494 ejus

2025 2548 2090 2600 ad
2122 2547 2349 2613 plebem.
2379 2549 2434 2596 et
2481 2553 2577 2590 nos
2613 2534 2761 2588 vobis
2795 2527 3180 2585 aunuutianuts
3213 2539 3330 2576 eam
3371 2536 3494 2589 quae
3531 2519 3594 2571 ad

2027 2649 2242 2692 nostros
2266 2632 2618 2703 repromissio
2653 2628 2792 2681 facta
2823 2631 2929 2686 est,
2960 2619 3224 2690 quoniam
3256 2616 3398 2668 hanc
3455 2612 3600 2666 Deus

2027 2728 2340 2792 adituplcvit
2369 2725 2493 2779 [iliis
2523 2721 2725 2777 nostris
2751 2714 3089 2772 resuscitatus
3112 2708 3296 2764 Jesum
3335 2706 3402 2762 ⁶¹.
3437 2723 3454 2754 ι
3486 2705 3601 2757 Au-

2027 2816 2595 2874 dis?Promissionem
2630 2810 2784 2870 dicit,
2848 2821 2971 2875 quae
3001 2801 3064 2855 ad
3100 2807 3280 2870 patres
3331 2795 3469 2848 facta
3495 2801 3598 2847 est.

2029 2912 2202 2976 Quam
2236 2904 2700 2976 promissionem?
2734 2900 3070 2954 Mortuornm
3106 2892 3315 2949 scilicet
3357 2901 3601 2942 resurre-

2029 3002 2291 3061 ctionem,
2329 3010 2491 3065 quam
2539 2989 2882 3052 conﬁrmavit
2931 2996 2982 3040 et
3014 2981 3310 3040 declaravit
3359 2976 3515 3031 nobis
3542 2975 3606 3027 ﬁ-

352 3095 433 3156 εἰς
467 3093 830 3165 Ἰερουσαλήμ
857 3110 870 3124 ’
896 3093 1113 3156 οἵτινές
1143 3095 1249 3147 εἰσι
1279 3067 1560 3164 μάρτυρες
1590 3093 1754 3147 αὐτοῦ
1785 3093 1920 3161 πρὸς

2031 3094 2119 3147 liis
2149 3101 2360 3161 patrum
2395 3088 2636 3148 illorum,
2667 3099 2763 3152 per
2786 3080 3243 3137 resurrectionem
3285 3073 3415 3128 Iesu
3441 3067 3602 3123 Chri-

352 3187 441 3239 τὸν
469 3185 598 3238 λαόν
625 3201 640 3214 ·
679 3187 770 3237 καὶ
801 3187 963 3254 ἡμεῖς
995 3184 1466 3253 εὐαγγελιζόμεθα
1514 3186 1614 3253 τὴν
1643 3186 1776 3253 πρὸς
1800 3186 1923 3245 τοὺς

353 3279 600 3346 παοτέρας
630 3274 961 3342 ἐπαγγελίαν
993 3275 1299 3344 γενομένην
1324 3292 1338 3304 ·
1387 3275 1470 3326 ὅτι
1503 3273 1708 3342 ταύτην
1741 3278 1767 3326 ό
1798 3274 1927 3334 Θεῦς

352 3366 758 3434 ἐκπεπλήρωκε
795 3367 906 3427 τοῖς
961 3365 1173 3427 τέκνοις
1215 3365 1392 3418 αὐτῶν
1429 3365 1582 3434 ἡμῖν,
1616 3364 1928 3434 ἀναστήσας

367 3456 596 3526 Ἰησοῦν.
653 3476 672 3509 ι
709 3456 994 3524 Ἀκούεις;
1028 3456 1125 3534 τὴν
1177 3456 1509 3525 ἐπαγγελίαν
1553 3457 1687 3525 φησὶ
1712 3456 1810 3524 τὴν
1840 3473 1931 3522 γε-

353 3548 588 3617 νομένην
621 3547 757 3618 πρὸς
775 3549 902 3610 τοὺς
937 3547 1203 3616 πατέρας’
1233 3549 1395 3600 ποίαν
1427 3546 1800 3614 ἐπαγγελίαν;
1831 3547 1928 3614 τὴν

351 3641 460 3691 τῶν
502 3639 711 3710 νεκρῶν
747 3638 1112 3704 ἐξανάστασιν
1159 3639 1355 3709 δηλαδή
1379 3657 1394 3672 ο
1431 3659 1449 3690 ι
1489 3638 1588 3691 Ἦν
1630 3639 1926 3692 ἐϐεϐαίωσε

352 3733 448 3785 καὶ.
472 3731 738 3802 ἐδήλωσεν
767 3732 796 3784 6
817 3731 958 3807 βεδς
986 3732 1121 3800 ἡμῖν
1146 3733 1258 3793 τοῖς
1283 3732 1498 3794 τέκνοις
1526 3731 1636 3784 τῶν
1669 3733 1927 3802 πατέρων

352 3821 597 3884 ἐκείνων,
626 3823 699 3874 δι’
732 3821 1082 3884 ἀναστάσεως
1100 3821 1276 3889 Ἰησοῦ
1311 3820 1550 3889 Χριστοῦ
1583 3825 1646 3874 ἐκ
1674 3822 1887 3892 νεκρῶν
1909 3837 1924 3854 ⁸

353 3908 416 3968 οὗ
470 3916 631 3984 ἡμεῖς
678 3915 844 3982 ἐσμεν
895 3911 1150 3980 ἀψευδεῖς
1199 3912 1299 3982 τῆς
1350 3913 1703 3976 ἀναστάσεως
1761 3913 1926 3966 αὐτοῦ

356 4007 638 4078 μάρτυρες
663 4021 679 4037 ο
713 4007 894 4068 αὐτοῖς
930 4005 1036 4074 γὰρ
1083 4004 1385 4072 ὀφθαλμοῖς
1437 3989 1762 4074 ἑωράκαμεν
1787 4021 1800 4036 ·
1835 4007 1928 4058 καὶ

353 4102 409 4154 αἱ
439 4102 618 4168 χεῖρες
662 4098 824 4168 ήμῶν
854 4098 1233 4168 ἐψηλάφησαν.
1269 4099 1377 4150 Καὶ
1419 4099 1528 4152 ἰδοὺ
1581 4098 1927 4165 εὐαγγελιζό-

357 4192 502 4259 μεθα
543 4194 667 4261 ὑμῖν
710 4191 919 4262 Ἰησοῦν
966 4191 1202 4260 Χριστὸν
1245 4189 1588 4258 πρωτότοκον
1624 4192 1686 4242 ἐκ
1715 4191 1926 4258 νεκρῶν

351 4288 686 4348 ἀναστάντα,
715 4286 793 4347 εἰς
824 4285 1115 4354 βεϐαίωσιν
1143 4285 1235 4352 τῆς
1263 4283 1528 4351 ἀψευδοῦς
1561 4285 1727 4338 αὑτοῦ
1757 4285 1926 4350 ἐπαγ·

2031 3186 2100 3240 sti
2131 3203 2158 3235 a
2195 3181 2462 3244 mortuis;
2513 3177 2671 3244 cujus
2702 3172 3122 3228 resurrectionis
3146 3183 3248 3222 nos
3286 3164 3400 3221 veri
3437 3170 3602 3215 testes

2031 3289 2218 3330 sumus
2246 3291 2260 3328 :
2292 3271 2494 3325 nostris
2516 3269 2657 3322 enim
2692 3265 2868 3318 oculis
2910 3261 3272 3330 inspeximus.
3322 3258 3375 3310 ct
3404 3269 3600 3307 manus

2030 3373 2229 3420 nostra:
2259 3363 2565 3432 palparunt.
2594 3358 2656 3411 Et
2679 3371 2807 3411 ecce
2835 3354 2986 3408 vobis
3006 3347 3396 3404 annuntiamus
3413 3345 3596 3399 Jesum

2030 3456 2306 3521 Christum
2341 3449 2790 3522 primogenitum,
2847 3445 2938 3514 qui
2971 3457 2999 3496 a
3030 3439 3260 3495 mortuis
3303 3433 3606 3492 resurrexit

2030 3549 2096 3602 ad
2138 3561 2278 3601 verte
2318 3560 2431 3600 suae
2466 3539 2848 3612 promissionis
2907 3531 3420 3594 conﬁrmationem;
3477 3541 3602 3580 nam

2031 3658 2129 3711 per
2158 3638 2616 3694 resurrecnouem
2665 3647 2819 3687 suam
2867 3637 3098 3684 mortem
3153 3636 3448 3681 evacuans,
3479 3617 3604 3672 nni-

2029 3734 2291 3790 versalem
2323 3732 2466 3785 illam
2487 3738 2540 3784 et
2561 3725 2895 3782 tremendam
2927 3718 3388 3776 resurrectionem
3418 3719 3607 3765 osten—

2017 3825 2130 3888 edit,
2167 3838 2327 3892 quam
2364 3819 2636 3890 pollicitus
2667 3824 2751 3870 est
2807 3811 3051 3884 patribus
3101 3805 3325 3867 nostris,
3374 3809 3435 3856 ut
3480 3807 3610 3852 ante

2029 3915 2230 3969 dictmu
2263 3924 2364 3967 est.
2400 3930 2416 3962 ι
2443 3911 2509 3964 Ει
2531 3911 2646 3977 ipse
2670 3917 2755 3962 est
2776 3905 2868 3974 qui
2928 3901 3198 3972 promisit,
3229 3907 3282 3954 et
3313 3897 3365 3950 in
3423 3893 3607 3959 seipso

2029 4011 2264 4080 primum
2287 4006 2474 4059 volens
2495 3999 2733 4056 ostendit
2749 4013 2866 4052 eam
2882 4038 2897 4062 ,
2930 4010 3054 4048 cum
3075 3994 3140 4047 ad
3163 4000 3409 4044 mortuos
3427 3985 3608 4040 venis-

2030 4110 2111 4154 ενι
2144 4099 2290 4153 etab
2319 4097 2400 4150 eis
2428 4093 2822 4163 primogenitus
2887 4083 3304 4140 rosum-sisset.
3346 4091 3506 4146 quam
3547 4075 3602 4131 in

2024 4196 2135 4249 line
2185 4191 2506 4246 srcculorum
2547 4185 2799 4240 omnibus
2855 4181 2905 4232 in
2958 4189 3246 4231 commune
3291 4168 3602 4240 pratbehit.»

2029 4288 2237 4342 Idcirco
2272 4295 2320 4338 et
2361 4278 2756 4351 priutogeuitus
2789 4269 3118 4326 universalis
3185 4266 3332 4318 illius
3358 4275 3609 4315 resurre-

353 4382 563 4447 γελίας.
595 4379 862 4449 Ἐδήλωσε
881 4380 988 4450 γάρ
1015 4378 1102 4432 διὰ
1125 4379 1220 4448 τῆς
1246 4377 1409 4430 αὐτοῦ
1426 4379 1772 4439 ἀναστάσεως
1803 4397 1924 4432 κατ-

2029 4379 2228 4434 ctionis
2249 4376 2499 4430 Christus
2518 4370 2737 4434 dicitur,
2754 4377 2813 4421 ut
2833 4363 3033 4418 Paulus
3049 4362 3240 4416 beatus
3255 4351 3608 4417 exclamat",

353 4474 614 4542 αργήσας
653 4473 743 4524 τὸν
778 4471 1029 4535 θάνατον,
1052 4470 1150 4540 τὴν
1177 4471 1516 4539 παγκὸσμιον
1569 4472 1788 4538 ἐκείνην
1835 4473 1928 4524 γα¹ι

353 4563 590 4634 φοϐερὰν
642 4562 1023 4628 ἐξανάστασιν,
1069 4562 1134 4631 ἢν
1176 4561 1444 4630 ὑπέσχετο
1494 4565 1604 4623 τοῖς
1645 4562 1924 4631 πατράσιν

353 4657 528 4724 ἡμῶν,
565 4655 640 4718 ὡς
677 4655 1033 4724 ¹προείρηται.
1072 4653 1184 4706 Καὶ
1217 4654 1382 4714 αὑτός
1412 4655 1560 4706 ἐστιν
1589 4655 1616 4705 6
1665 4655 1928 4722 ἐπαγγει-

353 4748 622 4818 λάμενοςο
659 4747 751 4800 καὶ
804 4748 863 4798 ἐν
910 4745 1058 4816 αὺτῷ
1090 4745 1324 4816 πρώτως
1365 4729 1599 4815 θελήσας
1650 4747 1927 4811 ὑπέδειξεν

353 4839 548 4908 αὐτὴν,
585 4839 878 4908 γενόμενος
910 4840 968 4890 ἐν
999 4841 1232 4907 νεκροῖς,
1263 4838 1356 4891 καὶ
1387 4839 1623 4900 ἀναστὰς
1661 4839 1718 4902 ἐξ
1752 4840 1929 4895 αὐτῶν

355 4931 736 5000 πρωτότοκοςο
779 4930 846 4999 ἥν
905 4931 999 4983 καὶ
1048 4929 1141 4982 ἐπὶ
1203 4929 1488 5000 συντελείᾳ
1529 4929 1638 4983 τῶν
1692 4930 1926 4994 αἰώνων,

353 5021 554 5086 κοινῶς
590 5023 723 5074 πᾶσι
757 5021 1072 5089 παρέξεται.
1115 5021 1213 5074 Διά
1246 5020 1403 5074 τοῦτο
1443 5023 1535 5074 καὶ
1588 5022 1928 5092 πρωτότοκος

352 5113 453 5182 τῆς
484 5111 872 5182 οίκουμενικῆς
907 5113 1120 5182 ἐκείνης
1153 5113 1502 5176 ἀναστάσεως
1523 5115 1550 5167 6
1579 5115 1813 5185 Χριστὸς
1840 5116 1929 5167 λέ-

355 5220 538 5269 γεταιη,
586 5204 768 5284 καθὼς
819 5203 1028 5267 Παῦλος
1075 5205 1176 5274 βοᾷ
1223 5205 1250 5256 6
1286 5205 1581 5276 μακάριος,
1641 5207 1726 5260 ἵνα
1779 5206 1928 5278 δείξῃ

355 5296 489 5364 ἡμῖν
518 5297 600 5349 ὅτι
631 5296 795 5358 αὑτός
823 5297 973 5349 ἐστιν
1009 5297 1036 5349 6
1069 5297 1313 5368 ἀρχηγὸς
1347 5301 1440 5351 καὶ
1490 5300 1692 5368 Κύριος
1724 5300 1816 5366 καὶ
1841 5315 1928 5351 τε-

355 5387 586 5457 λειωτὴς
622 5383 850 5458 ταύτης.
885 5389 1022 5456 Φησὶ
1064 5389 1172 5458 γάρ
1195 5405 1208 5421 ·
1246 5408 1264 5440 ι
1309 5390 1546 5458 Χριστὸς
1595 5390 1840 5459 ἐγερθεὶς
1869 5393 1930 5442 ἐκ

359 5479 589 5547 νεκρῶν,
649 5480 874 5550 ἀπαρχὴ
925 5481 1032 5533 τῶν
1065 5481 1486 5551 κεκοιμημένων
1540 5481 1794 5549 ἐγένετο·
1843 5482 1928 5531 ἵνα

358 5566 392 5642 ᾖ
421 5569 580 5633 αὐτὸς
611 5573 679 5624 τὰ
721 5572 896 5626 πάντα
941 5574 999 5626 ἐν
1033 5576 1167 5629 πᾶσι
1200 5573 1517 5644 πρωτεύων,
1550 5575 1644 5627 καὶ
1687 5574 1771 5626 ἵνα
1803 5571 1962 5625 ὺπ-νιο“

2038 4483 2099 4526 ιιι
2123 4471 2284 4524 nobis
2315 4463 2568 4520 ostendat
2596 4476 2720 4514 cum
2760 4469 3039 4512 auctorem
3069 4467 3190 4507 esse
3219 4448 3532 4508 Dominum,
3556 4452 3612 4496 et

2031 4561 2385 4632 perlectorem
2411 4556 2551 4623 ejus.
2587 4550 2772 4619 Inqnit
2829 4549 2974 4601 enim
3006 4559 3020 4597 :
3067 4563 3084 4595 ι
3109 4541 3362 4597 Christus
3424 4551 3609 4590 resur-

2030 4669 2161 4722 gens
2191 4668 2219 4706 a
2263 4649 2496 4704 mortuis
2563 4642 2818 4714 primitize
2870 4636 3257 4693 dormientium
3306 4631 3481 4684 factus
3504 4635 3608 4690 est,

2031 4757 2090 4802 ut
2121 4747 2236 4813 ipse
2264 4741 2621 4808 undequaquc
2645 4738 2697 4788 iu
2723 4735 2974 4787 munibus
2995 4729 3204 4798 primus
3224 4735 3392 4786 esset,
3423 4731 3478 4774 et
3507 4720 3608 4786 ipsi

2031 4838 2216 4891 omnia
2271 4828 2738 4900 subjicercutur”
2778 4843 2826 4878 ,ι
2869 4824 2935 4877 Ει
2977 4823 3174 4876 iterum
3237 4837 3249 4874 :
3314 4814 3612 4868 «Christus

2032 4935 2284 4983 mortuus
2317 4935 2418 4988 est,
2453 4932 2506 4976 et
2559 4918 2884 4980 resurrexit,
2920 4924 2974 4970 et
3007 4914 3255 4980 ι’,ἰιὶιηιιι
3279 4919 3335 4962 et
3371 4915 3616 4962 mortuo-

2031 5035 2151 5075 rum
2176 5029 2230 5072 ct
2260 5018 2502 5071 vivorum
2524 5013 2832 5069 dominetur
2860 5009 2961 5061 “.n
2993 5004 3278 5071 Amplius:
3317 5021 3332 5050 ε
3361 4998 3465 5063 Qui
3495 5011 3616 5048 sus-

2031 5113 2216 5167 citavit
2240 5111 2452 5174 Jcsum,
2489 5116 2543 5162 et
2569 5123 2669 5160 nos
2704 5121 2825 5158 cum
2847 5102 2975 5156 Jesu
2999 5094 3308 5150 suscitabit.
3337 5101 3390 5144 et
3411 5087 3620 5142 constiq

2031 5216 2143 5261 tuet
2177 5205 2459 5258 nobiscum
2499 5202 2563 5254 6³.
2595 5219 2612 5251 ι
2661 5200 2924 5253 Praeterea
2962 5206 2975 5242 :
3014 5208 3032 5240 ι
3060 5187 3122 5240 Et
3163 5200 3264 5240 nos
3331 5183 3612 5250 rapiemur

2041 5314 2164 5353 cum
2207 5295 2312 5350 illis
2343 5294 2396 5348 in
2421 5292 2659 5347 nubibus
2676 5271 2890 5341 obviam
2923 5280 3144 5335 Christo
3177 5279 3228 5328 in
3262 5290 3384 5328 aera
3416 5290 3429 5325 :
3459 5281 3512 5324 ct
3535 5271 3615 5325 sic

2041 5403 2256 5457 semper
2291 5402 2414 5442 cum
2468 5383 2700 5438 Domino
2736 5379 2940 5433 erimus
2966 5373 3031 5427 ⁸⁸.
3057 5391 3074 5422 ι
3135 5371 3280 5424 Idem
3331 5367 3534 5422 Paulus
3560 5364 3612 5423 iu

2021 5465 2419 5550 Apostolorum
2477 5473 2645 5537 Actis,
2687 5480 2742 5523 ut
2775 5469 2947 5522 Lucas
3006 5464 3217 5529 scribit,
3269 5460 3462 5529 inquit.
3487 5472 3610 5510 cum

2044 5571 2276 5638 Agrippa
2323 5579 2447 5633 rege
2469 5576 2777 5618 sermonem
2812 5560 3017 5613 habens
3072 5571 3084 5606 :
3130 5575 3146 5602 ‹
3177 5552 3351 5606 Vitam
3391 5549 3614 5619 quidem

432 5682 624 5758 “Act.
649 5702 764 5752 xm,
789 5685 858 5742 26
884 5703 1035 5758 seqq.
1118 5689 1160 5721 "
1180 5684 1413 5756 (161053.,
1444 5703 1482 5753 ι,
1518 5687 1598 5744 l3.
1681 5688 1724 5718 "
1753 5687 1767 5741 l
1799 5687 1918 5741 (lor.

3130 5637 3142 5654 .

2026 5725 2037 5744 ,
2063 5683 2154 5735 9.3.
2237 5679 2278 5711 6“
2317 5680 2474 5731 lium.
2504 5693 2612 5740 MV,
2654 5676 2703 5726 τὶ.
2783 5673 2825 5704 ⁸⁵
2859 5672 3013 5726 Hior.
3044 5685 3112 5733 vt,
3153 5669 3231 5721 Ii.
3311 5663 3610 5720 6‘il'l'hess.

361 5767 433 5820 ιν,
487 5752 568 5808 16.
