3966 6198
306 258 457 351 ’1309

918 263 1067 325 PRO
1127 260 1339 328 CONE.
1388 265 1940 331 FI.ORENT.CAP.
1983 272 2050 334 V.
2130 272 2229 332 DE
2273 269 2621 333 PRIMATU
2657 269 2886 333 PAP/E.

3432 272 3569 337 1310

2848 421 3544 436 ~—.—..——————.——-....7-__a.-

639 576 1211 664 ΑΠΟΛΟΓΙΑ
1291 580 1550 666 IIEPI
1627 581 1858 667 ΤΟΥ
1933 581 2508 677 ΠΕΜΠΤΟΥ
2603 532 3259 675 ΚΕΦΑΛΑΙΟΥ

1383 769 1521 827 ΤΩΝ
1567 767 1656 827 EN
1704 766 1792 836 Tu
1838 764 1974 838 om
2007 771 2144 823 τιιΣ
2190 770 2507 826 ΣΥΝΟΔΟΥ

387 932 514 991 ὀτι
562 932 799 1005 δικαίως
816 929 1030 1011 ἐρρέθη
1057 930 1157 995 καὶ
1179 928 1445 1007 ἀληθῶς,
1469 929 1550 995 ὡς
1576 931 1610 992 ό
1666 932 1877 999 πόκας
1900 929 2031 984 ἐστὶ
2055 933 2289 1003 κεφαλὴ
2306 933 2511 1004 πάσης
2536 934 2648 1005 τῆς
2674 934 2779 990 τοῦ
2807 934 3068 1003 Χριστοῦ
3112 934 3498 1004 Ἐ’κκλησίας.

1894 1106 1965 1118 ⁵-

942 1292 1889 1389 DEMONSTRATIO
1964 1295 2398 1402 QUINTI
2480 1295 2945 1385 CAPITIS

1850 1504 2032 1547 EOBUI

1116 1659 1296 1733 QURE
1340 1658 1421 1723 IN
1459 1658 1813 1723 DECRETO
1852 1626 2135 1723 SYNODI
2189 1661 2748 1724 CONTINENTUR

507 1814 687 1894 Quod
742 1818 915 1896 juste
970 1830 1229 1891 vereque
1286 1813 1522 1875 dictum
1608 1817 1716 1895 sit,
1776 1836 2001 1903 papam
2050 1824 2235 1892 caput
2291 1834 2416 1876 esse
2474 1816 2666 1877 totius
2721 1813 3017 1880 Ecclesitz
3080 1815 3343 1880 Christi.

1047 2143 1129 2200 Κ.

391 2237 519 2290 Ἰδοὺ
548 2239 642 2295 καὶ
674 2237 736 2297 τὸ
768 2238 1021 2305 πέμπτον
1048 2240 1145 2295 καὶ
1176 2239 1481 2296 τελευταῖον
1504 2239 1595 2295 τοῦ
1624 2240 1752 2309 ὅρου
1787 2255 1884 2295 κε·

308 2332 558 2400 φάλαιον,
614 2326 750 2401 ἧκεν
808 2331 1109 2400 ἀπολογίαν
1162 2310 1391 2397 λαϐεῖν,⁹
1425 2333 1606 2397 καθὼς
1660 2334 1754 2385 καὶ
1817 2331 1886 2385 τὰ

309 2423 613 2488 φθάσαντα.
660 2422 814 2476 Ἐπεὶ
850 2418 945 2476 οὖν
989 2423 1086 2499 οὐχ
1132 2424 1540 2495 ὑπεστειλάμην
1593 2425 1769 2477 εἰπεῖν
1819 2423 1885 2476 τά

306 2516 565 2571 δοκοῦντα
597 2516 727 2587 περὶ
755 2514 865 2572 τῶν
901 2514 1362 2584 παρεληλυθότων
1404 2516 1682 2585 τεττάρων
1713 2532 1884 2583 κεφα-

308 2607 496 2672 λαίων,
523 2608 642 2665 οὐδὲ
681 2608 812 2677 περὶ
842 2607 1037 2661 τούτου
1071 2606 1191 2660 δέον
1225 2607 1375 2662 ἐστὶν
1406 2609 1553 2679 ἡμᾶς
1586 2606 1884 2675 σιωπῆσαι,

307 2702 402 2751 καὶ
435 2700 509 2769 μὴ
546 2699 730 2756 δοῦναι
760 2698 858 2770 τὴν
886 2700 1212 2769 πρέπουσαν
1244 2699 1563 2769 ἀπολογίαν.
1604 2700 1763 2760 Εἰκὸς
1789 2694 1885 2751 οὖν

306 2795 422 2845 ἐστι
457 2795 595 2860 μετὰ
623 2793 807 2861 πάσης
840 2791 1154 2863 προθυμίας
1186 2792 1280 2844 καὶ
1315 2795 1449 2861 περὶ
1476 2792 1668 2846 τούτου
1701 2792 1769 2845 τὰ
1796 2790 1884 2843 δυο

306 2885 443 2941 νατὰ
474 2887 661 2950 φάναι.
696 2885 781 2937 ἵνα
816 2886 891 2953 μὴ
932 2884 1162 2953 ἄμοιρον
1216 2884 1375 2955 μείνῃ
1398 2899 1411 2913 ⁸
1445 2883 1580 2937 ἀλλὰ
1617 2884 1712 2936 καὶ
1748 2882 1885 2950 μετά

304 2978 416 3035 τῶν
446 2978 623 3035 ἄλλων
636 2978 768 3033 αὐτὸ
789 2977 1224 3047 συναριθμηθείη
1249 2978 1615 3047 ὠχυρωμένον
1632 2980 1749 3038 ταῖς
1776 2974 1884 3029 τῶν

307 3071 469 3140 ἱερῶν
500 3071 760 3143 Πατέρων
789 3070 885 3126 καὶ
934 3069 1274 3125 διδασκάλων
1320 3068 1745 3138 ὲκφαντορικαῖς
1789 3067 1884 3122 καὶ

303 3166 642 3232 θεολογικαῖς
679 3165 1013 3234 μαρτυρίαις
1044 3180 1058 3195 ο
1086 3163 1217 3216 ὥστ’
1246 3156 1390 3217 εἶναι
1434 3161 1885 3231 πεπληρωμένην

303 3258 484 3310 πᾶσαν
516 3255 614 3323 τὴν
645 3253 924 3325 ἡμετέραν
966 3253 1285 3322 ὑπόσχεσιν.
1317 3251 1384 3304 Τί
1414 3253 1468 3304 δὲ
1508 3251 1654 3303 τοῦτ’
1689 3252 1839 3303 ἐστιν
1866 3266 1880 3315 ;

308 3348 372 3402 'il
398 3348 501 3418 τῆς
534 3345 863 3414 Ἐκκλησῗας
906 3344 1071 3414 ἁρχὴ,
1120 3344 1181 3395 τὸ
1214 3342 1309 3397 τοῦ
1370 3343 1527 3396 πάπα
1561 3343 1841 3409 ,πρωτεῖον
1866 3356 1881 3372 ο

296 3444 373 3503 ὡς
397 3443 425 3494 ὁ
460 3439 604 3510 ἱερὸς
634 3439 729 3507 τῆς
762 3437 983 3490 συνόδου
1018 3438 1143 3504 ὄρος
1183 3436 1485 3507 διαρρήδην
1535 3433 1658 3504 βοᾷ·
1699 3452 1719 3487 ι
1757 3434 1879 3487 Ἔτι

295 3530 650 3602 διοριζόμεθα
707 3528 807 3598 τὴν
858 3527 1228 3597 ἀποστολικὴν
1293 3526 1581 3594 καθέδραν.
1640 3528 1738 3580 καὶ
1785 3527 1879 3579 τὸν

304 3623 613 3695 Ῥωμαϊκὸν
653 3621 938 3694 ἀρχιερέα,
970 3622 1052 3684 είς
1092 3620 1274 3673 πᾶσαν
1318 3619 1416 3687 τὴν
1449 3618 1787 3689 οἰκουμένην
1818 3620 1879 3673 τὸ

298 3720 570 3787 πρωτεῖον
597 3716 853 3784 κατέχειν
878 3731 894 3747 ο
930 3714 1097 3769 αὐτόν
1125 3730 1183 3766 τε
1208 3714 1299 3769 τὸν
1340 3711 1653 3779 Ῥωμαϊκὸν
1691 3714 1880 3783 ἀρχιε-

296 3814 417 3883 ρέα,
452 3810 695 3879 διάδοχον
721 3804 863 3861 εἶναι
888 3805 985 3863 τοῦ
1029 3804 1306 3876 μακαρίου
1339 3804 1547 3873 Πέτρου
1583 3803 1679 3857 τοῦ
1712 3822 1879 3873 κορυ-

294 3904 455 3970 φαίου
499 3902 611 3954 τῶν
637 3898 979 3961 ἀποστόλων,
1025 3897 1121 3950 καὶ
1165 3896 1332 3951 αὐτοῦ
1367 3896 1462 3952 τοῦ
1508 3895 1748 3966 Χριστοῦ
1783 3898 1877 3949 ἐπὶ

294 3994 400 4063 γῆς
428 3991 829 4062 τοποτηρητὴν,
864 3990 963 4045 καὶ
1008 3989 1241 4059 πατέρα,
1287 3989 1382 4041 καὶ
1423 3986 1744 4042 διδάσκαλον
1770 3987 1879 4039 τῶν

294 4086 638 4161 Χριστιανῶν
678 4084 957 4137 ἁπάντων.
994 4100 1011 4133 ι
1053 4080 1229 4135 Τοῦτο
1260 4080 1478 4150 ἀληθῶς
1510 4079 1611 4135 οὑκ
1653 4075 1768 4132 οἶδα
1793 4077 1880 4141 τίς

295 4184 447 4235 ἐστιν
474 4180 502 4234 ὁ
533 4178 833 4244 δυνάμενος
883 4173 1253 4244 ἀρνήσασθαι,
1292 4172 1579 4243 προδήλως
1617 4170 1712 4225 τοῦ
1744 4170 1878 4240 Χρι-

297 4271 427 4325 στοῦ
453 4273 549 4325 καὶ
572 4269 683 4325 τῶν
714 4268 1052 4323 διδασκάλων
1084 4266 1336 4336 βοώντων
1370 4265 1605 4336 βροντῆς
1634 4260 1878 4332 γεγωνό-

294 4383 476 4436 τερον,
519 4364 579 4421 Ὀ
633 4364 733 4433 μὲν
766 4359 859 4417 οὖν
896 4360 1135 4431 Χριστὸς
1189 4359 1295 4428 πρὸ
1346 4357 1545 4425 καιροῦ
1602 4356 1699 4411 τοῦ
1745 4358 1877 4410 ἰδίου

296 4459 528 4522 πάθους,
576 4456 677 4525 τὴν
706 4455 847 4524 πρὸς
878 4455 945 4507 τὰ
981 4454 1121 4524 μέρη
1175 4451 1516 4518 Καισαρείας
1552 4450 1651 4519 τῆς
1690 4451 1875 4503 Φιλίπ-

297 4569 401 4605 που
432 4550 549 4603 ὁδὸν
580 4550 926 4615 ποιούμενος,
957 4546 1215 4616 ἠρώτησε
1243 4545 1371 4608 τοὺς
1414 4543 1662 4614 μαθητὰς
1688 4543 1877 4609 αὐτοῦ,

292 4646 502 4713 λέγων’
534 4662 553 4695 ι
595 4644 732 4697 Τίνα
768 4657 835 4709 με
885 4640 1141 4707 λέγουσιν
1172 4639 1223 4690 oi
1273 4637 1555 4706 ἄνθρωποι
1604 4630 1747 4689 εἶναι
1787 4637 1880 4689 τὸν

292 4738 411 4792 υἱὸν
444 4735 539 4790 τοῦ
584 4732 878 4803 ἀνθρώπου
902 4747 950 4797 ;»
997 4730 1107 4785 Καὶ
1136 4728 1238 4799 δρα
1266 4728 1583 4798 τδνιάκριϐἦ
1621 4729 1723 4798 τῆς
1755 4728 1878 4780 θεο-

1917 2144 1967 2202 Δ

2064 2242 2203 2297 Ecce
2242 2243 2492 2313 quintum
2515 2252 2571 2297 et
2594 2243 2844 2299 uitimmn
2868 2246 3072 2301 decreti
3124 2254 3287 2316 caput
3340 2244 3573 2308 accedit,

1992 2344 2047 2387 ut
2086 2350 2240 2390 suam
2277 2336 2689 2405 responsionem
2720 2338 2973 2405 accipiat.
3033 2339 3490 2407 quemadmodum
3520 2344 3575 2391 et

1993 2428 2373 2496 prmcedentia.
2411 2429 2551 2499 Ergo
2586 2430 2712 2497 quia
2777 2429 3018 2484 laborem
3080 2430 3389 2498 explicandi
3453 2446 3574 2499 qua:

1991 2519 2126 2575 Inibi
2157 2519 2225 2573 de
2251 2532 2489 2589 quatuor
2516 2521 2705 2587 primis
2738 2520 3011 2588 capitibus
3078 2521 3410 2582 viderentur,
3464 2537 3571 2574 non

1988 2613 2196 2681 dciugi,
2217 2628 2561 2683 nequaquam
2587 2613 2741 2668 decet
2777 2614 2878 2668 boc
2907 2622 3002 2668 aut
3027 2614 3248 2667 silentio
3272 2613 3572 2675 inrolverc.

1987 2716 2081 2761 aut
2117 2706 2299 2761 debita
2333 2704 2688 2775 responsione
2719 2704 2991 2762 fraudare.
3020 2706 3257 2774 Equum
3282 2707 3576 2771 estigitur,

1985 2800 2138 2853 omni
2171 2797 2418 2851 adhibito
2447 2797 2657 2860 studio,
2690 2807 2745 2851 et
2777 2796 2845 2851 de
2900 2797 3005 2852 boc
3055 2798 3235 2866 capite
3290 2813 3411 2866 qua:
3469 2798 3575 2850 dici

1987 2899 2221 2962 possunt
2253 2891 2469 2952 all‘erre.
2523 2907 2591 2947 ne
2640 2898 2695 2945 et
2757 2892 2936 2960 ipsum
3010 2892 3192 2945 debita
3240 2893 3342 2946 sibi
3396 2903 3573 2946 careat

1991 2985 2293 3055 portione;
2316 2982 2429 3039 imo
2454 2993 2505 3038 et
2537 2985 2659 3037 aliis
2688 2983 3018 3053 adjungatur
3043 2999 3323 3037 sacrorum
3353 2981 3573 3036 Patrum

1983 3090 2038 3135 et
2067 3079 2355 3134 doctorum
2375 3078 2576 3133 divinis
2605 3087 2660 3131 et
2711 3077 3029 3147 tbeologicis
3064 3076 3394 3132 testimoniis
3426 3092 3577 3131 com-

1984 3175 2283 3235 munitum,
2309 3182 2368 3225 ut
2394 3173 2671 3226 cumulate
2704 3173 2847 3233 quod
2899 3171 3129 3241 polliciti
3189 3186 3379 3224 smnus
3442 3186 3579 3239 pne-

1988 3273 2214 3317 stemus.
2242 3263 2511 3327 Quidnam
2543 3278 2671 3317 vero
2730 3263 2832 3315 boc
2891 3262 3019 3317 est?
3052 3262 3312 3316 Ecclesia:
3366 3273 3531 3329 caput
3559 3278 3574 3317 :

1986 3370 2139 3425 papa:
2170 3355 2457 3424 primatus,
2501 3354 2960 3423 quemadmodum
3007 3370 3177 3408 sacrae
3226 3353 3419 3423 synodi
3484 3354 3579 3407 de-

1986 3455 2199 3502 cretum
2228 3454 2418 3514 aperte
2450 3442 2672 3500 clamat.
2712 3463 2733 3496 ι
2765 3444 3030 3499 Prmterca
3064 3443 3411 3498 decernimus
3445 3460 3576 3513 apo-

1982 3537 2233 3594 stolicam
2270 3535 2453 3591 sedem
2479 3546 2534 3591 et
2559 3534 2866 3590 Romanum
2914 3535 3227 3603 pontiﬁcem
3263 3537 3317 3591 in
3351 3540 3577 3590 univer-

1984 3646 2103 3685 sum
2140 3630 2324 3683 orbem
2364 3629 2660 3698 primatum
2717 3629 2985 3690 obtinere,
3044 3629 3409 3697 eutndemque
3448 3643 3573 3682 esse

1985 3723 2123 3777 beati
2156 3722 2298 3775 Petri
2326 3721 2587 3789 principis
2640 3722 3012 3790 apostolorum
3081 3736 3485 3783 successorem,
3520 3730 3574 3775 et

1983 3817 2156 3882 ipsius
2182 3815 2386 3869 Christi
2425 3816 2479 3868 in
2517 3814 2679 3867 terris
2725 3814 3014 3877 vicarium,
3095 3812 3333 3878 Patrem,
3402 3815 3572 3880 magi-

1984 3920 2161 3964 strum
2187 3908 2431 3962 omnium
2455 3908 2953 3962 Christianorum.)
2980 3906 3094 3963 Hoc
3122 3907 3365 3977 profecto
3387 3907 3572 3961 nescio

1984 4002 2261 4073 quomodo
2319 4002 2443 4069 quis
2506 4000 2735 4053 inliciari
2788 4000 2981 4067 possit.
3036 4016 3160 4053 eum
3216 4000 3567 4069 apertissime

1982 4096 2235 4149 Christus
2266 4102 2319 4147 et
2341 4108 2535 4150 omnes
2589 4091 2846 4146 doctores
2905 4090 3251 4145 manifestius
3304 4107 3469 4161 quam
3522 4094 3577 4157 si

1986 4182 2067 4235 vel
2103 4183 2407 4235 tonitruum
2437 4187 2777 4248 personaret,
2807 4182 2909 4232 boc
2942 4180 3116 4245 ipsum
3179 4179 3567 4237 vociicreotnr.

1982 4274 2234 4330 Christus
2267 4286 2397 4339 ergo
2423 4278 2548 4325 ante
2572 4284 2684 4325 sua:
2706 4270 2979 4338 passionis
3009 4279 3225 4338 tempus
3248 4271 3313 4323 ad
3330 4270 3570 4338 Philippi

1983 4366 2292 4419 Cazsaream
2356 4377 2612 4431 pergens,
2670 4361 3029 4429 interrogavit
3084 4360 3382 4429 discipulos
3438 4378 3586 4425 suos

1983 4459 2173 4513 dicens
2214 4472 2227 4507 :
2272 4474 2291 4507 ι
2329 4454 2500 4521 Quem
2532 4469 2619 4507 me
2649 4452 2841 4506 dicunt
2889 4453 3139 4507 homines
3186 4468 3306 4508 esse
3342 4453 3564 4506 "Filium

1984 4550 2217 4605 hominis
2242 4550 2267 4603 ’ί
2296 4548 2711 4603 «Animadverte
2736 4545 3067 4614 exquisitum
3105 4546 3413 4616 tlteol0gici'
3451 4562 3570 4602 ser-

1985 4644 2164 4697 monis
2190 4655 2437 4696 sensum.
2470 4638 2604 4692 Nam
2640 4638 2860 4706 quando
2882 4638 2950 4691 de
2972 4640 3359 4694 communibus
3382 4638 3565 4693 homi-

1986 4749 2116 4787 num
2184 4731 2475 4787 sententiis
2546 4738 2938 4799 percontatur,
2996 4730 3225 4797 apostoli
3299 4740 3575 4800 occupant

292 4829 482 4895 λογίας
506 4826 653 4882 νοῦν.
683 4827 857 4879 Ὅταν
880 4824 983 4892 μὲν
1009 4822 1105 4877 οὖν
1130 4823 1260 4892 περὶ
1286 4822 1395 4875 τῶν
1426 4823 1624 4877 κοινῶν
1654 4823 1876 4878 ἐννοιῶν

1987 4824 2425 4894 responsionem,
2459 4822 2703 4877 dicentes
2736 4839 2833 4893 per
2854 4824 3117 4893 singulos,
3154 4824 3373 4894 quidam
3404 4823 3573 4879 Joan-

290 4921 403 4975 τῶν
438 4919 743 4990 ἀνθρώπων
797 4916 1110 4987 ἠρώτησεν,
1157 4917 1208 4969 oi
1256 4914 1548 4969 ἀπόστολοι
1609 4912 1874 4984 φθάνουσι

288 5015 389 5084 τὴν
418 5014 736 5083 ἀπολογίαν,
772 5012 1022 5080 λέγοντες
1044 5010 1149 5073 ἀνὰ
1171 5010 1361 5080 μέρος,
1413 5010 1465 5061 oi
1495 5010 1594 5079 μὲν
1618 5007 1874 5080 Ἰωάννην

288 5108 383 5163 τὸν
422 5107 773 5175 Βαπτιστήν·
813 5104 991 5175 ἕτεροι
1036 5104 1287 5171 λέγουσιν
1344 5098 1489 5155 εἷναί
1541 5118 1602 5157 σε
1644 5102 1832 5158 Ἠλίαν
1859 5119 1875 5137 ’

288 5201 440 5261 ἄλλοι
480 5198 754 5269 Ἱερεμίαν
778 5212 793 5228 ·
844 5198 1026 5268 ἕτεροι
1055 5198 1112 5250 δὲ
1145 5196 1221 5259 ὼς
1270 5196 1366 5249 ἕνα
1390 5197 1522 5249 ’τῶν
1553 5196 1873 5266 προφητῶν.

291 5295 465 5349 Ὅταν
494 5294 549 5347 δὲ
578 5292 681 5363 τὴν
712 5289 896 5346 αὐτῶν
918 5292 1147 5360 γνώμην
1176 5287 1364 5359 ἠρώτα
1390 5289 1603 5358 μαθεῖν,
1630 5290 1725 5342 καὶ
1752 5290 1875 5343 τίνα

292 5387 358 5440 ἂν
390 5385 554 5456 ἔχωσι
580 5388 708 5457 περὶ
739 5383 903 5437 αὐτοῦ
930 5382 1224 5452 ὑπόληψιν,
1251 5382 1309 5435 ἐν
1342 5380 1420 5450 τῷ
1445 5383 1644 5445 εἰπεῖν,
1682 5381 1872 5451 Ὑμεῖς

290 5474 370 5539 δὲ,
396 5474 520 5528 τίνα
557 5489 625 5542 με
658 5473 846 5542 λέγετε
887 5468 1034 5525 εἶναι
1061 5488 1075 5537 ;
1117 5472 1251 5524 Τότε
1287 5470 1467 5534 οὐδεὶς
1500 5471 1609 5523 τῶν
1640 5472 1871 5525 ἀποστό-

289 5566 398 5619 λων
427 5564 735 5635 ἑφθέγξατο
758 5580 772 5596 ·
800 5564 977 5627 οὐδεὶς
1017 5562 1317 5633 ἀπεκρίθη,
1368 5564 1598 5616 Ἐκεῖνοι
1625 5565 1725 5631 μὲν
1763 5565 1873 5634 γὰρ

291 5658 549 5728 πρόεδροι
590 5661 703 5721 τοῖς
737 5658 942 5724 ἄλλοις,
976 5660 1004 5712 ὁ
1031 5658 1089 5710 δὲ
1140 5659 1365 5726 Πέτρος,
1404 5659 1676 5711 κάκείνων
1705 5660 1871 5728 πρόε-

291 5750 439 5817 δρος,
470 5752 560 5803 καὶ
596 5751 691 5817 τῆς
715 5752 1045 5820 οἰκουμένης
1085 5749 1326 5820 ἁπάσης.
1368 5751 1625 5806 Κάκεῖνοι
1658 5750 1758 5820 μὲν
1797 5752 1871 5817 ὡς

1984 4938 2106 4976 nem
2142 4921 2464 4991 Baptistam,
2501 4919 2590 4973 alii
2624 4920 2811 4974 dicunt
2847 4920 3042 4986 Eliam,
3073 4920 3163 4976 alii
3212 4919 3577 4993 Hieremiam,

1985 5016 2075 5073 alii
2112 5030 2279 5068 unum
2313 5030 2379 5069 ex
2432 5014 2750 5083 prophetis;
2780 5015 2998 5083 quando
3043 5028 3175 5066 vero
3224 5013 3291 5066 de
3352 5012 3564 5065 illorum

1982 5107 2249 5164 sententia
2282 5107 2603 5177 explicanda
2641 5107 2939 5175 interrogat
2966 5145 2979 5170 ,
3011 5119 3065 5157 et
3094 5118 3254 5171 quam
3289 5102 3572 5171 existima;

1987 5198 2191 5253 tionem
2224 5197 2291 5253 de
2328 5212 2393 5252 eo
2423 5197 2707 5262 baberent,
2740 5210 2869 5261 cum,
2896 5192 3105 5247 diceret
3132 5207 3146 5243 :
3183 5211 3201 5243 ι
3244 5192 3351 5246 Vos
3380 5202 3569 5249 autem

1984 5305 2147 5359 quem
2173 5305 2256 5345 me
2279 5305 2401 5345 esse
2430 5288 2612 5344 dicitis
2638 5287 2690 5340 2»
2726 5294 2856 5339 tunc
2906 5298 3067 5339 nemo
3091 5284 3458 5354 apostolorum
3488 5282 3568 5337 io-

1983 5394 2143 5438 cutus
2174 5392 2278 5445 est,
2302 5380 2549 5453 quiaipsi
2581 5378 2809 5432 aliorum
2837 5374 3094 5445 praesides
3126 5386 3279 5431 erant
3310 5391 3327 5443 ;
3370 5373 3569 5435 Petrus

1981 5485 2163 5528 autem
2190 5474 2256 5527 iis
2280 5483 2332 5527 et
2362 5472 2459 5525 toti
2495 5470 2613 5525 orbi
2656 5477 2927 5522 terrarum
2988 5466 3332 5539 prmsidebat.
3400 5469 3463 5522 Et
3528 5469 3564 5523 ii

1979 5566 2197 5635 quidem
2230 5573 2487 5631 tanquam
2510 5561 2767 5631 praesides
2800 5562 3055 5627 aliorum,
3086 5560 3318 5614 aliorum
3348 5571 3565 5616 senten-

1979 5660 2107 5714 tiam
2135 5656 2516 5727 cxplicabant;
2554 5663 2607 5710 at
2632 5670 2757 5709 cum
2801 5654 2994 5709 Petrus
3028 5654 3398 5723 apostolorum
3428 5669 3564 5725 pra:-

1985 5766 2074 5811 scs
2101 5760 2264 5819 esset,
2295 5764 2391 5821 pro
2426 5749 2531 5807 illis
2587 5748 2741 5805 an‘crt
2790 5747 3224 5817 responsionem.
3271 5748 3352 5805 liii
3412 5750 3561 5819 enim.
