3966 6198
267 261 402 328 Ῑ3ι3

917 269 1069 330 PRO
1123 268 1336 330 CONC.
1382 269 1756 330 FLORENT.
1807 269 1833 326 (

1937 270 1968 325 ⁵.
2009 267 2073 326 V.
2114 263 2209 323 DE
2249 264 2599 324 PRIMATU
2638 264 2868 324 ΡΛΡιΕ.

3387 263 3522 328 13H

259 397 366 450 τρᾳ
402 379 742 450 οξκοδομέβω
768 399 870 450 μου
898 381 996 452 τὴν
1024 383 1380 453 Ἐκκλησίαν.
1417 405 1434 437 ι
1467 387 1558 438 καὶ
1584 388 1650 438 τὰ
1675 386 1799 455 ἑξῆς
1821 398 1833 412 ⁸

1945 395 2008 433 ac
2037 381 2396 448 perturbatin.
2427 381 2482 433 Si
2507 394 2637 448 ergo
2663 394 2724 432 ea
2755 395 2879 434 vera
2932 389 3082 444 sunt,
3119 380 3267 450 quod
3307 385 3532 437 munda-

262 470 346 525 ἵνα
397 470 474 540 μὴ
525 470 749 539 γένηται
787 473 844 526 ὲν
905 474 1086 537 αὐτοῖς
1127 477 1457 546 σχίσμα.ὠ;
1496 478 1707 545 ἔφημεν
1744 482 1838 530 καὶ

257 565 493 631 ταραχή.
530 560 592 614 ΕΞ
617 557 712 616 οὖν
742 565 895 617 ταῦτ’
918 564 1118 636 ἀληθῆ,
1149 569 1223 630 ὡς
1258 571 1313 621 αἱ
1356 569 1620 638 κοσμικαὶ
1646 569 1832 638 ἁρχαὶ,

256 652 384 707 ὅταν
419 653 493 722 μὴ
525 655 797 724 ἡνωμέναι
824 650 981 721 ὦσιν,
1010 659 1234 729 ὄλεθρον
1261 663 1354 714 καὶ
1378 662 1685 730 ἀφανισμὸν
1715 663 1839 730 ὑφί-

258 763 505 808 στανται,
539 748 653 809 πῶς
689 749 715 800 6
754 749 988 819 Χριστὸς
1015 750 1247 820 ὠφειλεν
1278 755 1440 807 ἐᾶσαι
1468 755 1564 823 τὴν
1608 756 1836 824 Ἐκκλη-

257 834 380 887 σίαν
404 834 570 889 αὑτοῦ
617 839 790 908 χωρὶς
833 841 1118 910 κεφαλῆςς
1157 843 1242 896 ἵνα
1285 844 1543 913 σύγχυσιν
1590 845 1708 915 ἓξῃ,
1741 845 1837 897 καὶ

255 924 319 976 ὲκ
353 925 449 994 τῆς
505 928 822 997 συγχύσεως
854 931 1149 1003 διαφθαρῇ.
1187 934 1328 986 Ἀλλ’
1367 935 1442 996 ὡς
1492 935 1714 1005 ἀπάσης
1742 937 1839 988 τά·

257 1014 391 1078 ξῖως
427 1017 876 1088 ὑπεριδρυμένος,
911 1023 1006 1074 καὶ
1039 1025 1116 1086 ὡς
1150 1023 1248 1094 τὴν
1298 1025 1450 1091 τάξιν
1498 1027 1662 1090 αὐτὸς
1706 1025 1780 1080 ὢν
1809 1029 1837 1080 6

255 1109 686 1177 συστησάμενος,
719 1112 777 1164 ἐν
806 1112 960 1178 τάξει
995 1115 1088 1166 καὶ
1113 1115 1174 1168 16
1217 1117 1413 1170 ἑαυτοῦ
1457 1122 1736 1186 σύστημα,
1765 1121 1828 1172 16

253 1199 706 1270 ἐκκλησιαστικὸν
729 1203 929 1275 δηλαδὴ
952 1207 1256 1277 κατέστησε
1285 1210 1488 1277 μένειν.
1513 1213 1618 1264 Καὶ
1640 1212 1833 1284 ὥσπερ

253 1292 415 1356 αὐτὸς
445 1295 537 1347 ἐπὶ
567 1296 669 1365 γῆς
690 1293 757 1368 ἦν
789 1299 1002 1370 κορυφὴ
1027 1300 1120 1354 καὶ
1149 1300 1354 1371 Κύριος
1380 1307 1475 1357 καὶ
1509 1305 1834 1372 διδάσκαλος

255 1382 366 1436 τῶν
399 1385 683 1456 μαθητῶν,
735 1389 830 1442 καὶ
865 1397 1052 1462 πατὴρ
1083 1394 1178 1446 καὶ
1208 1395 1435 1465 ποιμὴν,
1473 1396 1616 1450 οὕτω
1651 1398 1837 1468 βουλό-

258 1492 421 1544 μενος
471 1477 611 1547 πρὸς
664 1479 756 1533 τὸν
795 1485 1064 1553 πατρικὸν
1097 1486 1308 1540 ἀνιέναι
1359 1489 1569 1559 θρόνον,
1604 1493 1694 1545 τὸν
1729 1494 1834 1546 Πέο

251 1585 382 1637 τρον
429 1570 617 1634 αὐτοῖς
665 1572 966 1645 ἐπιστάτην
1013 1579 1322 1650 κατέστησε
1359 1582 1453 1634 καὶ
1497 1586 1710 1655 πατέρα
1738 1586 1834 1639 καὶ

251 1661 579 1718 διδάσκαλον
601 1679 616 1692 ⁶
650 1665 745 1718 καὶ
774 1667 962 1731 ἁπλῶς
990 1669 1157 1724 αὑτοῦ
1186 1674 1565 1746 τοποτηρητὴν
1590 1679 1686 1729 καὶ
1715 1676 1832 1731 διὰ-

253 1753 429 1825 δοχον.
465 1755 720 1811 Δείκνυσι
750 1759 807 1812 δὲ
833 1760 928 1813 καὶ
956 1762 1192 1833 ἀλλαχοῦ
1221 1766 1328 1837 πρὸ
1355 1767 1450 1820 τοῦ
1481 1769 1704 1832 πάθους,
1737 1771 1837 1838 τὴν

253 1848 431 1919 ἀρχὴν
479 1851 669 1904 καὶτὸ
703 1856 971 1924 πρωτεῖον
999 1855 1218 1926 δοθῆναι
1269 1858 1346 1928 τῷ
1419 1860 1632 1932 Πέτρῳ·
1707 1862 1838 1918 ἔνθα

254 1943 392 2010 φησί
420 1957 434 1972 ⁶
468 1961 485 1994 ι
521 1944 721 2015 Πέτρε,
769 1947 1034 2012 πολλάκις
1066 1949 1333 2022 ἠθέλησεν
1377 1953 1404 2004 6
1439 1954 1688 2019 Σατανᾶς
1715 1957 1838 2009 ἐπι-

254 2035 496 2090 σινιάσαι
545 2038 692 2106 ὑμᾶς
741 2039 816 2101 ὡς
842 2039 936 2092 16v
970 2042 1138 2108 σῖτον,
1171 2043 1282 2111 ἐγὼ
1320 2045 1375 2098 δὲ
1425 2046 1651 2117 ἐδεήθην
1694 2050 1836 2120 ὑπὲρ

255 2124 375 2191 σοῦ,
413 2127 498 2179 ἵνα
539 2126 615 2198 μὴ
669 2129 900 2201 ἐκλείπῃ
933 2133 966 2200 ἡ
1016 2131 1200 2196 πίστις
1258 2153 1352 2188 σου
1385 2152 1398 2166 ·
1453 2138 1548 2190 καὶ
1588 2139 1652 2191 σύ
1705 2158 1834 2193 ποτε

251 2219 636 2290 ἐπιστραφεὶς,
660 2221 916 2292 στήριξον
943 2226 1066 2288 τοὺς
1092 2225 1356 2296 ἀδελφούς
1380 2245 1497 2283 σου.
1530 2249 1548 2282 ι
1583 2229 1835 2296 Ἀκούεις

251 2311 334 2375 16,
366 2310 510 2379 Ἐγὼ
547 2313 776 2384 ἐδεήθην
810 2315 956 2386 ὑπὲρ
1006 2318 1098 2370 σοῦ
1127 2335 1143 2350 ο
1183 2320 1276 2372 καὶ
1319 2321 1401 2385 16,
1438 2322 1508 2374 Σύ
1545 2339 1674 2375 ποτε
1709 2325 1832 2377 ἑπι-

253 2404 519 2474 στραφεὶς
557 2407 814 2476 στήριξον
845 2409 971 2471 τοὺς
1005 2410 1273 2478 ἀδελφούς
1312 2429 1447 2480 σονς
1478 2413 1545 2467 Τί
1575 2432 1656 2468 σοι
1689 2416 1837 2470 δοκεῖ

249 2496 330 2561 16,
353 2496 874 2568 ἐπιστηρίζεινξτοὺς
900 2500 1188 2570 ἀδελφοὺς.
1221 2503 1254 2572 ἢ
1277 2503 1336 2557 16
1355 2500 1493 2557 εἶναι
1524 2505 1704 2559 αὐτῶν
1740 2509 1838 2576 ἁρ-

246 2591 370 2660 χὴν,
404 2591 497 2643 καὶ
546 2592 822 2662 στηρίζειν
870 2594 1112 2662 αὐτούς;
1157 2597 1267 2648 Καὶ
1315 2597 1550 2666 ἀλλαχοῦ
1596 2599 1660 2651 16
1695 2601 1830 2654 αὐτὸ

247 2681 553 2744 δείκνυται,
611 2685 671 2736 ὲν
725 2684 804 2754 τῷ
853 2686 1049 2753 είπεῖν,
1105 2705 1123 2739 ι
1162 2689 1368 2758 Σίμων,
1411 2690 1704 2758 πορευθεὶς
1751 2694 1832 2753 εἰς

248 2771 350 2839 τὴν
379 2773 682 2840 θάλασσαν,
717 2775 877 2845 βάλλε
929 2777 1250 2848 ἄγκιστρον,
1283 2779 1378 2832 καὶ
1422 2783 1514 2832 16v
1549 2783 1832 2836 ἀναϐάντα

251 2881 334 2916 σοι
367 2865 584 2934 πρῶτον
625 2866 778 2937 ἰχθὺν
816 2871 978 2940 ἄρας,
1028 2871 1247 2936 ἀνοίξας
1295 2873 1357 2925 τὸ
1408 2875 1582 2944 στόμα
1641 2876 1831 2943 αὐτοῦ,

248 2956 507 3026 εὑρήσεις
560 2959 807 3029 στατῆρα
829 2976 845 2992 ⁶
879 2960 1068 3015 τοῦτον
1099 2961 1187 3024 66;
1239 2963 1361 3016 ἀντὶ
1411 2963 1548 3034 ἐμοῦ
1582 2968 1675 3018 καὶ
1707 2967 1828 3022 σοῦ.

1945 488 2025 526 nae
2050 482 2365 540 potestates,
2395 474 2616 542 quando
2649 473 2939 540 disiunctae
2976 485 3128 539 sunt,
3163 475 3438 528 intereunt
3471 485 3527 530 et

1941 563 2278 627 dilabuntur,
2331 567 2606 634 quomodo
2662 565 2917 620 Christus
2974 567 3160 619 debuit
3231 567 3531 622 Ecelesiam

1942 672 2095 712 suam
2121 658 2370 711 omittere
2402 659 2521 711 sine
2552 659 2748 725 capite,
2791 667 2846 711 ut
2877 657 3132 712 confusio
3181 671 3530 725 sequeretur,

1943 757 1997 802 et
2032 764 2096 802 ex
2127 747 2452 804 confusione
2493 749 2910 804 destrueretur?
2939 751 3042 805 Sed
3095 753 3172 805 uti
3210 765 3370 820 supra
3409 767 3532 804 om-

1941 856 2064 894 nem
2097 840 2344 894 Ordinem
2394 843 2598 910 potius,
2632 851 2686 896 et
2713 842 2788 896 uti
2831 842 3104 898 exsistens
3134 844 3178 895 is
3211 845 3302 911 qui
3369 845 3526 896 ordi-

1943 949 2063 986 nem
2102 934 2411 999 constituit,
2437 935 2691 988 voluitet
2725 936 2916 990 ordine
2973 951 3126 990 suam
3186 938 3526 996 societatem,

1943 1025 2192 1080 videlicet
2225 1028 2676 1093 ecclesiasticam,
2736 1029 3030 1082 contineri.
3064 1027 3128 1080 Et
3171 1039 3228 1081 nt
3291 1029 3405 1096 ipse
3474 1029 3526 1080 in

1942 1120 2102 1172 terris
2141 1127 2262 1172 erat
2289 1128 2471 1187 caput,
2507 1118 2771 1174 Dominus
2831 1128 2879 1172 el
2937 1120 3196 1188 magister
3233 1120 3530 1188 discipulo-

1939 1229 2082 1273 rum,
2111 1220 2165 1265 et
2203 1211 2368 1266 Pater
2394 1221 2447 1268 et
2465 1213 2677 1277 Pastor,
2703 1215 2780 1267 sic
2805 1230 2927 1268 cum
2953 1214 3280 1267 decrevisset
3327 1214 3392 1266 ad
3436 1230 3531 1282 pa-

1942 1309 2161 1358 ternum
2221 1307 2480 1359 thronum
2543 1306 2862 1370 ascendere,
2926 1306 3142 1359 Petrum
3209 1304 3527 1374 er‘TCt'IUItI

1939 1394 2072 1464 ipsis
2099 1396 2391 1451 constituit
2443 1397 2658 1450 Patrem
2693 1407 2745 1451 et
2809 1397 3169 1466 magistrum;
3205 1407 3259 1450 ct
3318 1407 3373 1450 ut
3419 1412 3529 1450 uno

1938 1488 2106 1542 verbo
2163 1489 2374 1549 dicam.
2437 1505 2596 1542 suu-n
2676 1489 2938 1542 vicarium
3009 1502 3072 1541 ac
3129 1502 3526 1541 successorem.

1938 1578 2189 1634 OSIendit
2221 1589 2404 1633 autem
2437 1588 2489 1632 et
2523 1579 2650 1632 alibi
2720 1590 2846 1633 ante
2895 1594 3052 1634 suam
3108 1581 3440 1648 passionem,
3470 1595 3529 1632 se

1940 1671 2309 1740 principatum
2371 1681 2427 1724 et
2494 1673 2787 1740 primatum
2850 1671 3012 1725 Petro
3073 1671 3384 1736 tradidisse,
3437 1672 3526 1724 ubi

1940 1763 2118 1818 dicit:
2157 1780 2176 1814 t
2217 1762 2392 1824 ['etrc,
2451 1764 2650 1830 srepEns
2704 1764 2967 1830 expetivit
3029 1761 3263 1816 Satanas
3323 1777 3415 1816 vos
3471 1770 3528 1815 ut

1939 1856 2208 1908 cribraret
2245 1854 2671 1909 sicuttritientn.
2698 1854 2808 1923 Ego
2837 1864 3018 1928 autem
3078 1855 3262 1924 rogavi
3326 1871 3425 1924 pro
3474 1865 3529 1908 le

1940 1956 1997 2002 ut
2023 1963 2127 2000 non
2170 1947 2387 2000 deficiat
2420 1948 2551 2002 fides
2577 1957 2703 2012 tua;
2735 1959 2788 2001 ct
2816 1955 2868 1999 tu
2899 1947 3192 2016 aliquando
3223 1962 3527 2002 conversus

1939 2038 2204 2093 confirma
2251 2037 2445 2093 fratres
2495 2049 2637 2093 tuos.
2670 2057 2687 2088 ι
2722 2039 2893 2092 Audis
2955 2039 3080 2103 hoc,
3127 2057 3145 2089 ι
3205 2038 3315 2109 Ego
3344 2038 3526 2107 rogavi

1937 2145 2040 2198 pro
2071 2136 2142 2192 te,
2185 2147 2203 2178 ι
2233 2137 2284 2182 et
2309 2128 2461 2191 illttd,
2503 2147 2520 2179 ι
2557 2129 2636 2182 Τιι
2665 2129 2958 2197 aliquando
2991 2142 3286 2184 conversus
3335 2129 3530 2182 confir-

1941 2236 2026 2272 tna
2087 2220 2283 2276 fratres
2352 2230 2474 2274 tuos
2508 2221 2577 2272 ’ἲ
2612 2239 2630 2271 ι
2669 2221 2808 2286 Quid
2873 2220 2970 2274 tibi
3032 2221 3248 2274 videtur
3296 2222 3524 2286 scilicr-t,

1938 2314 2268 2366 centirmare
2306 2313 2525 2378 fratres,
2559 2313 2660 2368 nisi
2706 2329 2830 2367 cum
2883 2328 3003 2368 esse
3046 2315 3264 2368 illorum
3316 2313 3525 2383 princi‘

1938 2415 2165 2473 pmu,et
2214 2420 2308 2460 eos
2359 2406 2730 2460 confirmare?
2789 2406 2853 2459 Et
2914 2407 3042 2460 alibi
3101 2407 3240 2460 idem
3291 2405 3524 2461 ostendit

1937 2498 2143 2562 dicens,
2177 2515 2196 2549 ι
2233 2497 2447 2562 Simon,
2479 2499 2612 2552 vade
2639 2500 2704 2552 ad
2755 2513 2924 2562 mare,
2953 2506 3007 2552 et
3066 2499 3218 2551 mitte
3275 2499 3520 2560 hamum,

1935 2598 1987 2642 et
2015 2604 2138 2642 eum
2175 2589 2380 2656 piscem
2409 2591 2501 2658 qui
2529 2592 2740 2658 primus
2775 2589 3083 2644 ascenderit
3109 2589 3258 2652 tolle,
3293 2598 3346 2642 et
3391 2602 3523 2657 ape-

1939 2680 2086 2734 riens
2117 2696 2179 2735 os
2211 2681 2348 2747 ejus,
2375 2682 2618 2737 invenies
2661 2691 2948 2744 stateram,
2995 2682 3146 2734 illum
3191 2695 3413 2735 sumens
3450 2681 3520 2734 da

1937 2786 2036 2839 pro
2095 2787 2179 2826 me
2243 2783 2296 2827 et
2364 2784 2416 2826 te
2450 2774 2492 2827 ".
2535 2792 2552 2822 ι
2589 2774 2666 2827 Ex
2731 2788 2796 2827 eo
2847 2782 3217 2842 cognoverunt
3265 2771 3519 2840 discipuli

1937 2861 2158 2918 Petrum
2193 2863 2326 2933 ipsis
2356 2865 2657 2934 principem
2707 2865 3039 2934 praefecisse.
3092 2867 3218 2920 Haec
3260 2865 3520 2919 Christus

1938 2957 2052 3025 ipse
2079 2965 2370 3027 antequam
2408 2967 2688 3026 pateretur
2717 2961 3044 3026 enuntiavit,
3085 2969 3143 3013 ut
3171 2959 3376 3013 diettnn
3412 2968 3518 3014 est.

263 3047 356 3100 'Ev
384 3049 560 3120 τούτῳ
595 3049 841 3118 ἔγνωσαν
869 3054 917 3105 oi
948 3053 1214 3123 μαθηταὶ,
1246 3055 1330 3108 ὅτι
1363 3055 1454 3108 τὸν
1491 3056 1699 3127 Πέτρον
1739 3061 1833 3113 αὐ-

1941 3047 2072 3104 Post
2096 3050 2553 3104 resurrectionem
2587 3056 2766 3104 autem
2799 3051 2884 3121 (ut
2917 3050 3117 3106 Joanni
3152 3051 3520 3106 tonitruiJiiio

249 3143 363 3204 τοῖς
398 3142 614 3212 πρῶτον
643 3145 967 3214 κατέστησε.
1009 3163 1028 3195 ι
1068 3145 1257 3199 Ταῦτα
1311 3149 1410 3216 μὲν
1448 3148 1609 3211 αὐτὸς
1637 3153 1666 3203 6
1697 3153 1833 3221 Χριο

253 3239 380 3302 στὸς
416 3239 520 3308 πρδ
547 3239 643 3291 τοῦ
677 3239 886 3302 πάθους
913 3241 988 3302 ὼς
1021 3241 1236 3310 εῐρηται
1281 3239 1424 3296 εἷπε.
1457 3245 1610 3298 Μετὰ
1641 3247 1698 3298 δὲ
1735 3248 1834 3316 τὴν

245 3331 567 3394 ἀνάστασιν,
616 3331 692 3392 ὡς
735 3330 964 3402 Ἰωάννῃ
993 3331 1071 3400 τῷ
1117 3333 1216 3400 τῆς
1263 3332 1494 3402 βροντῆς
1527 3336 1632 3404 υίῷ
1662 3338 1831 3401 δοκεῖ,

246 3424 557 3491 γεγραφότι
589 3423 648 3476 16
695 3423 839 3491 ἱερὸν
899 3425 1258 3493 Εὑαγγέλιον,
1289 3429 1317 3479 6
1349 3428 1552 3497 Πέτρος
1605 3430 1728 3482 ἰδὼν
1771 3431 1835 3484 16

251 3511 594 3580 γλυκύτατον
641 3511 734 3564 τοῦ
758 3514 1028 3568 Δεσπότου
1059 3515 1372 3585 πρόσωπον,
1402 3518 1558 3586 φησί·
1586 3538 1604 3570 ι
1639 3519 1832 3590 Κύριε,

245 3604 303 3656 τί
337 3620 420 3656 σοι
471 3603 702 3673 ἀρεστόν
731 3606 885 3657 ἐστιν
931 3607 1034 3673 ἐμὲ
1063 3606 1288 3674 ποιῆσαι
1315 3627 1329 3670 ;
1361 3611 1390 3662 6
1421 3609 1630 3676 Ἰησοῦς
1665 3613 1830 3683 ηρετο

242 3694 460 3763 τοῦτον,
482 3697 623 3766 τρὶς,
657 3698 854 3766 Πέτρε,
887 3698 1058 3765 φιλεῖς
1087 3717 1155 3768 με
1185 3716 1200 3764 ;
1240 3702 1346 3753 Καὶ
1371 3703 1427 3754 ἐν
1461 3704 1664 3774 ἑκάστῃ
1699 3709 1832 3774 ἐρω-

244 3787 426 3856 τήσει,
471 3788 706 3856 ποιμένα
743 3789 1174 3859 προύχειρίσατο
1218 3791 1399 3855 αὐτὸν,
1439 3794 1496 3845 ἐν
1525 3793 1600 3862 τῷ
1629 3795 1830 3862 λέγειν,

251 3878 512 3948 Ποίμαινε
543 3880 612 3932 τὰ
648 3881 900 3950 πρόὸατά
932 3899 1036 3950 μου
1064 3897 1078 3911 ·
1115 3884 1370 3953 ποίμαινε
1400 3885 1467 3936 τὰ
1495 3886 1655 3954 ἀρνία
1687 3904 1793 3954 μου
1813 3903 1829 3920 ο

246 3968 329 4032 ὃς,
364 3969 652 4039 ἀχθεσθεὶς
681 3973 748 4041 τῇ
791 3975 982 4042 τριττῇ
1020 3974 1289 4042 ἐρωτήσει
1342 3975 1476 4044 φησὶ
1527 3978 1666 4046 μετὰ
1705 3978 1832 4047 θερ-

252 4058 370 4129 μῶν
399 4059 508 4112 τῶν
549 4060 825 4131 δακρύων,
865 4079 884 4112 t
919 4063 1112 4135 Κύριε,
1164 4065 1228 4118 σὺ
1264 4066 1442 4118 πάντα
1522 4062 1701 4132 σίδας·
1764 4071 1829 4123 σὺ

248 4149 540 4215 γινώσκεις
572 4151 653 4205 ὅτι
715 4152 856 4219 φιλῶ
908 4169 989 4207 σε.
1033 4171 1053 4205 ι
1090 4147 1166 4206 Οἵ»
1209 4155 1238 4206 6
1289 4155 1494 4226 Κύριος
1523 4161 1588 4226 τῇ
1635 4163 1827 4230 τριττῇ

251 4241 541 4312 ἐρωτήσει,
584 4243 644 4295 16
681 4245 898 4312 τριττὸν
926 4245 1023 4314 τῆς
1054 4245 1340 4316 ἀρνήσεως
1390 4247 1646 4312 ὲξιάσατο
1666 4265 1680 4280 ⁸
1708 4245 1829 4306 εἶτα

251 4333 348 4403 τῆς
385 4335 717 4405 οἰκουμένης
749 4335 1164 4407 προχειρίζεται
1193 4339 1430 4406 ποιμένα
1453 4341 1547 4392 καὶ
1577 4342 1828 4396 διδάσκα-

1941 3140 2298 3210 videtur,qui
2350 3141 2572 3209 scripsit
2623 3142 3006 3212 Evangelium)
3043 3143 3238 3198 Petrus
3299 3145 3520 3198 intuens

1937 3231 1994 3284 in
2017 3231 2480 3307 jucundissimum
2518 3231 2728 3286 Domini
2757 3235 2993 3297 vultum,
3025 3234 3244 3301 inquit:
3279 3254 3299 3285 ε
3336 3237 3522 3289 Domi-

1937 3336 2026 3386 ne,
2064 3323 2190 3391 quid
2224 3322 2396 3390 placet
2439 3324 2535 3378 tibi
2568 3331 2624 3376 ut
2661 3339 2760 3392 ego
2783 3323 2975 3378 faciain
3008 3327 3057 3378 τ’»
3088 3325 3247 3381 Jesus
3290 3329 3522 3382 interroo

1935 3411 2085 3480 gavit
2121 3411 2266 3464 hunc
2294 3420 2395 3473 ter,
2425 3429 2443 3462 ι
2481 3419 2660 3476 Petre,
2693 3428 2844 3468 amas
2870 3415 3000 3468 me?
3033 3432 3055 3466 ι
3092 3426 3147 3469 ct
3189 3416 3240 3469 in
3272 3433 3518 3486 unaqua-

1934 3516 2040 3571 que
2073 3502 2498 3573 interrogatione
2527 3514 2803 3575 pastorem
2832 3506 2939 3560 illis
2969 3507 3276 3577 dcsignavit
3303 3509 3515 3572 dicens,

1941 3612 1959 3644 ι
2007 3593 2174 3648 Pasce
2193 3609 2514 3661 ovcsmeas,
2549 3612 2712 3665 pasce
2743 3612 2913 3668 agnos
2961 3614 3152 3664 meos;
3189 3619 3208 3651 ι
3236 3601 3328 3669 qui
3366 3612 3516 3655 terna

1935 3689 2362 3757 interrogatione
2385 3692 2748 3745 contristatus
2778 3691 2852 3745 ait
2877 3690 3107 3746 ubertim
3161 3691 3317 3760 flens,
3358 3711 3378 3744 ι
3411 3692 3518 3746 Do-

1935 3778 2102 3845 mine,
2131 3790 2186 3834 tu
2218 3782 2326 3836 scis
2356 3783 2560 3848 omnia,
2599 3793 2654 3836 tu
2686 3784 2794 3838 scis
2836 3785 2965 3854 quia
2999 3800 3122 3840 amo
3145 3795 3194 3840 te
3215 3787 3256 3847 ⁸,
3303 3805 3322 3838 ι
3358 3787 3518 3856 cujus

1936 3871 2203 3927 Dominus
2233 3874 2435 3941 triplici
2491 3874 2921 3945 interrogatione
2963 3878 3134 3932 voluit
3197 3879 3392 3948 triplici
3423 3881 3519 3934 ab.

1935 3963 2213 4030 negationi
2265 3965 2492 4020 mederi.
2551 3966 2742 4020 Postea
2790 3975 2948 4023 terra:
2998 3972 3283 4025 constituit
3335 3973 3511 4042 ipsum

1935 4064 2208 4125 pastorem
2249 4064 2303 4110 et
2334 4057 2681 4124 magistrum,
2719 4058 2880 4127 idque
2911 4061 3100 4116 multis
3163 4066 3516 4119 ostendemus

1934 4149 2241 4204 rationibus
2295 4159 2349 4202 ct
2407 4151 2679 4216 testibus;
2736 4153 3008 4220 pr.cc?pue
3081 4172 3210 4209 vero
3273 4158 3516 4213 Joannes

1933 4239 2184 4295 Damasci
2213 4242 2405 4295 oculus
2435 4243 2486 4294 in
2525 4241 2643 4295 Vita
2677 4243 2922 4298 Barlaam
2952 4255 3010 4300 et
3059 4245 3322 4313 Josapltat
3355 4250 3514 4302 Indo-

1934 4345 2057 4384 rum
2089 4340 2320 4386 testatur
2345 4332 2417 4385 ita
2445 4333 2635 4387 diccns
2669 4350 2683 4387 :
2720 4353 2739 4386 ι
2787 4335 3011 4404 Aufugit
3044 4337 3215 4392 hostis
3265 4340 3516 4394 diabolus

250 4427 364 4480 λον.
395 4426 504 4479 Καὶ
534 4425 692 4479 τοῦτο
735 4426 952 4490 πολλοῖς
985 4428 1084 4498 μὲν
1128 4429 1489 4499 ἀποδείξομεν
1522 4432 1701 4500 λόγοις
1735 4437 1832 4488 καὶ

1937 4427 2005 4480 ob
2035 4424 2179 4479 Petri
2246 4425 2624 4494 paenitentiam
2677 4429 2884 4496 pudore
2934 4429 3193 4485 suffusus.
3246 4450 3262 4480 ι
3302 4434 3369 4485 At
3425 4433 3515 4486 ille

257 4519 549 4590 μάρτυσιν.
585 4518 697 4588 Οὖχ
743 4513 908 4588 ἦττον
943 4519 1000 4572 δὲ
1047 4521 1144 4571 καὶ
1175 4521 1432 4592 Ἰωάννης
1465 4524 1492 4574 6
1529 4524 1704 4591 μέγας
1733 4527 1834 4592 τῆς

255 4610 549 4678 Δαμασκοῦ
577 4610 879 4678 ὀφθαλμὸς,
909 4612 966 4664 ὲν
993 4612 1070 4679 τῷ
1097 4611 1199 4682 βίῳ
1228 4613 1495 4684 Βαρλαὰμ
1526 4616 1616 4668 καὶ
1645 4616 1833 4672 Ἰωσα-

1933 4533 2128 4573 rursus
2155 4519 2405 4586 princeps
2432 4519 2642 4573 electus
2665 4530 2802 4586 erat,
2837 4522 3001 4574 veluti
3029 4531 3188 4576 terra:
3227 4524 3510 4591 magister.

1932 4609 1988 4664 Id
2019 4619 2072 4664 et
2099 4611 2320 4678 sapiens
2353 4610 2459 4664 Leo
2486 4611 2784 4680 imperator
2807 4613 2858 4666 in
2915 4614 3310 4680 ex::postilariis
3331 4615 3461 4668 dicit
3496 4633 3510 4669 :

257 4702 363 4769 φὰτ
395 4701 502 4754 τῶν
537 4701 739 4765 Ἰνδῶν,
779 4706 1056 4772 μαρτυρεῖ
1088 4702 1263 4771 λέγων
1295 4703 1400 4762 ,ὡδί
1427 4721 1442 4736 ·
1473 4723 1491 4756 ι
1537 4707 1778 4774 Ἐφυγεν
1808 4711 1833 4761 6

1937 4700 2134 4756 Partim
2161 4701 2378 4770 quidem
2418 4711 2539 4768 post
2597 4702 2834 4756 divinam
2889 4705 3368 4770 resurrectionem,
3410 4715 3511 4768 tcr,

255 4793 518 4862 πολέμιος
547 4792 817 4857 διάϐολος,
853 4793 1170 4862 αἰσχυνθεὶς
1197 4797 1264 4865 τῇ
1304 4798 1563 4867 μετανοέᾳ
1599 4799 1831 4868 Πέτρου.

266 4883 326 4937 '0
355 4883 435 4948 δὲ,
481 4885 781 4952 κορυφαῖος
835 4881 993 4945 αὖθις
1027 4879 1115 4954 ἦν,
1145 4883 1334 4954 ὥσπερ
1381 4887 1704 4949 διδάσκαλος
1732 4889 1829 4958 τῆς

250 4977 583 5046 οἰκουμένης
609 4975 1038 5046 χειροτονηθείς.
1068 4995 1086 5028 ι
1114 4977 1283 5030 Τοῦτο
1308 4978 1401 5031 καὶ
1423 4982 1450 5032 6
1486 4984 1649 5050 σοφὸς
1675 4981 1828 5034 Λέων

251 5072 279 5124 6
314 5069 586 5141 βασιλεὺς,
625 5071 683 5122 ἐν
728 5069 841 5132 τοῖς
890 5067 1417 5140 ἐξαποστειλαρίνιις,
1463 5072 1546 5140 ΙῙῆ
1588 5072 1708 5141 μὲν,
1744 5072 1830 5125 λέ..

252 5177 362 5228 γει,
403 5155 648 5228 μετὰτὴν
681 5156 831 5209 θείαν
855 5157 1098 5227 ἔγερσιν,
1129 5159 1250 5228 τρὶς
1279 5159 1362 5223 16,
1395 5161 1627 5230 ιιιέτρε,
1657 5163 1829 5230 φιλεῖς

269 5268 336 5321 με
369 5265 420 5319 ;›
459 5249 768 5318 πυθόμενος
796 5250 823 5300 6
850 5248 1056 5319 Κύριος
1083 5250 1192 5301 τῶν
1221 5249 1364 5302 ἰδίων
1394 5251 1680 5321 προϐάτων
1708 5270 1837 5322 προ-

261 5341 516 5394 enim:
570 5340 950 5408 ποιμενάρχην
976 5357 989 5370 ·
1021 5342 1094 5409 πῆ
1139 5338 1218 5403 δὲ,
1255 5340 1462 5410 Σίμωνι
1505 5341 1705 5395 δέδωκε
1738 5343 1836 5412 τὴν

259 5433 366 5486 τῶν
394 5433 682 5500 προὸάτων
715 5431 887 5500 νομήν
911 5444 926 5458 ο
982 5434 1061 5492 εἰς
1105 5430 1326 5500 ἀγάπης
1370 5431 1698 5497 ἁντὲκτισιν,
1738 5433 1838 5499 τὴν

257 5525 350 5580 τοῦ
383 5524 697 5594 ποιμαίνειν
725 5523 982 5592 φροντίδα
1024 5522 1212 5576 αἰτῶν.
1261 5522 1353 5574 Διὸ
1386 5524 1480 5576 καὶ
1512 5523 1696 5591 ἔλεγεν
1722 5540 1734 5554 ·
1772 5523 1837 5576 Et

331 5708 350 5740 ⁸
378 5705 513 5762 Luc.
579 5723 709 5772 un,
757 5706 850 5760 51.
929 5704 948 5734 ⁷
975 5703 1164 5760 Matth.
1195 5718 1327 5769 xvn,
1359 5703 1451 5759 26.

1550 5702 1571 5734 ⁸
1600 5701 1761 5756 Joan.
1815 5717 1930 5768 XXI,
1967 5701 2155 5755 15-17.

1939 4812 1956 4845 t
1985 4793 2168 4854 Petre.
2194 4809 2345 4848 amas
2368 4792 2492 4847 me?
2522 4813 2542 4845 ι
2583 4794 2923 4865 interrogans
2955 4795 3231 4860 Dominus,
3288 4813 3511 4851 suarum

1941 4887 2124 4942 ovium
2159 4887 2446 4941 constituit
2485 4893 2760 4952 pastorem
2796 4903 2811 4952 ;
2875 4888 3070 4956 partim
3135 4903 3264 4942 vero
3304 4888 3509 4941 SitnOni

1938 4992 2066 5033 oves
2086 4977 2309 5031 tradidit
2339 4976 2404 5030 ad
2438 4976 2790 5044 pascendum,
2821 4991 2878 5030 ut
2915 4977 3234 5031 charitatem
3265 4985 3506 5029 tnutuam

1937 5070 2273 5139 rependeret,
2311 5070 2593 5136 requirens
2645 5069 2711 5122 ab
2755 5083 2821 5122 eo
2882 5083 3067 5122 curam
3120 5068 3420 5137 pascendi;
3459 5075 3514 5121 et

1936 5160 2058 5215 ideo
2125 5159 2284 5223 dixit,
2327 5177 2344 5209 ι
2392 5157 2570 5221 Petre,
2640 5158 2686 5211 si
2743 5171 2894 5210 amas
2955 5171 3061 5221 me,
3124 5171 3288 5225 pasce
3341 5169 3511 5225 agnos

1936 5265 2089 5306 meos
2115 5252 2158 5303 θ.
2192 5269 2209 5300 ›
2249 5249 2445 5303 Petrus
2501 5264 2650 5312 vero,
2709 5246 3034 5316 intelligens,
3067 5246 3210 5316 quod
3255 5262 3507 5316 magnum

1935 5351 2018 5395 est
2050 5341 2315 5410 primatus
2345 5346 2398 5393 ct
2449 5339 2633 5392 multa:
2691 5337 2907 5390 virtutis
2965 5352 3153 5406 egens,
3212 5337 3511 5407 vidensque

1934 5431 2224 5496 Joannem,
2250 5445 2411 5500 quem
2448 5429 2604 5483 valde
2645 5429 2901 5484 Christus
2953 5429 3231 5500 diligebat,
3287 5429 3382 5500 qui
3428 5445 3514 5485 se-

1936 5525 2226 5592 quebatur,
2281 5522 2355 5574 ait
2388 5535 2409 5577 t
2471 5537 2489 5570 ι
2519 5513 2618 5573 ilic
2681 5531 2860 5576 autem
2893 5521 3073 5592 quid?
3110 5539 3129 5574 ι
3166 5521 3320 5592 quasi
3383 5535 3514 5579 vero

2265 5699 2286 5731 ο
2319 5700 2464 5782 Ibid,
