3966 6198
255 263 388 330 1317

925 271 1074 333 ΡΠο
1112 272 1326 335 CONC.
1359 267 1735 338 FLORENT.
1780 273 1941 336 CAP.
1977 275 2039 338 V.
2083 270 2180 336 DE
2218 269 2564 339 PRIMATU
2623 277 2862 340 PAP/E.

3371 276 3503 345 i318

250 384 428 454 ἡμῶν,
463 383 556 437 καὶ
586 384 765 456 πάσης
796 389 892 456 τῆς
927 390 1235 458 συγκλήτου
1265 390 1358 444 καὶ
1389 389 1496 444 τῶν
1518 391 1817 460 ἀρχόντων,

1929 395 2165 464 satrapis
2195 395 2423 462 nostris,
2450 403 2506 450 et
2568 395 2830 450 universo
2888 401 3104 458 senatu,
3159 397 3512 466 optimatith

248 476 341 527 καὶ
376 474 515 544 μετὰ
551 475 750 540 παντες
783 477 875 531 τοῦ
901 479 1031 533 λαοῦ
1066 482 1160 534 τοῦ
1192 473 1296 536 ὕπὸ
1321 483 1419 553 τὴν
1447 483 1698 548 ἐξουσίαν
1728 485 1826 554 τῆς

258 565 572 635 Ῥωματκῆς
603 561 783 637 δόξης,
829 569 914 622 ἵνα
954 572 1029 633 ὡς
1055 574 1080 624 ὁ
1110 572 1264 640 ἆγιος
1296 574 1500 643 Πέτρος
1567 577 1631 628 ἐκ
1658 586 1827 643 προσ-

244 657 394 710 ώπου
462 657 554 712 τοῦ
588 659 716 713 Υίοῦ
747 661 841 715 τοῦ
878 662 1013 716 Θεοῦ
1066 666 1218 718 ἐστιν
1261 666 1342 732 είς
1367 667 1466 736 τὴν
1506 668 1632 737 γῆν,
1684 667 1828 721 οὓτω

245 751 339 805 καὶ
381 754 429 806 οἱ
469 753 756 809 ἐπίσκοποι
805 757 854 810 οί
919 757 1157 830 διάδοχοι
1207 759 1303 812 τοῦ
1361 761 1662 830 κορυφαίου
1714 760 1827 814 τῶν

245 845 560 900 ἀποστόλων
629 849 864 921 ἀρχικὴν
899 851 1150 917 ἐξουσίαν
1184 853 1264 916 είς
1299 851 1399 924 τὴν
1423 854 1526 921 γῆν
1561 853 1823 923 ἐπέχωσι,

247 939 409 994 πλέον
449 941 580 1012 παρ’
607 942 635 995 δ
673 943 848 1016 ἔχειὴ
886 944 1133 1014 βασιλεία
1165 947 1264 1017 τῆς
1305 946 1462 1018 δόξης
1488 945 1672 1019 ἡμῶν.
1712 949 1822 1000 Καὶ

245 1033 405 1086 τοῦτο
438 1035 809 1108 παρεχωρήθη
851 1037 942 1107 ἀφ’
969 1036 1128 1109 ἡμῶν
1155 1040 1254 1094 καὶ
1279 1040 1386 1093 ἀπὸ
1423 1040 1520 1110 τῆς
1543 1041 1826 1110 βασιλείας

246 1121 407 1194 ἡμῶν
430 1143 443 1156 ·
469 1125 573 1183 ¹καὶ
602 1129 828 1200 θέλομεν
861 1133 1024 1202 ἡμεῖς
1050 1133 1217 1188 αὑτὸν
1257 1135 1349 1188 τὸν
1381 1137 1680 1206 κορυφαῖον
1713 1134 1824 1188 τῶν

245 1218 563 1274 ἀποστόλων
597 1219 694 1274 καὶ
722 1224 850 1286 τοὺς
883 1223 1164 1294 διαδόχους
1203 1225 1390 1292 αὑτοῦ,
1429 1228 1491 1280 ἐκ
1526 1227 1822 1297 προσώπου

243 1309 431 1378 αὐτοῦ,
485 1309 737 1383 πρώτους
786 1311 923 1381 πρὸς
953 1313 1044 1366 τὸν
1095 1313 1228 1368 Fler
1260 1313 1509 1384 Πατέρας
1554 1310 1822 1368 εἶναικαὶ

243 1399 592 1470 δεφένσορας.
653 1402 764 1458 Καὶ
791 1401 980 1474 ὥσπερ
1019 1405 1050 1474 ή
1103 1395 1359 1474 βασιλικὴ
1417 1391 1630 1472 ἐξουσία
1665 1403 1823 1474 ἡμῶν

244 1493 323 1556 είς
350 1494 449 1563 τὴν
479 1495 586 1565 γῆν
618 1492 836 1550 σέϐεται
878 1495 973 1551 καὶ
1005 1499 1256 1569 τιμᾶται,
1310 1497 1452 1552 οὕτω
1486 1498 1821 1569 θεσπίζομεν

245 1585 498 1641 σέϐεσθαι
551 1585 646 1640 καί¹
681 1581 960 1658 ’τιμᾶσθαι
1007 1591 1108 1662 τὴν
1154 1589 1320 1660 ἁγίαν
1361 1593 1470 1644 τῶν
1526 1587 1855 1660 Ῥωμαίων·

253 1677 620 1749 Ἐκκλησίαν
669 1682 762 1734 καὶ
798 1681 961 1736 πλέον
1009 1683 1160 1753 παρά
1202 1685 1301 1753 τὴν
1344 1683 1626 1753 βασιλείαν
1658 1683 1817 1754 ἡμῶν

241 1773 336 1824 καὶ
391 1769 484 1825 τδν
531 1772 720 1844 γήϊνον
776 1773 986 1844 θρόνον,
1040 1776 1140 1845 τὴν
1186 1776 1351 1844 ἀγίαν
1414 1776 1686 1846 καθέδραν
1722 1775 1816 1828 τοῦ

238 1864 396 1930 ἀγίου
457 1863 662 1935 Πέτρου
718 1861 1040 1932 δοξάζεσθαι
1092 1868 1188 1922 καὶ
1233 1866 1540 1937 ὕψοῦσθαι⁶
1583 1867 1819 1930 διδόντες

238 1956 378 2027 αὐτῇ
411 1957 642 2028 δύναμιν
687 1962 780 2015 καὶ
809 1961 968 2030 δόξης
1009 1959 1228 2032 ἀξίωμα
1256 1979 1271 1992 ο
1323 1961 1416 2016 καὶ
1449 1960 1818 2030 διακρίνοντες

237 2047 573 2121 θεσπίζομεν
623 2050 709 2105 ἵνα
759 2051 859 2124 ἔχῃ
917 2052 1168 2118 ἐξουσίαν
1212 2055 1490 2124 ἀρχικήνο
1545 2054 1638 2106 καὶ
1677 2049 1820 2106 εἶναι

235 2143 438 2214 ταύτην
496 2144 742 2216 κεφαλὴν
789 2141 899 2201 τῶν
948 2145 1231 2218 τεσσάρων
1285 2145 1510 2216 θρόνων,
1548 2144 1669 2215 ἢτοι
1720 2143 1815 2212 τοῦ

237 2237 430 2305 θρόνου
485 2237 591 2309 τῆς
642 2237 1079 2310 ’Λλεξανδρείας,
1141 2239 1242 2310 τῆς
1293 2237 1651 2309 Ἀντιοχείας,
1708 2237 1817 2292 τῶν

248 2329 669 2403 Ἱεροσολύμων,
697 2329 792 2387 καὶ
821 2333 922 2403 τῆς
956 2333 1168 2396 πόλεως
1196 2331 1306 2386 τῶν
1345 2329 1691 2396 Βυζαντίωνο
1721 2331 1820 2386 καὶ

234 2426 425 2489 ἁπλῶς
466 2427 554 2489 είς
575 2425 701 2489 ὅλας
727 2427 826 2487 τὰς
872 2423 1203 2495 Ἐκκλησίας
1241 2426 1421 2498 πάσης
1443 2428 1540 2498 τῆς
1567 2426 1819 2496 οἰκουμέ-

234 2537 355 2583 νης.
386 2519 493 2590 Καὶ
520 2519 548 2573 6
583 2521 883 2582 ἐπίσκοπος
921 2522 949 2574 6
978 2517 1190 2586 μέλλων
1228 2511 1370 2574 εἶναι
1402 2521 1483 2584 είς
1527 2518 1624 2590 τὴν
1655 2518 1818 2588 ἁγίαν

235 2609 343 2664 τῶν
382 2611 674 2681 Ῥωμαίων
695 2613 1050 2683 Ἐκκλησίαν,
1079 2611 1282 2684 ὀφείλει
1313 2609 1455 2666 εἶναι
1487 2611 1698 2677 ἔνδοξος
1723 2606 1818 2665 καί.

235 2703 567 2774 ὑψηλότερος
589 2707 742 2774 παρά
759 2707 966 2768 πάντας
982 2706 1111 2770 τοὺς
1130 2703 1297 2775 ίερεῖς
1316 2705 1411 2759 τοῦ
1430 2705 1662 2774 κόσμου.
1706 2703 1817 2756 Καὶ

234 2793 288 2846 ετ
305 2797 358 2848 τί
384 2796 499 2848 ἐστι
517 2793 654 2866 πρὸς
671 2796 970 2866 θεραπείαν
989 2797 1082 2850 τοῦ
1103 2795 1236 2850 Θεοῦ
1257 2799 1351 2848 καὶ
1388 2795 1682 2866 διόρθωσιν
1719 2791 1816 2846 καὶ

236 2883 534 2958 στερέωσιν
587 2887 690 2957 τῆς
749 2884 986 2953 πίστεως
1038 2889 1147 2943 τῶν
1180 2887 1547 2960 Χριστιανῶν,
1574 2887 1663 2941 ἴνα
1694 2887 1819 2957 κρίο

234 2995 399 3049 νηται
424 2978 556 3046 παρ’
589 2979 779 3033 αὐτοῦ.
797 2979 1133 3063 ᾼίκαιονγάρ
1149 2983 1299 3035 ἐστιν
1319 2981 1408 3036 ἵνα
1422 2982 1600 3034 ἐκεῖσε
1620 2982 1646 3034 6
1659 2979 1816 3050 ἅγιος

1931 495 1986 540 et
2010 493 2209 542 cuncto
2235 486 2438 556 populo
2466 487 2694 556 imperio
2725 484 2986 540 Romana:
3013 485 3198 556 gloria;
3226 485 3513 557 subjaceu-

1931 580 1994 643 ti,
2029 589 2090 635 ut
2121 582 2263 636 sicut
2287 591 2510 640 sanctos
2540 580 2732 638 Petrus
2757 581 2995 636 vicarius
3017 587 3079 635 ex
3110 589 3341 651 persona
3388 579 3509 636 Filii

1931 673 2024 728 Dei
2055 681 2142 729 est
2172 673 2506 729 constitutus
2535 673 2587 728 in
2612 674 2798 738 terris,
2837 673 2910 727 ita
2946 681 2998 727 et
3026 674 3266 743 episeopi
3295 685 3513 728 succes-

1929 755 2088 820 sores
2117 763 2384 834 principis
2412 763 2785 834 apostolorum
2822 763 3144 833 ampliorem
3177 765 3510 834 principatus

1931 861 2276 926 potestatem,
2325 865 2489 926 quam
2552 866 2780 927 regnum
2827 855 3014 927 gloria:
3072 865 3273 913 neatrte
3325 858 3507 921 habet,

1929 950 2232 1005 obtineant.
2259 943 2371 1004 Hoc
2401 955 2455 1005 et
2508 967 2537 1005 a
2581 953 2764 1015 nobis,
2793 957 2846 1005 et
2878 966 2905 1005 a
2955 962 3142 1005 nostro
3189 959 3507 1006 concessum

1927 1047 2010 1098 est
2034 1043 2283 1113 imperio.
2318 1040 2380 1097 Et
2411 1043 2666 1099 volumus
2700 1043 2880 1113 ipsum
2918 1045 3224 1113 principem
3284 1053 3509 1111 aposto-

1927 1136 2103 1192 IOrum
2126 1146 2179 1192 et
2209 1145 2562 1192 sttcceSSores
2629 1136 2826 1206 ipsitts,
2855 1145 2920 1190 ex
2948 1135 3066 1204 ejus
3113 1143 3368 1206 persona,
3400 1136 3510 1205 pri-

1927 1245 2047 1285 mos
2069 1230 2207 1299 apud
2243 1225 2409 1284 Deum
2447 1238 2570 1285 esse
2606 1227 2789 1285 Patres
2821 1239 2873 1283 et
2901 1223 3238 1285 defensores.
3283 1225 3345 1282 Et
3369 1230 3512 1283 sicut

1927 1327 2114 1378 nostra
2143 1318 2444 1394 imperialis
2472 1330 2714 1392 potestas
2745 1322 2798 1377 in
2829 1322 2992 1376 terris
3021 1323 3222 1376 colitur
3249 1329 3301 1376 ct
3335 1319 3508 1376 hono-

1926 1423 2097 1476 ratur,
2124 1413 2196 1469 ita
2227 1413 2348 1484 ejus
2387 1423 2636 1470 sanctam
2679 1409 2982 1469 llatttanant
3019 1409 3316 1468 Ecclesium
3350 1425 3510 1469 vene-

1926 1513 2114 1562 rantet
2167 1501 2426 1562 honorari
2487 1499 2876 1574 decernimus;
2933 1517 2988 1563 et
3051 1505 3285 1576 amplius
3343 1517 3538 1575 quam.

1925 1604 2174 1654 uestrum
2207 1599 2496 1668 imperium
2554 1607 2948 1669 terrcnnmque
2996 1590 3276 1663 thronum,
3323 1597 3508 1651 sedem

1926 1689 2357 1744 sacratissimam
2404 1687 2547 1744 beati
2592 1689 2735 1743 Petri
2764 1690 3002 1761 gloriose
3062 1685 3310 1743 exaltari.
3373 1687 3510 1742 San-

1922 1780 2097 1836 cimus
2118 1783 2282 1836 etiam
2313 1789 2371 1835 ut
2393 1781 2758 1851 principatum
2790 1789 2972 1836 teneat
3030 1787 3138 1834 tam
3183 1787 3350 1850 super
3376 1793 3508 1849 qna-

1923 1879 2044 1928 tuor
2069 1871 2250 1937 sedes,
2283 1869 2727 1940 Alexundrinam,
2752 1865 3175 1939 Antiochenam,
3199 1863 3512 1944 Hierosolys

1921 1965 2206 2030 mitanam',
2235 1965 2926 2041 Constantipopolitanam,
2952 1975 3113 2036 quam
3146 1965 3311 2020 etiam
3343 1973 3510 2034 super

1921 2068 2115 2114 omnes
2152 2059 2412 2115 universo
2440 2061 2578 2124 orbe
2634 2067 2908 2115 terrarum
2949 2052 3224 2114 Eccleslas
3277 2057 3370 2112 Dei
3405 2075 3420 2126 ;
3458 2065 3510 2113 et

1920 2151 2167 2223 pontifex
2196 2152 2290 2223 qui
2321 2165 2420 2224 per
2453 2161 2698 2223 tempora
2760 2151 2932 2222 ipsius
2984 2154 3186 2207 sanctae
3249 2151 3509 2205 Romana:

1924 2241 2184 2300 Ecclesiae
2245 2246 2538 2313 exstiterit,
2609 2243 2810 2301 celsior
2857 2253 2913 2303 et
2980 2245 3234 2316 princeps
3293 2243 3508 2298 cunctis

1920 2336 2298 2392 sacerdotibus
2336 2338 2505 2394 totius
2543 2339 2730 2394 mundi
2768 2341 3020 2405 exsistat,
3050 2337 3246 2408 eteius
3300 2331 3506 2408 judicio

1920 2443 2044 2500 quae
2070 2429 2137 2484 ad
2169 2430 2374 2486 cultum
2412 2429 2538 2496 Dei,
2575 2431 2657 2486 vel
2690 2428 2849 2487 iidem
2905 2430 3369 2494 Christianorum,
3423 2421 3505 2482 vel

1919 2521 2277 2577 stabilitatem
2310 2524 2655 2591 procuranda
2712 2523 2942 2590 fuerint,
2996 2523 3380 2593 disponantur.
3411 2520 3506 2576 1E—

1919 2629 2090 2684 quum
2123 2617 2209 2670 est
2237 2615 2407 2683 enim,
2441 2621 2501 2670 ut
2532 2612 2604 2670 ibi
2634 2615 2824 2671 divina
2856 2617 2942 2670 lex
2995 2615 3242 2670 obtineat
3295 2615 3503 2684 apicem

1918 2707 1974 2760 et
2006 2705 2324 2775 primatum,
2356 2707 2445 2762 ubi
2476 2715 2699 2762 sanctos
2748 2703 3033 2778 legislator
3061 2703 3318 2762 Christus
3343 2699 3504 2762 Jesus

1920 2796 2171 2853 Salvator
2199 2808 2386 2852 uoster
2412 2799 2582 2855 misso
2605 2798 2768 2854 beato
2798 2799 3140 2870 Petrojnssit
3185 2793 3502 2854 cathedram

1918 2897 2123 2956 tenere,
2150 2894 2203 2944 et
2233 2887 2325 2944 ubi
2357 2890 2537 2945 crucis
2563 2890 2868 2958 patibulum
2894 2899 3086 2960 passus
3116 2895 3222 2955 est,
3245 2899 3299 2944 et
3331 2889 3507 2944 beatae

1918 2981 2118 3039 mortis
2179 2982 2409 3038 calicem
2475 2981 2658 3049 bibit;
2731 2982 2979 3054 vestigiis
3049 2976 3370 3037 inhaerentia
3422 2983 3504 3038 sui

235 3072 398 3142 νόμος
467 3073 568 3146 ἔχῃ
611 3073 709 3146 τὴν
753 3075 998 3146 κεφαλὴν
1031 3076 1126 3128 καὶ
1143 3074 1336 3147 ἀρχὴν,
1353 3076 1487 3129 ὅπου
1510 3077 1538 3128 6
1556 3075 1710 3141 ἅγιος
1729 3090 1815 3126 νο·

1919 3074 2205 3145 nostrique
2253 3075 2522 3147 magistri,
2558 3085 2612 3131 et
2657 3073 2730 3130 ibi
2773 3081 2962 3146 gentes
3013 3075 3191 3146 capita
3239 3073 3506 3131 inclinare

237 3165 470 3237 μοθέτης
491 3163 725 3238 Χριστὸς
741 3166 953 3237 Ἰησοῦς
969 3165 996 3219 6
1021 3167 1400 3239 Σωτὴρήμῶν,
1429 3169 1521 3221 τὸν
1542 3169 1814 3239 μακάριον

233 3259 536 3313 ἀπόστολον
563 3257 792 3328 Πέτρον,
826 3257 1082 3311 ἐκέλευσε
1115 3261 1339 3329 κρατεῖν
1369 3257 1467 3329 τὴν
1499 3257 1769 3330 καθέδραν
1795 3275 1810 3288 ⁸

233 3352 330 3405 καὶ
360 3353 494 3405 ὅπου
537 3349 598 3403 τὸ
625 3346 796 3412 πάθος
834 3347 931 3403 τοῦ
981 3349 1221 3421 σταυροῦ
1265 3349 1456 3416 ἔπαθε,
1509 3352 1603 3402 καὶ
1633 3367 1815 3418 μακα-

234 3443 354 3514 ρίου
389 3443 625 3496 θανάτου
654 3442 918 3513 ποτήριον
951 3441 1094 3509 ἔπιε,
1135 3439 1230 3496 καὶ
1270 3440 1488 3511 ἐγένετο
1519 3442 1814 3506 ἀκόλουθος

229 3533 330 3589 τοῦ
363 3529 674 3605 μαῒστωρος
707 3535 802 3588 καὶ
847 3533 1039 3604 κυρίου
1075 3529 1262 3589 αὑτοῦ.
1299 3531 1410 3588 Καὶ
1437 3535 1558 3586 ἐκεῖ
1584 3532 1650 3586 τὰ
1686 3532 1812 3603 ἔθνη

233 3627 326 3682 ἵνα
357 3624 584 3679 κλίνωσι
617 3621 718 3688 τάς
764 3625 1009 3694 κεφαλὰς
1057 3623 1256 3689 αὐτῶν,
1293 3622 1380 3678 διὰ
1411 3624 1508 3694 τὴν
1554 3621 1812 3693 ἐξομολό-

233 3732 397 3786 γησιν
426 3713 520 3770 τοῦ
553 3715 816 3786 ὀνόματος
845 3713 939 3769 τοῦ
965 3713 1228 3785 Χριστοῦ,
1269 3715 1403 3768 ὃπου
1430 3718 1456 3770 ὁ
1489 3713 1813 3780 διδάσκαλος

234 3808 416 3862 αὐτῶν
445 3809 472 3862 6
503 3807 772 3880 μακάριος
813 3807 1113 3870 ἀπόστολος
1147 3805 1385 3873 Παῦλος,
1434 3807 1524 3862 διὰ
1552 3808 1643 3863 τὸν
1675 3803 1807 3879 Χριο

237 3901 362 3954 στὸν
401 3899 644 3962 ἐκτείνας
675 3901 767 3953 τὸν
803 3900 1096 3971 τράχηλον,
1131 3897 1223 3952 τὸν
1255 3899 1516 3967 στέφανον
1544 3895 1638 3951 τοῦ
1675 3917 1815 3970 μαρ-

234 3994 419 4066 τυρίου
447 3993 683 4058 essem.
712 3989 822 4046 Kal
850 3992 956 4055 ἕως
1004 3985 1100 4045 τοῦ
1135 3989 1320 4053 τέλους
1343 3990 1434 4044 τοῦ
1462 3992 1668 4063 κόσμου
1723 3993 1814 4048 ἵνα

233 4086 545 4155 ἀναζητῶσι
585 4084 674 4140 τὸν
711 4084 1050 4150 διδάσκαλον,
1090 4086 1226 4140 ὅπου
1257 4085 1323 4140 τὰ
1351 4084 1462 4138 τῶν
1503 4085 1678 4155 ἁγίων
1711 4091 1814 4142 αύ-

232 4179 343 4232 τῶν
372 4177 599 4247 λείψανα
642 4177 1018 4232 ἀναπαύονται
1042 4189 1060 4210 ⁸
1093 4178 1190 4230 καὶ
1238 4179 1357 4231 ἐκεῖ
1399 4176 1580 4232 ὕπτιοι
1611 4177 1706 4233 καὶ
1735 4179 1814 4242 είς

231 4270 331 4341 τὴν
356 4271 460 4340 γῆν
481 4271 818 4341 ήπλωμένοι,
846 4267 942 4322 τοῦ
972 4267 1227 4340 οὐρανίου
1257 4267 1527 4340 βασιλέως
1553 4270 1647 4325 καὶ
1676 4269 1812 4324 Θεοῦ

232 4363 330 4417 καὶ
354 4362 606 4432 Σωτῆρος
631 4361 791 4433 ἡμῶν
818 4355 995 4432 Ἰησοῦ
1021 4360 1260 4432 Χριστοῦ
1283 4361 1625 4433 δουλεύωμεν
1651 4362 1811 4434 όφφι-

1919 3177 2142 3238 propter
2176 3167 2582 3223 confessionem
2620 3165 2860 3222 nominis
2907 3163 3137 3233 Christi,
3175 3167 3268 3222 ubi
3314 3183 3506 3222 eorum

1916 3259 2182 3324 magister
2216 3257 2409 3312 beatus
2441 3256 2646 3312 Paulus
2703 3267 2965 3327 protensa
3016 3257 3229 3312 cervice
3281 3263 3506 3328 propter

1914 3347 2192 3403 Christum
2229 3363 2490 3404 coronam
2522 3349 2765 3419 martyrii
2797 3346 3038 3417 suscepit
3079 3365 3094 3403 :
3151 3346 3206 3404 et
3244 3345 3299 3404 ut
3328 3364 3504 3417 usque

1916 3437 1982 3492 ad
2013 3433 2198 3493 mundi
2229 3440 2757 3494 consummationem
2778 3433 2850 3494 ibi
2881 3442 3126 3509 quaerant
3153 3435 3500 3511 magistrum.

1917 3522 2009 3584 ubi
2039 3538 2354 3584 sanctorum
2391 3545 2614 3584 suorum
2659 3530 2906 3601 reliquiae
2967 3527 3408 3603 conquiescunt;
3445 3531 3503 3589 et

1915 3621 1989 3676 ibi
2021 3621 2175 3692 proni
2208 3631 2261 3676 et
2293 3621 2344 3676 in
2373 3623 2574 3678 terram
2640 3621 2991 3693 procidentes
3054 3625 3296 3682 ctelestis
3356 3629 3502 3697 regis

1915 3713 2010 3770 Dei
2031 3721 2085 3769 et
2135 3704 2441 3770 Salvatoris
2503 3714 2675 3771 nostri
2739 3713 2868 3771 Jcsu
2929 3713 3133 3772 Christi
3183 3714 3503 3776 ministeriis

1916 3805 2303 3871 inserviamus,
2373 3806 2462 3861 ubi
2520 3807 2850 3863 servivimus
2915 3803 2996 3864 illi
3051 3810 3317 3879 superbo‘
3361 3811 3497 3882 regi.

1915 3894 2209 3951 Tradimus
2233 3896 2399 3967 igitur
2428 3895 2565 3966 ipsis
2600 3897 2808 3953 sanctis
2838 3899 3102 3968 apostolis
3135 3899 3311 3956 beatis
3338 3900 3500 3958 Petro

1914 3991 1967 4042 et
1991 3987 2160 4043 Paulo
2175 3995 2229 4041 et
2247 3994 2369 4058 post
2396 3986 2494 4044 hos
2523 3985 2685 4043 beato
2709 3987 2988 4060 Sylvestro
3005 3999 3062 4046 et
3085 3993 3345 4051 amnibus
3369 4012 3500 4051 suc-

1915 4077 2232 4134 cessoribus
2272 4077 2413 4148 ejus,
2463 4077 2556 4148 qui
2610 4094 2783 4149 usque
2841 4079 2908 4135 ad
2967 4087 3496 4142 consummationem

1917 4168 2108 4225 mundi
2145 4173 2430 4226 ascensurl
2455 4178 2582 4226 sunt
2613 4173 2680 4226 ad
2711 4173 2896 4228 sedem
2948 4173 3089 4229 beati
3124 4175 3263 4231 Petri
3299 4180 3367 4233 ab
3394 4180 3497 4234 hoc

1914 4261 2022 4329 die,
2049 4261 2310 4331 palatium
2333 4261 2548 4332 imperii
2577 4263 2748 4318 nostri
2779 4263 3169 4331 Lateranense,
3197 4269 3342 4338 quod
3378 4285 3495 4324 om-

1915 4353 2076 4409 nibus
2133 4353 2320 4407 mundi
2376 4353 2593 4422 palatiis
2653 4354 2937 4425 praefertur
2982 4365 3036 4413 et
3090 4360 3498 4429 supereminet;

233 4453 394 4518 κίοις,
429 4428 564 4506 ὅπου
593 4428 994 4522 ἐδουλεύσατμεν
1024 4428 1102 4523 rip
1132 4453 1472 4524 ὑπερηφάνῳ
1507 4428 1810 4526 γηΐνῳ-βα-

1919 4445 2108 4509 deinde
2132 4445 2383 4501 diadema
2423 4447 2538 4502 sive
2568 4461 2828 4502 coronam
2872 4451 3068 4519 capitis
3097 4453 3268 4506 nostri
3302 4428 3500 4508 simul?

233 4544 392 4600 σιλεῖ.
435 4541 814 4614 Παραδίδομεν
846 4541 940 4596 οὖν
983 4544 1168 4607 αύτοτς
1201 4547 1315 4606 τοῖς
1367 4545 1548 4614 ἁγίοις
1578 4543 1812 4600 ἀποστό-

229 4635 364 4701 λοις,
419 4637 532 4697 τοῖς
585 4632 880 4704 μακαρίοις
936 4634 1152 4706 κυρίοις
1187 4652 1289 4706 μου
1338 4635 1417 4707 τῷ
1454 4637 1646 4709 Πέτρῳ
1712 4638 1812 4691 καὶ

231 4727 454 4796 Παύλῳ,
503 4725 598 4779 καὶ
654 4724 773 4795 μετ’
802 4725 998 4787 αὐτοὺς
1051 4724 1132 4797 τῷ
1185 4727 1444 4798 μακαρίῳ
1477 4727 1806 4800 Συλδέστρῳ

229 4820 325 4872 καὶ
361 4818 539 4888 Πατρὶ
573 4818 749 4888 ἡμῶν,
803 4817 883 4885 τῷ
933 4818 1156 4888 μεγάλῳ
1185 4819 1470 4890 ἐπισκόπῳ
1503 4820 1596 4874 καὶ⁸
1647 4821 1812 4875 καθο-

229 4911 368 4982 λικῷ
395 4912 555 4981 πάπᾳ
586 4909 685 4980 τῆς
719 4907 929 4974 πόλεως
966 4908 1210 4981 Ῥώμης,
1245 4911 1341 4965 καὶ
1387 4914 1521 4966 πᾶσι
1553 4915 1666 4977 τοῖς
1693 4915 1812 4968 δια·

227 5004 406 5075 δόχοις
451 5001 640 5069 αὐτοῦ,
685 5003 880 5066 οἵτινες
915 5001 1020 5067 ἐως
1073 5003 1167 5058 τοῦ
1219 5006 1404 5069 τέλους
1452 5004 1546 5060 τοῦ
1600 5007 1808 5078 κόσμου
1834 5037 1846 5048 -

237 5097 492 5169 μέλλουσι
524 5097 908 5169 προκαθῆσθαι
940 5099 1019 5161 είς
1049 5094 1139 5150 τδν
1169 5095 1357 5168 θρόνον
1394 5098 1490 5152 τοῦ
1533 5101 1809 5170 μακαρίου

235 5190 468 5258 Πέτρου,
503 5189 611 5242 ἀπὸ
661 5191 762 5259 τῆς
803 5192 1063 5260 σήμερον,
1099 5189 1159 5242 τὺ
1210 5189 1481 5259 ἡμέτερον
1531 5190 1812 5262 βασιλικὸν

236 5282 496 5335 παλάτιον
525 5281 588 5334 τὸ
619 5282 1041 5350 Δατερανέσιον,
1074 5281 1136 5335 τὸ
1165 5280 1493 5352 ὑπερδαίνον
1519 5281 1610 5334 καὶ
1642 5282 1812 5351 ὑπερ-

237 5373 403 5426 νικῶν
436 5367 503 5425 ’ἔά
541 5371 638 5424 ὅλα
666 5369 760 5425 τοῦ
788 5372 994 5440 κόσμου
1027 5371 1287 5426 παλάτια.
1315 5371 1608 5426 Ἐπέκεινα
1635 5373 1814 5426 δὲκαὶ

232 5463 292 5514 τὸ
325 5461 589 5531 διάδημα,
615 5462 736 5534 ἦτοι
769 5463 863 5516 τδν
889 5465 1175 5532 ζστέφανον
1207 5463 1309 5532 τῆς
1349 5462 1591 5535 κεφαλῆς
1630 5463 1812 5532 ἡμῶν,

234 5553 350 5623 ἅμα
380 5555 590 5609 καὶτὸν
609 5557 785 5626 λῶρον
829 5556 922 5610 καὶ
953 5556 1014 5608 τὸ
1045 5555 1380 5626 ὠμοφόριον,
1409 5554 1544 5624 ὅπερ
1577 5570 1813 5622 περικυ-

235 5647 352 5698 κλοί
381 5646 470 5700 τδν
505 5647 787 5718 βασιλικὸν
815 5649 1089 5720 τράχηλον
1115 5666 1130 5680 ·
1164 5650 1282 5719 ἅμα
1315 5649 1374 5702 δὲ
1426 5648 1520 5702 καὶ
1547 5647 1649 5717 τὴν
1678 5664 1813 5718 πορ-

235 5738 413 5807 φυρᾶν
443 5738 714 5809 χλαμύδα,
743 5742 839 5796 καὶ
866 5742 1068 5810 χιτῶνα
1097 5740 1372 5806 κόκκινον,
1399 5739 1495 5794 καὶ
1530 5738 1664 5794 πάν.
1743 5739 1814 5792 τά

1915 4553 2022 4608 que
2051 4547 2104 4592 et
2161 4537 2364 4602 locum,
2418 4552 2517 4591 nec
2586 4553 2694 4591 non
2743 4548 2795 4593 et
2860 4540 3308 4608 snperhumerale
3354 4543 3497 4612 quod

1915 4631 2194 4700 imperiale
2221 4631 2427 4686 assolet
2461 4631 2802 4684 circumdare
2833 4632 3033 4686 collum
3061 4649 3076 4698 ;
3115 4649 3300 4688 verum
3334 4635 3498 4688 etiam

1913 4721 2256 4793 chlamydem
2280 4736 2635 4791 purpuream,
2672 4731 2836 4792 atque
2862 4726 3102 4780 tunicam
3158 4727 3498 4792 coccineam,

1912 4825 1966 4873 et
1988 4815 2170 4870 omnia
2193 4812 2490 4883 imperialia
2518 4813 2852 4884 indumenta,
2880 4832 2976 4874 seu
3001 4818 3162 4872 etiam
3181 4819 3497 4889 dign'tatctn

1914 4907 2252 4979 imperialem
2314 4905 2724 4974 praesidentium
2790 4912 3079 4980 equitum;
3147 4913 3498 4966 conferentes

1911 5001 1962 5056 ei
1994 5000 2159 5056 etiam
2194 4997 2496 5066 imperialia
2528 5008 2766 5068 sceptra,
2791 5002 3063 5072 simulque
3092 5013 3287 5057 cuncta
3315 5004 3495 5072 signa,

1913 5107 1966 5153 et
1987 5097 2190 5162 banda,
2217 5107 2270 5153 et
2309 5100 2517 5169 reliqua
2573 5102 2896 5150 ornamenta
2932 5093 3234 5161 imperialis
3295 5095 3492 5148 culmi-

1913 5187 2019 5252 nis,
2055 5197 2106 5242 et
2126 5187 2353 5258 gloriam
2388 5186 2672 5259 potestatis
2704 5196 2927 5240 nostrae.
2956 5182 3102 5238 Viris
3134 5183 3294 5238 etiam
3319 5183 3498 5239 diver-

1913 5281 1957 5336 si
1981 5281 2191 5336 ordinis
2224 5280 2700 5336 reverendissimis
2731 5277 2967 5341 clericis,
3008 5284 3213 5332 sancta:
3241 5275 3497 5332 Romanae

1916 5373 2174 5429 Ecclesia:
2216 5358 2651 5434 ~servientibus,
2712 5369 2844 5423 illud
2913 5369 3130 5424 culmen
3200 5371 3497 5440 singularis

1915 5465 2168 5535 petentia:
2202 5475 2257 5519 et
2292 5462 2674 5534 praecellentia:
2732 5459 2935 5516 habere
2983 5461 3287 5524 sancimus,
3337 5463 3497 5531 cujus

1915 5555 2291 5625 amplissimus
2318 5563 2499 5611 noster
2531 5560 2754 5608 senatus
2785 5552 2998 5608 videtur
3022 5553 3195 5622 gloria
3218 5553 3500 5615 adornari.

1915 5647 1968 5700 id
2000 5654 2105 5708 est,
2137 5645 2396 5713 patricios
2419 5653 2472 5697 et
2502 5641 2754 5697 consules
2779 5641 2923 5697 ei'ilci
2952 5658 2969 5702 ;
3023 5657 3234 5698 necnon
3289 5653 3344 5697 et
3391 5658 3498 5698 ca:—

1915 5737 2047 5796 teris
2075 5735 2432 5806 dignitatibus
2499 5733 2876 5804 imperialibus
2935 5749 3031 5792 eos
3087 5733 3498 5809 promulgamus
