3966 6198
447 319 609 394 ’1355

1638 321 1992 391 ἸΟΞΕΡΗΙ
2037 321 2597 392 METHONENSIS

3602 337 3622 402 Ῑ
3634 336 3735 402 313

464 455 643 516 potest
668 437 829 500 dulce
858 444 1058 499 Clu-isti
1092 457 1288 498 nomen
1317 443 1600 513 proferre?
1623 443 1679 498 Si
1700 457 1830 498 vero
1855 449 2045 512 protu-

2163 443 2446 514 ιίρετικῶν
2477 444 2746 511 στόματα,
2782 444 3221 514 κατεκυρίευσαν
3248 446 3440 516 αὐτῆς,
3475 447 3616 502 ἀλλά
3645 454 3736 502 καὶ

436 545 441 551 '
464 533 536 590 let
553 536 613 603 it,
639 538 849 591 induas
873 544 1054 605 partes
1073 535 1440 603 discinditur;
1461 552 1527 592 eo
1559 535 1676 591 loco
1694 534 1786 589 ubi
1811 535 1856 590 si
1878 547 2060 587 sacer-

464 626 620 682 dotes
680 627 1052 683 sacriﬁcantes
1107 628 1312 684 inventi
1350 626 1826 695 l'uerint,Cliristi
1874 624 2060 680 hostes

466 716 847 788 ingrediuntur
861 725 1026 786 atque
1051 718 1436 786 subsannantf!
1467 717 1753 787 proteruut
1782 715 1973 771 altaria
2008 724 2060 769 et

463 809 758 880 profanant
781 819 835 865 et
853 808 1052 864 Sancta
1075 810 1388 880 projiciunt.
1409 821 1464 867 et
1483 810 1667 883 plagas
1683 810 2059 866 sacerdotibus

401 928 412 944 ι
467 903 740 973 inﬂigunt,
771 915 821 958 et
845 904 1201 974 protrudunt,
1237 913 1292 960 et
1328 904 1582 960 derident
1610 902 2054 960 Christianorum

488 993 805 1065 religionem
829 996 852 1049 i
877 994 1253 1066 Nequaquam.
1283 995 1394 1052 Sed
1427 997 1496 1052 ibi
1537 1005 1748 1066 oportet
1787 1008 1930 1056 esse,
1965 991 2060 1050 ubi

470 1087 674 1142 Christi
693 1087 904 1157 signum
925 1089 1173 1160 refulget,
1189 1097 1244 1143 et
1261 1087 1519 1146 Ecclesia:
1535 1095 1892 1148 exornantur.
1910 1085 2058 1150 nola,

470 1180 764 1249 imagines,
797 1193 852 1235 et
893 1180 1086 1235 altaria
1141 1182 1325 1237 omnia
1357 1197 1556 1252 magno
1583 1196 1712 1238 cum
1747 1180 1900 1234 cultu
1931 1194 2061 1234 con-

471 1274 802 1341 spic-tuntur,
840 1282 895 1327 et
921 1273 1223 1328 adorantur
1251 1282 1299 1328 ct
1338 1274 1715 1330 sacerdotibus
1736 1273 1952 1328 eminus
1978 1285 2063 1324 rc-

467 1374 723 1418 vcrenter
762 1374 1057 1444 assurgunt
1105 1367 1286 1436 populi
1322 1383 1336 1421 ε
1379 1366 1456 1422 ibi
1521 1366 1616 1421 ubi
1653 1365 1828 1436 palam
1855 1357 2058 1420 Clu-isti

471 1455 610 1509 ﬁdes
634 1455 1002 1525 praedicatur;
1037 1457 1107 1510 ibi
1131 1457 1212 1527 (ι)
1235 1458 1324 1511 ubi
1353 1467 1508 1512 terrae
1537 1469 1690 1526 reges
1714 1468 1765 1512 et
1787 1458 2062 1527 principes

474 1548 763 1601 venientes
795 1547 862 1608 ad
896 1563 1055 1602 sacra
1090 1549 1208 1604 loca
1247 1550 1584 1620 inspicienda
1605 1558 1660 1605 et
1687 1550 2060 1619 apostolorum

479 1639 658 1707 capita
729 1639 1031 1706 adoranda,
1059 1657 1163 1696 una
1199 1657 1322 1696 cum
1367 1642 1475 1696 illis
1503 1649 1556 1696 et
1611 1640 1842 1712 praeside
1870 1656 2061 1696 eorum

472 1730 791 1802 pontiﬁcem
825 1731 1058 1788 adorant
1109 1743 1163 1790 et
1215 1736 1332 1806 ejus
1383 1735 1615 1805 pedibus
1654 1735 2062 1802 advolvuntur;

475 1823 550 1879 ibi
585 1821 676 1877 ubi
707 1819 830 1877 festi
864 1823 1002 1892 dies,
1060 1827 1399 1896 psalmodiae,
1463 1840 1678 1896 preces,
1733 1826 1854 1881 sine
1911 1837 2057 1880 metu

473 1920 845 1984 celebrantur,
882 1919 974 1974 ubi
1005 1935 1164 1973 nemo
1197 1916 1520 1975 reformidat
1569 1918 1673 1973 sibi
1721 1932 2056 1988 quemquam

471 2013 798 2076 adversari;
836 2013 906 2066 ibi
963 2011 1052 2066 ubi
1093 2025 1343 2066 summus
1392 2009 1642 2079 pontifex
1709 2009 1962 2064 doctores
2006 2017 2061 2063 et

480 2104 866 2170 praedicatores
899 2103 951 2156 in
987 2117 1202 2157 omnem
1251 2108 1456 2156 terram
1513 2099 1737 2156 dimittit
1764 2100 1831 2154 ad
1868 2098 2063 2170 pracdi-

478 2195 714 2250 eandum
749 2203 802 2248 et
828 2193 1258 2249 annuntiandnm
1298 2192 1520 2247 verbum
1558 2191 1675 2257 Dei,
1705 2191 1906 2248 Chr-isti
1940 2191 2060 2245 imi-

478 2285 704 2348 tatione,
741 2284 851 2338 imo
877 2283 1174 2338 Salvatoris
1200 2284 1371 2337 nostri
1399 2283 1542 2338 vices
1567 2282 1618 2335 in
1646 2283 1809 2337 terris
1842 2295 2057 2352 gerens.

473 2376 612 2440 Nam
665 2379 807 2434 sicut
845 2378 889 2433 is
925 2377 1190 2447 apostolis
1242 2376 1382 2431 dixit
1421 2394 1433 2430 :
1468 2395 1487 2428 ι
1534 2377 1673 2431 Ecce
1738 2376 1896 2431 mitto
1929 2391 2055 2441 vos,

474 2477 669 2525 euntes
697 2470 751 2524 in
787 2468 1047 2547 mundum
1087 2468 1425 2532 universum,
1476 2469 1769 2538 praedicate
1807 2466 2057 2537 Evange-

475 2563 607 2616 lium
643 2563 789 2618 omni
825 2569 1092 2616 creatura:
1134 2564 1201 2629 ε’,
1239 2581 1255 2613 ι
1294 2561 1366 2616 ita
1399 2569 1455 2616 et
1503 2562 1591 2618 liic
1625 2563 1678 2616 in
1739 2549 2056 2617 universum

476 2657 666 2711 orbem
700 2654 990 2724 magistros
1023 2655 1192 2709 mittit
1229 2670 1423 2725 magna
1456 2671 1581 2710 cum
1606 2671 1760 2720 cura,
1788 2655 1884 2726 qui
1944 2669 2055 2709 non

477 2750 653 2804 solum
685 2748 752 2804 ad
778 2748 1123 2804 Christianos
1155 2749 1604 2818 proﬁciscuntur.
1644 2749 1736 2804 sed
1783 2750 1949 2803 etiam
1985 2747 2051 2802 ad

477 2858 671 2898 omnes
703 2853 912 2913 gentes;
947 2843 1030 2897 vel
1059 2858 1123 2898 ex
1161 2843 1335 2898 sancti
1393 2842 1674 2898 Francisci
1726 2842 1942 2906 ordine,
1977 2841 2057 2896 vel

479 2935 772 3000 Dominici,
803 2935 888 2989 vel
920 2950 982 2989 ex
1021 2936 1124 2989 alia
1184 2935 1389 3005 regula.
1445 2934 1584 3003 Ergo
1622 2935 1694 2988 ibi
1758 2933 2055 2988 Ecclesiam

476 3027 884 3092 cnnﬁtebimur,
925 3027 1017 3082 tibi
1049 3043 1156 3082 non
1188 3038 1272 3081 est
1314 3029 1556 3090 literesis,
1616 3043 1716 3080 ncc
1770 3027 2053 3094 iniquitas,

2161 534 2380 597 ἀσεϐεῖς
2412 534 2505 588 καὶ
2551 533 2808 604 ἀλλότρια
2867 534 2994 606 ἔθνη
3055 537 3226 606 αὐτῆς
3271 539 3738 610 κατεκράτησαν;

2162 629 2280 682 ἐκεῖ
2309 626 2436 680 ἔνθα
2464 628 2586 682 οὐδὲ
2609 629 2916 696 ἱερουργεῖν
2949 629 3038 682 ἐπ’
3072 629 3254 688 ἀδείας
3282 630 3452 697 ἔστιν,
3489 632 3614 684 οὐδὲ
3647 633 3741 699 of;

2165 738 2424 791 μαντρον,
2466 722 2588 776 οὐδὲ
2615 721 2675 774 τὸ
2701 722 2792 774 τοῦ
2832 721 3077 791 σταυροῦ
3108 725 3333 792 σημεῖον
3365 723 3698 790 ἐμφαίνεται
3722 741 3742 790 ς

2161 815 2296 880 ἐκεῖ,
2331 813 2458 866 ἔνθα
2489 815 2549 867 ού
2577 814 2824 868 δύναιταί
2855 833 2939 878 τις
2969 817 3143 869 εἰπεῖν
3165 817 3452 887 παρρησίᾳ
3475 817 3537 868 τὸ
3565 815 3737 884 γλυκῦ

2160 908 2256 963 τοῦ
2291 908 2526 979 Χριστοῦ
2577 893 2801 976 δνομαξ
2849 911 2897 962 εί
2952 909 3009 964 δὲ
3039 909 3170 982 είπῃ
3221 910 3384 980 διχῶς
3413 910 3742 980 διαιρεῑτσιο

2163 1001 2297 1062 ἐκεῖ,
2329 998 2458 1052 ἔνθα
2495 999 2921 1070 ἱερουργούντων
2952 999 3061 1053 τῶν
3085 1001 3497 1072 εὑρισκομένων
3525 1001 3743 1070 ἱερέων,

2163 1091 2329 1145 οῖ’τοῦ
2349 1091 2592 1162 Χριστοῦ
2621 1091 2807 1163 ἐχθροὶ
2832 1093 3168 1163 εἰσέρχονται
3196 1095 3289 1148 καὶ
3319 1092 3746 1162 μνκτηρίζουσι,

2165 1186 2261 1239 καὶ
2287 1183 2664 1238 καταπατοῦσι
2695 1185 2788 1238 καὶ
2813 1183 3107 1254 βεϐηλοῦσι
3134 1183 3204 1244 τὰ
3233 1184 3632 1253 Θυσιαστήρια,
3659 1189 3751 1235 καὶ

2167 1277 2422 1346 ῥίπτουσι
2455 1278 2523 1331 τά
2555 1277 2750 1346 "Arta,
2808 1277 2902 1330 καὶ
2962 1278 3230 1334 τύπτουσι
3271 1276 3398 1338 τοὺς
3445 1278 3623 1346 ἱερεῖς
3657 1278 3753 1330 καὶ

2163 1371 2392 1433 ὠθοῦσι,
2416 1371 2508 1424 καὶ
2537 1371 2741 1439 γελῶσι
2764 1370 2862 1437 τὴν
2887 1368 2994 1422 τῶν
3027 1369 3377 1440 Χριστιανῶν
3399 1369 3750 1438 θρησκείινς

2165 1460 2452 1532 οὕμενουν.
2497 1460 2640 1514 ’Ἀλλ’
2704 1463 2818 1514 ἐκεῖ
2846 1462 2929 1514 δεῖ
2991 1455 3156 1525 εἶναι,
3211 1459 3340 1518 ἔνθα
3388 1458 3488 1513 καὶ
3537 1460 3606 1514 τὸ
3657 1461 3752 1512 τοῦ

2165 1555 2403 1628 Χριστοῦ
2425 1556 2652 1626 σημεῖον
2673 1555 2990 1624 διαλάμπει,
3008 1558 3104 1610 καὶ
3120 1555 3174 1609 αἱ
3205 1553 3530 1625 Ἐκκλησίαι
3557 1569 3752 1606 κεκοσ-

2170 1666 2245 1718 μη
2257 1650 2416 1718 μέναι
2442 1649 2806 1719 τυγχάνουσιν
2855 1645 3032 1714 οῦσαι,
3058 1648 3154 1701 καὶ
3185 1650 3496 1718 σήμαντρα,
3528 1646 3631 1699 καὶ
3657 1662 3756 1714 σηο

2171 1742 2352 1811 μαῖαι,
2390 1742 2484 1794 καὶ
2515 1741 2876 1812 Θυσιαστήρια
2918 1741 3095 1794 πάντα
3141 1740 3280 1810 μετὰ
3307 1739 3476 1809 τιμῆς
3507 1738 3755 1808 ὁρῶνται

2165 1833 2259 1888 καὶ
2295 1833 2730 1902 προσκυνοῦνται
2755 1849 2768 1862 ο
2804 1834 2901 1885 καὶ
2930 1835 3041 1895 τοῖς
3072 1832 3276 1901 ἱερεῦσι
3309 1832 3594 1902 μακρόθεν
3630 1832 3752 1900 μετ’

2163 1925 2345 1985 αἰδοῦς
2377 1926 2758 1992 ὑπεξίστανται
2789 1927 2838 1978 oi
2877 1924 2995 1977 λαοί
3024 1939 3039 1954 °
3071 1926 3206 1991 ἐκεῖ,
3243 1923 3371 1977 ἔνθα
3407 1923 3752 1994 κηρύττεται

2161 2019 2458 2092 διαρῤήδην
2487 2021 2517 2088 ἡ
2553 2017 2647 2071 τοῦ
2698 2016 2935 2088 Χριστοῦ
2969 2018 3156 2080 πίστις
3181 2032 3195 2046 ·
3230 2018 3368 2080 ἐκεῖ,
3402 2015 3540 2069 ὅπου
3573 2018 3628 2068 οἱ
3659 2015 3756 2084 βτ-

2165 2114 2330 2178 σιλεῖς
2355 2115 2452 2182 τῆς
2477 2113 2578 2182 γῆς
2646 2114 2742 2166 καὶ
2773 2113 2822 2164 οἱ
2873 2111 3140 2182 ἄρχοντες
3191 2111 3481 2182 ἐρχόμενοι
3528 2110 3753 2181 ίστορῆο

2164 2222 2252 2258 σαι
2293 2204 2419 2266 τοὺς
2453 2203 2632 2272 ἱεροὺς
2663 2204 2883 2267 τόπους,
2916 2204 3013 2256 καὶ
3041 2203 3153 2257 τῶν
3210 2205 3530 2274 κορυφαίων
3581 2219 3752 2274 προισ-

2163 2293 2396 2364 κυνῆσαι
2425 2294 2524 2357 τὰς
2587 2293 2788 2365 κάρας,
2822 2295 2919 2348 σὺν
2949 2294 3191 2358 ἐκείναις
3224 2293 3606 2365 προσκυνοῦσι
3658 2297 3754 2349 nt

2161 2389 2252 2440 τὸν
2281 2387 2762 2458 προκαθεζόμενον
2822 2389 3109 2460 ἀρχιερέα,
3131 2391 3227 2443 καὶ
3257 2390 3603 2452 ἀσπάζονται
3628 2390 3754 2445 τοὺς

2165 2479 2333 2543 πόδας
2365 2479 2552 2534 αὑτοῦ.
2588 2479 2756 2544 Ἐκεῖ,
2793 2480 2922 2534 ἔνθα
2953 2481 3298 2553 πανηγύρεις
3329 2482 3579 2549 γίνονται
3613 2486 3750 2549 παῤ-

2165 2571 2358 2642 ρησίᾳ,
2387 2573 2482 2624 καὶ
2517 2572 2829 2644 ψαλμῳδίαι
2861 2575 2956 2626 καὶ
2997 2576 3320 2644 προσευχαί.
3355 2574 3540 2627 Ὅπου
3583 2575 3751 2640 φόϐος

2161 2661 2361 2729 οὐδεὶς,
2387 2662 2510 2716 τινὰ
2537 2663 2715 2716 εἰπεῖν
2744 2663 3086 2717 τούναντίον.
3130 2665 3298 2730 Ἐκεῖ,
3327 2663 3460 2718 ἔνθα
3505 2665 3535 2716 ὁ
3574 2665 3748 2735 ἄκρος

2161 2753 2454 2823 ἀρχιερεὺς
2492 2752 2770 2832 ἐκπέμπει
2821 2753 3180 2816 διδασκάλους
3239 2753 3336 2806 καὶ
3372 2753 3634 2821 κήρυκας
3672 2755 3750 2813 εἰς

2162 2849 2346 2900 πᾶσαν
2371 2846 2471 2915 τὴν
2495 2837 2844 2916 οἰκουμένην,
2887 2845 3185 2916 κηρύττειν
3217 2845 3315 2898 καὶ
3349 2845 3750 2916 καταγγέλλειν

2158 2941 2248 2994 τὸν
2278 2939 2370 2991 τοῦ
2409 2937 2545 2992 Θεοῦ
2581 2937 2772 3006 λόγον’
2808 2940 3058 3011 μιμητὴς
3081 2938 3173 2993 τοῦ
3208 2938 3449 3011 Χριστοῦ
3481 2938 3577 3002 ὢν,
3611 2939 3757 3007 μᾶλα

2160 3031 2250 3084 λον
2300 3031 2358 3084 δὲ
2407 3033 2519 3085 ἀντ’
2551 3030 2718 3084 αὑτοῦ
2765 3031 2860 3085 τοῦ
2891 3031 3145 3103 Σωτῆρος
3178 3033 3341 3104 ἡμῶν
3384 3033 3476 3086 ἐπὶ
3504 3031 3601 3100 τῆς
3638 3035 3750 3102 γῆς

482 3137 664 3190 neque
719 3120 1041 3184 inﬁdelitas,
1107 3119 1217 3174 imo
1263 3133 1397 3175 vero
1429 3119 1586 3173 ﬁrma
1623 3117 1762 3173 ﬁdes
1781 3127 1835 3174 et
1866 3118 2057 3174 incon-

2163 3123 2444 3194 ὑπάρχων.
2478 3125 2692 3196 Ὠσπερ
2723 3125 2832 3193 γὰρ
2864 3126 3070 3188 ἐκεῖνος
3105 3127 3216 3187 τοῖς
3260 3124 3583 3187 ἀποστόλοις
3615 3126 3751 3192 εφη,

475 3218 658 3270 ctissa.
698 3215 766 3268 At
792 3229 902 3269 non
936 3215 1010 3269 ita
1059 3213 1198 3282 apud
1253 3213 1587 3279 Orientales,
1650 3211 1746 3266 ubi
1802 3212 2049 3267 abundat

479 3308 744 3377 iniquitas
800 3317 854 3362 ct
905 3306 1220 3362 inﬁdelitas.
1273 3303 1385 3360 Nec
1419 3322 1573 3361 meus
1609 3321 1793 3361 sermo
1829 3319 1914 3362 cst
1949 3308 2058 3371 hic,

480 3402 576 3456 sed
608 3399 930 3456 Theodorus
970 3399 1212 3456 Studites
1258 3400 1484 3468 prodeat
1517 3409 1571 3455 et
1601 3399 1747 3455 dicat
1779 3400 1881 3456 lioc
1905 3403 2062 3456 testi-

477 3493 744 3558 monium,
797 3493 942 3562 quod
967 3508 1128 3546 nemo
1181 3493 1382 3562 poterit
1420 3491 1673 3559 inﬁciari,
1735 3494 1787 3546 in
1843 3494 2058 3550 decima

477 3584 670 3651 quinta
699 3585 1179 3653 catecbesi,quam
1208 3585 1654 3655 Icgitisquidem,
1684 3596 1738 3640 at
1760 3603 1866 3642 non
1898 3588 2058 3644 intel-

476 3677 668 3747 ligitis,
725 3679 852 3747 quia
889 3692 998 3732 non
1033 3677 1216 3734 vultis.
1258 3676 1487 3733 Videtur
1544 3680 1690 3733 enim
1748 3680 1940 3736 doctor
1975 3683 2060 3736 liic

477 3769 740 3823 adversus
768 3777 1172 3838 Oppugnatores
1203 3768 1498 3839 imaginum
1533 3784 1802 3838 pugnare,
1829 3773 2058 3839 quando

478 3860 610 3916 dicit
641 3875 658 3914 :
696 3877 714 3911 ι
752 3859 931 3913 Audio
961 3869 1142 3913 autem
1184 3865 1328 3929 quod
1387 3861 1593 3929 liomaa,
1634 3862 1897 3932 principis
1927 3879 2060 3933 apo-

480 3952 748 4007 stolorum
777 3951 923 4006 Petri
952 3953 1130 4009 claves
1162 3965 1550 4023 pr0ponuntur
1579 3955 1647 4010 ad
1681 3958 2054 4022 adorandum,

480 4031 646 4113 atque
695 4046 748 4098 in
809 4044 1018 4100 honore
1078 4048 1267 4102 haberi
1304 4069 1316 4104 :
1348 4066 1664 4120 quanquam
1716 4068 1824 4106 non
1878 4055 2058 4108 claves

481 4139 775 4196 sensibiles
835 4139 1104 4196 Dominus
1149 4144 1196 4196 ei
1234 4143 1480 4206 tradidit,
1523 4145 1616 4199 sed
1659 4145 2059 4201 intellectuales

479 4234 547 4287 ad
578 4234 854 4302 ligandum
882 4244 936 4289 et
959 4235 1301 4291 solvendum.
1325 4237 1389 4290 At
1419 4237 1492 4291 illi
1525 4249 1812 4307 argenteus
1847 4240 2046 4309 popqu

477 4334 791 4396 proponunt
830 4328 896 4380 ad
953 4327 1311 4395 adorandum,
1372 4337 1523 4382 tanta
1567 4329 1732 4398 igitur
1785 4329 1924 4397 apud
1965 4347 2058 4384 eos

479 4432 566 4474 est
609 4419 764 4481 ﬁdes.
793 4428 848 4473 et
877 4419 949 4472 ibi
984 4421 1155 4475 solida
1214 4429 1366 4488 petra
1430 4422 1553 4475 ﬁdei
1618 4423 1922 4478 secundum
1963 4422 2055 4477 Dei

420 4542 426 4548 -
468 4514 708 4588 verbum
761 4511 1012 4569 fundata.
1057 4512 1153 4568 llic
1194 4529 1345 4579 vero,
1407 4526 1464 4570 ut
1513 4515 1748 4580 videtur,
1815 4515 2057 4571 abundat

481 4605 778 4660 inﬁdelitas
838 4623 902 4662 ac
933 4609 1274 4677 improbitas.
1307 4627 1327 4662 ι
1389 4606 1552 4662 Vides
1581 4611 1723 4678 quod
1761 4619 1814 4662 ct
1866 4609 2060 4665 beatus

435 4766 440 4770 .
481 4697 573 4750 hic
600 4698 672 4751 ibi
702 4700 998 4754 conﬁtetur
1027 4702 1258 4756 solidam
1288 4716 1411 4756 esse
1450 4702 1647 4769 ﬁdem;
1685 4717 1784 4757 nec
1817 4704 1870 4756 in
1901 4703 2060 4757 Petro

483 4799 717 4850 tantum,
755 4791 848 4843 sed
886 4802 939 4844 et
973 4792 1026 4846 in
1065 4795 1182 4861 ejus
1205 4795 1642 4849 successoribus.
1677 4794 1802 4850 llaec
1831 4797 2054 4867 quidem

482 4895 607 4932 cum
650 4880 887 4936 audiatis
915 4885 1241 4951 etvidealis,
1283 4902 1383 4941 nec
1407 4888 1630 4956 possitis
1676 4898 1862 4943 contra
1890 4891 2061 4960 respi-

481 4987 626 5035 cere,
658 4972 803 5028 velut
833 4973 1096 5028 adversus
1127 4976 1402 5046 refulgens
1432 4992 1484 5034 et
1523 4996 1819 5037 coruscans
1871 4983 2056 5038 lumen

482 5063 752 5129 veritatis,
818 5065 884 5118 ad
920 5079 982 5118 ea
1031 5065 1327 5132 confugitis
1362 5084 1483 5136 quae
1542 5070 1696 5126 nefas
1744 5083 1826 5126 est
1879 5072 2061 5125 dicere

482 5156 690 5209 scilicet
725 5169 1061 5224 pcccatorem
1115 5175 1236 5214 esse
1287 5157 1592 5216 Rotnaunm
1653 5164 1962 5233 pontiﬁcem
2009 5174 2062 5218 et

482 5247 791 5302 carnalibus
826 5249 1200 5316 voluptatibus
1230 5252 1637 5318 inservientem,
1673 5264 1727 5307 et
1761 5254 1879 5306 ideo
1905 5255 2051 5308 nolle

481 5352 580 5392 vos
617 5339 878 5395 honorem
918 5351 972 5397 et
1007 5346 1365 5400 reverentiam
1392 5344 1632 5401 debitam
1661 5345 1944 5403 exhibere.

553 5526 594 5556 ³³
617 5522 784 5580 Marc.
806 5538 917 5590 χιι,
943 5526 1029 5580 15.

2174 3234 2192 3266 ι
2233 3214 2364 3268 Ἰδοὺ
2406 3215 2726 3269 ἀποστέλλω
2760 3217 2928 3285 ὑμᾶς,
2962 3215 3325 3286 πορευθέντες
3364 3218 3445 3278 εἰς
3496 3216 3586 3268 τὸν
3623 3216 3755 3267 κόσ-

2170 3325 2271 3378 μον
2302 3307 2547 3375 ἅπαντα,
2579 3308 2854 3380 κηρύξατε
2888 3309 2949 3362 τὸ
2980 3308 3315 3377 Εὑαγγέλιον
3347 3310 3500 3381 πάσῃ
3532 3311 3597 3379 τῇ
3631 3310 3747 3362 κτί-

2169 3419 2270 3466 σει,
2325 3423 2344 3455 ι
2397 3402 2538 3456 οὕτω
2577 3405 2666 3457 καὶ
2697 3403 2855 3466 οὗτος
2903 3403 3227 3456 ἀποστέλλει
3261 3403 3625 3467 διδασκάλους
3671 3407 3746 3464 εἰς

2169 3496 2347 3547 πάντα
2397 3494 2600 3563 κόσμον
2634 3497 2700 3564 τῇ
2741 3496 3056 3566 προμηθείᾳ
3101 3495 3267 3549 αὐτοῦ
3295 3513 3310 3528 ·
3365 3495 3416 3547 οἳ
3465 3496 3530 3548 οὗ
3587 3499 3747 3565 μόιον

2167 3589 2246 3648 εἰς
2291 3586 2654 3656 Χριστιανοὺς
2692 3588 3050 3657 πορεύονται,
3087 3587 3226 3642 ἀλλὰ
3253 3590 3344 3642 καὶ
3391 3590 3470 3651 εἰς
3503 3589 3574 3642 τά
3624 3589 3746 3656 illst;

2166 3683 2342 3731 πάντα
2369 3696 2383 3711 ο
2417 3679 2448 3749 ἢ
2485 3681 2549 3732 ἐκ
2580 3681 2674 3733 τοῦ
2707 3681 2986 3751 σχήματος
3013 3682 3108 3735 τοῦ
3134 3681 3292 3750 ἁγίου
3330 3681 3745 3752 Φραγκίσέουῆ

2164 3771 2229 3821 ἐκ
2261 3768 2354 3821 τοῦ
2381 3769 2540 3836 ἁγίου
2570 3771 2889 3840 Δομενίκου,
2923 3772 2955 3841 ἦ
2993 3771 3050 3836 ἐξ
3082 3771 3246 3826 ἄλλου
3296 3789 3398 3827 του
3432 3773 3742 3842 τάγματος.

2175 3863 2322 3914 Ἐκεῖ
2367 3863 2548 3916 τοίνυν
2581 3865 2992 3935 ὁμολογήσομεν
3038 3860 3182 3920 εἶναι
3242 3866 3340 3937 τὴν
3387 3867 3745 3936 Ἐκκλησίαν,

2163 3954 2291 4007 ἔνθα
2324 3957 2421 4008 οὐκ
2452 3956 2600 4008 ἔστιν
2640 3956 2876 4025 αἵρεσις,
2905 3956 2935 4026 ἢ
2974 3958 3177 4026 ἀνομία
3220 3959 3251 4030 ἦ
3302 3959 3537 4012 ἀπιστία
3563 3976 3577 3989 ο
3610 3961 3750 4013 ἀλλά

2166 4047 2368 4115 μᾶλλον
2411 4047 2642 4119 ὑπάρχει
2681 4050 2714 4118 ἡ
2745 4049 2928 4107 πίστις
2972 4051 3224 4120 ἀρραγὴς
3288 4052 3378 4103 καὶ
3411 4051 3748 4122 adding-co,-

2163 4141 2278 4192 ἀλλ’
2305 4141 2404 4193 οὐκ
2433 4142 2489 4193 ὲν
2521 4144 2585 4212 τῇ
2637 4140 2922 4213 Ἀνατολῇ,
2952 4141 3080 4194 ἔνθα
3125 4142 3408 4206 πλεονάζει
3441 4144 3474 4214 ἡ
3515 4145 3750 4198 ἀπιστία

2164 4233 2257 4285 καὶ
2314 4233 2346 4302 ή
2400 4233 2622 4301 ἀνομία.
2657 4233 2770 4287 Καὶ
2798 4234 2899 4286 οὐκ
2953 4233 3084 4304 ὲμδς
3129 4229 3285 4298 οὗτος
3316 4235 3345 4288 ὁ
3368 4235 3529 4302 λόγος
3555 4251 3570 4267 ·
3604 4236 3752 4288 ἀλλά

2164 4324 2377 4394 παρίτω
2407 4323 2685 4396 Θεόδωρος
2712 4327 2738 4379 ὁ
2764 4327 3078 4399 Στουδίτης,
3107 4328 3202 4380 καὶ
3233 4329 3448 4382 εἰπάτω
3475 4328 3577 4400 τὴν
3605 4347 3755 4399 μαρ-

2166 4418 2361 4488 τυρίαν
2389 4417 2699 4490 ταύτην-ἥν
2733 4419 2794 4472 ού
2828 4419 3120 4492 δυνήσεταί
3149 4437 3230 4484 τις
3271 4421 3617 4492 ἀρνήσασθαι
3644 4439 3661 4451 ·
3693 4426 3752 4476 ἐν

2165 4515 2231 4584 τῇ
2267 4513 2733 4587 πεντεκαιδεκάτῃ
2763 4514 3070 4583 κατηχήσει
3102 4513 3294 4579 αὐτοῦ,
3365 4515 3434 4586 ἣν
3480 4515 3750 4583 ἀναγινώ-

2169 4624 2326 4660 σκετε
2367 4607 2484 4677 μὲν,
2513 4608 2572 4659 ού
2600 4609 2772 4660 νοεῖτε
2797 4608 2877 4671 δὲ,
2906 4607 3041 4660 διότι
3071 4608 3130 4660 οὐ
3168 4607 3372 4671 Θέλετε,
3397 4607 3618 4662 τοιαῦτα
3655 4609 3748 4662 εῦ-

2169 4718 2372 4775 ρομενο
2409 4702 2663 4771 φαίνεται
2708 4701 2817 4771 γὰρ
2859 4703 2888 4755 ό
2916 4701 3236 4764 διδάσκαλος
3269 4694 3425 4765 οὗτος
3459 4702 3604 4755 κατά
3633 4701 3748 4754 τῶν

2169 4797 2555 4868 Εἱκονομάχων
2614 4797 2944 4866 μαχόμενος,
2972 4796 3100 4850 ἔνθα
3135 4795 3301 4866 φησίν
3327 4812 3342 4827 ο
3382 4813 3401 4846 ι
3445 4794 3660 4848 ’Δκούω
3691 4796 3747 4847 as

2169 4889 2247 4941 ὅτι
2275 4890 2330 4941 ἑν
2375 4889 2560 4959 Ῥώμῃ
2593 4890 2687 4940 καὶ
2740 4887 2838 4950 τὰς
2877 4887 3024 4951 κλεῖς
3069 4887 3161 4940 τοῦ
3207 4886 3512 4942 ἀποστόλου
3555 4885 3750 4956 προτί-

2154 4980 2339 5033 θενται
2371 4981 2450 5041 είς
2488 4980 2883 5051 προσκύνησιν,
2917 4980 3011 5032 καὶ
3041 4980 3128 5032 διά
3158 4980 3325 5051 τιμῆς
3358 4979 3589 5048 ἀγα-ωσι·
3624 4978 3750 5031 καί-

2155 5089 2235 5125 τοι
2269 5089 2351 5140 γε,
2387 5074 2447 5126 ού
2502 5074 2654 5135 κλεῖς
2712 5073 2860 5143 αὐτῷ
2888 5072 3158 5143 αἰσθητὰς
3208 5075 3236 5125 ὁ
3272 5072 3479 5141 Κύριος
3516 5071 3749 5135 ἔδωκεν,

2154 5164 2290 5216 ἀλλὰ
2321 5165 2417 5227 τὰς
2447 5165 2536 5217 δ;ὰ
2557 5163 2716 5232 λόγου
2746 5164 2879 5236 πρὸς
2902 5164 2964 5218 τὸ
2987 5164 3209 5233 δεσμεῖν
3237 5164 3334 5216 καὶ⁸
3374 5162 3549 5215 λύειν.
3569 5160 3751 5214 Ἑκεί-

2153 5274 2234 5310 νοι
2289 5257 2344 5311 δὲ
2395 5259 2642 5328 ἀργυρᾶς
2676 5260 3064 5328 πεποιηκότες,
3113 5256 3469 5326 προτίθενται
3496 5255 3581 5325 τῷ
3626 5255 3749 5324 λαῴ

2153 5352 2232 5412 είς
2287 5350 2687 5422 προσκύνησιν.
2745 5350 2999 5419 Τοσαύτη
3035 5351 3220 5404 αὐτῶν
3266 5351 3416 5403 ἐστιν
3458 5351 3490 5417 ἡ
3529 5350 3745 5412 πίστις.

555 5705 890 5781 (l)Oppouit
941 5708 1346 5785 elegantissime
1399 5711 1699 5768 Ecclesium
1741 5711 2041 5767 Romanam
2074 5711 2300 5770 Grmcae.
2342 5711 2485 5768 Idem
2539 5723 2716 5785 potest
2759 5714 2866 5770 dici
2913 5714 2980 5772 de
3028 5715 3302 5773 haereticis
3363 5720 3538 5775 nostri
3606 5730 3740 5780 tem-

484 5779 654 5844 poris,
681 5787 730 5827 et
756 5791 945 5830 eorum
972 5779 1253 5833 Ecclesiis.
