3966 6198
192 280 334 346 ifi'i'
850 290 997 352 PRO
1035 293 1244 359 CONC.
1283 295 1649 359 FLORENT.
1687 299 1765 359 CA

1886 305 1951 363 ν.
1998 306 2093 364 DE
2137 307 2484 368 PRHIATU
2520 309 2753 370 ΡΛΡΕ.
3292 311 3468 373 1362‘

185 395 301 446 Eme
334 395 384 447 οί
412 393 588 458 πὸδες,
620 397 710 449 καὶ
743 400 892 452 κάτω
919 403 951 472 ἡ
979 405 1211 476 κεφαλή.
1254 408 1314 459 Ei
1349 409 1458 479 γὰρ
1488 410 1579 463 τὸν
1599 412 1756 464 ἀδελ-

1872 426 1922 471 ιιι
1949 420 2134 486 argnis
2165 421 2336 488 illum,
2372 423 2648 491 plectaris.
2695 421 2760 478 Et
2796 438 2904 492 quo
2928 432 3087 493 pacto
3118 440 3206 480 me
3241 427 3430 481 admo‘

189 486 293 554 φάν
322 505 416 540 σου
457 489 557 542 οὐκ
588 491 872 560 ἐπιτρέπει
904 512 987 549 σοι
1043 497 1273 566 κρίνειν,
1323 501 1502 572 πολλῷ
1556 503 1758 574 μᾶλλον

1872 524 1981 575 nes,
2017 513 2134 581 ipse
2184 528 2288 568 non
2322 486 2600 570 iaciens?
2631 515 2746 570 Non
2793 486 3039 586 ipse'tibi
3084 518 3216 573 dicit
3250 536 3262 572 :
3295 519 3352 572 Si
3382 518 3430 572 ei

187 578 310 632 οὐδὲ
363 583 454 634 τὸν
513 582 832 638 διδάσκαλόν
863 605 980 642 σου.
1028 608 1046 642 ι
1083 593 1189 645 Καὶ
1231 594 1351 662 μετ’
1383 595 1578 665 ὀλίγα·
1626 617 1644 649 ι
1684 601 1755 654 Συ

188 672 462 763 πρόϐατον
511 671 580 738 εἴ,
614 675 689 746 μὴ
730 679 1097 750 περιεργάζου
1125 683 1217 736 τὸν
1251 687 1488 755 ποιμένα
1512 707 1527 721 ο
1559 692 1632 763 μὴ
1663 695 1758 746 καὶ

189 765 276 832 ἐφ’
323 761 406 829 οἷς
446 769 640 838 ἐκείνῳ
681 777 1028 844 κατηγορεῖς,
1094 778 1326 843 εὐθύνας
1376 782 1586 847 δώσεις.
1621 761 1758 840 -Καὶ

189 861 308 922 πῶς
342 863 466 930 ἐμοὶ
495 864 664 932 λέγει,
693 868 878 938 φησὶν,
908 871 1072 933 αὐτὸς
1102 871 1178 943 μὴ
1212 875 1379 928 ποιῶν
1407 895 1420 941 ;
1462 880 1560 931 οὐκ
1595 881 1758 944 αὑτός

191 971 278 1005 σοι
311 955 483 1021 λέγει.
518 957 579 1010 ΕΞ
610 959 759 1029 αὐτῷ
783 961 968 1033 πείθῃ,
998 965 1193 1033 μισθὸν
1213 967 1312 1020 οὐκ
1337 968 1515 1038 ἔχεις·
1551 975 1579 1025 6
1621 975 1758 1045 Χρι-

191 1047 315 1109 arb;
357 1047 530 1102 ταῦτα
585 1059 878 1121 παραινεῐο
935 1055 1010 1126 μὴ
1070 1059 1343 1128 κρίνωμεν
1371 1065 1439 1116 τά
1491 1066 1756 1138 ἀλλήλων,

189 1140 325 1194 ἀλλά
357 1141 425 1194 τὰ
460 1143 652 1196 ἑαυτοῦ
704 1146 956 1212 ἕκαστος.
997 1168 1015 1200 ι
1051 1153 1162 1205 Καὶ
1197 1154 1315 1222 μετ’
1353 1156 1574 1224 ὀλίγον’
1608 1177 1628 1211 ι
1668 1162 1760 1232 Μὴ

189 1231 462 1299 λέγωμεν,
494 1239 816 1306 παρακαλῶ,
846 1243 1033 1304 κακῶς
1063 1244 1190 1305 τοὺς
1219 1246 1596 1316 διδασκάλους,
1633 1231 1762 1308 Ἐάν

189 1341 274 1386 τις
323 1327 532 1394 πατέρα
588 1329 685 1399 ἔχῃ
728 1331 937 1402 μυρίων
975 1336 1163 1389 κακῶν
1200 1337 1404 1409 ἔνοχον,
1441 1343 1503 1394 οὐ
1532 1347 1761 1401 συσκιά-

1872 1342 1982 1402 pter
2043 1343 2094 1388 te
2155 1335 2410 1403 legantur
2497 1338 2840 1408 Scripturae,
2904 1357 3116 1397 sacram
3209 1343 3433 1398 domum

189 1416 309 1480 ζτις
351 1419 440 1488 Μὴ
489 1421 734 1486 δοξάζου,
776 1428 962 1493 φησὶν,
1025 1431 1082 1482 ἐν
1134 1432 1330 1502 ἀτιμίᾳ
1380 1437 1586 1506 πατρὸς
1641 1454 1758 1495 σου.

1872 1436 2091 1481 exornat
2122 1439 2343 1498 propter
2369 1439 2443 1495 te,
2478 1433 2912 1502 vigilatpropter
2939 1445 3008 1499 te,
3042 1446 3161 1489 orat
3211 1447 3308 1504 pro
3357 1445 3430 1495 te.

194 1507 377 1576 Πολλῷ
414 1512 615 1576 μᾶλλον
637 1515 729 1566 ἐπὶ
758 1516 864 1569 τῶν
893 1522 1286 1588 πνευματικῶν
1308 1526 1564 1594 πατέρων
1585 1529 1760 1583 ταῦτα

1872 1516 1976 1572 Deo
2003 1534 2187 1588 preces
2216 1521 2373 1576 offert
2411 1513 2508 1592 pro
2547 1534 2618 1591 te,
2653 1525 2835 1580 cultus
2862 1525 2981 1596 ejus
3005 1541 3133 1596 erga
3178 1527 3342 1581 Deum
3379 1538 3460 1585 et,

190 1601 430 1658 λεκτέον.
467 1603 779 1675 Λίδέσθητι,
811 1609 894 1664 δτι
953 1614 1088 1668 καθ’·
1131 1616 1370 1689 ἑκάστην
1427 1621 1645 1692 ἡμέραν
1677 1641 1759 1679 σοι

1872 1608 2045 1663 omnis
2076 1619 2297 1679 propter
2322 1619 2393 1676 te,
2429 1612 2546 1668 hiec
2565 1628 2837 1678 reverere,
2876 1616 2991 1669 hinc
3025 1623 3203 1670 tecum
3231 1615 3434 1683 cogita,
3461 1683 3464 1685 Α

188 1692 558 1800 ciceronis-1::
591 1701 1067 1768 ἀναγινώσκεσθαι
1123 1711 1270 1763 ποιεῖ
1297 1712 1394 1775 τὰς
1428 1713 1652 1784 Γραφάς
1675 1717 1762 1770 διὰ

1872 1712 1921 1755 et
1976 1703 2124 1757 omni
2157 1706 2392 1770 praestita
2441 1706 2786 1761 observantia
2822 1707 2890 1762 ad
2930 1721 3054 1761 eum
3100 1707 3374 1762 accedito.
3413 1731 3430 1755 .

191 1789 252 1836 σέ
273 1801 286 1815 ο
316 1786 410 1878 τδν
469 1784 620 1841 οἶκον
654 1792 748 1847 τὸν
797 1795 940 1866 ἱερὸν
969 1803 1168 1868 κοσμεῖ
1217 1803 1306 1856 διὰ
1334 1806 1413 1857 σέ.
1458 1805 1761 1878 Ἀγρυπνεῖ

1872 1793 1934 1846 Et
1979 1794 2140 1860 paulo
2191 1809 2362 1866 post:
2408 1815 2426 1849 ι
2464 1797 2614 1853 Audi
2649 1798 2778 1868 quid
2808 1799 2953 1854 dicat
2979 1798 3046 1854 de
3098 1799 3436 1869 principibus

189 1874 391 1974 διάσέ.
425 1879 656 1974 Εθχεται
689 1887 832 1959 ὑπὲρ
876 1889 970 1943 σοῦ
1015 1894 1106 1946 τὸν
1141 1893 1295 1962 Θεὸν,
1333 1874 1542 1968 ἕστηκε
1566 1874 1761 1974 ’παρα-

1872 1884 2176 1942 indecorum
2221 1889 2403 1945 Deus':
2464 1890 2638 1958 Super
2693 1891 3009 1947 cathedram
3074 1890 3240 1949 Mosis
3276 1892 3436 1948 sede—

191 1969 374 2023 καλῶν
406 1971 497 2026 διά
531 1975 625 2028 σέ·
659 1975 813 2041 λιτὰς
839 1983 986 2034 ποιεῖ
1017 1984 1158 2053 ὑπὲρ
1189 1985 1306 2040 σοῦ,
1340 1989 1497 2044 Πᾶσα
1544 1969 1694 2061 αὐτῷ
1727 1995 1759 2061 ἡ
1867 1992 1994 2036 runt
2063 1981 2272 2040 Scriba:
2335 1995 2390 2039 et
2460 1983 2722 2040 Pharisaei
2755 2000 3136 2055 :quzecunque
3190 1985 3433 2040 dixerint
3461 2013 3466 2015 ν

190 2064 272 2124 είς
295 2063 428 2117 Θεὸν
467 2064 689 2137 λατρεία
742 2071 830 2124 διὰ
881 2073 961 2129 σέ.
992 2076 1180 2130 Ταῦτα
1236 2080 1548 2153 αἰδέσθητι·
1590 2085 1760 2138 ταῦτα

1872 2074 2043 2138 vobis,
2070 2085 2284 2143 servate
2319 2086 2372 2131 et
2403 2076 2587 2142 facite,
2618 2077 2924 2132 secundum
2959 2091 3091 2131 vero
3118 2090 3286 2146 opera
3314 2076 3434 2130 illo-

191 2159 464 2229 ἐννόησον,
493 2164 588 2215 καὶ
617 2165 754 2233 μετὰ
783 2167 960 2238 πάσης
989 2170 1272 2236 εὐλαόείας
1297 2174 1442 2244 αὐτῷ
1467 2177 1706 2245 πρόσιθι.
1737 2198 1754 2230 ι

1872 2179 1986 2218 rum
2011 2167 2178 2221 nolite
2219 2167 2416 2223 facere.
2446 2172 2458 2198 ⁴
2489 2168 2749 2235 Quaenam
2785 2167 3058 2225 deterior.
3097 2183 3286 2224 eorum
3323 2168 3466 2230 vita.

191 2249 302 2301 Καὶ
337 2253 452 2319 μετ’
477 2253 676 2322 ὀλίγον,
720 2259 1022 2313 «Ἄκουσον
1047 2263 1100 2315 τί
1127 2281 1259 2333 φησι
1280 2267 1407 2337 περὶ
1436 2268 1547 2320 τῶν
1572 2270 1760 2339 ἀρχόν-

1872 2255 2208 2322 reperietur?
2233 2257 2340 2315 Eos
2372 2269 2552 2315 tamen
2586 2274 2686 2315 nec
2717 2260 2985 2327 dignitate
3006 2260 3226 2330 dejecit,
3261 2275 3440 2329 neque
3518 2316 3522 2318 _

188 2357 298 2393 των
327 2343 437 2396 τῶν
453 2345 758 2401 Ἰουδαϊκῶν
787 2351 816 2403 6
839 2351 972 2415 Θεός
991 2371 1006 2385 ·
1045 2353 1166 2408 Ἐπὶ
1193 2359 1289 2425 τῆς
1318 2359 1564 2424 Μωσέως
1594 2350 1756 2417 καθέ-

1872 2356 1990 2400 uta
2024 2347 2255 2404 subditis
2288 2350 2699 2418 despicerentur
2745 2351 2984 2405 curavit.
3038 2353 3104 2406 Et
3158 2361 3324 2405 recte.
3377 2347 3436 2403 Si

189 2432 322 2502 δρας
384 2435 650 2491 ἐκάθισαν
700 2441 750 2494 oi
796 2443 1154 2514 Γραμματεῖς
1184 2448 1277 2501 καί⁵
1331 2450 1383 2502 oi
1433 2451 1757 2522 Φαρισαῖοι·

1872 2440 2011 2494 enim
2071 2440 2209 2495 hanc
2264 2441 2366 2495 sibi
2399 2443 2776 2509 arrogaverint
2844 2443 3044 2499 subditi
3083 2451 3432 2511 potestatem,

190 2527 368 2580 πάντα
387 2527 480 2581 οὖν
505 2530 604 2584 ὅσα
625 2531 692 2585 ἂν
713 2531 947 2602 λέγωσιν
968 2537 1098 2604 ὑμῖν
1121 2542 1318 2602 ποιεῖν,
1345 2544 1550 2596 ποιεῖτε
1577 2561 1590 2577 ο
1619 2547 1761 2600 κατά

1872 2545 2058 2586 omnes
2111 2533 2293 2586 statim
2354 2533 2780 2603 abrogabnntnr,
2811 2543 2864 2589 et
2907 2535 2970 2589 de
2999 2535 3256 2589 tribunali
3305 2533 3437 2601 deji-

189 2616 247 2668 δὲ
301 2617 371 2671 τὰ
415 2619 551 2687 ἔργα
589 2623 770 2676 αὐτῶν
837 2628 912 2696 μὴ
948 2629 1162 2698 ποιῆτε.
1213 2629 1278 2683 Τί
1335 2632 1537 2701 γένοιτ’
1570 2637 1635 2690 ἂν
1665 2637 1760 2692 τοῦ

1872 2626 2102 2680 cientur.
2164 2627 2453 2697 Propterea
2505 2637 2558 2682 et
2612 2628 2811 2684 Paulus
2861 2644 2984 2684 cum
3022 2629 3076 2683 in
3129 2629 3439 2698 pontiﬁcem

192 2708 308 2776 βίου
343 2714 524 2781 χεῖρον
556 2714 818 2781 ἐκείνωνς
857 2716 999 2770 Ἀλλ’
1028 2721 1178 2790 ὅμως
1204 2723 1325 2776 οὐδὲ
1370 2725 1515 2779 οὕτω
1543 2731 1760 2782 κατεσίο

1872 2717 2176 2774 Iudaici-uin
2247 2721 2610 2775 contumelias
2673 2721 2992 2786 eﬂudisset,
3043 2737 3106 2776 ac
3168 2722 3438 2778 dixisset:

1869 2812 2137 2865 Percutiat
2197 2821 2246 2866 te
2267 2811 2428 2878 Deus,
2461 2813 2640 2880 paries
2695 2811 2944 2868 dealbate
2982 2813 3048 2876 ³⁸,
3081 2822 3136 2866 et
3166 2824 3220 2867 tu
3242 2814 3472 2868 sedens.

1861 604 2061 668 credis,
2104 608 2406 661 mercedem
2461 624 2567 662 non
2599 609 2835 678 accipies
2865 625 2879 664 ε
2909 607 3163 665 Christus
3192 610 3308 665 haec
3335 610 3433 664 do-
3503 629 3505 632 ·

1861 703 1944 749 cet
1983 713 1997 750 :
2031 695 2105 750 Ne
2130 698 2439 767 judicemus
2485 716 2582 756 nos
2621 710 2830 766 mutuo,
2877 701 2971 756 sed
3011 717 3110 756 sua
3134 703 3433 771 unusquis-

1861 803 1988 856 que.
2027 807 2044 839 ι
2203 792 2362 860 paulo
2394 802 2518 862 post
2553 811 2568 848 :
2609 811 2629 845 ι
2671 791 2749 848 Ne
2811 759 3220 860 maledicamus,
3272 759 3426 865 rogo.

1863 881 2161 950 magistris.
2197 884 2252 939 Si
2280 887 2401 954 quis
2459 895 2663 956 patrem
2702 888 2952 943 habuerit
2981 889 3136 943 multi
3183 872 3476 974 crimini-lt

1863 973 1964 1028 bus
2017 976 2336 1041 obnoxium,
2402 995 2581 1034 nonne
2633 996 2695 1035 ea
2747 980 2993 1052 obtegit?
3035 981 3113 1036 Ne
3163 981 3428 1044 exsultes,

1863 1065 2060 1134 inquit,
2097 1067 2150 1120 in
2175 1067 2444 1123 dedecore
2470 1071 2640 1139 patris
2681 1073 2780 1137 tui,
2813 1072 2988 1126 multo
3020 1072 3196 1142 magis
3229 1073 3280 1126 in
3314 1075 3428 1141 spi-

1864 1155 2154 1212 ritualibus
2195 1159 2440 1227 patribus
2496 1161 2600 1216 hoc
2665 1161 2980 1218 dicendum.
3040 1161 3248 1216 Exhibe
3280 1177 3436 1217 reve-

1865 1245 2123 1311 rentiam,
2161 1248 2286 1315 quia
2316 1250 2557 1316 quotidie
2588 1251 2857 1307 ministrat
2893 1254 3010 1318 tibi,
3038 1262 3192 1308 curat
3222 1261 3276 1306 ut
3305 1269 3434 1320 pro.

191 2799 357 2852 ϐασεν
388 2803 585 2867 αὐτοὺς
611 2807 719 2860 ἀπὸ
755 2809 854 2877 τῆς
885 2810 1062 2878 ἀξίας,
1095 2813 1216 2868 οὐδὲ
1245 2816 1762 2892 εὐκαταφρονήτους

191 2892 450 2962 ἐποίησεν
473 2892 612 2950 εἷναι
650 2901 762 2962 τοῖς
791 2899 1142 2971 ἀρχομένοις.
1175 2909 1285 2960 Καὶ
1316 2909 1462 2977 μάλα
1493 2913 1721 2976 εἰκότως
1741 2931 1755 2944 ·

1872 2905 2081 2972 iudicas
2142 2903 2265 2956 me?
2315 2902 2419 2957 Sed
2458 2903 2702 2958 monitus
2751 2918 2780 2958 a
2815 2904 3140 2970 quibusdam
3203 2917 3261 2958 ut
3309 2908 3440 2960 reti-

193 2984 242 3034 εί
281 2989 390 3055 γὰρ
418 2988 624 3056 ταύτης
649 2991 993 3048 ἐπιλάϐοιντο
1020 2996 1120 3064 τῆς
1152 2998 1405 3064 ἐξουσίας
1439 3003 1485 3055 οἱ
1516 3004 1758 3074 ἀρχόμε-

1872 3004 2040 3059 ceret,
2065 2995 2392 3060 dicentibus,
2422 2994 2509 3049 Dei
2540 2995 2780 3064 pontiﬁci
2813 2994 3133 3050 maledicis?
3155 2996 3442 3051 ostendere

192 3093 292 3141 νοι,
325 3077 654 3148 ὀφθήσονται
689 3084 890 3148 πάντες
949 3089 1524 3162 ἀποχειροτονοῦντες,
1568 3099 1662 3150 καὶ
1695 3100 1761 3154 ἐκ

1872 3088 2058 3143 volens
2087 3095 2296 3158 quanto
2333 3086 2538 3142 honore
2562 3097 2615 3145 ct
2645 3089 2954 3143 reverentia
2997 3089 3272 3158 principes
3309 3105 3439 3157 pru-

192 3167 285 3220 τοῦ
324 3169 568 3240 βήματος
590 3177 1052 3242 καταεισάζοντες
1071 3198 1085 3211 ο
1118 3183 1205 3234 διά
1235 3185 1391 3238 τοῦτο
1416 3189 1510 3239 καὶ
1551 3189 1764 3262 Παῦλος

1872 3180 2027 3254 sequi
2063 3187 2328 3246 tenemur,
2365 3179 2542 3252 inquit
2575 3197 2590 3237 :
2656 3180 2977 3240 Nesciebain
3038 3195 3159 3232 eum
3189 3195 3312 3235 esse
3345 3179 3438 3234 Dei

191 3261 283 3312 r’w
331 3264 592 3334 ἀρχιερέα
643 3267 750 3319 τῶν
790 3267 1064 3322 Ἰουδαίων
1120 3272 1370 3347 Mylan,
1419 3273 1514 3335 καὶ
1571 3285 1762 3349 εἰπὼν,

1872 3276 2247 3345 pontiﬁcem}
2291 3275 2418 3330 Ideo
2453 3285 2505 3329 et
2584 3275 2710 3329 alibi
2768 3275 2945 3328 dicit:
3020 3269 3252 3330 Obedite
3302 3286 3441 3344 prie-

192 3354 431 3409 Τὺπτειν
461 3375 519 3410 σε
569 3358 752 3424 μέλλει
803 3360 830 3416 ὁ
879 3359 1034 3429 Θεὸς,
1065 3368 1210 3436 τοῖχε
1240 3373 1620 3441 κεκονιαμένε.
1655 3377 1765 3429 Καὶ

1873 3367 2066 3436 positis
2105 3368 2324 3428 vestris,
2371 3376 2425 3420 et
2461 3367 2742 3436 suhjacete
2782 3367 2911 3426 illis,
2945 3367 3046 3434 ipsi
3083 3366 3230 3421 enim
3260 3368 3448 3436 pervi-,

195 3445 259 3496 σὺ
297 3446 440 3524 κάθῃ
470 3449 672 3521 κρίνων
708 3472 817 3525 με;
855 3455 1040 3528 ἐπειδή
1074 3459 1235 3511 τινῶν
1285 3461 1520 3532 ἤκουσεν
1550 3466 1770 3520 επιστο-

191 3539 464 3605 μιςὸντων
501 3542 666 3596 αὑτὸν
713 3548 806 3598 καὶ
848 3545 1138 3614 λεγόντων,
1199 3550 1303 3605 Τὸν
1353 3554 1620 3624 ἀρχιερέα
1675 3559 1767 3610 τοῦ

189 3631 330 3684 Θεοῦ
359 3632 657 3706 λοιδορεῖς;
690 3638 862 3696 δεῖξαι
897 3639 1250 3710 βουλόμενος,
1284 3643 1416 3706 ὅσην
1466 3645 1767 3716 ἀπονέμειν

190 3725 274 3777 δεῖ
298 3727 412 3789 τοῖς
460 3728 688 3798 ἄρχουσι
745 3731 843 3802 τὴν
875 3732 1009 3785 αίδὼ
1056 3734 1149 3786 καὶ
1201 3736 1391 3806 τιμὴν,
1432 3745 1620 3806 φησιν,
1655 3743 1768 3794 Οὐκ

191 3816 341 3887 ᾔδειν
368 3820 450 3871 ὅτι
482 3821 777 3892 ἀρχιερεὺς
808 3824 904 3877 τοῦ
934 3823 1068 3878 Θεοῦ
1097 3822 1185 3897 ἦν.
1214 3828 1312 3880 Διά
1343 3829 1505 3882 τοῦτο
1541 3832 1635 3886 καὶ
1669 3833 1766 3886 ἀλ-

193 3909 359 3977 λαχοῦ
402 3929 566 3981 φησιο
628 3915 890 3968 Πείθεσθε
944 3919 1058 3979 τοῖς
1113 3919 1440 3988 ἡγουμένοις
1486 3923 1642 3991 ὑμῶν
1679 3928 1769 3977 καὶ

196 4003 468 4066 ὑπείκετε,
502 4006 660 4058 αὐτοὶ
695 4008 802 4076 γὰρ
835 4009 1212 4079 ἀγρυπνοῦσιν
1258 4011 1397 4084 ὑπὲρ
1448 4013 1555 4065 τῶν
1581 4014 1770 4085 ψυχῶν

193 4098 368 4163 ὑμῶν,
401 4099 474 4162 ὡς
505 4099 662 4168 λόγον
685 4102 1081 4166 ἀποδώσοντες.
1115 4104 1206 4157 Διὸ
1243 4106 1442 4174 πολλῆς
1472 4108 1770 4178 θεραπείας

191 4191 486 4244 ἀπολαύειν
513 4193 708 4256 αὐτοὺς
743 4194 841 4247 δεῖ.
929 4197 1038 4248 Καὶ
1104 4199 1225 4264 μετ’
1295 4198 1476 4267 ὀλίγα,
1552 4201 1769 4272 Ἐννόη-

194 4299 286 4334 σον
320 4283 371 4335 τί
405 4301 539 4353 φησι
574 4285 703 4354 περὶ
759 4285 867 4339 τῶν
903 4285 1181 4342 Ἰουδαίων
1231 4292 1260 4343 6
1319 4291 1558 4360 Χριστός
1583 4307 1598 4321 ⁸
1647 4293 1770 4346 Ἐπὶ

192 4372 289 4438 τῆς
314 4374 556 4436 Μωσέως
593 4374 862 4445 καθέδρας
906 4377 1171 4431 ἐκάθισαν
1207 4379 1256 4432 οί
1285 4382 1640 4450 γραμματεῖς
1673 4385 1768 4435 καὶ

189 4468 238 4518 οἱ
263 4467 544 4536 Φαρισαῖοι
567 4483 581 4498 ·
612 4470 790 4524 πάντα
813 4469 907 4522 οὖν
935 4470 1034 4523 ὅσα
1067 4472 1132 4525 ἀν
1155 4472 1388 4540 λέγωσιν
1417 4475 1546 4545 ὑμῖν
1569 4479 1766 4541 ποιεῖν,

190 4561 418 4612 ποιεῖτε.
451 4560 566 4613 Νῦν
591 4561 647 4613 δὲ
678 4561 778 4614 οὐκ
809 4562 958 4614 ἐστιν
987 4565 1188 4627 εἰπεῖν,
1232 4566 1358 4618 Ἐπὶ
1387 4566 1486 4636 τῆς
1522 4568 1768 4632 Μωσέως

192 4651 458 4723 καθέδρας
491 4653 751 4707 ἐκάθισαν
782 4655 828 4706 οἱ
867 4654 1063 4724 ἱερεῖς·
1100 4655 1214 4708 ἀλλ’
1256 4658 1347 4709 ἐπὶ
1379 4658 1478 4727 τῆς
1501 4661 1594 4710 τοῦ
1633 4661 1768 4729 Χρι-

194 4743 353 4795 στοῦο
385 4742 484 4814 τὴν
533 4745 642 4816 γὰρ
694 4746 905 4798 ἐκείνου
943 4744 1299 4800 δδασκαλίαν
1349 4749 1620 4812 ἐδέξαντο.
1677 4752 1768 4804 Διδ

192 4837 289 4889 καὶ
323 4841 346 4890 ὁ
377 4838 588 4902 Παῦλός
621 4857 788 4910 φησιν
812 4857 825 4871 ·
865 4839 1044 4913 ’Υπὲρ
1075 4841 1314 4911 Χριστοῦ
1366 4842 1767 4916 πρεσϐεύομεν,

187 4931 266 4998 ὡς
315 4931 407 4984 τοῦ
439 4930 573 4984 Θεοῦ
611 4934 1058 5004 παρακαλοῦντος
1088 4933 1155 4988 δι’
1207 4935 1384 5007 ἡμῶν.
1431 4954 1448 4986 ι
1489 4935 1766 4996 Ἤκουσας

187 5020 283 5075 τοῦ
317 5023 642 5076 διδασκάλου
681 5024 900 5086 τούτου,
939 5025 1056 5088 πῶς
1095 5027 1174 5078 δεῖ
1197 5027 1370 5096 τιμᾷν
1405 5027 1531 5089 τοὺς
1559 5027 1724 5094 ἱερεῖς
1753 5042 1766 5091 ;

188 5117 253 5169 Ei
283 5111 377 5169 οὖν
410 5117 502 5169 ἐπὶ
529 5117 636 5170 τῶν
665 5119 856 5189 ἱερέων
890 5119 1131 5173 τοσαῦτά
1167 5136 1324 5190 φησι,
1354 5117 1534 5188 πολλῷ
1567 5117 1768 5189 μᾶλλον

186 5210 284 5262 ἐπὶ
305 5209 412 5262 τῶν
436 5211 756 5282 ἀρχιερέων,
784 5212 879 5265 καὶ
908 5211 1290 5281 πατριαρχῶν,
1313 5213 1405 5265 καὶ¹
1431 5211 1771 5265 διδασκάλων

189 5303 290 5373 τῆς
307 5303 656 5374 Ἐκκλησίας·
678 5303 772 5368 οὓς
789 5304 883 5358 καὶ
902 5306 1059 5375 ὑμεῖς
1075 5304 1190 5370 νῦν,
1213 5305 1273 5358 οὐ
1297 5305 1456 5375 μόνον
1475 5306 1536 5358 οὑ
1555 5307 1772 5374 τιμᾶτε,

186 5395 325 5452 ἀλλά
351 5398 445 5451 καὶ
462 5397 690 5461 ἀναιδῶς
707 5397 978 5468 ὑδρεζετε.
1004 5398 1182 5471 Πόσην
1216 5398 1390 5462 ἕξετε,
1409 5398 1530 5450 εἰπέ
1561 5415 1671 5466 μοι,
1691 5414 1772 5450 τι-

190 5487 405 5557 μωρίαν
425 5507 439 5556 ;
462 5489 662 5560 πολλὴν
689 5489 808 5542 κατ’
829 5490 950 5559 ἐμὲ·
978 5489 1181 5560 μᾶλλον
1203 5490 1260 5542 δὲ
1283 5489 1343 5541 οὐ
1362 5489 1481 5542 κατ’
1502 5490 1622 5556 ἐμὲ,
1637 5489 1772 5542 ἀλλὰ

187 5580 329 5633 κατὰ
346 5579 436 5634 τὸν
463 5581 702 5654 χρυσοῦν
723 5581 823 5653 τὴν
853 5583 1096 5648 γλῶττιν
1117 5581 1227 5635 -καὶ
1253 5580 1569 5652 Θαυμαστὸν
1587 5581 1766 5633 Ἰωάν-

266 5763 304 5794 “
349 5769 470 5821 Act.
509 5781 666 5833 sint,
715 5767 766 5822 5.

1798 4439 1861 4497 υ.

1871 3458 2042 3530 gilant
2099 3457 2258 3527 quasi
2306 3459 2571 3511 rationem
2627 3472 2727 3527 pro
2764 3458 3050 3512 animabus
3082 3458 3276 3514 vestris
3325 3459 3446 3512 red-

1871 3552 2036 3607 dituri
2083 3552 2148 3616 ³’,
2199 3550 2322 3607 ideo
2375 3559 2429 3603 et
2465 3549 2630 3620 hujus
2665 3550 2845 3604 cultus
2901 3549 3080 3604 fructu
3143 3551 3301 3621 potiri
3349 3565 3445 3606 eos

1873 3660 2089 3714 aequum
2155 3653 2262 3700 est.
2339 3643 2403 3697 Ει
2436 3653 2555 3714 post
2588 3657 2816 3710 pauca:
2881 3641 3068 3712 Cogita
3138 3643 3268 3710 quid
3298 3642 3446 3697 dicat

1874 3736 2017 3791 Deus
2078 3737 2146 3791 de
2198 3733 2398 3790 Judaeis
2453 3751 2467 3793 :
2526 3731 2700 3804 Super
2756 3732 3065 3787 cathedram
3109 3730 3308 3802 Moysis
3361 3746 3448 3787 se-

1876 3829 2071 3881 derunt
2146 3824 2354 3880 Scriba
2406 3837 2458 3879 et
2508 3822 2805 3891 Phariszei;
2843 3837 3184 3892 quiecunque
3211 3822 3448 3876 dixerint

1875 3920 2031 3974 vobis
2097 3920 2295 3981 facere,
2361 3917 2573 3972 facile:
2645 3928 2699 3971 at
2781 3933 2927 3971 nunc
2985 3931 3093 3971 non
3150 3929 3445 3985 possumus

1873 4011 2101 4064 dicere:
2162 4007 2340 4078 Super
2370 4007 2681 4061 cathedram
2729 4005 2929 4076 Moysis
2984 4004 3288 4069 sederunt,
3350 4002 3477 4064 sed,

1875 4117 2040 4172 super
2095 4100 2319 4156 Christi.
2393 4098 2694 4167 Propterea
2781 4098 2961 4166 inquit
3020 4097 3274 4151 Paulus:
3341 4095 3448 4151 Pro

1873 4194 2097 4251 Christo
2131 4191 2399 4264 legatione
2449 4190 2770 4260 fungimur,
2809 4198 3066 4257 tanquam
3103 4187 3210 4241 Deo
3245 4187 3449 4242 exhor-

1876 4297 2024 4343 tante
2066 4301 2163 4356 per
2223 4298 2324 4340 nos
2391 4285 2456 4336 ³³.
2524 4283 2734 4338 Audisti
2795 4281 2866 4335 ab
2911 4281 3017 4334 hoc
3065 4279 3287 4333 doctore
3337 4283 3452 4346 quu’

1874 4390 2034 4450 pacto
2070 4379 2280 4434 colendi
2305 4386 2431 4432 sunt
2462 4375 2794 4431 sacerdotes.
2837 4372 2895 4428 Si
2926 4387 3056 4442 ergo
3092 4371 3160 4425 de
3192 4368 3451 4426 sacerdo-

1875 4474 2018 4527 tibus
2055 4471 2157 4526 hoc
2193 4468 2350 4533 dicit,
2379 4467 2552 4522 multo
2586 4466 2760 4538 magis
2788 4466 2855 4520 de
2889 4464 3230 4534 principibus
3261 4478 3462 4518 sacer-.

1872 4569 2062 4619 dolum
2091 4573 2143 4617 et
2179 4560 2506 4632 patriarchis
2551 4572 2605 4614 et
2631 4557 2947 4612 doctoribus
2975 4555 3257 4620 Ecclesiae,
3291 4557 3383 4626 qui
3421 4573 3462 4612 a.

1874 4656 2033 4710 vobis
2065 4655 2117 4709 in
2158 4652 2444 4723 praesentia
2473 4667 2581 4706 non
2609 4652 2785 4706 solum
2817 4663 2922 4702 non
2952 4649 3235 4715 coluntur,
3257 4665 3454 4704 verum

1873 4749 2045 4804 etiam
2107 4745 2582 4818 impudentissime
2634 4745 2971 4805 lacerantur,
3030 4755 3167 4810 quas
3222 4756 3458 4810 poenas,

1876 4855 2082 4910 quaiso,
2104 4838 2335 4895 subituri
2357 4835 2807 4906 estis?,Magnas,
2832 4844 2890 4888 ut
2908 4834 3166 4900 arbitror,
3197 4833 3306 4889 imo
3325 4849 3455 4888 vero

1879 4947 1986 4986 non
2027 4933 2324 4988 secundum
2381 4944 2558 4984 meam
2592 4927 2928 4983 sententiam
2961 4967 2976 4989 .
3017 4925 3119 4983 sed
3147 4926 3454 4982 secundum

1877 5038 2057 5078 aureae
2083 5023 2300 5090 linguae,
2324 5030 2379 5077 et
2409 5019 2788 5075 admirandum
2811 5018 3099 5082 Joannem,
3126 5033 3250 5072 cum
3273 5018 3407 5072 dicit
3438 5039 3452 5074 :

1877 5116 1979 5183 Qui
2037 5116 2351 5172 sacerdotes
2406 5113 2605 5183 injuria
2667 5111 2870 5173 allicit,
2907 5112 3194 5165 Christum
3250 5109 3500 5178 injuria“

1879 5207 2064 5262 allicit.
2110 5205 2214 5272 Qui
2269 5220 2397 5260 vero
2445 5204 2726 5260 Christum
2795 5202 2994 5268 injuria
3061 5198 3265 5262 allicit,
3318 5200 3453 5269 quid
3483 5225 3496 5232 »-

1883 5299 2235 5370 rcspondebit
2289 5299 2379 5353 illa
2420 5295 2701 5352 tremenda
2733 5294 2857 5348 die?
2881 5293 2972 5346 Sic
3002 5292 3182 5358 itaque
3216 5293 3448 5346 conclu-

1882 5391 1964 5445 dit
1994 5391 2434 5461 Chrysostomus.
2496 5387 2553 5442 Si
2607 5386 2821 5456 cognita
2874 5393 3001 5439 sunt
3035 5382 3190 5438 vobis
3217 5397 3338 5452 quae
3389 5399 3459 5437 ex

1885 5483 2160 5539 ntelliiluis
2193 5484 2313 5554 ejus
2356 5481 2704 5553 orationibus
2735 5478 3112 5548 exposuimus,
3148 5475 3450 5547 praesertim

1879 5592 1990 5646 quo
2053 5578 2263 5631 honore
2328 5573 2605 5645 principes
2660 5582 2786 5628 sunt
2837 5571 3076 5636 colendi,
3123 5569 3254 5641 quia
3294 5583 3464 5635 super

849 5765 888 5796 ³³
930 5764 1091 5822 Hebr.
1129 5783 1244 5832 xm,
1293 5766 1373 5820 l7.
1454 5767 1493 5797 ³³
1527 5764 1569 5819 li
1603 5764 1726 5818 Cor.
1766 5778 1814 5829 γ,
1851 5763 1944 5819 ΞΟ.
