3966 6198
286 198 418 269 1365

1023 333 1121 386 II".

371 417 456 480 Ὠς
474 416 593 470 λῖαν
610 417 858 484 ικθειάζε
869 439 914 484 ις
933 421 1021 477 τὸν
1039 425 1227 479 πάπαν
1251 428 1314 481 σύ
1330 442 1344 460 ο
1373 429 1538 499 ἡμεῖς
1563 429 1621 484 δὲ
1639 430 1734 484 ἀνθ
1745 448 1854 501 ρω-

287 526 387 561 πον
423 506 566 564 εἶναι
600 513 762 564 αὐτὸν
809 515 1054 584 οἴδαμεν,
1088 520 1337 592 ἁμαρτίᾳ⁵
1395 524 1492 577 καὶ
1530 521 1857 594 βλασφημίᾳ

289 601 666 668 καταποθῆναι
691 603 992 674 δυνάμενον
1015 625 1030 642 ο
1063 609 1151 664 διὰ
1179 610 1331 665 τοῦτο
1355 614 1676 668 ἀκολουθεῖν
1703 616 1856 686 αὐτῷ

289 695 356 746 τά
387 697 514 765 περὶ
548 697 648 768 τὴν
683 699 867 754 πίστιν
907 702 1008 756 οὐκ
1037 705 1444 776 ἀποδεχόμεθα.
1485 708 1650 778 Ἡμῖν
1681 710 1739 765 δὲ
1780 710 1855 764 εῖ-

247 815 254 818 -
297 803 479 854 ρηται,
527 790 602 851 ὡς
652 791 843 846 τοῦτον
877 794 1031 849 οὐδέν
1065 799 1216 851 ἐστιν
1241 813 1256 826 ·
1289 801 1510 872 ἀνάγκη
1562 803 1672 869 γάρ
1707 805 1856 857 ἐστιν

292 881 524 936 ἔπεσθαι
575 887 794 955 ποιμένι
848 890 996 954 τινὶ,
1050 890 1109 954 ὃς
1167 891 1445 958 κάκεῖνος,
1511 889 1586 956 ὡς
1640 893 1855 966 ἀνθρω-

292 992 413 1035 πος,
469 977 590 1030 καθ’
629 980 845 1050 ἡμέραν
903 984 1241 1053 ἁμαρτάνειο
1278 990 1326 1040 εἰ
1355 990 1463 1059 γάρ
1517 991 1618 1058 μία
1651 990 1770 1061 ὥρα
1828 994 1856 1046 6

290 1068 405 1136 βίος
460 1069 609 1134 ἀπας
641 1071 889 1145 ὑπῆρχεν
935 1078 1094 1146 ἡμῖν,
1149 1079 1260 1134 οὐδ’
1313 1080 1490 1146 οὕτως
1523 1082 1629 1149 ἔξω
1682 1083 1854 1153 ῥύπου

287 1157 427 1214 εἶναι
485 1163 786 1232 δυνάμεθα.
832 1167 974 1220 Ἀλλ’
1019 1169 1160 1239 ὑπὲρ
1195 1172 1309 1226 τῶν
1358 1175 1648 1243 ἁμαρτιῶν
1689 1174 1855 1229 αὑτοῦ

283 1254 536 1319 ἕκαστος,
595 1258 669 1322 ὡς
707 1261 972 1324 πολλάκις
1025 1264 1268 1333 εἴρηται,
1329 1267 1492 1329 αὐτὸς
1556 1269 1857 1337 ἀπολογίαν

283 1343 464 1399 δώσει.
509 1347 696 1418 Ἀρκεῖ
727 1351 837 1419 γὰρ
883 1353 1014 1421 ἡμῖν
1053 1354 1122 1407 ἂν
1188 1357 1368 1420 καλῶς
1421 1362 1852 1433 ποιμαινόμεθα,

284 1439 426 1492 κατὰ
460 1439 554 1492 τὸν
588 1442 644 1492 ὲν
679 1440 933 1513 θεολογίᾳ
965 1442 1137 1512 μέγαν
1167 1446 1491 1517 Γρηγδριον.
1526 1453 1604 1505 Οὔ
1633 1471 1798 1523 φησιν
1829 1454 1858 1507 6

285 1531 590 1600 στασιώδης
621 1533 715 1585 καὶ
754 1536 992 1604 φίλερις,
1030 1537 1386 1608 ’Λμαρτωλδν
1422 1544 1482 1597 οὐ
1518 1545 1658 1598 θέλω
1679 1547 1857 1616 ἀρχήν

291 1639 392 1690 μου
433 1619 594 1680 εἶναι.
635 1628 776 1694 Πρὸς
822 1628 916 1692 οὒς
958 1631 1369 1702 ἀπολογητῗοψ
1407 1636 1488 1690 ὅτι
1553 1637 1734 1702 καλῶς
1769 1639 1853 1691 ὲνο

283 1717 517 1786 νοοῦμεν
551 1723 623 1773 τά
673 1716 1012 1793 διανοήματα
1069 1726 1267 1796 ὑμῶν,
1327 1728 1362 1783 ἀ
1416 1731 1857 1800 παρακατιόντες

281 1811 724 1882 ἀνακαλύψομεν,
759 1817 809 1866 ει
843 1817 936 1869 καὶ
970 1819 1127 1886 ὑμεῖς
1158 1820 1488 1886 συσκιάζειν
1529 1822 1714 1876 θέλετε
1746 1825 1856 1877 δει-

280 1903 527 1966 λιῶντες.
560 1905 670 1959 Νῦν
696 1907 752 1959 δὲ
785 1910 922 1979 πρὸς
952 1909 979 1962 ὂ
1012 1911 1091 1974 εἰς
1125 1911 1187 1964 τὸ
1223 1914 1460 1985 φανερὸν
1484 1915 1696 1984 λέγετε,
1719 1920 1858 1988 πρὸς

279 1999 457 2050 ἐκεῖνο
490 1998 910 2070 ἀπολογούμεθα
937 2020 953 2036 ο
988 2004 1070 2058 ὅτι
1096 2006 1207 2057 ἀπὸ
1243 2008 1443 2070 κακίας
1473 2009 1664 2079 ψυχῶν
1698 2012 1856 2065 τοῦτο

279 2089 469 2154 λέγετε
492 2107 505 2120 ·
535 2093 594 2144 ού
643 2094 752 2162 γὰρ
793 2095 1096 2161 γινώσκετε
1127 2100 1293 2153 αὑτὸν
1337 2101 1694 2171 ἀμαρτωλόν·
1733 2106 1855 2159 οὐδὲ

278 2183 370 2233 τὸν
405 2183 616 2237 ἐκείνου
649 2187 828 2239 οἴδατε
860 2187 997 2256 βίον.
1037 2190 1432 2264 Ἀλλ’ἀναεδην
1461 2198 1855 2266 συκοφαντεῖτε

285 2274 377 2326 κοιλ⁸
397 2274 692 2344 λοιδορεῖτε
731 2279 883 2347 αὐτῷ
919 2282 1126 2361 μέτρου
1160 2284 1395 2354 διαδόχῳ
1432 2286 1570 2351 ὄντι,
1605 2291 1702 2342 καὶ
1747 2290 1855 2361 ’1η-

286 2367 381 2419 σοῦ
420 2368 515 2422 τοῦ
551 2371 760 2439 Κυρίου
790 2357 981 2444 σχῆμα
1017 2378 1238 2446 φέροντι
1267 2380 1348 2442 εἰς
1370 2380 1470 2451 τὴν
1496 2381 1602 2451 γῆν
1621 2397 1637 2413 '
1671 2386 1717 2437 οἱ
1746 2357 1855 2456 γάρ

284 2462 494 2514 ἐκεῖνον
525 2462 853 2534 ἁμαρτωλὸν
913 2467 1186 2536 λέγοντες,
1219 2470 1387 2541 ὅμοια
1421 2475 1532 2536 τοῖς
1575 2475 1856 2543 Ἰουδαίοις

283 2554 536 2622 λέγουσιν
558 2573 572 2588 '
614 2559 814 2612 ἐκεῖνοι
842 2560 953 2631 γὰρ
982 2561 1072 2614 τὸν
1118 2565 1182 2616 ὲκ
1218 2565 1450 2636 γενετῆς
1480 2569 1684 2636 τυφλὸν
1713 2572 1853 2623 ἰδόν-

280 2659 369 2710 τες
395 2648 686 2716 βλέποντα,
742 2651 839 2705 καὶ
891 2654 967 2724 τῷ
995 2653 1177 2725 φθόνῳ
1219 2656 1539 2726 τηκόμενοι,
1572 2662 1854 2730 ἐρωτῶσιν

282 2745 444 2797 αὐτὸν
488 2744 762 2812 λέγοντες,
805 2765 823 2796 ι
858 2747 955 2810 Τίς
985 2748 1166 2818 ήνοιξέ
1201 2763 1294 2802 σου
1329 2753 1453 2813 τοὺς
1495 2752 1804 2824 ὀφθαλμούς
1835 2772 1853 2823 ;

293 2836 353 2889 Ὀ
381 2831 436 2889 δέ
469 2851 654 2905 φησιν,
679 2837 1006 2907 Ἀνθρωπος
1042 2840 1251 2908 Ἰησοῦς
1295 2841 1616 2911 λεγόμενος,
1646 2844 1856 2908 ἐκεῖνός

287 2944 374 2996 μοι
405 2929 530 2996 ἔφη,
570 2928 740 2997 Nini/at
771 2930 851 2993 εῖς
894 2930 992 2999 τὴν
1033 2927 1430 3004 κολυμϐήθραν
1458 2935 1553 2988 τοῦ
1605 2937 1852 3007 Σιλωὰμ,

918 213 1064 274 PRO
1097 214 1303 277 CONC.
1354 217 1714 278 FLORENT.
1752 217 1922 279 CAP":
1947 219 2018 279 ν.
2055 219 2150 278 DE
2191 215 2537 278 PRIMATU
2569 211 2810 278 PARE.

3400 205 3538 277 1366
3559 203 3574 234 ³

2671 334 2815 388 XIII.

2026 431 2095 484 At
2117 437 2172 484 tu
2195 429 2340 484 ultra
2357 427 2577 482 modum
2599 441 2792 498 papam
2813 424 3033 480 deiiicas
3057 439 3072 488 ;
3114 437 3215 478 nos
3255 436 3387 476 vero
3422 423 3533 476 sci-

1959 533 2080 576 mus
2107 535 2229 577 eum
2262 521 2537 576 hominem
2569 523 2692 576 esse
2722 527 2780 577 et
2809 522 3029 587 peccato
3053 523 3104 570 et
3131 513 3346 586 probris
3375 529 3536 584 posse

1957 616 2199 687 demergi
2224 655 2239 680 ,
2279 621 2568 685 propterea
2615 612 2668 667 in
2705 613 2773 667 iis
2808 625 2930 682 quae
2964 609 3032 664 ad
3064 610 3222 664 iidem
3261 609 3539 680 pertinent

1962 711 2223 765 nolumus
2265 710 2314 763 ei
2359 707 2649 762 inhatrere.
2683 705 2789 761 Sed
2830 719 2860 759 a
2907 703 3067 759 nobis
3094 703 3207 773 jam
3260 710 3418 756 antea
3454 700 3538 756 di-

1957 813 2107 858 ctum
2139 815 2243 866 est,
2279 801 2384 856 hoc
2417 800 2554 856 nihil
2589 813 2729 864 esse,
2767 800 3027 869 quoniam
3061 811 3286 852 necesse
3317 805 3402 852 est
3435 811 3536 850 nos
3569 875 3571 877 ι

1960 897 2197 964 aliquem
2249 894 2405 964 sequi
2459 903 2789 963 pastorem:
2835 891 2925 948 ille
2976 906 3210 960 namque
3258 895 3319 944 ut
3371 887 3536 944 homo

1963 997 2153 1057 peccat
2200 987 2475 1052 quotidie.
2522 984 2580 1042 Si
2628 986 2772 1041 enim
2819 999 2928 1040 una
2975 992 3182 1039 tantum
3221 981 3355 1037 hora
3395 991 3541 1036 esset

1960 1079 2070 1132 vita
2115 1089 2302 1155 nostra
2325 1119 2340 1144 ,
2391 1093 2493 1133 nec
2525 1078 2598 1132 ita
2639 1076 2759 1132 sine
2787 1076 3040 1130 sordibus
3070 1089 3192 1129 esse
3228 1088 3535 1144 possemus.

1961 1172 2068 1227 Sed
2099 1172 2166 1228 de
2193 1173 2433 1243 propriis
2466 1172 2710 1242 peccatis
2741 1171 3122 1238 unusquisque
3154 1183 3251 1238 pro
3293 1181 3414 1224 sese
3448 1182 3537 1220 ra-

1961 1268 2164 1323 tiOnem
2198 1267 2512 1321 redditurus
2540 1273 2647 1332 est,
2685 1275 2744 1320 ut
2777 1280 2919 1334 smpe
2951 1264 3062 1333 jam
3097 1263 3357 1318 diximus.
3393 1260 3539 1315 Satis

1958 1367 2043 1414 CSI.
2088 1357 2246 1412 nobis
2291 1358 2335 1411 si
2383 1358 2520 1412 bene
2563 1369 2859 1425 pascantur
2886 1395 2900 1419 ,
2937 1354 3237 1410 secundum
3280 1369 3537 1420 maguum

1962 1451 2248 1520 theologia:
2298 1449 2579 1504 doctorem
2631 1447 2976 1518 Gregorium.
3033 1446 3101 1500 At
3145 1443 3438 1501 seditionis
3484 1457 3542 1499 et

1959 1543 2326 1599 contentionis
2372 1542 2652 1598 studiosus
2701 1541 2920 1610 inquit,
2969 1539 3322 1594 Peccatorem
3377 1548 3542 1608 caput

1959 1651 2081 1692 esse
2132 1652 2238 1690 non
2293 1638 2483 1705 probo.
2534 1635 2616 1688 Ad
2668 1648 2806 1700 quos
2861 1630 3344 1702 respondendum,
3393 1627 3538 1698 quod

1958 1725 2100 1779 bene
2131 1725 2371 1795 cngitata
2409 1733 2589 1778 vestra
2626 1723 2980 1791 percipimus,
3020 1731 3143 1790 qum
3174 1723 3362 1789 postea
3399 1718 3541 1773 infe-

1959 1816 2076 1871 rius
2119 1822 2460 1886 retegemus,
2505 1815 2606 1870 etsi
2655 1829 2749 1866 vos
2795 1815 2864 1867 ob
2900 1812 3170 1883 ignaviam
3209 1809 3542 1864 obumbrare

1958 1909 2254 1964 conamini.
2293 1907 2447 1962 Nunc
2479 1917 2658 1960 autem
2694 1905 2777 1960 iis'
2799 1903 3267 1974 respondebimus,
3298 1917 3418 1972 quae
3449 1917 3545 1971 pa-

1959 2002 2066 2054 lam
2098 2000 2281 2055 dicitis
2308 2041 2321 2063 ,
2372 2001 2497 2070 quia
2545 2015 2608 2053 ex
2640 1998 2803 2052 animi
2842 1998 2971 2053 vitio
3005 1998 3110 2052 hoc
3157 1997 3342 2052 dicitis
3379 2013 3393 2051 :
3432 2010 3554 2050 non-

1959 2093 2105 2148 enim
2163 2093 2331 2147 vobis
2371 2095 2648 2162 cognitum
2700 2099 2785 2146 est
2833 2107 2960 2146 eum
3011 2105 3135 2146 csse
3161 2097 3532 2160 peccatorem,

1960 2199 2140 2254 neque
2171 2184 2325 2239 vobis
2356 2185 2475 2253 ejus
2503 2186 2626 2239 vitae
2654 2183 2797 2238 ratio
2825 2185 2959 2238 satis
2992 2194 3077 2238 est
3105 2191 3409 2252 comperta,
3449 2181 3543 2236 sed

1959 2278 2308 2344 impudenter
2345 2275 2764 2330 calumniamini
2805 2284 2860 2329 et
2898 2274 3286 2356 conviciamini
3328 2274 3407 2328 illi
3448 2272 3550 2342 qui

1959 2367 2102 2421 Petri
2137 2381 2420 2422 successor
2448 2376 2560 2428 est,
2595 2375 2649 2421 et
2679 2365 2807 2422 Jesu
2841 2365 3044 2421 Christi
3077 2365 3303 2434 ﬁguram
3333 2365 3388 2419 in
3428 2374 3542 2418 ter-

1959 2463 2038 2515 ris
2067 2463 2226 2530 gerit.
2262 2458 2395 2520 Nam
2427 2460 2518 2528 qui
2564 2474 2690 2513 eum
2737 2469 3080 2529 peccatorem
3117 2459 3431 2528 appellant,
3475 2458 3545 2513 iis

1959 2569 2080 2623 qua:
2111 2552 2284 2608 Judaei
2319 2553 2624 2608 aﬂ'erebant
2653 2552 2854 2606 similia
2887 2551 3142 2616 alierum,
3171 2556 3431 2620 quoniam
3464 2549 3546 2604 illi
3579 2586 3583 2590 ι

1961 2663 1990 2701 a
2025 2647 2312 2700 nativitate
2345 2662 2549 2701 caecum
2595 2656 2882 2702 cernentes
2913 2646 3118 2711 videre,
3152 2644 3354 2700 invidia
3387 2646 3546 2708 torti,

1957 2753 2084 2793 eum
2138 2741 2478 2809 interrogant
2528 2740 2825 2794 dicentes:
2870 2758 2888 2790 ι
2930 2738 3065 2803 Quis
3108 2738 3319 2806 aperuit
3351 2737 3542 2792 oculos

1958 2833 2123 2887 tuos?
2165 2850 2185 2884 ι
2230 2831 2533 2902 respondit.
2574 2851 2591 2883 ‹
2636 2831 2812 2886 Homo
2846 2830 2941 2899 qui
2978 2838 3205 2884 vocatur
3235 2828 3491 2883 Christus
3523 2845 3539 2880 :

1958 2925 2006 2977 is
2047 2923 2179 2977 mihi
2225 2924 2362 2977 dixit
2391 2964 2406 2985 ,
2458 2923 2665 2979 Lavare
2697 2924 2750 2978 in
2785 2924 2990 2980 Siloam
3017 2962 3032 2985 ,
3074 2931 3127 2976 et
3168 2922 3318 2977 lotus
3357 2921 3540 2990 recepi

285 3021 377 3072 και⁹
401 3017 699 3088 νιψάμενος
729 3021 1002 3090 ἀνέϐλεψα
1021 3038 1035 3053 ·
1066 3025 1265 3078 ἐκεῖνοι
1308 3026 1364 3079 δὲ
1396 3026 1757 3096 ύπερζέοντες
1784 3028 1853 3098 τῷ

1965 3019 2137 3071 lucem
2171 3017 2235 3068 ³³.
2275 3035 2293 3068 ι
2333 3019 2397 3070 At
2428 3018 2505 3070 illi
2537 3017 2613 3069 ira
2642 3018 2856 3071 accensi
2889 3017 3118 3071 dicunt:
3149 3035 3166 3068 ι
3207 3017 3278 3068 Da
3310 3015 3555 3085 gloriam-

283 3111 462 3181 θυμῷ,
518 3113 795 3181 φασὶ,Δδς
842 3113 1004 3177 δόξαν
1059 3116 1140 3183 τῷ
1203 3115 1352 3184 Θεῷ·
1407 3119 1570 3187 ἡμεῖς
1634 3120 1856 3190 οἴδαμεν

280 3205 364 3255 ὅτι
407 3205 434 3256 6
497 3203 787 3271 ἄνθρωπος
841 3198 995 3266 οὗτος
1059 3206 1380 3274 ἁμαρτωλός
1449 3211 1615 3260 ἐστι·
1719 3213 1855 3281 πρὸς

281 3293 374 3358 οὓς
413 3297 442 3347 ὁ
495 3295 627 3347 ποτὲ
659 3295 861 3362 τυφλὸς
905 3296 1112 3364 ἀντέφη
1142 3309 1155 3324 ⁶
1200 3297 1263 3351 Ei
1323 3298 1653 3369 ἁμαρτωλός
1680 3304 1852 3369 ἐστιν,

282 3387 384 3437 οὐκ
437 3381 593 3437 οἶδαο
626 3384 685 3436 ἓν
743 3382 881 3448 οῖδα,
925 3387 1006 3439 δτί
1071 3387 1276 3456 τυφλὸς
1331 3389 1430 3456 ὢν,
1462 3389 1589 3459 ἀρτι
1651 3391 1851 3460 βλέπω.

296 3477 384 3527 Ἐν
432 3477 540 3545 γὰρ
599 3476 776 3546 τούτῳ
827 3477 888 3530 τδ
934 3475 1252 3548 θαυμαστόν
1313 3482 1484 3544 ἐστιν,
1538 3482 1620 3535 ὅτι
1677 3483 1855 3554 ἀμαρ-

277 3569 447 3628 τωλδς
509 3567 610 3632 ὢν,
651 3567 832 3638 ῆνοιεέ
892 3587 995 3640 μου
1053 3572 1185 3634 τοὺς
1239 3571 1593 3644 ὀφθαλμούς⁶
1631 3577 1694 3630 ὲκ
1756 3575 1853 3631 τοῦ

277 3659 472 3722 αξῶνος
495 3660 596 3712 οὐκ
625 3659 870 3731 ἠκούσθη
904 3661 986 3714 ὅτι
1003 3659 1184 3732 ἧνοιξέ
1205 3661 1288 3722 τις
1313 3664 1625 3734 ὀφθαλμοὺς
1648 3668 1854 3736 τυφλοῦ

281 3739 653 3821 γεγενημένου
681 3769 696 3786 ³
738 3755 786 3806 εἰ
845 3753 918 3822 μὴ
952 3749 1019 3824 ἦν
1052 3753 1211 3818 οὗτος
1243 3758 1396 3826 παρά
1429 3758 1522 3810 τοῦ
1555 3759 1716 3817 Θεοῦ.
1753 3761 1856 3816 οὐκ

280 3844 523 3913 ass-im-
537 3848 712 3898 ποιεῖν
742 3845 914 3901 οὐδέν.
947 3863 967 3896 ι
1003 3847 1299 3916 Δυνάμεθα
1333 3844 1430 3902 οῦν
1459 3850 1692 3919 στρέψαι
1715 3847 1857 3922 πρὸς

282 3937 373 3989 τὸν
415 3937 662 4006 διάδοχον
699 3935 798 3990 τοῦ
839 3937 1046 4009 Πέτρου
1085 3937 1298 3992 ταῦτα·
1336 3941 1398 4004 ὃς
1449 3941 1600 3994 ἔστιν
1635 3945 1662 3996 6
1711 3944 1856 4014 ἱερὸς

283 4031 493 4092 πάπας,
527 4029 608 4082 ὃτι
644 4031 694 4082 ει
747 4030 1075 4100 ἁμαρτωλός
1113 4032 1286 4094 ἔστιν,
1319 4032 1438 4097 πῶς
1500 4035 1858 4106 κατηράσατο

283 4123 433 4189 ὑμῖν,
467 4123 557 4174 καὶ
588 4121 834 4191 ἀφώρισε
861 4123 990 4185 τοὺς
1013 4121 1304 4194 Γραικοὺς,
1336 4123 1606 4190 Νικόλαος
1639 4127 1856 4197 πρῶτος

282 4215 338 4266 έν
386 4213 464 4284 τῷ
511 4213 689 4285 καιρῷ
727 4214 821 4267 τοῦ
852 4213 1084 4282 Φωτίου,
1135 4217 1231 4270 καὶ
1281 4219 1346 4271 ἐκ
1408 4217 1502 4272 τοῦ
1541 4221 1852 4290 ἀφορισμοῦ

283 4303 514 4367 ἐκείνου,
540 4305 640 4358 οὐκ
663 4303 878 4374 έλειψεν
906 4301 1038 4361 ἰῶτα
1067 4307 1127 4361 ἐν
1147 4323 1162 4340 ο
1197 4309 1316 4362 ἀλλ’
1345 4309 1597 4376 ἐγένοντο
1619 4314 1667 4365 οἱ
1690 4313 1855 4383 Γραι-

1963 3110 2090 3174 Dco,
2122 3109 2250 3177 quia
2288 3111 2376 3164 hic
2408 3111 2572 3165 homo
2602 3121 2860 3178 peccator
2885 3122 3004 3176 est;
3042 3131 3060 3162 ι
3099 3111 3303 3180 quibus
3330 3109 3421 3166 ille
3446 3111 3541 3179 qui

1958 3213 2130 3265 nuper
2161 3215 2338 3253 caecus
2371 3200 2545 3253 fuerat
2567 3240 2582 3263 ,
2615 3203 2898 3269 respondit
2929 3219 2942 3256 :
2986 3221 3004 3252 ι
3045 3203 3101 3254 Si
3145 3210 3404 3270 peccator
3431 3213 3536 3264 cst,

1958 3287 2144 3340 nescio
2172 3303 2188 3342 :
2220 3303 2386 3340 unum
2419 3289 2535 3342 scio
2561 3329 2574 3350 ,
2601 3291 2747 3358 quod
2783 3305 2961 3344 caecus
2992 3306 3116 3344 cum
3147 3301 3346 3354 essem,
3376 3291 3540 3344 modo

1959 3377 2134 3432 video.
2161 3379 2218 3432 In
2254 3380 2356 3433 hoc
2389 3381 2530 3434 enim
2558 3381 2809 3436 mirabile
2831 3384 3100 3452 est,quod
3131 3392 3383 3452 peccator
3411 3398 3536 3436 cum

1957 3477 2120 3532 esset,
2147 3469 2361 3539 aperuit
2391 3472 2582 3525 oculos
2610 3486 2784 3538 meos,
2817 3472 2908 3542 qui
2938 3485 3114 3527 caecus
3171 3473 3406 3527 eram.A
3439 3489 3540 3528 sae-

1959 3563 2088 3616 cuio
2124 3579 2234 3618 non
2269 3572 2353 3618 est
2408 3565 2654 3618 auditum
2708 3565 2838 3636 quia
2885 3566 3009 3637 quis
3042 3567 3230 3621 oculos
3263 3568 3540 3637 aperuerit

1957 3656 2090 3710 caici
2127 3657 2263 3712 nati.
2296 3657 2412 3712 Nisi
2443 3667 2589 3713 esset
2616 3659 2711 3714 hic
2743 3675 2770 3714 a
2806 3659 2935 3724 Deo,
2967 3675 3075 3715 non
3110 3669 3324 3731 poterat
3358 3661 3539 3717 facere

1956 3749 2274 3818 quicquam.
2320 3771 2338 3802 ι
2375 3751 2678 3808 Possumus
2710 3753 2880 3824 igitur
2913 3753 3029 3808 hare
3059 3755 3125 3808 ad
3154 3768 3536 3809 successorem

1958 3840 2052 3896 Dei
2088 3842 2412 3905 traducere,
2451 3844 2660 3911 quiest
2709 3853 2937 3920 sanctus
2968 3859 3128 3916 papa.
3173 3843 3232 3898 Si
3283 3855 3538 3914 peccator

1957 3943 2040 3988 est
2067 3974 2081 3999 ,
2115 3934 2394 4004 quomodo
2425 3935 2706 3990 maledixit
2737 3935 2940 3992 vobis?
2973 3936 3037 3992 Et
3064 3937 3282 3993 Graecos
3317 3951 3540 3992 excom-

1956 4025 2250 4079 munieavit
2286 4023 2542 4080 Nicolaus
2573 4027 2589 4079 l
2626 4027 2960 4096 temporibus
3014 4027 3191 4082 I’hotii
3224 4030 3325 4100 (l),
3361 4041 3413 4085 et
3444 4046 3538 4085 ex-

1955 4116 2447 4172 communicationi
2479 4117 2556 4172 illi
2589 4134 2696 4174 non
2724 4118 2898 4175 defuit
2927 4120 3030 4174 iota
3061 4137 3251 4186 unum,
3285 4122 3378 4177 sed
3408 4120 3534 4178 iacti

1956 4219 2088 4266 sunt
2122 4211 2322 4280 captivi
2349 4254 2364 4278 ,
2399 4221 2458 4266 ut
2478 4213 2536 4272 ,is
2567 4214 2623 4267 in
2652 4215 3224 4270 excommunicatione
3254 4217 3393 4272 dixit
3421 4261 3435 4283 ,
3473 4221 3530 4274 in

1957 4317 2150 4359 omnes
2177 4315 2390 4374 gentes,
2423 4313 2679 4376 tanquam
2708 4306 2881 4361 Juda-i
2911 4323 2924 4357 :
2954 4308 3218 4376 scriptum
3251 4316 3336 4363 est
3361 4308 3533 4373 enim,

282 4395 368 4446 κοί
419 4394 495 4456 ὡς
530 4393 735 4457 ἐκεῖνος
789 4396 848 4448 ὲν
875 4395 952 4466 τῷ
988 4398 1282 4470 ἀφορισμῷ
1333 4400 1466 4471 ἔφη,
1511 4380 1852 4471 αἰχμάλιιιτοι

1960 4395 2283 4451 Peccatores
2319 4410 2426 4451 non
2455 4399 2608 4452 audit
2658 4399 2818 4453 Deus.
2861 4397 2916 4452 Si
2949 4408 3200 4468 peccator
3231 4408 3356 4467 est,
3393 4416 3533 4471 quo-

281 4485 356 4548 εἰς
390 4484 570 4538 πάντα
591 4483 661 4537 τά
702 4484 855 4552 ἔθνη,
910 4487 1103 4559 ὥσπερ
1136 4491 1186 4542 oi
1223 4491 1509 4558 Ἰουδαῖοις
1553 4495 1616 4547 Ei
1664 4495 1852 4566 ,ἀμαρ-

277 4573 448 4638 τωλός
487 4575 623 4640 ἔστι,
667 4576 785 4640 πῶς
809 4577 1170 4648 ἑπηκούσθη;
1229 4581 1546 4651 γέγραπται
1597 4584 1708 4656 γάρ
1771 4586 1852 4640 ὅτι

281 4665 625 4734 ἁμαρτωλῶν
655 4669 682 4720 6
707 4666 840 4731 Θεὸς
865 4669 967 4722 οὐκ
989 4669 1233 4728 ἀκούει.»
1276 4672 1434 4728 Οὕτω
1463 4675 1562 4746 μὲν
1582 4671 1760 4741 οὗτος.
1791 4679 1854 4731 '0

279 4755 334 4807 δὲ
375 4757 724 4822 Ἱννοκέντιος
756 4761 863 4830 πρὸ
906 4761 1102 4818 τούτου
1137 4764 1387 4833 ἀφώρισε
1437 4767 1541 4838 τὴν
1568 4769 1850 4838 Εὑδοξεαν,

275 4845 362 4899 διὰ
398 4847 496 4913 τὴν
549 4849 762 4920 ἐξορῑαν
789 4852 884 4905 τοῦ
937 4851 1329 4927 Χρυσοστόμου
1357 4874 1373 4892 ο
1407 4875 1504 4914 και
1543 4861 1782 4934 έτρεμεν
1820 4867 1848 4920 6

277 4940 448 5008 τάφος
479 4941 669 5013 αὐτῆς,
702 4943 810 5008 ἕως
838 4944 899 4999 οῦ
937 4950 1426 5018 παρακαλέσαντες
1469 4956 1654 5019 αὐτὸν,
1686 4958 1846 5012 ἔλυσε

280 5034 371 5084 τὸν
401 5034 743 5105 ἀφορισμὸν·
778 5041 873 5092 καὶ
912 5040 1043 5110 ἔστη
1090 5043 1251 5107 εὐθὺς
1273 5045 1301 5097 6
1332 5046 1521 5111 κλόνος
1549 5048 1643 5102 τοῦ
1673 5052 1846 5122 τάφου

276 5122 466 5191 αὐτῆς.
501 5123 708 5187 Πῶςδὲ
747 5128 842 5180 καὶ
897 5129 994 5183 νῦν
1052 5133 1274 5202 γέγονεν
1333 5139 1392 5190 ὲν
1435 5143 1551 5202 ταῖς
1608 5142 1848 5212 ἡμέραις

276 5215 455 5284 ἡ-ιῶν,
476 5217 535 5268 ὲν
556 5216 634 5283 τῷ
661 5219 1127 5290 καιρῷΝικολάου
1148 5226 1401 5295 πέμπτου
1429 5232 1848 5305 πάπαῬώμης,

348 5357 392 5389 ³³
422 5358 580 5415 Joan.
614 5376 694 5426 Ix,
726 5361 780 5417 7.

275 5520 597 5661 Ρῇςὶιτιιξιάθ
635 5534 726 5591 ep.
766 5521 834 5578 ad
883 5521 1198 5580 Michaelem
1248 5526 1372 5596 imp.
1419 5539 1470 5584 et
1500 5533 1639 5603 apud
1681 5533 1841 5587 Nice-

350 5661 426 5726 (2)
464 5660 811 5720 innocentius
844 5663 903 5732 1,
942 5664 1010 5722 de
1047 5682 1154 5738 quo
1189 5683 1373 5739 supra.

1959 4489 2120 4544 modo
2153 4489 2255 4545 fuit
2286 4490 2620 4546 exauditus?
2650 4490 2719 4545 At
2751 4491 2840 4546 hic
2866 4493 3086 4561 quidem
3116 4493 3220 4550 sic.
3260 4495 3532 4550 Innocen-

1959 4581 2071 4636 tius
2106 4580 2183 4652 (2)
2215 4590 2342 4636 ante
2371 4581 2520 4636 hunc
2543 4580 2842 4637 Eudoxiam
2879 4583 2948 4639 ob
2985 4583 3359 4655 Chrysostomi
3388 4586 3535 4642 exsi-

1956 4675 2090 4729 lium
2120 4676 2641 4740 excommunicavit;
2665 4683 2721 4730 et
2743 4676 3027 4730 intremuit
3047 4676 3170 4747 ejus
3197 4677 3530 4749 sepulcrum,

1957 4767 2132 4823 donec
2162 4776 2423 4822 revocato
2455 4783 2524 4822 eo
2553 4769 3176 4826 excommunicationem
3210 4775 3440 4841 remisit,
3475 4785 3531 4829 et

1954 4864 2140 4916 statim
2193 4862 2444 4916 constitit
2491 4862 2639 4917 illius
2689 4872 2894 4919 tremor
2943 4867 3202 4937 sepulcri.
3253 4869 3358 4924 Sed
3395 4871 3526 4939 quid

1952 4954 2133 5008 evenit
2178 4963 2363 5008 nostra
2413 4957 2677 5010 memoria
2715 4971 2861 5012 nunc
2889 4959 2992 5013 sub
3021 4959 3244 5014 Nicolao
3277 4960 3315 5016 V
3345 4963 3527 5031 ponti-

1953 5046 2056 5101 ilco
2104 5046 2390 5101 maximo?
2439 5061 2563 5103 cum
2612 5049 2770 5118 legati
2808 5065 2836 5103 a
2883 5052 3248 5107 Constantino
3287 5053 3525 5121 impera-

1956 5149 2074 5193 tore
2098 5177 2112 5202 ,
2162 5141 2256 5210 qui
2304 5140 2604 5196 vocabatur
2632 5142 2903 5213 Dragases
2951 5143 3028 5209 (‘5)
3053 5184 3068 5208 ,
3105 5143 3171 5198 ad
3205 5157 3328 5200 eum
3369 5149 3522 5202 missi

1953 5233 2136 5288 adhuc
2175 5235 2500 5303 supersint:
2535 5232 2736 5305 quibus
2782 5234 2993 5289 litteras
3037 5235 3183 5291 dedit
3227 5237 3416 5307 plenas
3457 5240 3524 5292 ti-

2027 5541 2102 5607 (5)
2135 5538 2553 5617 Constantinus
2581 5543 2839 5612 Dragascs
2884 5548 3144 5602 successit
3187 5549 3239 5600 in
3289 5549 3522 5617 imperio

1951 5606 2145 5732 .ioaniIi
2193 5608 2490 5679 Paineoiogo
2532 5606 2746 5678 fratri",
2781 5617 2870 5686 qui
2927 5618 3170 5671 interluit
3206 5606 3524 5676 Floreittino

1951 5694 2099 5732 conci
2125 5695 2196 5732 ιο.

1951 5694 2196 5734 ΩΟΙὶΩΙΙΞΟ.
