3966 6198
440 203 598 278 Ἴθϐτ

1654 225 1968 290 JOSEPHI
2014 233 2565 300 ΜΕΤΠΟΝΕΝδΙς
2645 179 2662 195 .

3562 241 3708 306 1368

456 330 626 382 moris
671 334 724 382 et
780 343 1064 397 norrort‘s,
1115 334 1206 388 ubi
1262 345 1446 405 aperte
1479 353 1602 394 cum
1652 347 2029 401 exsecratione

2137 354 2440 423 ἀρχιερέως
2475 356 2738 424 μεγίστου
2770 372 2783 422 ;
2821 357 2932 408 Καὶ
2969 355 3019 408 οἱ
3058 356 3218 424 παρὰ,
3240 356 3502 424 βασιλέως
3540 360 3698 411 Κων-

447 420 790 488 pmphetizat
835 425 1108 477 excidium
1155 435 1208 479 et
1243 427 1669 486 internecionem
1719 446 2013 492 extremam

449 509 748 565 infelicium
794 511 1146 582 Graecorum;
1187 516 1239 571 in
1284 519 1483 588 quibus
1535 532 1658 592 post
1701 526 1806 580 alia
1849 529 2019 583 multa

452 604 596 664 (cum
628 603 874 658 convicia
906 615 960 660 et-
994 607 1220 676 probata
1259 611 1552 678 rescisset,
1588 631 1709 685 quae
1745 632 1775 670 a
1815 618 2018 675 Graecis

451 695 694 760 quotidie
724 696 1199 766 impudentissime
1223 703 1592 777 iactabantur)
1615 748 1630 773 ,
1664 711 1798 764 mire
1832 719 1886 765 et
1918 712 2019 766 hoc

450 786 614 842 dicit:
648 806 668 840 ι
703 785 902 847 Omnes
933 801 1121 864 gentes
1160 794 1441 853 decretum
1470 800 1614 868 quod
1645 803 1911 857 sancitum
1941 814 2022 859 est

454 889 822 946 receperunt,
852 880 1024 937 Graeci
1066 900 1192 940 vero
1239 902 1412 956 neque
1446 901 1808 960 receperunt,
1849 908 2024 963 neque

453 983 577 1036 spes
606 979 690 1024 est
734 987 830 1027 eos
863 989 1099 1044 unquam
1150 993 1272 1034 esse
1322 990 1642 1051 recepturos
1691 999 1810 1053 qua!
1861 1001 2025 1056 super

453 1063 744 1117 concordia
770 1070 824 1118 et
848 1068 1046 1122 unione
1067 1069 1285 1126 decreta
1309 1083 1458 1128 sunt.
1487 1076 2024 1135 Procrastinationes

453 1150 599 1205 enim
634 1158 1218 1224 procrastinatiouibus
1260 1164 1328 1219 ab
1364 1166 1444 1221 eis
1475 1181 1691 1237 semper
1721 1177 2027 1236 praetexun-

453 1254 565 1309 tur,
598 1250 982 1306 excusationes
1024 1263 1077 1308 et
1136 1258 1525 1325 responsiones
1553 1259 1607 1313 in
1642 1259 1895 1330 singulis.
1922 1261 2030 1316 Ne-

453 1350 560 1400 que
592 1351 717 1392 vero
761 1337 934 1396 Graeci
980 1344 1313 1401 arbitrentur
1351 1348 1659 1403 Romanum
1717 1349 2029 1418 pontificem

454 1431 528 1480 ita
553 1444 675 1486 esse
699 1442 882 1489 mente
905 1434 1254 1502 destitutum,
1274 1455 1598 1511 omnemque
1620 1442 2024 1502 Occidentaletn

456 1519 753 1578 lrlcclesiam
782 1564 798 1590 ,
835 1537 893 1580 ut
937 1542 1045 1583 non
1078 1532 1343 1603 intelligat
1372 1550 1490 1603 quas
1525 1536 1578 1588 in
1616 1536 1848 1608 singulis
1885 1539 2015 1594 dila-

452 1615 697 1671 tionibus
725 1619 1104 1688 respondendo
1128 1634 1422 1695 nugantur.
1451 1624 1667 1697 Optime
1694 1639 1890 1685 cuncta
1919 1647 2008 1687 no‘

2130 447 2416 498 σταντίνου
2474 447 2567 498 τοῦ
2603 447 2899 517 λεγομένου
2954 450 3210 518 Δραγάση
3247 447 3506 518 πρέσϐεις
3553 467 3701 514 πεμ-

2129 538 2358 606 φθέντες
2394 537 2534 606 πρὸς
2579 536 2759 601 αὐτὸν,
2797 536 2904 598 ἕως
2934 535 3026 589 τοῦ
3057 536 3154 593 νῦν
3201 536 3335 600 ζῶσι
3367 554 3381 567 ·
3419 536 3561 606 πρὸς
3609 536 3706 600 οὓς

2127 628 2427 699 ἀπεκρίθη,
2464 629 2557 682 καὶ
2583 629 2874 700 ἐπιστολὴν
2911 629 3125 700 ἔπεμψε
3160 629 3439 700 γέμουσαν
3473 630 3700 699 ῥήματα

2131 721 2296 788 φόϐου
2319 721 2414 774 καὶ
2439 721 2645 792 τρόμου
2664 738 2680 754 ο
2722 725 2780 776 ὲν
2880 722 3182 794 διαρρήδην
3205 723 3574 791 προφητεύει,
3604 736 3708 774 κα-

2129 811 2448 881 ταρώμενος
2482 813 2582 883 τὴν
2609 814 2847 884 παντελῆ
2889 814 3089 868 ἅλωσιν
3126 813 3223 868 καὶ
3264 814 3355 866 τὸν
3386 813 3702 882 ἀφανισμὸν

2126 901 2237 954 τῶν
2259 901 2463 956 ἀθλίων
2486 903 2739 974 Γραικῶν
2761 919 2777 939 ·
2801 906 2858 958 ὲν
2945 905 3084 974 μετά
3112 905 3279 958 πολλὰ
3309 903 3469 967 ἀλλα,
3496 906 3707 964 συνιεὶς

2129 992 2227 1054 τὰς
2289 993 2559 1063 λοιδορίας
2581 996 2674 1049 καὶ
2709 997 2894 1067 ὕϐρεις
2922 996 3104 1067 ἇσπερ
3134 997 3284 1066 παρὰ
3313 998 3421 1050 τῶν
3447 996 3706 1066 Γραικῶν

2133 1083 2260 1137 καθ’
2313 1086 2553 1158 ἑκάστην
2601 1089 2836 1151 ἀναιδῶς
2894 1089 3320 1160 βλασφημεῖται,
3377 1087 3708 1159 θαυμασίως

2131 1178 2227 1231 καὶ
2277 1177 2437 1231 τοῦτο
2494 1179 2678 1246 λέγει·
2715 1200 2734 1232 ι
2778 1182 2962 1236 Πάντα
3013 1181 3084 1234 τά
3119 1183 3250 1252 γένη
3284 1183 3372 1234 τὸν
3405 1180 3711 1249 γενόμενον

2135 1271 2396 1340 εἰληφότα
2420 1271 2543 1341 ὅρον
2575 1273 2852 1337 ὲδέξαντου
2880 1275 3142 1344 Ἕλληνες
3163 1274 3241 1331 δὲ.
3265 1272 3389 1325 οὔτε
3424 1271 3707 1338 ἐδέξαντο.

2133 1361 2247 1416 οὒτ’
2279 1362 2432 1426 ἐλπίς
2463 1365 2630 1430 ἐστιν,
2682 1364 2756 1428 ὡς
2790 1364 2988 1428 ἔοικεν,
3026 1367 3254 1436 οὐδεμία
3283 1366 3545 1433 δέξασθαί
3578 1383 3710 1418 ποτε

2134 1457 2204 1510 τά
2250 1455 2596 1526 ἕψηφισμένα
2644 1458 2784 1528 ὑπὲρ
2835 1459 3090 1528 ὁμονοίας
3144 1478 3203 1512 τε
3263 1460 3362 1513 καὶ
3412 1458 3709 1521 stem»;-

2138 1547 2404 1602 ἀναδολαὶ
2429 1550 2536 1621 γάρ
2567 1550 2752 1614 αὐτοῖς
2775 1550 2865 1604 ἐπ’
2886 1551 3178 1615 ἀναϐολαῖς
3195 1553 3282 1606 ἀεὶ
3303 1552 3552 1620 γίνονται
3572 1569 3589 1584 ο
3616 1553 3711 1604 καὶ

2141 1639 2449 1711 προφάσεις
2478 1659 2539 1695 τε
2575 1643 2668 1696 καὶ
2710 1642 2998 1712 ἀπολογίαι
3047 1644 3104 1696 ai
3134 1643 3296 1696 αὑταὶ
3353 1644 3715 1698 παντάπασιν

454 1721 471 1748 π
491 1705 631 1761 imus
655 1721 671 1772 ;
700 1709 793 1764 sed
821 1710 1116 1768 toleramus
1136 1715 1188 1769 in
1217 1712 1425 1781 Jesum,
1455 1717 1804 1787 respicientes
1829 1719 2026 1790 sempi-

2137 1697 2219 1799 tqi‘
2263 1697 2547 1796 ’ἑκάστοις
2604 1733 2696 1800 Μὴ
2751 1733 2860 1804 γὰρ
2891 1697 3205 1788 ὀίέσθωσαν
3237 1735 3510 1804 Ἕλληνες
3565 1735 3713 1790 οὗτοι

455 1806 670 1850 tornum
700 1800 1038 1856 sacerdotem
1066 1813 1118 1859 et
1146 1802 1459 1872 Dominum,
1484 1809 1577 1877 qui
1603 1809 1848 1865 sterilem
1879 1810 2025 1866 illam

457 1888 618 1942 ticum
671 1906 844 1961 usque
887 1893 956 1948 ad
1001 1909 1201 1950 annum
1234 1899 1455 1952 tertium
1499 1899 1666 1970 jussit
1709 1903 1977 1957 asservari
2006 1943 2024 1968 ,

453 1980 688 2046 agricola
735 1983 848 2052 jam
879 1987 946 2041 ad
1003 1988 1360 2043 excidendam
1425 1993 1676 2048 arborem
1729 2009 1791 2049 se
1840 1997 2025 2050 accin-

456 2083 648 2142 gente,
683 2079 809 2146 quia
843 2079 1048 2132 nullout
1085 2080 1320 2136 fructum
1354 2083 1583 2140 ferebat.
1625 2105 1643 2137 ι
1685 2085 1729 2142 0
1775 2102 2024 2157 magnam

456 2165 816 2221 calamitatem
839 2169 852 2223 ι
875 2171 1029 2225 Anno
1055 2172 1182 2227 1451
1206 2173 1347 2228 hanc
1364 2177 1697 2245 conscripsit
1719 2179 2026 2248 epistolam,

457 2267 509 2311 et
558 2257 699 2314 1455
729 2271 885 2332 capta
922 2273 1006 2319 est
1035 2264 1564 2334 Constantinopolis.
1615 2269 1750 2325 Num
1799 2273 2027 2342 potestis

456 2349 640 2406 dicere
673 2354 786 2408 haec
827 2369 953 2410 vera
989 2371 1097 2412 non
1135 2359 1301 2414 esse?
1329 2360 1544 2418 Minime
1578 2366 1817 2432 gentium
1845 2406 1858 2428 .
1902 2380 2025 2419 cum

458 2444 510 2495 id
547 2443 619 2499 sit
673 2445 1067 2513 manifestum,
1118 2463 1171 2506 et
1221 2467 1309 2507 res
1361 2455 1476 2523 ipsa
1527 2467 1710 2526 aperte
1749 2457 2026 2526 loquatur.

465 2555 482 2585 ι
521 2536 655 2594 Tres
680 2579 696 2606 ,
728 2539 944 2610 inquit,
977 2557 1148 2599 annos
1175 2548 1655 2616 exspectabimus;
1685 2551 1729 2604 si
1763 2566 1855 2606 ros
1887 2552 2027 2608 forte

461 2644 491 2682 a
537 2632 837 2688 schismate
879 2645 934 2690 et
981 2639 1327 2706 separatione
1368 2643 1790 2708 converteritis,
1837 2653 1890 2699 et
1935 2661 2029 2701 vos

387 2769 394 2776 ,
463 2741 589 2780 vere
619 2727 839 2784 decreto
865 2731 1229 2801 adjunxeritis
1256 2776 1270 2802 ,
1300 2739 1598 2791 secundum
1629 2737 1926 2797 Salvatoris
1962 2744 2029 2798 de

463 2821 566 2874 ficu
613 2833 964 2892 praeceptum.
1003 2823 1058 2878 Si
1111 2841 1238 2881 vero
1286 2843 1392 2880 non
1420 2870 1435 2892 ,
1485 2830 1922 2894 exscindemini,
1963 2848 2030 2886 ne

457 2923 663 2966 terram
697 2916 928 2968 otiosam
973 2927 1028 2971 et
1057 2917 1303 2972 inutilem
1340 2920 1603 2975 reddatis.
1640 2919 1750 2978 Hoc
1789 2923 2026 2980 miracu-

463 3007 638 3060 lorum
687 3004 1010 3058 miraculum
1047 3009 1380 3072 maximum,
1411 3011 1552 3078 quod
1590 3012 1672 3077 (ut
1705 3014 1757 3066 in
1793 3014 2025 3084 epistola
2055 2989 2096 3047 ο

466 3097 583 3166 ipsa
642 3097 836 3151 scribit
866 3096 1121 3152 Nicolaus
1157 3101 1315 3169 papa)
1376 3100 1690 3156 Grtrcorum
1747 3119 1879 3172 gens
1939 3106 2027 3160 illa

462 3202 658 3260 magna
700 3196 754 3242 et
795 3188 1175 3257 formidabilis,
1211 3192 1452 3260 sapiens,
1487 3196 1658 3258 clara,
1686 3194 1879 3264 .fortis,
1914 3207 2027 3252 ter-

464 3299 649 3338 rarum
681 3284 926 3350 domina,
955 3286 1024 3339 ob
1059 3285 1293 3341 divinam
1326 3289 1587 3344 ultionem
1624 3290 1694 3343 ita
1731 3291 1782 3344 itt
1815 3290 2024 3346 Barba-

465 3392 653 3432 rorum
703 3379 1020 3435 servitutem
1067 3380 1299 3435 abducta
1352 3385 1441 3436 sit.
1505 3402 1524 3434 ι
1583 3383 1704 3440 Haec
1750 3386 2026 3440 enarranti

459 3472 598 3526 mihi
643 3472 793 3528 subit
819 3472 1106 3527 lamentari
1140 3482 1194 3527 et
1226 3475 1510 3543 deplorare
1543 3477 1813 3531 excidium
1850 3477 2026 3547 gentis

462 3573 691 3630 nostra,
720 3581 1032 3634 quanquam
1068 3581 1160 3619 vos
1193 3582 1296 3620 non
1326 3567 1634 3622 intuemini.

2128 1823 2332 1886 παντὸς
2385 1823 2676 1894 στέρεσθαι
2709 1824 2802 1877 νοῦ
2855 1825 2947 1878 τὸν
3005 1825 3104 1895 τῆς
3145 1824 3365 1895 Ῥώμης
3411 1827 3707 1896 ἀρχιερέα,

2127 1915 2222 1968 καὶ
2274 1917 2457 1969 πᾶσαν
2500 1917 2600 1986 τὴν
2630 1917 2886 1986 ἑσπέριον
2929 1917 3284 1988 Ἐκκλησίαν.
3335 1919 3477 1970 ὥστε
3541 1917 3709 1986 μηδὶν

2130 2007 2372 2060 συνιέναι
2403 2005 2546 2076 ἔχειν
2576 2009 2672 2061 ποῖ
2699 2008 2835 2063 ἀττα
2862 2008 2993 2078 παρ’
3022 2010 3259 2080 ἑκάστην
3300 2009 3582 2077 ἀναϐολὴν
3614 2009 3709 2062 αῦ-

2130 2097 2213 2150 τοὶ
2250 2099 2671 2167 ἀποκρινόμενοι
2705 2099 3045 2168 ῥαψῳδοῦσιν
3067 2115 3082 2130 ο
3115 2094 3175 2151 εὖ
3223 2098 3325 2167 μὲν
3366 2097 3480 2164 γάρ
3519 2097 3703 2150 πάντα

2131 2190 2408 2260 συνίεμεν,
2459 2192 2762 2261 ἀνεχόμεθα
2808 2191 2886 2256 δὲ,
2927 2192 3334 2253 ἀποϐλέποντες
3375 2191 3456 2252 είς
3493 2188 3709 2259 Ἰησοῦν

2127 2282 2217 2335 τὸν
2249 2284 2416 2336 ἀΐδιον
2449 2284 2711 2353 ἀρχιερέα
2760 2284 2855 2339 καὶ
2903 2283 3144 2352 Κύριονο
3169 2283 3227 2346 ὃς
3295 2281 3396 2353 τὴν
3450 2281 3707 2352 ἄκαρπον

2128 2377 2346 2446 ἐκείνην
2389 2377 2563 2446 συκῆν
2615 2377 2946 2447 διατηρῆσαι
2991 2376 3121 2446 ἄχρι
3171 2374 3267 2429 τοῦ
3317 2375 3510 2444 τρίτου
3552 2376 3706 2436 ετους

2129 2468 2381 2522 ἐκέλευσε
2407 2485 2420 2498 ·
2454 2469 2549 2522 τοῦ
2603 2469 2849 2540 γεωργοῦ
2895 2469 3232 2523 ἀποκόπτειν
3283 2468 3383 2539 ἤδη
3419 2469 3480 2520 τὸ
3541 2469 3706 2537 φυτὸν

2131 2557 2431 2622 ἀξιοῦντος,
2470 2559 2558 2612 διά
2585 2559 2645 2612 τὸ
2687 2559 2891 2629 μηδένα
2927 2559 3115 2629 φέρειν
3158 2557 3394 2628 καρπόν.
3438 2576 3456 2610 ι
3491 2559 3562 2612 Ὦ
3598 2558 3706 2612 τῶν

2131 2652 2319 2704 κακῶν
2353 2654 2365 2706 l
2396 2651 2472 2721 τῷ
2519 2652 2676 2724 χιλίῳ
2734 2653 3072 2722 τετρακοσίῳ
3111 2651 3464 2722 πεντηκοστῷ
3500 2651 3706 2720 πρώτῳ

2130 2745 2240 2797 ἔτει
2280 2744 2488 2812 ἔγραψε
2528 2744 2628 2812 τὴν
2690 2743 3004 2814 ἐπιστολὴν,
3053 2745 3150 2796 καὶ
3211 2741 3288 2811 τῷ
3347 2739 3707 2811 πεντηκοστῷ

2130 2836 2300 2904 τρίτῳ
2325 2836 2467 2888 ἑάλω
2501 2837 2534 2905 ἠ
2569 2833 3158 2897 Κωνσταντινούπολις.
3181 2830 3332 2904 ’Δρα
3367 2833 3606 2887 δύνασθε
3628 2835 3706 2886 εί-

2133 2932 2277 2993 πεῖν,
2316 2929 2396 2980 ὅτι
2421 2929 2523 2980 οὐκ
2549 2926 2750 2998 ἀληθὲς
2781 2928 2841 2980 τὸ
2883 2929 3119 2998 πρᾶγμα
3164 2928 3356 2993 τουτί;
3393 2925 3661 2996 οὖμενουν
3683 2936 3703 2957 θ

2132 3021 2367 3089 φαντροῦ
2403 3020 2556 3082 ὄντος
2600 3020 2692 3072 τοῦ
2744 3020 3093 3089 πράγματος.
3129 3021 3225 3073 καὶ
3278 3020 3377 3088 τῆς
3413 3019 3699 3089 συμφορᾶς

2131 3112 2427 3181 διαρρήδην
2450 3112 2609 3166 τοῦτο
2640 3111 2864 3180 βιώσης.
2913 3113 3057 3182 Τρία
3109 3112 3232 3181 ἐτη.
3265 3111 3425 3181 φησὶ,
3477 3127 3701 3181 περιμ-

2135 3203 2336 3272 νοῦμεν
2386 3204 2530 3274 ὑμᾶς
2575 3203 2903 3274 ἐπιστρέψαι
2937 3204 3044 3256 ἀπὸ
3090 3205 3184 3258 τοῦ
3234 3205 3538 3273 σχίσματος
3593 3203 3687 3254 καὶ

2134 3299 2231 3363 τῆς
2255 3296 2596 3365 διαιρέσεως,
2627 3298 2724 3350 καὶ
2753 3296 3019 3367 ὲνωθῆναι
3052 3295 3270 3365 ἀληθῶς
3302 3294 3381 3362 τῷ
3405 3296 3542 3363 ὅρῳ,
3569 3291 3704 3346 κατά

2133 3393 2232 3457 τὴν
2264 3389 2484 3462 ἐντολὴν
2516 3390 2609 3444 τοῦ
2641 3391 2895 3461 Σωτῆρος
2923 3377 3020 3460 τῆν
3049 3392 3107 3444 ὲν
3134 3393 3201 3460 τῇ
3239 3393 3378 3460 συκῇ
3399 3404 3416 3418 σ
3444 3390 3493 3441 εί
3518 3388 3582 3440 δὲ
3609 3386 3707 3458 μὴ.

2133 3483 2580 3551 ἀποκοπήσεσθε,
2615 3483 2706 3536 ῐνα
2765 3482 2839 3552 μὴ
2905 3482 3002 3536 καὶ
3055 3481 3154 3549 τὴν
3205 3479 3312 3550 γῆν
3366 3478 3708 3547 καταργῆτι.

2137 3573 2335 3642 Θαῦμα
2376 3572 2671 3641 Θαυμάτων
2709 3573 2772 3627 τὸ
2806 3574 3067 3644 μέγιστον
3100 3571 3291 3638 τοῦτο,
3327 3572 3409 3625 ὅτι
3453 3570 3712 3638 καθάπερ

463 3655 630 3725 φησὶν
659 3655 819 3718 αὐτὸς
845 3657 1108 3720 Νικόλαος
1134 3659 1321 3721 πάτιας
1348 3661 1402 3712 ὲν
1432 3663 1495 3730 τῇ
1519 3661 1775 3732 ἐπιστολῇ
1809 3661 1970 3732 αὐτῇ,
1989 3663 2070 3716 ὅτι
2100 3665 2208 3716 τῶν
2224 3665 2492 3734 Ἐλλήνων
2519 3665 2579 3718 τὸ
2610 3667 2785 3734 γένος,
2813 3665 2873 3718 τὸ
2902 3665 3070 3733 μέγα,
3097 3661 3158 3715 τὸ
3171 3661 3423 3731 φοὸερὺν,
3443 3659 3502 3714 τδ
3521 3659 3712 3728 σοφὸν,

460 3756 522 3804 τὸ
538 3752 774 3818 ἔνδοξον,
808 3755 867 3805 τὸ
898 3754 1162 3823 ἀνδρεῖον,
1208 3755 1269 3807 τὸ
1301 3756 1578 3825 κρατῆσαν
1619 3759 1797 3826 πάσης
1825 3761 1950 3828 γῆς,
1981 3759 2169 3814 δοῦλον
2209 3757 2352 3813 οὕτω
2379 3760 2680 3831 βαρϐάροις
2707 3759 2847 3814 κατά
2873 3759 3033 3827 δίκην
3100 3757 3237 3810 Θεοῦ
3299 3755 3707 3811 ἀποδείκνυται.

465 3848 651 3903 Ταῦτα
703 3847 1066 3919 διηγουμένῳ,
1105 3849 1283 3900 ἔπεισέ
1357 3867 1446 3919 μοι
1494 3849 1749 3917 κλαῦσαι,
1817 3853 1912 3904 καὶ
1965 3849 2235 3921 θρηνῆσαι
2279 3851 2378 3922 τὴν
2430 3852 2706 3908 ἀπώλειαν
2752 3853 2847 3908 τοῦ
2897 3851 3166 3926 ἡμετέροδ
3221 3851 3435 3919 γένους,
3501 3851 3555 3900 εί
3619 3847 3714 3903 καὶ

465 3943 620 4010 ὑμεῖς
651 3943 749 4011 οὐχ
773 3941 954 4010 ὁρᾶτε.

529 4013 562 4028 ’
685 4015 696 4024 ’
793 4016 798 4021 ’
1185 4036 1322 4089 xw.

541 4141 595 4184 In
632 4126 826 4200 primis
859 4144 1007 4198 ergo,
1047 4138 1103 4182 ut
1136 4129 1259 4182 inde
1297 4130 1512 4182 inittuni
1546 4144 1783 4192 sutnam,
1820 4131 1871 4182 in
1917 4145 2033 4184 tne-

470 4223 697 4277 nioriam
741 4230 991 4276 revocate
1012 4263 1028 4287 ,
1061 4219 1257 4275 fratres
1301 4229 1354 4274 et
1385 4227 1567 4288 patres
1589 4258 1605 4282 ,
1639 4219 1944 4288 qualisnam
1981 4227 2036 4272 et

469 4328 673 4385 quan-ta
701 4315 978 4372 exstiterit
1007 4321 1195 4368 nostra
1229 4313 1400 4366 natio.
1438 4311 1560 4366 Fuit
1586 4311 1727 4364 enim
1761 4313 2034 4380 quondam

467 4412 718 4478 sapiens,
749 4408 895 4461 clara
918 4443 935 4469 ,
970 4417 1228 4474 generosa
1254 4443 1268 4465 _.
1300 4403 1535 4472 prudens
1557 4444 1571 4467 ,
1607 4401 1764 4455 fortis
1784 4442 1797 4465 ,
1833 4413 1888 4456 et
1917 4416 2036 4471 qum

467 4513 685 4554 mutiem
735 4508 932 4553 terram
973 4509 1073 4550 suo
1123 4493 1422 4563 subjecerit
1467 4492 1719 4562 imperio.
1773 4491 2034 4546 Praeterea

469 4593 688 4648 virtutis
729 4591 916 4647 studio
946 4599 1000 4644 et
1047 4588 1338 4643 sanctitate
1372 4601 1564 4641 omnes
1599 4593 1785 4654 gentes
1831 4596 1914 4640 est
1947 4601 2038 4638 su-

467 4700 779 4756 pergressa,
805 4683 1053 4754 ji-juniis,
1083 4681 1310 4752 vigiliis,
1337 4679 1703 4744 orationibus,
1734 4679 2037 4749 eleemosy-

473 4783 586 4846 nis,
609 4789 692 4834 et.
727 4787 785 4831 ut
815 4791 924 4830 uno
954 4776 1116 4830 verbo
1141 4775 1318 4829 dicam
1340 4816 1356 4841 ,
1391 4771 1559 4828 veluti
1593 4773 1820 4843 spongia
1854 4773 2040 4828 hausit

471 4885 689 4927 omnem
727 4871 978 4920 vir-tuum
1019 4868 1124 4920 Deo
1160 4883 1376 4937 semper
1404 4876 1647 4936 accepta.
1697 4869 1765 4920 At
1803 4867 1855 4920 in
1899 4881 2037 4935 prae-

471 4962 646 5020 sentia
695 4962 868 5032 (proh
911 4959 1152 5029 dolori)
1202 4960 1384 5013 omnia
1429 4960 1847 5014 interciderunt.
1899 4960 2039 5013 Cou-

468 5057 856 5128 stantinOpolis
892 5063 1050 5126 capta
1094 5063 1213 5120 est;
1251 5052 1410 5121 cujus
1445 5053 1520 5106 rei
1560 5052 1737 5108 solum
1787 5052 2041 5106 recorda-

466 5153 614 5207 tione
643 5165 813 5222 cogor
845 5161 1203 5220 prorumpere
1247 5145 1300 5199 in
1337 5146 1502 5199 verba
1533 5160 1656 5198 cum
1706 5144 1948 5197 clamore
1987 5152 2042 5196 et

467 5241 675 5310 eiulatu
697 5282 713 5308 ,
745 5250 801 5298 ct
829 5242 1082 5296 ultimum
1115 5236 1393 5293 effundere
1427 5233 1700 5305 spiritum.
1733 5233 1874 5299 Quia
1905 5233 2039 5288 urbe

467 5343 778 5407 expugnata
812 5349 922 5388 arae
964 5341 1093 5390 sunt
1135 5330 1433 5402 profanata:
1461 5367 1476 5391 ,
1525 5325 1786 5394 templum
1820 5323 2043 5380 concul.

2881 4031 2979 4085 IA'.

2225 4133 2334 4202 Πρὸ
2371 4132 2591 4184 πάντων
2625 4131 2827 4190 τοίνυν,
2863 4125 2930 4178 ἶν’
2985 4123 3234 4178 ἐντεῦθεν
3275 4121 3555 4192 ἄρξωμαι,
3583 4120 3714 4191 μνή-

2142 4226 2332 4295 σθητε,
2355 4220 2572 4288 ἀδελφοὶ
2593 4218 2667 4289 (Ι)
2691 4218 2786 4272 καὶ
2807 4215 3066 4285 πατέρες,
3090 4214 3255 4268 πόσον
3271 4230 3330 4267 τε
3345 4213 3438 4268 καὶ
3467 4213 3715 4266 ποταπὸν

2143 4317 2358 4386 ὑπῆρχε
2409 4313 2471 4366 τὸ
2520 4312 2674 4380 γένος
2715 4309 2899 4380 ἡμῶν·
2937 4302 3005 4380 ἦν
3060 4306 3171 4376 γάρ
3227 4306 3410 4375 σοφὸν,
3474 4304 3710 4370 ἔνδοξον,

2142 4411 2415 4479 γενναῖον,
2471 4407 2757 4476 φρόνιμον.
2791 4403 3054 4473 ἀνδρεῖον,
3101 4400 3281 4454 πᾶσαν
3326 4398 3422 4468 τὴν
3453 4397 3710 4462 οἰκουμέ-

2148 4516 2246 4570 νην
2283 4497 2558 4562 ὐποτάξαν
2604 4496 2686 4557 εἰς
2735 4493 3064 4564 μοναρχίαν.
3092 4491 3204 4544 Καὶ
3237 4491 3344 4560 μὴν
3369 4489 3465 4543 καὶ
3489 4491 3558 4559 τῇ
3592 4485 3713 4541 κατ’

2147 4589 2350 4661 ἀρετὴν
2395 4586 2598 4658 σπουδῇ
2630 4604 2691 4638 τε
2726 4588 2816 4640 καὶ
2865 4582 3169 4652 ἁγιωσύνῃ,
3235 4580 3412 4634 πάντα
3453 4579 3524 4632 τὰ
3578 4577 3711 4646 γένη

2146 4682 2374 4748 νικῆσαν
2433 4677 2731 4747 νηστείαις,
2770 4673 3125 4743 ἀγρυπνίαις,
3160 4669 3514 4740 προσευχαῖς,
3553 4668 3710 4733 ὲλεηο

2149 4771 2412 4842 μοσύναις
2432 4783 2448 4800 °
2478 4769 2572 4822 καὶ
2604 4769 2783 4820 πᾶσαν
2817 4765 3002 4827 ἁπλῶς
3036 4763 3463 4832 ἀπομαξάμενον
3487 4759 3712 4828 ἀρετὴν,

2145 4863 2400 4934 καθάπερ
2441 4862 2678 4928 σπόγγος
2728 4859 2797 4912 τὰ
2844 4857 3082 4925 νάματα,
3114 4854 3340 4908 διετέλει
3383 4851 3717 4922 εὐαρεστοῦν

2143 4957 2221 5025 τῷ
2249 4955 2388 5026 Θεῷ.
2424 4953 2584 5007 Ἀλλά
2640 4951 2756 5016 νῦν,
2789 4951 2890 5020 φεῦ
2916 4966 2978 5018 γε
3027 4949 3138 5000 τῶν
3190 4946 3376 5000 κακῶν
3414 4946 3427 4998 !
3465 4945 3719 4998 ἀπώλετο

2144 5049 2255 5101 πᾶν
2281 5064 2293 5077 ·
2336 5032 2551 5113 eatur;
2585 5037 3164 5101 Κωνσταντινούπολις
3185 5053 3198 5067 ’
3227 5031 3294 5106 ἧς
3327 5039 3491 5107 μόνον
3548 5037 3607 5087 ὲν

2145 5137 2477 5207 μνησθῆναι,
2512 5134 2660 5187 ἐστιν
2689 5129 2922 5200 ἐκρῆξαι
2956 5128 3140 5198 φωνὴν
3170 5125 3309 5196 μετά
3336 5125 3585 5195 κραυγῆς
3618 5125 3714 5176 καὶ

2144 5227 2472 5298 ὀλολυγμοῦ,
2507 5227 2601 5278 καὶ
2636 5223 2868 5278 πνεῦσαι
2898 5221 2966 5274 τὰ
3009 5219 3240 5273 λοίσθια.
3283 5216 3548 5286 Ἁλούσης
3579 5216 3715 5283 γάρ,

2147 5322 2384 5393 ἐμιάνθη
2416 5319 2781 5389 θυσιαστήρια
2808 5333 2824 5350 °
2859 5314 3220 5383 κατεπατήθη
3249 5311 3311 5366 τὸ
3345 5311 3490 5380 ἱερόν
3511 5325 3524 5338 ·
3555 5307 3716 5378 χύσις

529 5559 787 5646 alter!"
818 5557 1478 5646 Μγήσθηεενάδξλφιίνηειςη
1515 5551 2029 5646 curatoribus

2137 5568 2190 5598 ου
2223 5550 2278 5597 τὸ
2309 5547 2513 5611 πνεῦμα,
2547 5547 2668 5596 citat
2711 5547 2947 5596 Martinus
2981 5543 3182 5593 Crusius
3221 5542 3268 5590 in
3312 5533 3719 5595 furca-Grec“,

2141 5615 2238 5646 ritu:
2265 5612 2431 5646 null-i1-
2464 5608 2769 5646 palamilnlan
2799 5608 3094 5646 donlmavil-
3141 5603 3265 5646 Vide
3294 5611 3412 5646 tom.
3446 5602 3582 5646 CLX.
3618 5599 3716 5646 σοι.

464 5602 1250 5734 ς.“ἱόιέ,Ἵιῗιςέἱίέιῖ’λὶὸιίὸὶῐιδὲ
1271 5602 1480 5669 inedita;
1516 5602 1609 5679 aha
1647 5602 1928 5668 (ἰοιιιιυόιυε
1961 5602 2239 5662 Scb'ol'arius
2265 5602 2438 5674 patrie
2464 5602 2769 5660 calamitates
2799 5608 3096 5669 deploravit.
3141 5603 3265 5654 Vide
3294 5611 3412 5653 tom.
3446 5602 3582 5660 CLX,
3618 5611 3680 5650 co

517 5686 574 5731 .5.
633 5698 744 5733 rutr,

564 5721 574 5731 .
613 5684 744 5733 Eutr,
