3966 6198
296 225 430 290 136Ί

961 227 1108 288 PRO
1143 228 1352 288 CUNC.
1386 230 1757 293 FLOREN‘T.
1795 230 1953 292 CAP.
1998 233 2064 293 V.
2112 234 2208 293 D‘E
2246 234 2595 299 PIIIMATU
2636 237 2865 300 ΡᾹΡΕ.

3420 243 3567 309 Πτίῖ

291 343 524 411 αἵματος
580 341 747 411 πολλὴ
800 343 1057 410 γέγονεν’
1099 346 1443 415 ἐμιάνθησαν
1496 346 1860 416 μονάστριαι·

1972 356 2153 401 catum
2183 388 2198 411 ,
2250 367 2443 421 magna
2495 354 2780 419 sanguinis
2828 354 3026 411 ell'usio
3068 367 3298 421 secuta,
3341 360 3569 426 pollutae

289 434 611 506 ἐφθάρησαν
683 438 985 505 παρθένοι·
1049 438 1580 507 ἀπεκεφαλίσθησαν
1643 438 1864 507 βρέφηο

292 529 561 583 ἀπέθανον
600 529 878 597 μαχαίρας
913 529 1021 583 τῶν
1051 530 1290 592 ἀσεϐῶν,
1323 532 1610 600 ἄρχοντες,
1645 531 1868 602 ίερομό-

287 623 683 693 ναχοι,ίερεϊς,
731 623 1052 691 ἡγούμενοι,
1103 624 1316 692 ἄνδρες,
1365 626 1663 690 γυναῖκες·
1698 624 1868 694 γάμοι

288 716 691 785 ἐχωρίσθησαν,
718 715 838 767 ναοὶ
868 716 1332 785 κατεπατήθησαν
1364 716 1458 770 καὶ
1508 717 1867 787 ὑϐρίσθησαν,

294 809 464 878 σκεύη
500 810 621 879 ἱερὰ
662 808 1110 877 συνεθλάσθησαν
1135 826 1148 839 ’
1186 810 1396 872 εἰκόνες
1448 813 1867 881 κεκοσμημέναι

290 902 755 971 κατεπατήθησαν
793 903 885 954 καὶ
918 902 1351 971 ὲνεπτύσθησαν.
1383 904 1546 968 Dipo:
1581 904 1657 973 τῷ
1679 905 1869 957 ταλαι-

286 993 453 1063 πώρῳ
477 1011 535 1045 τε
568 994 662 1046 καὶ
720 993 929 1064 ἀθλίῳί
991 995 1075 1057 τίς
1124 994 1313 1057 ἱκανὸς
1347 996 1771 1065 ὲκτραγῳδῆσαι
1806 996 1868 1049 τὸ

285 1083 474 1149 πίθος,
512 1086 608 1137 καὶ
643 1086 959 1153 ἀναγγεῖλαι
1004 1085 1105 1155 τὴν
1140 1088 1427 1156 συμφοράν
1455 1103 1470 1153 ;
1503 1087 1648 1152 Φεῦ,ί
1685 1088 1790 1142 ποῦ
1831 1090 1863 1159 ἡ

287 1174 553 1245 βασιλικὴ
591 1175 939 1243 παράστασις
984 1177 1081 1230 καὶ
1131 1177 1479 1247 παράταξιςς
1544 1177 1649 1233 ποῦ
1691 1181 1725 1249 ἡ
1771 1179 1867 1233 τοῦ

282 1267 552 1320 παλατίου
595 1266 884 1335 σύνταξιςο
915 1268 1020 1322 ποῦ
1057 1270 1085 1323 ὁ
1124 1269 1379 1334 τοσοῦτος
1420 1271 1589 1340 ἑσμὸς
1629 1271 1737 1325 τῶν
1770 1273 1868 1342 ἁρ-

285 1360 524 1427 χῦντων;
560 1361 661 1415 ποῦ
696 1362 756 1414 τδ
785 1362 1173 1434 παιδευτήριον
1214 1365 1316 1433 τῆς
1343 1367 1538 1433 σοφίας
1563 1382 1577 1432 ;
1608 1366 1755 1436 οἴμοι
1789 1367 1868 1436 τῷ

282 1453 516 1507 τάλανιί
555 1453 659 1508 ποῦ
693 1455 725 1526 ἡ
770 1457 1147 1528 πατριαρχικὴ
1196 1457 1503 1529 διοίκησιςς
1548 1460 1653 1512 ποῦ
1692 1462 1724 1531 ἡ
1766 1461 1866 1528 τῆς

300 1546 628 1611 Ἐκκλησίας
653 1547 887 1619 καλλονή
913 1564 926 1579 ·
959 1550 1061 1603 ποῦ
1094 1551 1121 1601 ὁ
1146 1551 1403 1615 τοσοῦτος
1425 1554 1520 1605 καὶ
1546 1552 1867 1623 τηλικοῦτος

280 1637 375 1691 τοῦ
408 1639 796 1709 ἀρχιερατικοῦ
825 1658 885 1695 τε
920 1644 1014 1696 καὶ
1052 1644 1510 1713 ίερομοναχικοῦ,
1541 1646 1639 1699 καὶ
1693 1664 1860 1716 μονα·

1975 439 2244 493 moniales
2268 480 2283 503 .
2316 443 2557 512 virgines
2589 455 2858 514 corrupta:
2881 487 2896 511 ,
2933 457 3096 518 caput
3126 448 3425 505 infantibus
3460 452 3561 507 ab-

1972 532 2230 593 scissum,
2264 536 2558 603 impiorum
2590 539 2843 593 manibus
2874 539 3148 610 principes
3182 541 3501 596 occiderunt
3527 556 3546 599 :

1974 628 2234 681 monachi
2275 630 2416 683 sacri
2443 668 2460 693 ,
2517 633 2831 687 sacerdotes
2856 672 2872 695 ,
2920 635 3244 705 praepositi,
3296 636 3398 690 viri
3426 676 3441 699 .
3484 638 3565 692 fec

1974 717 2166 775 minae.
2221 721 2505 777 Connubia
2560 734 2689 779 sunt
2742 725 2954 784 divulsa
2986 768 3001 793 ,
3054 744 3211 783 sacra
3259 744 3388 783 vasa
3430 744 3565 785 con-

1973 808 2172 876 fracta,
2208 812 2475 882 imagines
2517 818 2887 874 ornatissima:
2917 822 3251 875 conculcata!
3285 824 3452 877 sunt!
3499 837 3565 876 ac

1972 905 2151 975 sputis
2180 916 2580 974 conspurcalae.
2609 908 2654 963 Ο
2680 926 2765 964 me
2790 911 3051 965 miserum
3079 922 3240 983 atque
3259 914 3558 969 infelicem!

1971 997 2096 1064 quis
2148 994 2349 1063 poterit
2388 1010 2627 1065 unquam
2671 1006 2875 1052 tantam
2920 1000 3128 1054 cladem
3177 1001 3463 1070 deplorare
3500 1010 3564 1055 et

1972 1088 2154 1141 verbis
2179 1087 2434 1143 acerbum
2466 1106 2655 1145 casum
2683 1092 3031 1159 exprimere?
3061 1091 3172 1146 Heu
3203 1093 3215 1146 ί
3251 1092 3342 1147 ubi
3374 1093 3558 1161 regius

1972 1191 2273 1247 apparatus
2300 1192 2355 1236 et
2390 1183 2739 1239 comitatus?
2773 1184 2863 1238 ubi
2899 1185 3036 1239 ordo
3079 1183 3264 1254 palatii
3296 1193 3351 1240 et
3380 1184 3558 1240 disci-

1972 1271 2118 1340 plina
2150 1273 2174 1325 ?
2209 1275 2301 1328 ubi
2341 1286 2415 1330 tot
2448 1277 2756 1346 principum
2802 1292 3029 1332 examen
3052 1278 3083 1332 ’ί
3115 1277 3204 1332 ubi
3236 1277 3437 1334 scholae
3468 1293 3561 1333 sa-

1964 1357 2226 1433 pientiai?
2262 1384 2343 1423 var
2398 1370 2530 1423 mihi
2566 1371 2803 1425 misero!
2842 1370 2929 1424 ubi
2962 1371 3338 1439 patriarchalis
3386 1372 3561 1427 admi-

1972 1461 2242 1523 nistratio.
2277 1462 2367 1517 ubi
2405 1470 2635 1519 ornatus
2666 1462 2922 1518 Ecclesia:
2942 1463 2971 1515 ἲ
3002 1464 3091 1517 ιιιιί
3122 1472 3311 1519 tantus
3337 1473 3389 1519 et
3425 1465 3559 1520 talis

1971 1568 2255 1609 sacrorum
2308 1556 2704 1611 monachorum
2758 1570 2822 1610 ac
2878 1570 2985 1608 non
3036 1570 3316 1611 sacrorum
3372 1557 3553 1619 ordo,

1971 1646 2176 1702 chorus
2221 1656 2275 1701 et
2320 1648 2632 1701 numerus?
2677 1649 2768 1702 ubi
2817 1649 3213 1702 monachorum
3252 1655 3305 1702 et
3338 1649 3556 1702 monia—
3652 1662 3655 1667 ί

286 1733 441 1800 ρικοῦ
474 1735 779 1804 τάγματος,
815 1736 976 1806 χορός
1008 1752 1068 1790 τε
1101 1737 1197 1790 καὶ
1221 1737 1488 1809 άριομ6ς;
1523 1738 1627 1793 ποῦ
1652 1740 1723 1793 τὰ
1751 1740 1860 1793 τῶν

1967 1739 2101 1795 lium
2135 1738 2406 1794 ordines?
2448 1738 2589 1794 Ecce
2614 1778 2629 1804 ,
2673 1755 2855 1795 nonne
2889 1748 3091 1794 cuncta
3137 1748 3269 1793 sunt
3307 1754 3335 1791 a
3374 1739 3559 1793 Mallo-

286 1827 538 1896 μοναχῶν
563 1827 825 1897 τάγματα
855 1830 951 1882 καὶ
980 1831 1326 1900 μοναστριῶν
1344 1847 1358 1898 ;
1389 1830 1506 1885 Οὐκ
1539 1831 1651 1885 ἰδοὺ
1697 1849 1863 1886 κατε-

281 1919 529 1987 πύθησαν
562 1921 666 1973 ὑπὸ
717 1922 810 1974 τοῦ
857 1924 1105 1993 Μωάμεθ
1139 1924 1207 1977 τὰ
1240 1925 1420 1977 nivea
1452 1942 1466 1989 ;
1505 1926 1613 1977 Kal.
1667 1926 1766 1978 οὐκ
1804 1928 1862 1978 ὲν

280 2011 417 2081 αὐτῇ
481 2012 616 2084 μόνῃ
667 2016 732 2084 τῇ
798 2014 1165 2086 βασιλευούσῃ
1225 2016 1334 2069 τῶν
1366 2017 1578 2070 πόλεων
1610 2018 1860 2085 ἐγεγόνει

278 2102 433 2153 τουτὶ
481 2101 540 2154 τὸ
592 2102 783 2166 κακὸν,
814 2103 953 2156 ἀλλὰ
984 2106 1077 2157 καὶ
1106 2106 1185 2168 είς
1218 2105 1320 2169 τὰς
1371 2105 1491 2174 μετ’
1526 2106 1718 2175 αὐτὴν.
1781 2106 1863 2160 ἔτι

282 2195 454 2247 πλείω
470 2194 563 2247 καλ⁵
581 2196 833 2265 χείριστα
852 2214 867 2229 ο
894 2198 988 2251 καὶ
1005 2198 1225 2268 ὁρῶμεν
1247 2201 1420 2268 ἁνεῳγ
1436 2202 1629 2269 μένοις
1662 2201 1865 2269 ὀφθαλ-

288 2290 408 2355 ξιοῖς
437 2288 562 2340 καθ’
596 2289 814 2359 ἡμέραν
850 2290 944 2343 καὶ
973 2291 1225 2359 νοοῦμεν.
1255 2292 1417 2355 Τίνος
1439 2294 1630 2347 ἕνεκεν
1653 2294 1859 2359 ταῦτα;

283 2382 354 2433 “ll
388 2381 543 2449 ὑμεῖς
577 2381 770 2435 είπατέ
803 2400 894 2451 μοι
930 2383 1021 2436 διὰ
1066 2384 1157 2437 τὸν
1191 2383 1420 2453 Κύριον,
1454 2388 1502 2439 εί
1538 2386 1640 2456 μὲν
1670 2389 1861 2453 εἴπητε

283 2473 360 2534 ὡς
392 2472 621 2525 εἰώθατε
655 2474 838 2542 λέγειν
872 2476 954 2527 ὅτι
980 2474 1070 2527 διὰ
1098 2475 1197 2538 τὰς
1226 2476 1506 2545 ἁμαρτίας
1539 2477 1696 2547 ἡμῶν
1718 2476 1863 2531 τοῦτ’

281 2565 521 2629 ἐγένετο,
573 2566 673 2618 οὐκ
706 2566 856 2619 ἔστιν
894 2566 1088 2630 οὕτως,
1121 2568 1235 2635 ἐγὼ
1269 2568 1440 2633 λέξω·
1472 2569 1532 2623 οὗ
1567 2570 1677 2637 γὰρ
1726 2571 1864 2634 μᾶλ-

283 2658 376 2707 ὶον
420 2658 603 2725 ἡμεῖς,
660 2659 693 2727 ἦ
732 2659 801 2711 τὰ
832 2658 1000 2712 λοιπὰ
1053 2662 1162 2712 τῶν
1193 2662 1542 2730 Χριστιανῶν
1577 2663 1708 2732 γένη
1740 2664 1862 2726 ταῖς

286 2748 445 2810 ἰδίαις
476 2748 567 2802 τὸν
599 2748 734 2802 Θεὸν
778 2752 1191 2820 παροργίζομεν
1225 2752 1531 2821 ἁμαρτίαις
1556 2770 1570 2784 ’
1610 2754 1721 2806 εἰσὶ
1752 2756 1861 2824 γὰρ

280 2839 417 2892 ἄλλα
439 2840 568 2909 γένη
596 2840 780 2895 πλεῖον
806 2841 1104 2912 βλάσφημα
1140 2843 1234 2896 καὶ
1269 2844 1595 2914 άμαρτωλάᾳ.
1642 2846 1765 2907 Πῶς
1798 2848 1859 2899 ού

282 2931 582 3002 πάσχουσιν
613 2932 788 2995 οὕτως
828 2932 903 2996 ὡς
954 2936 1015 2986 τὸ
1064 2936 1338 3005 ἡμέτερον
1393 2908 1729 2990 ἀθλιώτατον
1768 2939 1860 2990 καὶ

1970 1848 2000 1883 u
2025 1840 2111 1885 ete
2144 1831 2449 1900 absorpta?
2482 1830 2591 1886 Nec
2624 1840 2834 1886 tantum
2868 1833 2921 1886 in
2961 1832 3075 1901 ipsa
3118 1832 3338 1886 urbium
3369 1832 3557 1900 regina

1964 1938 2027 1977 ea
2055 1922 2195 1977 mala
2222 1922 2516 1986 obvenere,
2552 1939 2738 1977 verum
2768 1924 2931 1978 etiam
2966 1926 3020 1978 in
3080 1923 3345 1991 subjectis
3378 1925 3558 1991 regio-

1968 2016 2132 2071 nibus
2159 2014 2310 2084 plura
2343 2030 2407 2068 ac
2429 2016 2698 2069 deteriora
2724 2032 2737 2081 ;
2775 2030 2980 2085 perque
3008 2014 3257 2085 singulos
3289 2014 3404 2069 dies
3439 2016 3555 2069 lucc

1966 2110 2175 2178 a‘pertis
2198 2108 2378 2164 oculis
2401 2109 2681 2163 intuemur
2707 2116 2760 2163 et
2786 2108 3163 2178 intelligimus.
3187 2108 3552 2174 Quamobrem

1966 2216 2099 2270 ergo
2144 2200 2299 2254 haec?
2341 2200 2423 2254 vel
2462 2216 2558 2255 vos
2598 2199 2731 2253 mibi
2754 2200 2973 2266 dicite,
3008 2214 3105 2268 per
3139 2198 3458 2253 Dominum.
3494 2196 3552 2251 Si

1966 2293 2249 2357 dixeritis,
2300 2300 2358 2346 ut
2400 2292 2585 2347 dicere
2626 2291 2977 2354 consuestis,
3012 2290 3083 2345 ob
3126 2298 3318 2345 nostra
3352 2288 3552 2345 delicta

1968 2387 2084 2440 hrec
2105 2384 2381 2447 evenisse.
2416 2398 2523 2437 non
2557 2382 2630 2437 ita
2657 2397 2716 2437 se
2745 2397 2831 2436 res
2857 2381 3020 2436 habet
3049 2396 3150 2452 ego
3178 2381 3379 2447 dicam,
3409 2390 3554 2449 quo-

1967 2478 2113 2532 niam
2156 2492 2264 2532 non
2310 2476 2486 2548 magis
2533 2490 2635 2530 nos
2666 2490 2831 2544 quam
2864 2482 3076 2529 caeteras
3105 2472 3551 2527 Christianorum

1966 2578 2159 2639 gentes
2208 2567 2415 2622 nostris
2462 2564 2788 2620 criminibus
2838 2564 3009 2619 Deum
3059 2562 3363 2617 irritamus.
3412 2561 3556 2616 Sunt

1965 2663 2111 2719 enim
2150 2671 2205 2717 et
2239 2662 2359 2716 aliae
2391 2661 2643 2715 nationes
2672 2659 2847 2729 magis
2880 2656 3186 2712 sceleribus
3220 2664 3276 2710 et
3309 2654 3555 2724 peccatis

1965 2755 2257 2820 obnoxiae;
2289 2752 2568 2822 quomodo
2589 2765 2697 2804 non
2730 2749 3047 2818 allliguntur
3084 2756 3143 2801 ut
3180 2755 3368 2801 nostra
3402 2745 3551 2799 inl‘e-

1965 2846 2227 2903 licissima
2306 2854 2362 2899 et
2402 2842 2713 2898 miseranda
2764 2841 2952 2895 natio?
3003 2840 3092 2895 Vas
3137 2837 3270 2893 mihi
3315 2837 3555 2891 misero!

1964 2942 2121 2995 Alius
2152 2955 2218 2994 ex
2251 2938 2359 2992 alio
2378 2937 2611 2993 subinde
2640 2936 2734 3001 ﬁo,
2756 2950 2880 2989 cum
2904 2935 2969 2989 ad
3000 2934 3114 2988 haec
3137 2933 3382 2988 animum
3420 2945 3559 2985 cono

280 3023 516 3077 ἐλεεινὸν
544 3026 732 3093 γένος;
763 3026 899 3080 Οὐαί
931 3045 1021 3096 μοι
1046 3028 1121 3095 τῷ
1160 3029 1526 3099 ταλαιπὼρρι
1562 3031 1691 3083 ὅταν
1728 3032 1860 3083 ἀπο-

1968 3044 2158 3099 vertu,
2192 3041 2246 3088 et
2275 3047 2371 3086 cor
2404 3045 2585 3086 meum
2629 3028 2993 3083 conturbatur
3041 3038 3095 3081 ct
3130 3025 3363 3094 Spiritus
3398 3037 3559 3077 meus

280 3115 463 3185 ϐλέψω
512 3117 649 3185 πρὸς
683 3119 860 3183 τοῦτο,
909 3120 1067 3180 ἄλλος
1098 3122 1156 3185 ἐξ
1201 3122 1365 3174 ἄλλου
1400 3123 1626 3190 γίνομαι
1655 3137 1669 3151 ⁸
1701 3124 1799 3176 atat
1826 3125 1860 3193 ἡ

276 3209 425 3277 ψυχή
464 3226 565 3276 μου
594 3208 954 3275 ταράττεται,
986 3209 1083 3261 καὶ
1121 3210 1330 3279 ίλιγγιᾷ
1362 3228 1463 3279 μου
1503 3212 1565 3264 τὸ
1594 3212 1818 3281 πνεῦμα
1843 3229 1859 3244 °

278 3302 362 3352 ὅτι
389 3300 499 3352 τῶν
534 3299 807 3353 Ἰουδαίων
836 3299 897 3352 τὸ
938 3300 1117 3367 γένος,
1146 3300 1242 3352 δύο
1269 3301 1548 3369 ἁμαρτίας
1596 3302 1860 3370 ποιῆσαν,

277 3389 436 3458 δίκην
467 3388 637 3440 ἔδωκε
666 3389 806 3441 κατὰ
832 3389 921 3441 τὸν
964 3390 1257 3459 προφήτην
1285 3406 1298 3419 ’
1336 3391 1474 3444 «Δύο
1505 3392 1600 3444 καὶ
1647 3391 1862 3461 πονηρὰ

278 3480 526 3548 ἐποίησε,
562 3481 749 3549 φησὶν,
804 3482 832 3532 ὀ
883 3480 1234 3549 πρωτότοκος
1286 3482 1402 3545 υίός
1457 3501 1559 3551 μου
1602 3482 1858 3554 Ἰσραήλ⁸

280 3572 380 3637 ἐμὲ
435 3572 759 3639 ἐγκατέλιπε
815 3572 1000 3642 πηγὴν
1043 3571 1231 3636 ὓδατος
1284 3573 1452 3642 ζωῆς,
1506 3576 1601 3628 καὶ
1650 3575 1861 3644 ὤρυξεν

280 3664 459 3732 ἑαυτῷ
492 3665 728 3727 λάκκους
759 3666 1295 3734 συντετριμμένουςο
1344 3686 1362 3718 ι
1411 3668 1505 3720 καὶ
1557 3669 1588 3737 ἠ
1630 3669 1861 3739 Ἐκκλη-

281 3755 393 3815 σία,
431 3754 563 3822 Ἐμὲ
590 3755 683 3805 ἐπὶ
736 3754 897 3819 ξύλου
931 3755 1310 3825 ἐσταύρωσαν,
1341 3758 1433 3811 τὸν
1464 3759 1523 3812 δὲ
1565 3759 1860 3829 Βαραϐϐᾶν

275 3847 555 3917 ᾐτήσαντο
599 3848 696 3901 καὶ
726 3849 1024 3902 ἀπέλυσαν.
1083 3850 1309 3919 Πρῶτον
1340 3852 1547 3916 τοίνυν,
1583 3852 1861 3906 εἰδωλολο·

275 3940 535 4009 τρεῦσαν,
561 3941 949 4011 ᾐχμαλωτίσθη
1000 3944 1081 4005 εἰς
1115 3943 1329 4012 Μηδίαν
1380 3945 1478 3998 καὶ
1509 3945 1813 4000 Βαϐυλῶνα
1838 3963 1854 3979 ’

275 4032 551 4102 δεύτερον,
582 4033 997 4102 σταυρώσαντες
1026 4035 1117 4088 τὸν
1150 4036 1355 4107 Κύριον
1384 4038 1543 4108 ἡμῶν
1575 4040 1670 4092 καὶ
1698 4038 1856 4105 Θεὸν,

276 4128 617 4198 αἰχμάλωτοι
649 4127 942 4195 γεγόνασιν
999 4130 1078 4190 είς
1126 4131 1309 4184 πάντα
1358 4130 1429 4183 τὰ
1482 4128 1637 4198 ἔθνη.
1696 4132 1769 4185 Τὸ
1799 4130 1855 4183 δὲ

278 4222 545 4291 ἡμέτερον
590 4220 770 4289 γένος,
806 4219 849 4273 ὣ
875 4220 974 4289 τῆς
1017 4224 1327 4292 συμφορᾶς,
1363 4222 1465 4291 φεῦ
1494 4224 1593 4291 τῆς
1624 4222 1852 4291 ὀδύνηςί

1965 3135 2195 3187 aestuat,
2242 3124 2369 3194 quia
2416 3122 2730 3178 Iudaeorum
2782 3134 2951 3189 gens,
3005 3130 3126 3188 qua:
3173 3118 3284 3172 duo
3321 3116 3555 3171 crimina

1964 3218 2286 3277 Commisit,
2341 3213 2647 3269 secundum
2726 3211 3048 3279 pr0pbetam
3112 3209 3262 3263 dedit
3323 3223 3556 3278 ptenas,

1974 3329 1991 3359 ι
2038 3308 2154 3359 Duo
2184 3306 2327 3361 enim
2359 3305 2499 3359 mala
2529 3304 2657 3359 fecit
2682 3344 2695 3369 ,
2724 3303 2902 3372 inquit
2922 3342 2937 3365 .
2972 3302 3370 3371 primogenitus
3401 3317 3558 3357 meus

1972 3400 2117 3454 lilius
2147 3397 2319 3453 Israel
2343 3396 2389 3428 “
2419 3413 2433 3451 :
2473 3415 2492 3447 ι
2530 3410 2617 3450 me
2647 3393 2940 3463 dereliquit
2970 3391 3174 3446 fontem
3209 3408 3365 3462 aquae
3392 3394 3554 3459 viva,

1962 3500 2015 3546 et
2055 3488 2243 3544 eﬂ'odit
2284 3488 2388 3544 sibi
2434 3486 2727 3543 cisternam
2775 3484 3133 3553 dissipatam:
3165 3491 3220 3538 et
3256 3482 3502 3537 Ecclesia
3528 3522 3548 3548 ,

1961 3582 2046 3637 Me
2078 3582 2132 3636 in
2164 3581 2314 3651 ligno
2344 3580 2734 3634 crucillxerunt
2756 3618 2770 3641 ,
2822 3576 3119 3631 Barabbam
3155 3589 3287 3630 vero
3317 3574 3559 3644 postula-

1960 3683 2158 3730 verunt
2188 3682 2241 3729 et
2272 3672 2595 3727 liberarunt.
2628 3669 2876 3725 Primum
2908 3669 3075 3739 igitur
3109 3682 3233 3722 cum
3265 3668 3428 3723 idolis
3463 3668 3557 3722 in-

1960 3770 2269 3831 servisset,
2306 3767 2361 3820 in
2395 3764 2771 3835 captivitatem
2809 3762 3084 3818 abductus
3115 3770 3198 3816 est
3230 3761 3283 3815 in
3324 3761 3553 3815 Mediam

1959 3870 2015 3915 et
2042 3859 2413 3929 Babylonem;
2462 3856 2706 3911 secundo
2750 3870 2874 3911 cum
2919 3853 3327 3909 crucilixissent
3361 3851 3549 3905 llomi-

1960 3965 2093 4005 num
2146 3959 2393 4003 nostrum
2444 3956 2500 4001 et
2544 3946 2753 4012 Deum,
2806 3944 3037 4015 profecti
3085 3953 3215 4000 sunt
3255 3942 3454 4013 captivi
3497 3942 3551 3996 in

1959 4057 2151 4099 omnes
2172 4051 2381 4112 gentes.
2408 4038 2605 4094 Nostra
2628 4053 2758 4092 vero
2784 4039 2932 4093 natio
2957 4038 3117 4108 (proli
3148 4035 3555 4092 infortunium!

1961 4132 2097 4202 prob
2132 4130 2353 4200 dolori)
2387 4145 2564 4199 neque
2600 4128 2764 4183 idolis
2794 4128 3020 4183 servivit
3054 4142 3294 4198 unquam
3318 4166 3333 4190 ,
3373 4138 3555 4195 neque

1964 4223 2055 4278 Dei
2106 4222 2301 4277 Filium
2351 4220 2675 4277 cruciﬁxit:
2723 4235 2829 4288 qua
2875 4220 2942 4274 de
2989 4232 3154 4273 causa
3204 4226 3311 4271 tam
3354 4217 3554 4271 acerbe

277 4314 403 4366 οὔτε
441 4314 676 4377 εἰδώλοις
707 4315 837 4368 ποτὲ
882 4317 1233 4385 ὲλάτρευσεν,
1267 4315 1391 4369 οὔτε
1436 4316 1528 4369 τὸν
1586 4317 1712 4371 Υἰὺν
1754 4318 1852 4371 τοῦ

1965 4315 2242 4371 vexatur?
2302 4314 2408 4368 Sed
2436 4316 2567 4377 {non
2618 4313 2798 4369 solum
2848 4312 3081 4374 eadem,
3139 4324 3330 4363 verum
3384 4308 3552 4364 etiam

278 4406 415 4459 Θεοῦ
440 4407 749 4477 ὲσταύρωσε
777 4425 791 4440 ο
827 4408 972 4469 τίνος
1002 4409 1192 4461 ἕνεκεν
1219 4409 1287 4461 τά
1319 4410 1469 4463 δεινὰ
1498 4409 1673 4462 ταῦτα
1716 4414 1856 4465 πᾶσι

1967 4411 2139 4465 multo
2165 4407 2354 4479 pejora
2382 4420 2548 4475 quam
2582 4404 2731 4474 impii
2765 4402 2936 4458 Judaai
2968 4403 3287 4474 perpetitur.
3321 4399 3361 4455 li
3393 4415 3551 4455 nam-

276 4518 400 4570 χει;
442 4501 549 4552 Καὶ
579 4501 641 4553 οὐ
674 4500 835 4570 μόνον
888 4501 956 4554 τὰ
988 4500 1146 4562 αὐτὰ.
1181 4501 1317 4555 ἀλλὰ
1374 4502 1467 4555 καὶ
1498 4506 1721 4572 χείρονα
1746 4503 1856 4556 τῶν

1966 4516 2074 4571 que
2105 4500 2159 4554 in
2190 4498 2510 4554 servitutem
2546 4493 2803 4560 abducti,
2847 4494 3092 4548 omnium
3136 4492 3378 4562 gentium
3420 4491 3550 4545 facti

278 4589 462 4643 κακῶν
507 4590 779 4643 Ἰουδαίων
832 4589 1054 4659 πάσχει.
1094 4590 1325 4644 Ἐκεῖνοι
1379 4591 1488 4661 γὰρ
1520 4594 1857 4663 αἰχμαλωτι-

279 4686 519 4747 σθέντες,
555 4686 771 4737 πάντων
803 4682 973 4737 ὲθνῶν
1001 4684 1262 4751 γεγόνασι
1282 4684 1484 4751 δοῦλοι,
1520 4686 1597 4749 ὡς
1632 4687 1855 4756 μισητοὶ

279 4780 371 4827 καὶ
398 4777 581 4846 ἐχθροὶ
612 4776 705 4828 τοῦ
731 4774 869 4828 Θεοῦ
895 4792 909 4806 ο
942 4771 1087 4830 οὗτοι
1110 4776 1189 4841 δὲ,
1213 4775 1273 4828 ού
1307 4776 1471 4845 μόνον
1499 4778 1613 4840 τοῖς
1642 4776 1853 4830 ἔθνεσιν

278 4871 527 4936 ἐγένοντο
573 4869 770 4934 δοῦλοι,
823 4869 958 4922 ἀλλὰ
1006 4868 1103 4921 καὶ
1161 4868 1443 4932 Ἰουδαίοις
1486 4869 1693 4934 αὐτοῖς,
1740 4872 1853 4933 τοῖς

278 4959 395 5013 οἷσι
423 4961 628 5023 δούλοις
655 4977 870 5015 παντων
905 4960 1176 5014 ἐθνῶν.“Ω
1212 4962 1310 5030 τῆς
1343 4964 1485 5031 ἐμῆς
1518 4966 1805 5034 συμφορᾶς
1835 4967 1849 5020 l

280 5054 379 5104 οὐκ
406 5052 520 5104 ἔστι
559 5052 745 5104 λοιπὸν
766 5050 1002 5121 ¹κλαῦσαί
1031 5069 1091 5104 τε
1125 5052 1221 5105 καὶ
1246 5052 1522 5122 Θρηνῆσαι
1546 5054 1641 5107 καὶ
1663 5052 1856 5119 ἐξετά-

281 5159 393 5208 σαι,
428 5144 525 5197 καὶ
559 5144 689 5197 ἰδεῖν
731 5146 831 5215 τὴν
863 5146 1065 5210 αἰτίαν,
1099 5145 1168 5199 δι’
1200 5140 1266 5217 ἦς
1310 5147 1486 5202 ταῦτα
1526 5150 1851 5220 πάσχομενς

292 5233 437 5302 Ἐγὼ
467 5233 565 5303 μὲν
599 5235 660 5288 οὐ
692 5234 927 5304 δύναμαι
961 5236 1193 5307 συνορᾷν
1226 5238 1397 5308 ἄλλην
1419 5256 1433 5269 ·
1467 5239 1591 5292 οὐδὲ
1625 5240 1686 5292 τὸ
1713 5239 1851 5309 ήμέ⁸

276 5342 432 5393 τερον
466 5328 619 5395 γένος
646 5328 831 5398 χεῖρόν
856 5331 971 5381 ἐστι
1002 5329 1222 5384 πάντων
1255 5330 1434 5396 γενῶν
1465 5333 1587 5390 ταῖς
1610 5332 1851 5401 ἀρεταῖς,

281 5417 414 5470 ἀλλὰ
450 5418 651 5488 μᾶλλον
684 5419 779 5472 καὶ
809 5418 1044 5489 βέλτιον.
1078 5419 1307 5490 Εἴρηται
1336 5420 1442 5489 γὰρ
1473 5421 1556 5491 δὴ,
1594 5423 1689 5474 καὶ
1721 5421 1854 5492 ἀλη-

283 5507 386 5571 θῶς
414 5509 649 5581 εἴρηται,
690 5512 771 5565 ὅτι
813 5510 875 5565 τδ
903 5510 1173 5583 ἡμέτερον
1213 5513 1392 5581 γένος,
1429 5514 1645 5569 πάντων
1673 5514 1847 5569 γενῶν

358 5687 402 5720 ³⁸
430 5687 627 5746 Jerem.
661 5706 721 5757 ll,
751 5688 839 5746 l3.

1965 4603 2092 4648 sunt
2120 4590 2287 4655 servi,
2315 4598 2375 4644 ut
2402 4588 2660 4643 omnibus
2691 4585 2851 4640 invisi
2881 4594 2936 4639 et
2963 4584 3058 4639 Dei
3085 4586 3305 4639 bosms:
3338 4583 3390 4637 hi
3421 4598 3553 4636 vero

1964 4699 2072 4739 non
2110 4683 2289 4739 solum
2325 4680 2568 4752 gentium
2602 4677 2730 4732 facti
2762 4686 2892 4731 sunt
2923 4676 3091 4737 servi.
3126 4675 3221 4729 sed
3258 4684 3313 4728 et
3345 4672 3552 4728 Iudaeis

1958 4777 2128 4851 ipsis,
2172 4777 2267 4845 qui
2311 4781 2435 4828 sunt
2483 4771 2627 4827 servi
2672 4770 2915 4823 nntnium
2958 4767 3222 4836 gentium.
3272 4765 3316 4822 0
3371 4780 3551 4820 meam

1958 4866 2373 4923 calamitatem!
2426 4864 2620 4920 Nonne
2669 4862 2944 4931 reliquum
2988 4866 3073 4915 est
3120 4860 3336 4930 plorare
3373 4868 3429 4914 et
3474 4858 3553 4913 la-

1958 4959 2231 5025 mentari,
2264 4972 2332 5013 ac
2376 4957 2688 5026 disquirere
2734 4969 2958 5009 causam
2992 4961 3049 5007 et
3090 4952 3277 5006 videre
3326 4959 3553 5019 pr0pter

1960 5066 2083 5122 quae
2112 5051 2353 5120 patimur
2386 5046 2539 5103 hanc?
2570 5048 2685 5117 Ego
2719 5062 2847 5102 vero
2877 5045 3037 5099 aliam
3071 5058 3176 5097 non
3206 5057 3430 5111 possum
3459 5043 3551 5095 in-

1963 5144 2156 5199 venire
2205 5143 2407 5211 (neque
2454 5140 2599 5196 enim
2649 5141 2853 5195 virtute
2898 5146 3087 5191 nostra
3136 5134 3289 5189 natio
3331 5132 3549 5188 ceteris

1963 5234 2218 5308 gentibus
2248 5234 2401 5304 pejor
2430 5242 2548 5299 est,
2581 5234 2690 5286 imo
2730 5244 2858 5285 vero
2902 5226 3138 5294 melior;
3170 5239 3298 5279 nam
3334 5224 3545 5280 dictum

1961 5336 2048 5385 est
2074 5341 2312 5397 vereque
2341 5326 2547 5380 dictum
2570 5365 2585 5390 ,
2630 5322 2906 5376 nationem
2938 5324 3181 5374 nostram
3214 5330 3408 5372 omnes
3439 5330 3544 5371 na-

1960 5421 2139 5475 tiones
2170 5419 2371 5472 virtute
2398 5425 2450 5470 et
2480 5413 2728 5468 moribus
2754 5407 3102 5477 autecellere)
3134 5407 3238 5463 nisi
3264 5405 3539 5473 schisma,

1958 5519 2011 5567 et
2043 5510 2191 5582 quod
2223 5523 2281 5564 se
2311 5504 2647 5564 subtraxerit
2670 5504 2739 5561 ab
2771 5501 3084 5560 obedientia
3110 5508 3165 5558 et
3194 5496 3539 5571 subiectione

3307 5777 3431 5785 -..4-ομ
