3966 6198
315 252 337 313 ί
350 253 453 315 375

1475 259 1791 319 JOSEI‘HI
1840 260 2386 324 METUONENSIS

3410 259 3573 324 I375

308 383 471 437 quem
510 378 567 423 ut
609 371 819 439 navigia
858 372 924 425 ab
962 371 1122 426 undis
1167 372 1219 425 in
1260 373 1438 425 medio
1476 375 1641 427 maris
1676 374 1875 439 agitata

1989 378 2078 442 τῆς
2099 378 2226 444 ὅλης
2262 379 2611 450 Ἐκκλησίας.
2654 377 2844 447 Ὑμεῖς
2874 379 2925 431 οἱ
2958 350 3247 446 θεῆλεκτος
3277 377 3433 440 πόλις
3456 380 3553 432 τοῦ

313 463 366 516 in
408 474 627 533 portum
664 466 1017 533 profugiunt,
1062 482 1129 519 ne
1167 465 1298 521 foris
1331 462 1515 520 relicta
1559 482 1585 521 ει
1623 468 1878 521 ﬂuctibus

244 591 252 600 -
311 566 474 624 atque
518 567 650 610 mstu
687 567 1031 626 mergantur;
1078 558 1157 612 sic
1199 565 1253 612 ct
1291 572 1483 612 omnes
1519 558 1775 613 Ecclesia:
1811 560 1879 612 ab

314 646 582 702 haereticis
613 655 864 717 tanquam
897 663 925 700 a
957 647 1211 703 fluctibus
1241 660 1444 703 vexatae
1472 649 1537 703 ad
1570 649 1877 705 Romanum

311 740 620 808 pontificem
648 781 663 803 ,
705 740 873 794 veluti
920 742 985 796 ad
1021 751 1236 811 portum
1272 743 1466 798 salutis
1514 743 1873 813 confugiunt,

314 831 408 884 ubi
448 832 895 900 tranquillitatem
935 842 990 887 et
1021 835 1261 903 quietem
1293 849 1505 889 omnem
1547 836 1877 889 nanciscan-

314 931 422 975 tur.
450 921 585 975 Nam
616 938 682 975 eo
706 923 810 978 loci
844 924 964 978 fidei
995 924 1175 979 claves
1207 925 1458 981 Christus
1490 930 1629 995 apud
1664 926 1876 980 Petrum

314 1015 619 1080 apostolum
656 1015 951 1084 deposuit,
988 1026 1046 1069 ut
1079 1017 1378 1072 Ecclesiam
1420 1028 1590 1072 totam
1636 1030 1880 1087 pasceret

314 1118 476 1174 atque
530 1107 896 1174 gubernaret,
940 1123 1038 1163 nec
1088 1110 1229 1177 apud
1278 1110 1428 1165 illum
1485 1121 1694 1166 tantum
1724 1150 1740 1174 ,
1781 1112 1877 1166 sed

312 1197 473 1250 etiam
510 1198 652 1266 apud
681 1199 800 1267 ejus
839 1215 1223 1266 successores,
1260 1203 1361 1271 ipsi
1394 1203 1580 1258 dicens
1605 1243 1620 1268 ,
1661 1222 1680 1254 ι
1722 1203 1788 1258 Ει
1824 1214 1876 1257 ιιι

312 1289 605 1357 aliquando
644 1305 984 1353 conversus.
1034 1294 1294 1347 confirma
1357 1295 1562 1350 fratres
1632 1306 1805 1364 tuos;
1852 1315 1871 1349 ι

310 1397 431 1447 quae
473 1384 693 1450 quidem
741 1400 850 1439 non
901 1386 1003 1440 soli
1053 1388 1215 1441 Petro
1269 1389 1655 1456 contigerunt,
1697 1391 1787 1446 sed
1825 1402 1877 1447 et

311 1476 432 1539 ejus
482 1478 916 1532 successoribus.
962 1477 1096 1532 Nam
1150 1479 1426 1549 Sylvester
1474 1498 1703 1552 magnus
1742 1500 1875 1554 papa

315 1566 592 1622 Romanus
627 1577 750 1637 post
799 1569 1133 1638 baptismum
1172 1573 1562 1638 Constantini,
1614 1576 1725 1630 Arii
1769 1577 1876 1630 hie-

310 1660 479 1719 resim
512 1660 769 1726 abolevit,
800 1670 853 1714 et
878 1663 930 1715 in
956 1667 1141 1717 eadem
1170 1666 1302 1720 urbe
1332 1665 1581 1722 Liberius
1608 1683 1670 1723 ac
1700 1667 1875 1727 Julius
1907 1701 1950 1759 Β

310 1756 671 1811 Athanasium
708 1753 1143 1819 confirmarunt,
1192 1763 1246 1809 et
1283 1755 1665 1813 Alexandriam
1708 1760 1877 1814 remi-

310 1856 537 1912 serunt,
573 1865 697 1904 cum
739 1850 809 1906 ab
847 1848 1066 1904 Arianis
1111 1850 1542 1918 persecutionem
1575 1859 1875 1917 pateretur.

311 1942 601 1997 Damasius
650 1958 784 2011 papa
840 1941 1091 1996 Eunomii
1136 1940 1729 2012 Constantiuopolitani
1780 1960 1878 2016 pa-

313 2033 569 2086 triarchm
606 2033 853 2088 haeresim
890 2034 1135 2088 funditus
1171 2034 1416 2089 sustulit.
1453 2034 1619 2090 Divus
1649 2036 1879 2092 Celesti-

314 2141 417 2178 nus
440 2125 588 2194 impii
610 2125 840 2180 Nestorii
867 2136 920 2180 et
937 2127 1527 2195 Constantinopolitani
1556 2130 1878 2198 patriarcha:

315 2217 563 2270 heresim
598 2232 701 2286 per.
720 2218 977 2289 Cyrillum
1015 2221 1331 2288 theegorum
1366 2220 1580 2274 delevit.
1619 2220 1725 2275 Leo
1756 2236 1881 2276 san-

314 2310 594 2365 ctissimus
624 2310 938 2379 sacrilegam
973 2311 1238 2384 Eutychis
1266 2321 1320 2367 et
1355 2313 1598 2369 Dioscori
1630 2315 1879 2369 hmresim

315 2399 621 2455 damnavit.
687 2403 948 2459 Martinus
1010 2414 1066 2459 et
1128 2406 1342 2474 Agatho
1400 2405 1879 2461 Monuthelitarum

316 2495 601 2549 scelestam
642 2497 886 2552 haeresim
923 2498 1091 2553 verbo
1125 2507 1178 2553 et
1221 2500 1482 2568 operibus
1513 2502 1878 2555 sustulerunt.

315 2585 611 2655 Gregorius
650 2603 881 2659 magnus
918 2590 1169 2661 Dialogus
1199 2591 1535 2661 impietatem
1571 2609 1765 2647 eorum
1790 2595 1881 2663 qui

318 2681 586 2749 imagines
610 2684 1011 2751 oppugnabant.
1041 2685 1372 2738 anathemati
1400 2685 1652 2754 subjecit.
1682 2686 1886 2741 Deinde

317 2779 437 2838 post
485 2773 906 2828 inobedientiam
960 2784 1013 2829 ct
1060 2775 1297 2850 schisma
1326 2816 1342 2841 ,
1378 2775 1636 2832 Nicolaus
1676 2780 1885 2846 primus

318 2864 543 2931 ipsemet
603 2864 1139 2935 Constantinopolim
1202 2869 1484 2938 profectus
1548 2883 1633 2925 est
1703 2871 1883 2926 Photii

321 2968 561 3024 tempore
586 2995 601 3018 ,
649 2965 703 3008 ut
740 2957 953 3011 tolleret
988 2959 1261 3024 schisma;
1299 2976 1461 3029 quem
1496 2978 1618 3014 eum
1655 2979 1759 3017 non
1797 2981 1884 3018 re-

318 3048 613 3115 cepissent.
645 3049 1196 3103 excommunicationi
1231 3051 1298 3104 ab
1332 3066 1395 3105 eo
1434 3054 1698 3120 suppositi
1732 3064 1878 3107 sunt.
1907 3036 1953 3098 (ἶ

316 3140 450 3193 Post
499 3140 644 3195 hunc
692 3142 891 3197 summi
929 3143 1214 3212 pontiﬁces
1248 3159 1343 3212 per
1386 3154 1691 3214 temporum
1737 3149 1883 3203 vices

236 3240 242 3247 '
320 3248 427 3285 non
459 3231 789 3286 destiterunt
823 3232 1067 3288 scribere
1101 3244 1155 3288 et
1193 3235 1398 3290 hortari
1434 3237 1654 3293 Grzeeos
1685 3241 1751 3293 ad
1786 3240 1884 3295 Ec-

318 3323 499 3379 t-lesim
556 3316 971 3381 conversionem
1024 3336 1079 3381 et
1133 3328 1495 3384 obedientiam
1526 3370 1541 3396 ,
1599 3348 1885 3403 quousque

320 3432 507 3475 coacta
538 3430 619 3474 est
653 3421 891 3491 synodus
939 3422 1080 3490 apud
1113 3421 1438 3491 Lugdunum
1467 3462 1483 3489 ,
1515 3439 1679 3493 quam
1709 3426 1884 3483 Graeci

321 3521 566 3565 octavam
606 3521 842 3576 vocant,
885 3512 1042 3580 cujus
1091 3523 1283 3568 auctor
1331 3516 1544 3570 exstitit
1590 3516 1888 3586 Gregorius

323 3618 459 3671 papa
490 3603 737 3658 decimus
762 3644 775 3667 ,
815 3612 871 3658 et
904 3604 1035 3659 unio
1065 3615 1148 3659 est
1187 3607 1501 3661 subsecuta.
1547 3606 1651 3663 Sed
1692 3612 1886 3667 iterum

322 3695 657 3757 defecerunt,
696 3705 749 3749 et
782 3694 979 3751 iterum
1014 3697 1218 3764 legatos
1250 3697 1504 3754 Ecclesia:
1543 3714 1885 3772 receperunt.

323 3784 543 3853 Cug’ilur
596 3787 835 3856 synodus
892 3786 1499 3856 Constantiunpoﬂtana
1559 3808 1684 3848 cum
1736 3810 1889 3865 papae

326 3876 515 3939 legalis
540 3919 555 3942 ,
591 3873 819 3929 Joannis
854 3875 1010 3942 _l3ecci
1058 3880 1394 3945 temporibus
1433 3882 1891 3956 Constantiutipo-

325 3968 478 4020 litaui
532 3967 894 4037 patriarchae,
938 3978 995 4022 et
1046 3971 1302 4027 unionem
1352 3975 1585 4043 amplexi
1630 3988 1780 4043 sunt,
1823 3984 1889 4038 ad

328 4064 488 4117 breve
522 4072 731 4132 tempus
760 4062 1124 4118 obedientiam
1167 4067 1520 4125 ostendentes
1554 4081 1608 4125 et
1657 4087 1842 4141 pacem
1870 4119 1885 4143 ,

326 4151 419 4204 sed
462 4161 649 4219 postea
703 4166 893 4207 rursus
928 4152 993 4207 ad
1048 4169 1207 4209 suum
1252 4165 1308 4210 et
1359 4159 1591 4226 primum
1625 4164 1890 4221 vomitum

328 4252 689 4301 reverterunt.
728 4245 833 4300 Sed
868 4260 965 4299 nec
1005 4260 1194 4302 rursus
1227 4248 1508 4323 defatigati
1542 4266 1671 4311 sunt
1706 4258 1894 4315 Eccleo

1982 474 2416 545 φυγαδευτηρίου
2452 474 2553 543 τῆς
2588 476 2885 543 σωτηρίας.
2943 491 2960 524 ι
3004 473 3272 533 Ἀκούεις,
3304 472 3423 536 πῶς
3458 470 3558 523 εὖ·

1979 566 2091 619 διον
2115 566 2315 636 λιμένα
2350 566 2451 635 τῆς
2480 567 2610 635 ὅλης
2661 565 2988 633 Ἐκκλησίας
3021 564 3289 617 ἀποκαλεῖ
3324 563 3416 615 τὸν
3450 562 3558 631 τῆς

1991 658 2211 729 Ῥώμης
2240 660 2528 729 ἀρχιερέα,
2563 659 2651 711 ἵνα
2697 658 2886 728 ὥσπερ
2934 657 3000 710 τά
3032 658 3193 710 πλοῖα
3238 657 3402 723 μέσον
3426 657 3563 720 Vri;

1981 751 2258 821 θαλάσσης
2284 752 2682 820 βασανιζόμενα
2711 750 2816 803 {me
2848 750 2955 803 τῶν
2994 751 3257 817 κυμάτων
3286 750 3426 817 πρὸς
3455 750 3559 802 τὸν

1979 843 2174 912 λιμένα
2208 844 2488 913 τρέχουσι,
2524 843 2605 914 μὴ
2636 844 2895 914 μείνωσιν
2930 842 3034 906 ἔξω
3066 841 3163 895 καὶ
3216 859 3555 896 καταποντι-

1984 935 2186 991 σθῶσιν
2218 936 2324 989 ὑπὸ
2354 936 2463 988 τῶν
2489 938 2750 1005 κυμάτων
2772 952 2828 987 τε
2856 924 2950 987 καὶ
2970 933 3064 987 τοῦ
3086 933 3374 997 κλύδωνος,
3403 932 3557 986 οὕτω

1980 1026 2076 1080 καὶ
2117 1027 2404 1097 ἐκκλησίαι
2434 1029 2606 1081 πᾶσαι
2641 1024 3106 1095 κλυδωνιζόμεναι
3141 1026 3291 1093 παρὰ
3322 1026 3433 1077 τῶν
3469 1026 3559 1079 al-

1984 1116 2190 1187 ρέσεων
2223 1117 2381 1188 δίκην
2435 1118 2723 1186 κυμάτων,
2754 1117 2894 1187 πρὸς
2943 1117 3036 1170 τὸν
3064 1117 3166 1186 τῆς
3202 1116 3422 1186 Ῥώμης
3446 1117 3557 1186 ἀρε

1980 1208 2191 1278 χιερέα,
2225 1209 2299 1271 ὡς
2334 1209 2470 1279 πρὸς
2521 1210 2717 1279 λιμένα
2756 1212 3043 1281 σωτήριον,
3082 1209 3389 1281 τρέχωσινο
3418 1211 3555 1263 ἔνθα

1980 1300 2224 1369 γαλήνην
2276 1303 2373 1354 καὶ
2423 1302 2662 1370 ἠρεμίαν
2709 1303 2892 1356 πᾶσαν
2919 1302 3269 1371 εὑρήσουσιν,
3290 1301 3408 1354 ἐκεῖ
3439 1302 3553 1369 γὰρ

1979 1393 2133 1447 ἔθετο
2162 1395 2395 1465 Χριστὸς
2425 1396 2524 1457 τὰς
2550 1396 2699 1458 κλεῖς
2734 1397 2833 1464 τῆς
2862 1394 3100 1458 πίστεως
3149 1396 3207 1446 ἐν
3242 1394 3438 1462 Πέτρῳ
3469 1392 3553 1460 τῷ

1978 1488 2283 1559 ἀποστὸλῳ,
2330 1489 2646 1557 ποιμαίνειν
2700 1491 2797 1542 καὶ
2829 1488 3103 1558 κυϐερνᾷν
3129 1488 3258 1556 ὃλην
3285 1487 3386 1555 τήν
3425 1488 3555 1539 Ἐκ-

1979 1580 2233 1650 κλησίαν,
2265 1584 2365 1635 οὐκ
2394 1581 2586 1653 ἐκείνῳ
2638 1583 2807 1652 μόνῳ,
2840 1580 2976 1635 ἀλλὰ
3016 1582 3113 1634 καὶ
3141 1583 3253 1643 τοῖς
3282 1580 3552 1648 διαδόχοις

1979 1673 2352 1740 αὖτοῦ.λέγων
2376 1674 2511 1745 πρδς
2534 1674 2713 1735 αὑτὸν,
2749 1692 2768 1724 ι
2797 1674 2903 1726 Καὶ
2933 1674 2996 1726 σύ
3027 1691 3154 1725 ποτε
3186 1674 3550 1740 ἐπιστραφετς

1979 1764 2230 1833 στήριξον
2287 1765 2412 1829 τοὺς
2463 1764 2725 1833 ἀδελφούς
2758 1781 2849 1817 σου
2875 1780 2889 1795 ·
2927 1782 2947 1815 ι
2981 1764 3119 1831 ὅπερ
3149 1764 3210 1816 ού
3236 1762 3316 1830 τῷ
3351 1762 3548 1831 Πέτρῳ

1982 1856 2129 1927 μόνῳ
2166 1856 2387 1926 συνέϐη,
2418 1856 2556 1911 ἀλλὰ
2610 1856 2704 1911 καὶ
2743 1858 2857 1918 τοῖς
2905 1855 3173 1924 διαδόχοις
3210 1852 3403 1908 αὑτοῦ.
3440 1853 3551 1906 A6-

1977 1952 2108 2002 τίκα
2138 1948 2247 2018 γάρ
2278 1948 2621 2017 Σύλϐεστρος
2664 1950 2693 2002 ὀ
2719 1949 2891 2016 μέγας
2925 1948 3114 2009 πάπας
3151 1945 3373 2014 Ῥώμης
3407 1945 3550 2015 μετὰ

1978 2039 2038 2093 τὸ
2097 2040 2384 2111 βάπτισμα
2433 2042 2871 2105 Κωνσταντίνου,
2923 2040 3023 2107 τὴν
3080 2038 3290 2105 αἵρεσιν
3332 2036 3553 2101 ’Δρείου

1981 2129 2313 2188 κατέλυσεν.
2338 2132 2447 2186 Καὶ
2475 2134 2531 2185 ἐν
2566 2135 2705 2202 αὐτῇ
2746 2131 2965 2194 Ἰούλιος
3000 2131 3093 2184 καὶ
3120 2128 3549 2200 ΛιϐἐριοςἊθαι

1981 2229 2167 2283 νάσιον
2192 2226 2551 2289 ἐϐεϐαίωσαν,
2590 2226 2688 2280 καὶ
2715 2227 2795 2288 είς
2829 2225 3239 2291 ⁹Αλεξάνὸρειαν
3284 2222 3546 2291 ἔπεμψαν

1985 2322 2093 2375 ὑπὸ
2121 2321 2228 2374 τῶν
2263 2320 2563 2389 Ἀρειανῶν
2612 2319 2964 2386 διωκόμενον.
3000 2316 3251 2383 Δάμασος
3281 2314 3337 2367 δὲ
3368 2317 3396 2367 ὀ
3439 2316 3549 2369 πά-

1984 2432 2092 2476 πας
2120 2413 2221 2483 τὴν
2242 2412 2456 2482 αἵρεσιν
2481 2411 2820 2466 Μακεδονίου
2849 2409 3186 2478 πατριάρχου
3208 2408 3361 2465 ϐντος
3386 2408 3549 2460 Κων-

1986 2503 2500 2567 σταντινουπόλεώς,
2537 2504 2616 2566 εἰς
2649 2503 2753 2571 γῆν
2788 2502 3183 2571 κατηδάφισεν.
3214 2501 3547 2563 Κελεσττνος

1984 2600 2010 2652 ὀ
2044 2597 2188 2659 θεῖος
2227 2597 2329 2668 τὴν
2359 2596 2454 2649 τοῦ
2502 2594 2799 2657 δυσσεϐοῦς
2850 2594 3150 2663 Νεστορίου
3185 2593 3423 2661 αἰρεσιν,
3456 2591 3556 2643 καὶ

1986 2690 2152 2743 αὖτοῦ
2194 2686 2821 2747 Κωνσταντινουπόλεως
2874 2686 3216 2755 πατριάρχου
3249 2684 3425 2745 ὄντος,
3462 2682 3557 2735 διὰ

1987 2780 2260 2849 Κυρίλλου
2293 2778 2387 2833 τοῦ
2420 2778 2686 2849 θεηγόρου
2720 2775 3030 2844 ἀφανισμοῦ
3061 2775 3365 2845 παρέδωκε.
3398 2773 3558 2827 Λέων

1988 2876 2017 2927 ὀ
2050 2872 2376 2941 άγιώτατος,
2407 2872 2507 2941 τὴν
2564 2869 2725 2923 ἄθεον
2757 2867 2853 2921 τοῦ
2887 2866 3162 2936 Εὑτυχοῦς
3198 2867 3295 2920 καὶ
3328 2864 3557 2918 Διοσκό-

1993 2986 2087 3038 ρου
2115 2968 2327 3034 αἵρεσιν
2358 2963 2705 3017 κατεδίκασε.
2740 2961 3012 3031 Μαρτῖνός
3044 2976 3103 3012 τε
3148 2960 3242 3012 καὶ
3281 2958 3553 3024 Ἀγάθων,

1985 3059 2190 3127 ταύτην
2213 3058 2322 3111 τῶν
2344 3055 2732 3122 Μονοθελητῶν
2759 3054 2854 3124 τὴν
2883 3052 3085 3122 μιαρὰν
3110 3050 3346 3121 αἵρεσιν.
3374 3049 3557 3115 λόγοις

1987 3155 2081 3206 καὶ
2108 3154 2291 3223 ἔργοις
2322 3149 2639 3205 κατέϐαλον.
2669 3147 2972 3217 Γρηγόριος
3003 3147 3031 3198 ὀ
3065 3145 3233 3214 μέγας
3266 3143 3550 3209 Διάλογος,

1986 3245 2082 3313 τὴν
2106 3244 2213 3297 τῶν
2243 3243 2629 3312 Είκονομάχων
2650 3238 2975 3294 δυσσέϐειαν
3000 3237 3301 3303 άναθέματι
3323 3237 3544 3290 καθυπο

1988 3337 2203 3389 έϐαλεν,
2277 3330 2413 3388 Εἶτα
2454 3332 2593 3402 μετᾶ
2628 3332 2729 3400 τὴν
2771 3331 3059 3401 παρακοὴν
3093 3331 3186 3383 καὶ
3239 3328 3301 3381 ea
3336 3328 3552 3397 σχίσμα

1988 3428 2256 3490 Νικόλαος
2302 3425 2517 3495 πρῶτος
2556 3424 2886 3494 σωματικῶς
2916 3424 2995 3485 είς
3033 3418 3559 3475 Κωνσταντινούπο-

1988 3522 2071 3574 λιν
2122 3516 2307 3590 ἦλθεν,
2340 3521 2396 3573 ἐν
2423 3519 2502 3587 τῷ
2537 3516 2718 3586 καιρῷ
2753 3514 2849 3567 τοῦ
2879 3515 3109 3577 Φωτίου,
3145 3511 3239 3565 τοῦ
3279 3508 3557 3573 θεραπεῦο

1990 3614 2170 3670 σαιτό
2206 3614 2413 3683 σχίσμα
2439 3628 2455 3645 ο
2485 3611 2545 3664 ὃν
2579 3610 2653 3684 μὴ
2710 3609 3019 3677 δεξάμενοι,
3069 3604 3359 3678 άφορισμῷ
3418 3603 3567 3674 παρ’

1990 3707 2154 3763 αὑτοῦ
2190 3704 2594 3774 ὑπεϐλήθησαν.
2645 3702 2805 3755 Μετὰ
2833 3701 2887 3754 δὲ
2942 3699 3153 3765 τοῦτον,
3186 3698 3247 3751 οὐ
3279 3697 3558 3750 διέλειπον

1991 3802 2039 3853 οἱ
2072 3795 2213 3851 κατὰ
2244 3796 2468 3865 καιροὺς
2502 3794 2662 3863 ἄκροι
2700 3792 2981 3862 ἀρχιερεῖς
3013 3787 3425 3849 ἐπιστέλλοντες
3457 3786 3557 3840 καὶ

1992 3891 2283 3953 καλοῦντες
2308 3889 2435 3952 τοὺς
2463 3886 2735 3958 Γραικοὺς
2766 3884 3095 3953 ἐπιστρέψαι
3127 3882 3222 3936 καὶ
3247 3879 3559 3935 ἐπακοῦσαι

1992 3984 2089 4053 τῆς
2125 3981 2472 4051 Ἐκκλησίας,
2508 3978 2614 4041 ἐως
2651 3977 2709 4031 οὗ
2769 3977 2988 4043 ἐγένετο
3042 3975 3258 4038 σύνοδος
3292 3975 3348 4027 ἐν
3376 3975 3559 4039 Λουγι

1992 4074 2183 4144 δούνῳ,
2208 4074 2275 4143 ἢν
2305 4074 2355 4126 οί
2382 4071 2605 4141 Γραικοὶ⁸
2630 4069 2820 4139 ὀγδόην
2842 4066 3131 4121 καλοῦσιν·
3158 4067 3238 4130 είς
3264 4065 3331 4136 ἦν
3357 4064 3560 4134 ἐξῆρχε

1994 4169 2181 4229 πάπας
2212 4166 2516 4236 Γρηγόριος
2536 4163 2779 4224 δέκατος,
2814 4160 2907 4212 καὶ
2933 4158 3242 4228 ἡνώθησαν,
3271 4159 3366 4210 καὶ
3392 4156 3560 4209 πάλιν

1997 4257 2311 4327 ἀπέστησαν
2336 4270 2349 4285 ⁸
2384 4256 2481 4309 καὶ
2531 4254 2696 4307 πάλιν
2729 4251 2991 4321 πρέσϐεις
3019 4253 3147 4313 τοὺς
3178 4249 3281 4319 τῆς
3323 4248 3562 4316 Ἐκκλη-

327 4343 422 4396 sie
454 4343 735 4397 catholicze
764 4348 1024 4412 prmsides
1047 4383 1062 4408 ,
1092 4363 1189 4407 eos
1225 4347 1291 4404 ad
1323 4347 1687 4406 obedientiam
1716 4362 1770 4409 et
1800 4370 1888 4424 pa-

1998 4352 2120 4413 σίας
2142 4347 2427 4418 ἐδέχοντο·
2463 4345 2559 4398 καὶ
2611 4343 3004 4412 συγκροτεῖται
3058 4340 3278 4403 σύνοδος
3315 4342 3373 4393 ἐν
3402 4340 3567 4392 Κων-

325 4450 442 4489 rem
472 4437 732 4491 excitare.
756 4439 825 4491 At
853 4439 926 4493 illi
958 4456 1093 4494 cum-
1116 4440 1283 4497 semel
1313 4441 1752 4509 obsurduissent,
1783 4461 1890 4500 non

324 4536 663 4595 paruerunt;
695 4539 971 4597 protracta
1007 4539 1092 4587 est
1129 4532 1296 4602 igitur
1333 4547 1422 4587 res
1451 4548 1627 4605 usque
1668 4535 1734 4589 ad
1770 4550 1894 4600 nos,

328 4618 751 4689 aspeximusque
781 4623 984 4679 nostris
1016 4624 1191 4681 oculis
1213 4664 1231 4691 ,
1264 4626 1409 4695 quod
1442 4625 1597 4679 multi
1640 4634 1763 4681 ante
1797 4642 1896 4684 nos

329 4708 655 4774 patriarchae
672 4720 727 4766 et
749 4728 901 4781 reges
924 4713 1111 4771 videre
1133 4724 1482 4786 exoptarunt,
1500 4731 1600 4773 nec
1624 4717 1894 4774 viderunt.

330 4796 440 4854 Nos
472 4815 600 4853 vero
634 4802 870 4857 vidimus
919 4803 1291 4860 beatissimum
1338 4805 1640 4876 Eugenium
1682 4806 1749 4861 ιν
1786 4807 1897 4863 Ro-

331 4911 502 4950 iranae
530 4894 788 4952 Ecclesia:
828 4900 1137 4967 pontificem
1171 4916 1443 4957 summum
1477 4911 1685 4974 quanto
1714 4906 1902 4961 studio

330 4986 383 5040 iu
420 4988 521 5041 hoc
554 4999 805 5043 sanctum
842 5004 979 5058 opus
1011 4990 1341 5059 incubuerit,
1374 4994 1689 5051 triremibus
1716 4997 1901 5052 missis

331 5089 386 5132 et
429 5081 737 5150 sumptibus
761 5123 776 5147 ,
812 5092 871 5137 ut
902 5083 1007 5140 hoc
1038 5099 1299 5156 magnum
1338 5086 1536 5143 vulnus
1570 5098 1896 5154 sanaretur;

334 5172 713 5243 celebrataque
745 5190 829 5230 εει
861 5179 1102 5248 synodus
1131 5178 1323 5250 ingens
1354 5187 1520 5250 atque
1558 5180 1899 5237 admirabilis

336 5260 601 5316 Ferrariae
640 5274 695 5317 et
736 5262 1057 5332 Florentiae,
1108 5266 1418 5339 insignibus
1465 5268 1633 5324 Italia:
1673 5271 1903 5325 urbibus

338 5368 534 5424 magna
557 5355 844 5412 doctorum
876 5368 931 5413 et
965 5361 1274 5430 sapientum
1309 5362 1550 5417 virorum
1576 5362 1902 5432 frequentia,

336 5454 391 5499 ct
415 5446 699 5519 theologia:
733 5448 962 5505 scientia
995 5466 1059 5507 ac
1089 5452 1290 5507 virtute
1318 5452 1637 5509 illustrium.
1665 5452 1903 5507 Tandem

338 5537 616 5593 decretum
663 5542 932 5597 sancitum
968 5551 1053 5598 est
1082 5546 1228 5598 omni
1278 5544 1543 5614 sapientia
1585 5553 1639 5601 et
1676 5545 1904 5600 veritate

338 5628 736 5698 conspicuum,
768 5637 913 5703 quod
950 5635 1149 5703 ubique
1193 5648 1274 5691 est
1308 5638 1705 5708 promulgatum
1743 5648 1795 5692 et
1835 5639 1899 5690 ah

343 5723 597 5779 Manibus
624 5727 870 5795 gentibus
904 5740 1197 5796 receptum.
1250 5730 1422 5785 Caeci
1460 5747 1619 5796 vero,
1655 5741 1705 5785 et
1735 5748 1795 5787 ex
1836 5732 1900 5785 iis

1997 4439 2465 4500 σταντινουπόλει,
2506 4437 2644 4506 μετὰ
2703 4436 2954 4506 λεγάτων
3009 4433 3104 4489 τοῦ
3165 4432 3347 4491 πάπα.
3376 4432 3434 4484 ἐν
3483 4430 3563 4500 τῷ

1995 4532 2174 4603 καιρῷ
2212 4532 2457 4588 Ἰωάννου
2494 4531 2670 4585 Βέκου
2729 4530 3071 4601 πατριάρχου
3109 4529 3564 4583 Κωνσττιντινου⁴

1996 4625 2209 4689 πόλεως
2231 4639 2247 4655 ·
2282 4624 2376 4677 καὶ
2402 4622 2695 4694 ήνώθησαν
2727 4622 2826 4692 μὲν
2865 4622 3002 4690 πρὸς
3035 4621 3235 4689 ὀλίγον,
3285 4617 3566 4682 δείξαντες

1998 4718 2250 4787 ὑπακοὴν
2302 4716 2396 4770 καὶ
2431 4716 2678 4786 εἰρήνηνο
2715 4715 2855 4784 μετὰ
2885 4714 2943 4767 δὲ
2974 4712 3168 4779 ταῦτα,
3222 4710 3386 4765 πάλιν
3426 4710 3568 4780 πρὸς

1997 4809 2090 4863 τὸν
2138 4809 2272 4863 ἴδιον
2332 4809 2424 4862 καὶ
2480 4807 2697 4874 πρῶτον
2750 4807 3108 4877 ἐστράφησαν
3144 4802 3362 4874 ἐμετὸν.
3396 4801 3568 4855 Ἀλλὰ

1999 4902 2099 4955 καὶ
2129 4897 2288 4963 αὖθις
2313 4901 2416 4954 οὐκ
2453 4898 2746 4967 ἀπέκαμον
2774 4898 2824 4951 οι
2867 4899 2967 4966 τῆς
3003 4895 3297 4964 καθολικῆς
3335 4892 3573 4961 Ἐκκλη-

2003 4994 2126 5056 σίας
2165 4990 2577 5061 προϊστάμενοι,
2604 4980 2897 5057 διεγείρειν
2931 4989 3127 5051 αὐτοὺς
3149 4984 3287 5056 πρὸς
3318 4985 3574 5054 ὑπακοὴν

2002 5086 2100 5139 και
2135 5085 2383 5153 είρήνην.
2434 5084 2600 5136 Δύτοὶ
2641 5080 2698 5134 δέ
2744 5080 2891 5145 ἅπαξ
2944 5079 3422 5149 ἐκκεκωφηκότες,
3466 5077 3575 5131 οὐκ

2001 5177 2224 5248 ἤκουον.
2256 5174 2535 5245 Ἔφθασεν
2562 5169 2656 5228 οὖν
2701 5173 2762 5227 τὸ
2823 5174 3058 5243 πρᾶγμα
3105 5172 3199 5225 καὶ
3251 5172 3358 5233 ἕως
3390 5170 3576 5241 ἡμῶν.

2003 5268 2115 5322 Καὶ
2141 5267 2356 5337 εἴδομεν
2385 5267 2499 5329 τοῖς
2528 5265 2820 5336 ἡμετέροις
2849 5263 3169 5333 ὀφθαλμοῖς,
3192 5262 3221 5315 ὃ
3246 5261 3431 5314 πολλοὶ
3460 5261 3585 5314 τῶν

2007 5359 2113 5431 πρὸ
2151 5358 2330 5429 ἡμῶν,
2363 5358 2458 5411 καὶ
2490 5358 2826 5429 πατριάρχαι
2858 5358 2954 5411 καὶ
3008 5355 3248 5424 βασιλεῖς
3295 5351 3581 5423 ἐπεθύμη-

2008 5467 2107 5505 σαν
2144 5450 2296 5515 ίδεϊν,
2324 5449 2422 5503 καὶ
2448 5449 2550 5502 οὐκ
2579 5444 2744 5502 εἶδον.
2790 5447 2982 5517 Ἡμεῖς
3010 5447 3056 5501 δ’
3095 5446 3313 5516 εἴδομεν
3348 5444 3439 5498 τὸν
3468 5461 3575 5515 μα.

2012 5542 2358 5612 καριώτατον
2425 5542 2688 5611 Εὒγένιον
2752 5542 3044 5612 τέταρτον,
3098 5538 3197 5607 τῆς
3259 5534 3589 5605 Ῥωμαῖκῆς

2023 5634 2352 5703 Ἐκκλησίας
2403 5633 2573 5703 ἄκρον
2631 5632 2917 5705 ἀρχιερέα,
2954 5633 3129 5700 πόσην
3165 5629 3403 5699 σπουδὴν
3438 5642 3579 5695 προ-

2012 5727 2371 5784 κατ;6άλλετο
2403 5727 2487 5781 διὰ
2520 5727 2577 5780 τὸ
2604 5727 2758 5795 ἅγιον
2791 5726 2947 5797 ἔργον
2982 5723 3137 5777 τοῦτο
3162 5737 3176 5753 ·
3213 5724 3304 5776 καὶ
3330 5721 3579 5790 τριήρεις
