3966 6198
399 325 542 389 ιιττ

1110 323 1262 383 Ριιο
1299 323 1510 383 CONC.
1553 322 1922 384 FLORENT.
1952 321 1983 382 C

2088 328 2115 382 '.
2146 323 2216 385 ν.
2257 322 2354 381 DE
2390 323 2740 385 PRIMATU
2768 323 3000 384 ΡΛΡιΕ.

3491 326 3635 393 1378

404 442 497 493 καὶ
539 438 866 505 ἀναλώματα
902 436 1170 508 ἔπεμψεν,
1199 438 1285 489 ἵνα
1315 438 1376 489 τὸ
1408 436 1630 507 τραῦμα
1657 437 1974 508 θεραπεύσῃ

2088 437 2171 506 qui
2203 437 2404 507 pejoris
2433 448 2560 493 sunt
2589 438 2949 499 conditionis,
2986 436 3237 506 vulgares
3283 438 3500 507 quidam
3546 443 3646 496 ho-

404 534 465 584 τὸ
495 530 638 598 μέγα
696 531 880 582 τουτί’
916 532 1014 583 καὶ
1068 530 1286 591 σύνοδος
1321 530 1563 597 ἐγεγόνει
1604 531 1661 582 ὲν
1694 529 1973 601 Φερραρίᾳ

406 622 497 674 καὶ
524 619 831 691 Φλωρεντίᾳ
860 618 1159 685 ἀξιολόγοις
1192 619 1302 672 τῶν
1343 618 1572 681 Ἰταλίας
1608 619 1841 684 πόλεων,
1872 636 1974 687 με·

403 713 542 784 γάλη
577 714 668 766 καὶ
701 713 990 782 θαυμαστή
1014 727 1029 741 ο
1057 712 1273 780 λογίους
1304 712 1503 782 ἔχουσα
1539 714 1631 765 καλ.
1660 714 1859 779 σοφοὺς
1882 713 1975 765 ἇν-

404 805 555 874 δρας,
594 803 843 871 θεολογίᾳ
894 804 1348 874 κεκοσμημένους
1386 806 1480 856 καὶ
1532 804 1746 874 ἀρετῇ·
1783 805 1874 856 καὶ
1907 803 1971 873 δὴ

402 896 756 958 τελευτῶντες
807 897 1094 950 συνέθεντο
1145 898 1238 949 τὸν
1267 898 1413 971 ,ὅρον
1476 896 1638 967 σοφίᾳ
1689 896 1839 966 πάσῃ
1872 898 1970 948 καὶ

406 986 632 1057 ἀληθείᾳ
661 987 1039 1057 διαλάμποντα
1058 1006 1073 1021 ο
1103 988 1160 1051 ὃς
1200 988 1481 1059 ἐκηρύχθη
1542 989 1641 1059 μὲν
1671 988 1972 1058 πανταχοῦ,

406 1078 501 1132 καὶ
536 1080 714 1133 πάντα
746 1080 815 1133 τὰ
872 1080 1003 1151 γένη
1037 1080 1227 1135 τοῦτον
1275 1081 1522 1146 ἐδέξαντο
1544 1098 1557 1111 ·
1621 1082 1844 1152 Γραικοὶ
1897 1081 1973 1143 δὲ,

405 1172 502 1225 καὶ
534 1171 738 1225 τούτων
768 1173 814 1224 οἱ
844 1172 1087 1242 χείρονες
1119 1176 1212 1226 καὶ
1241 1173 1448 1227 ίδιῶται
1476 1174 1571 1226 καὶ
1599 1173 1851 1241 ἀμαθεῖς,
1885 1173 1975 1227 ἀν-

403 1264 678 1332 τιλέγουσι
708 1265 884 1335 τούτῳ
906 1281 918 1295 °
949 1266 997 1319 εί
1026 1266 1079 1319 δὲ
1118 1267 1215 1320 καί
1248 1283 1331 1321 τις
1368 1267 1596 1333 μέτοχος
1630 1264 1790 1331 λόγου
1821 1265 1972 1317 ἀντι-

404 1356 553 1423 λέγει
584 1356 659 1426 τῷ
690 1359 821 1428 ὅρῳ,
849 1359 949 1411 οὐκ
976 1360 1083 1411 ἀπὸ
1121 1360 1338 1427 σοφίας,
1371 1358 1484 1411 ἀλλ’
1516 1359 1624 1410 ἀπὸ
1655 1358 1853 1419 κακίας
1881 1357 1975 1410 καὶ

405 1447 657 1517 ψευδοῦς,
691 1453 783 1503 καὶ
806 1450 1043 1520 ματαίας
1078 1451 1426 1520 προλήψεως,
1464 1451 1559 1502 καὶ
1606 1450 1765 1518 κενῆς
1795 1447 1972 1517 δόξης,

404 1542 471 1612 ἢν
528 1542 777 1610 βούλεται
843 1542 1193 1613 καρποῦσθαι
1247 1544 1398 1613 παρὰ
1455 1543 1555 1611 τῆς
1612 1542 1839 1608 ἀλογίας
1878 1540 1973 1592 τοῦ

2083 530 2253 584 mines
2282 540 2337 584 ct
2373 530 2571 584 indocti
2608 530 2733 584 huic
2765 530 3183 597 contradicunt;
3220 546 3283 587 ac
3316 531 3362 586 si
3403 532 3524 601 quis
3557 550 3647 588 ra-

2083 622 2250 677 tionis
2282 622 2555 692 particeps
2582 623 2800 677 (lecreto
2831 625 3179 685 contradicit,
3220 624 3268 677 id
3303 640 3408 677 non
3441 640 3472 678 a
3545 626 3646 681 do-

2082 713 2262 768 ctrina
2288 713 2674 783 proﬁciscitur,
2704 714 2797 768 sed
2817 715 2887 769 ab
2919 714 3081 768 animi
3118 716 3399 783 pravitate,
3436 717 3567 772 falsa
3597 727 3651 771 et

2081 806 2246 859 stulta
2281 806 2705 873 praesumptiOne
2729 816 2783 860 et
2811 806 2983 875 gloria
3013 808 3184 873 inani,
3210 823 3378 876 quam
3404 824 3470 863 ex
3498 809 3650 878 vulgi

2080 895 2348 963 imperitia
2398 906 2759 966 aucupantur.
2808 898 2960 963 Quod
3010 898 3231 967 quidem
3273 898 3552 952 decretum
3596 907 3651 953 et

2079 1003 2175 1041 nos
2212 988 2265 1042 in
2304 1003 2498 1044 manus
2544 1000 2822 1045 sumentes
2867 991 3194 1061 perlegimus
3244 992 3392 1045 omni
3426 992 3648 1053 studio.

2074 1079 2244 1147 idque
2278 1088 2390 1135 toto
2420 1096 2482 1134 ex
2512 1082 2696 1135 animo
2732 1098 2920 1136 verum
2957 1098 3080 1139 esse
3110 1084 3416 1145 credentes,
3449 1084 3651 1138 adora-

2077 1171 2257 1226 vimus
2284 1183 2450 1242 atque
2475 1173 2769 1242 amplexati
2795 1190 3023 1237 sumus;
3059 1176 3204 1230 unde
3234 1175 3651 1231 subministrata

2074 1273 2165 1318 est
2188 1264 2345 1319 nobis
2370 1266 2593 1319 materia
2628 1268 2993 1336 respondendi
3021 1269 3261 1338 quinque
3284 1267 3531 1323 articulis
3558 1267 3651 1337 qni

2084 1356 2136 1408 in
2187 1371 2254 1410 eo
2298 1356 2694 1422 continentur,
2741 1374 2974 1428 quorum
3014 1370 3292 1415 extremus
3341 1360 3431 1415 hic
3468 1368 3552 1413 est
3586 1360 3651 1412 de

2080 1464 2232 1518 papae
2261 1450 2494 1517 primatu
2520 1490 2535 1514 ,
2569 1466 2728 1520 quem
2760 1468 2920 1506 nemo
2951 1452 3149 1508 mentis
3184 1468 3409 1522 compos
3447 1451 3652 1522 poterit

2084 1555 2403 1608 pernegare.

402 1634 666 1704 πλήθους,
697 1626 868 1686 ταῦτα
919 1633 1088 1701 λέγει.
1116 1633 1340 1687 "Ovum
1370 1636 1495 1704 ὅρον
1527 1637 1621 1689 καὶ
1673 1636 1836 1704 ἡμεῖς
1867 1634 1972 1684 avi
2015 1633 2202 1701 χεῖρας
2229 1631 2487 1694 λαϐόντες
2511 1632 2801 1703 διήλθομεν
2827 1636 2990 1687 παντί
3023 1634 3233 1687 σθένει·
3301 1635 3395 1687 καὶ
3460 1634 3649 1689 τοῦτον

405 1728 468 1780 ὲκ
502 1728 673 1796 μέσης
702 1729 880 1799 ψυχῆς
935 1726 1331 1791 πιστεύσαντες
1414 1727 1588 1797 ἀληθῆ
1665 1723 1828 1791 εἶναι,
1896 1725 2394 1793 προσεκυνήσαμεν
2442 1726 2536 1778 καὶ
2587 1728 3093 1797 κατησπασάμεθα.
3137 1727 3228 1792 Ἐξ
3282 1723 3344 1783 οὗ
3393 1728 3651 1811 λαϐόντες

405 1823 505 1881 τὰς
528 1822 803 1890 ἀφορμὰς,
834 1824 941 1875 τῶν
976 1823 1136 1877 πέντε
1170 1822 1388 1892 ἄρθρων
1436 1820 1602 1875 αὐτοῦ
1671 1816 2278 1887 ὐπεραπολογούμεθαο
2348 1812 2423 1873 ὧν
2473 1818 2534 1871 τὸ
2582 1820 2898 1875 τελευταῖόν
2959 1823 3079 1875 ἐστι
3127 1822 3286 1875 τοῦτο
3345 1823 3477 1890 περὶ
3538 1823 3643 1890 τῆς

406 1914 578 1984 ἀρχῆς
610 1915 703 1967 τοῦ
737 1916 911 1970 Nini.
948 1920 1011 1971 Ὃ
1042 1918 1104 1972 οὐ
1156 1917 1447 1987 δυνήσεταί
1482 1933 1563 1977 τις
1617 1911 1964 1983 ἀρνήσασθαι
2006 1910 2133 1963 νοῦν
2161 1911 2322 1981 ἔχων,

1110 2016 1245 2080 JC’.

490 2102 628 2158 ’AD'
661 2106 760 2157 οῦκ
785 2106 961 2174 ὀρθῶς
988 2109 1193 2174 φρονεῖ,
1226 2106 1389 2173 φασίν
1415 2124 1429 2138 ο
1462 2107 1613 2175 παρά
1641 2106 1749 2176 γὰρ
1776 2107 1843 2159 τὰ
1866 2106 1975 2158 τῶν

410 2195 605 2249 κοινῶν
632 2197 889 2262 Πατέρων
914 2197 1005 2250 καὶ
1036 2198 1374 2251 διδασκάλων
1404 2198 1564 2261 αὐτὸς
1594 2199 1977 2267 ἐδογμάτισεν.

413 2284 473 2342 Ei
508 2285 600 2340 οὖν
642 2290 848 2352 ἐκεῖνος
906 2292 932 2341 6
984 2289 1126 2352 θεῖος
1159 2291 1347 2359 θρόνος
1400 2292 1499 2343 οὐκ
1542 2291 1716 2360 ὀρθῶς
1768 2292 1977 2361 φρονεῖ,

407 2378 660 2447 ψεύδεται
706 2382 731 2433 6
768 2380 1023 2449 Χριστὸς.
1079 2382 1289 2432 εἰπών’
1368 2400 1387 2432 ι
1438 2382 1498 2436 '0
1537 2382 1770 2452 ὀὐρανὸς
1819 2383 1911 2434 καὶ
1945 2384 1978 2450 ἡ

400 2467 481 2537 γῆ
524 2468 916 2537 παρελεύσεται
938 2485 952 2499 ·
980 2471 1029 2522 οἱ
1060 2470 1117 2523 δὲ
1150 2471 1301 2537 λόγοι
1353 2488 1454 2539 μου
1490 2473 1550 2524 ού
1584 2474 1659 2542 μὴ
1690 2471 1981 2540 παρέλθω-

411 2577 531 2613 σιν·
565 2544 788 2625 νκαύΐς
845 2562 953 2631 γὰρ
1014 2564 1150 2631 αὐτῇ
1212 2564 1580 2631 ἐπηγγείλατο
1634 2564 1752 2633 μετ’
1808 2566 1982 2633 αὐτῆς

411 2646 573 2717 εἶναι,
613 2657 705 2707 καί
759 2655 932 2717 πύλας
968 2656 1059 2708 τοῦ
1094 2654 1219 2728 ᾇδου
1258 2659 1315 2708 οῦ
1374 2659 1730 2727 κατισχύσειν
1782 2660 1977 2728 αὐτῆς.

410 2750 520 2811 Διὸ,
562 2750 649 2801 ἵνα
710 2750 785 2818 μὴ
838 2750 928 2801 τδν
965 2748 1201 2817 Χριστδν
1226 2750 1465 2818 ψεύστην
1503 2753 1790 2820 φήσωμεν,
1837 2754 1977 2823 ὅπερ

414 2840 733 2909 βλάσφημόν
763 2845 879 2892 ἐστι
932 2839 1024 2890 καὶ
1058 2840 1218 2907 μόνον
1252 2840 1595 2909 ὲννοηθῆναι,
1627 2841 1841 2910 ἀπλανῆ
1878 2842 1977 2908 τὴν

411 2930 504 2983 τοῦ
563 2929 698 2983 Θεοῦ
758 2929 990 2999 λέγομεν
1042 2929 1409 2998 Ἐκκλησίαν·
1466 2930 1761 2982 καὶτοῦτο
1819 2931 1980 2983 πάλιν

414 3024 757 3091 μαρτυρήσει
813 3021 975 3083 αὐτὸς
1027 3023 1054 3073 6
1108 3020 1402 3087 Στουδίτης
1454 3019 1780 3090 Θεόδωρος,
1844 3023 1979 3091 πρὸς

411 3113 632 3183 Μιχαὴλ
690 3114 1020 3167 ἐπιστέλλων
1080 3114 1171 3166 τὸν
1232 3112 1483 3181 βασιλέα,
1523 3114 1631 3164 ἀπὸ
1684 3112 1978 3181 προσώπου

414 3209 633 3260 πάντων
664 3205 773 3257 τῶν
801 3205 1145 3274 ἡγουμένων,
1179 3205 1277 3255 ὡδί
1297 3219 1312 3235 ·
1353 3222 1372 3254 ι
1421 3205 1612 3270 Ἡμεῖς
1638 3207 1731 3256 ἐπὶ
1762 3207 1823 3257 τὸ
1849 3207 1982 3258 αὐτὸ

416 3297 837 3364 συνεληλυθότες
876 3296 1017 3347 κατὰ
1048 3295 1301 3347 κέλευσιν
1332 3295 1429 3361 τῆς
1460 3295 1788 3347 θεοστέπτου
1827 3296 1981 3363 ὑμῶν

415 3388 710 3458 βασιλείας.
762 3387 1033 3453 ἐλάχιστοι
1083 3385 1373 3439 ἐπίσκοποι
1440 3386 1534 3437 καὶ
1581 3386 1914 3454 ἡγούμενον
1956 3405 1976 3437 ι

412 3480 506 3531 καὶ
564 3476 684 3547 μετ’
738 3476 895 3545 ὀλίγα
960 3476 1165 3547 φησίν’
1207 3494 1225 3527 ι
1259 3475 1632 3544 Διελυσὰμεθα
1692 3477 1871 3529 πάντα
1914 3477 1983 3530 τὰ

416 3571 544 3640 ὑμῖν
583 3568 940 3638 ἀπορούμενα
969 3587 982 3599 ·
1013 3569 1062 3621 εί
1102 3567 1158 3621 δέ
1186 3585 1238 3621 τι
1293 3568 1775 3637 ἀμφιϐαλλόμενον
1800 3570 1831 3638 ἢ
1857 3570 1984 3621 ἁπι-

413 3663 714 3731 στούμενον
748 3665 814 3731 τῇ
851 3661 972 3732 θείᾳ
1025 3662 1180 3732 ὺμῶν
1215 3663 1543 3734 μεγαλονοίᾳ
1578 3664 1744 3728 δοκεῖ,
1777 3665 1987 3717 διαλύε-

420 3756 544 3809 σθαι
578 3756 727 3825 παρὰ
755 3754 851 3808 τοῦ
901 3757 1208 3825 ἀρχιερέως
1240 3755 1481 3818 εὐσεϐῶς
1507 3773 1522 3789 ·
1558 3759 1591 3827 ἡ
1646 3758 1857 3828 μεγάλη
1891 3760 1987 3811 καὶ

415 3843 808 3914 θεοστήρικτος
837 3845 1007 3913 αὐτῆς
1034 3845 1175 3914 χεὶρ,
1208 3846 1279 3905 ὡς
1309 3846 1688 3915 ζηλοτυποῦσα
1714 3850 1780 3900 τὰ
1805 3850 1985 3902 πάντα

419 3936 503 3988 ἐπ’
533 3936 769 4008 ὠφελείᾳ
798 3936 890 3989 τοῦ
923 3939 1144 4002 παντὸς,
1174 3938 1488 3991 κελευσάτω
1517 3940 1665 4008 παρὰ
1690 3939 1789 4009 τῆς
1816 3958 1986 4007 πρεσ-

419 4029 653 4099 ϐυτέρας
687 4028 906 4100 Ῥώμης
932 4028 1193 4094 δέξασθαι
1227 4033 1323 4100 τὴν
1347 4030 1684 4100 διασὰφησιν
1702 4048 1716 4063 ο
1749 4032 1823 4095 ὼς
1850 4035 1987 4086 ἄνω-

418 4120 513 4174 θεν
563 4124 655 4174 καὶ
685 4121 742 4187 ἒξ
772 4122 963 4192 ἀρχῆς,
1002 4122 1505 4192 πατροπαραδότως
1539 4123 1788 4190 ἐξεδόθη·
1823 4124 1983 4192 α’ύτη,

421 4214 822 4289 χριστομίμητε
853 4214 1101 4285 βασιλεῦ,
1128 4215 1161 4284 ἠ
1192 4215 1604 4286 κορυφαιοτᾶτη
1632 4217 1989 4289 τῶνἙκκλη-

423 4311 555 4363 σιῶν
588 4309 682 4361 τοῦ
712 4306 869 4371 Θεοῦ,
895 4301 962 4378 ἦς
995 4308 1197 4377 Πέτρος
1239 4308 1618 4379 πρωτόθρονος
1642 4327 1657 4340 ο
1698 4312 1834 4380 πρὸς
1868 4311 1926 4363 ὃν
1956 4314 1985 4365 6

424 4400 626 4469 Κύριός
649 4417 785 4469 φησι
807 4414 823 4432 ⁸
862 4419 877 4450 ι
914 4400 983 4453 Σὺ
1013 4397 1061 4452 εἷ
1095 4400 1318 4469 Πέτρος,
1358 4403 1448 4453 καὶ
1479 4403 1572 4455 ἐπὶ
1597 4403 1772 4476 ταύτῃ
1800 4408 1864 4475 τῇ
1892 4405 1990 4457 πέ-

426 4509 531 4563 τρᾳ
583 4492 925 4562 οἰκοδομήσω
973 4509 1073 4560 μου
1127 4491 1228 4561 τὴν
1260 4492 1612 4562 Ἐκκλησίαν,
1668 4498 1762 4549 καὶ
1820 4498 1987 4551 πύλαι

422 4587 548 4658 ᾅδου
565 4586 625 4639 οὐ
651 4584 1075 4655 κατισχύσουσιν
1095 4585 1319 4655 αὐτῆς.»
1350 4588 1458 4641 Καὶ
1492 4588 1655 4641 πάλιν
1684 4590 1712 4642 6
1740 4591 1903 4652 αὐτὸς
1932 4595 1989 4646 ὲν

2154 2103 2221 2157 At
2259 2120 2365 2157 non
2400 2114 2548 2160 recte
2573 2106 2767 2171 sentit,
2808 2108 3083 2175 inquiunt,
3115 2106 3243 2174 quia
3277 2117 3473 2173 pra-ter
3506 2121 3655 2161 cont-

2082 2210 2277 2249 munes
2316 2194 2537 2251 Patrum
2570 2207 2623 2251 et
2655 2198 2937 2252 ductorum
2980 2199 3280 2252 sententias
3316 2214 3378 2251 ea
3415 2199 3677 2266 perscri-_

2082 2285 2211 2354 psit.
2249 2285 2305 2339 Si
2352 2302 2484 2356 ergo
2532 2287 2621 2341 illa
2670 2288 2853 2341 divina
2892 2292 3052 2342 sedes
3104 2303 3210 2341 non
3263 2298 3407 2343 recte
3448 2288 3653 2355 sentit,

2086 2380 2345 2432 mentitur
2392 2379 2644 2432 Christus
2694 2396 2814 2433 cum
2862 2381 2996 2433 dicit
3043 2397 3057 2437 :
3101 2399 3118 2431 ι
3160 2380 3365 2434 leum
3407 2390 3460 2435 ct
3506 2392 3650 2435 terra

2086 2470 2415 2529 transibunt.
2440 2472 2599 2524 verba
2622 2486 2805 2524 autem
2835 2487 2952 2525 mea
2980 2487 3255 2541 nunquam
3279 2473 3647 2537 transibuntp

2080 2562 2131 2616 is
2175 2563 2320 2615 enim
2367 2563 2622 2617 Ecclesia:
2672 2564 2941 2632 pollicitus
2973 2575 3055 2618 est
3087 2580 3145 2618 se
3186 2580 3308 2618 cum
3340 2581 3401 2618 ea
3447 2564 3564 2618 fore
3602 2576 3659 2617 et

2084 2665 2263 2722 portas
2300 2655 2457 2708 inferi
2504 2671 2610 2708 non
2654 2656 3030 2724 prmvalituras
3064 2656 3325 2711 adversus
3356 2673 3497 2711 eam.
3532 2656 3656 2711 Ideo

2083 2763 2151 2799 ne
2180 2745 2458 2800 Christum
2492 2748 2803 2802 mendacem
2833 2748 3129 2804 efﬁciamus
3161 2748 3326 2819 (quod
3362 2751 3406 2803 si
3440 2751 3524 2805 vel
3562 2765 3658 2804 co-

2084 2837 2281 2905 gitetur
2314 2836 2515 2901 solum,
2544 2848 2627 2892 est
2661 2837 3021 2907 blasphemia)
3058 2839 3387 2893 inerrantem
3425 2841 3514 2893 Dei
3552 2839 3655 2895 Ec-

2081 2930 2302 2984 clesiam
2336 2944 2457 2982 esse
2486 2929 2737 2984 dicimus.
2766 2931 2940 2995 Quam
2975 2945 3086 2983 rem
3125 2931 3505 2986 testiﬁcabitur
3538 2949 3659 2985 rur-

2084 3036 2180 3075 sus
2222 3022 2337 3090 ipse
2375 3019 2697 3075 Theodorus
2732 3021 2976 3077 Studites
3021 3025 3085 3074 ad
3124 3023 3445 3078 Michaelem
3480 3025 3658 3094 impe-

2084 3125 2320 3169 ratorem
2354 3114 2598 3170 scribens
2618 3130 2683 3169 ex
2710 3130 2938 3184 persona
2962 3117 3207 3170 omnium
3237 3120 3653 3188 praepositorum

2087 3207 2190 3259 hoc
2220 3218 2374 3273 pacto
2405 3223 2417 3258 :
2457 3223 2476 3256 ι
2507 3205 2642 3259 Cum
2672 3220 2771 3260 nos
2799 3208 2850 3259 in
2885 3223 3051 3261 unum
3082 3210 3532 3264 convenissemus
3568 3228 3658 3263 vo-

2092 3297 2347 3350 nerabilis
2384 3297 2594 3366 imperii
2627 3298 2792 3350 vestri
2828 3297 3027 3365 jussu,
3068 3300 3278 3353 minimi
3321 3301 3560 3370 episcopi
3599 3312 3660 3357 et

2090 3385 2389 3453 praepositi,
2423 3403 2442 3435 ι
2472 3395 2593 3454 post
2616 3400 2789 3455 pauca
2826 3386 2956 3440 dicit
2983 3404 2999 3445 ι
3029 3386 3138 3442 Nos
3165 3389 3426 3445 diluimus
3463 3407 3659 3447 omnes

2085 3477 2451 3532 dubitationes
2485 3486 2721 3532 vestras.
2760 3475 2815 3530 Si
2851 3492 2979 3533 vero
3026 3478 3229 3548 aliquid
3286 3481 3534 3535 dubitare
3570 3479 3655 3537 vel

2088 3584 2193 3623 non
2242 3572 2464 3625 credere
2506 3570 2725 3625 videtur
2772 3579 2951 3625 vestra
2998 3571 3179 3626 divina
3215 3575 3611 3643 magniﬁcentia
3640 3617 3655 3642 ,

2086 3664 2207 3729 ejus
2241 3662 2316 3715 rei
2351 3664 2647 3731 explicatio
2686 3679 2715 3718 a
2757 3663 3013 3734 pontiﬁce
3052 3668 3139 3735 pie
3176 3676 3261 3721 est
3309 3669 3653 3735 postulanda.

2086 3754 2275 3824 Magna
2309 3764 2362 3808 et
2395 3770 2423 3808 a
2459 3755 2564 3809 Deo
2598 3757 2809 3810 firmata
2842 3770 3035 3810 manus
3068 3766 3271 3819 vestra,
3336 3767 3396 3810 ut
3430 3759 3657 3826 publica:

2089 3848 2282 3917 cupida
2320 3848 2568 3902 utilitatis
2594 3887 2611 3913 ,
2642 3849 2829 3918 iubeat
2864 3864 2893 3903 a
2931 3849 3098 3904 veteri
3133 3847 3301 3903 Roma
3337 3864 3529 3919 capere
3563 3850 3658 3905 de-

2088 3938 2443 3992 cierationem
2472 3977 2487 4002 ,
2530 3946 2586 3989 ut
2618 3953 2645 3989 a
2696 3930 2973 4007 principio
2994 3953 3024 3993 a
3056 3940 3302 4007 patribus
3334 3939 3539 3994 nostris
3572 3949 3657 3995 est

2090 4032 2374 4085 traditum.
2416 4031 2489 4083 Ea
2519 4068 2534 4095 ,
2572 4045 2604 4081 ο
2635 4030 2842 4085 Christi
2873 4030 3112 4084 imitator
3141 4031 3438 4101 imperator
3462 4073 3477 4097 ,
3517 4033 3660 4087 inter

2088 4136 2278 4175 omnes
2314 4122 2590 4177 Ecclesias
2629 4121 2722 4174 Dei
2764 4135 3037 4175 summum
3072 4129 3126 4175 et
3162 4137 3477 4191 supremum
3508 4125 3656 4179 obti-

2090 4223 2183 4268 net
2211 4213 2409 4275 locum,
2442 4212 2600 4281 cujus
2632 4209 2827 4265 Petrus
2855 4210 3032 4265 tenuit
3069 4212 3300 4279 primam
3343 4216 3549 4280 sedem,
3588 4215 3658 4269 ad

2090 4318 2249 4373 quem
2279 4302 2409 4358 dicit
2436 4303 2697 4357 Dominus
2737 4321 2751 4357 :
2785 4319 2804 4354 ι
2834 4302 2912 4356 Tu
2942 4317 2999 4358 es
3024 4303 3218 4358 Petrus
3243 4314 3298 4359 et
3329 4320 3492 4373 super
3519 4305 3659 4361 hanc

2093 4402 2302 4464 petram
2337 4392 2619 4448 aediﬁcabo
2651 4391 2952 4448 Ecclesiam
2986 4409 3187 4457 meam,
3217 4402 3268 4448 et
3302 4406 3468 4464 portae
3498 4397 3657 4451 inferi

2093 4502 2198 4540 non
2236 4486 2605 4556 praevalebunt
2640 4485 2904 4541 adversus
2932 4502 3072 4541 eam.
3112 4505 3130 4538 ι
3176 4488 3239 4541 Et
3282 4489 3475 4542 iterum
3516 4490 3657 4544 idem

2095 4579 2148 4633 in
2186 4578 2290 4632 alia
2337 4578 2563 4648 epistola
2612 4578 2676 4631 ad
2720 4578 3096 4644 Naucratium,
3137 4580 3293 4647 cujus
3331 4579 3659 4649 principium

424 4680 588 4750 ἑτέρᾳ
614 4677 872 4746 ἐπιστολῇ
905 4677 1042 4746 πρὸς
1080 4675 1450 4746 Ναυκράτιον,
1484 4675 1551 4751 ἧς
1582 4682 1614 4751 ἡ
1648 4682 1791 4751 ἀρχή
1823 4700 1834 4712 ·
1880 4685 1983 4736 «οὺ

2091 4677 2214 4732 est,
2268 4666 2383 4721 Non
2420 4667 2729 4737 implebitur
2794 4668 2943 4721 auris
2985 4683 3100 4721 mea
3152 4683 3181 4722 a
3242 4671 3464 4726 vocibus
3506 4674 3661 4725 audi-

426 4768 799 4837 πλησθήσεται
853 4767 916 4818 τὸ
971 4766 1065 4828 οὖς
1099 4782 1202 4834 μου
1236 4766 1344 4819 ἀπὸ
1368 4767 1559 4835 φωνῶν
1592 4770 1927 4840 ἀκροάσεως,
1967 4792 1986 4825 ι

429 4858 563 4929 φησι
584 4873 596 4886 ·
647 4857 959 4928 ιΜαρτυρῶ
978 4857 1102 4926 ἄρτι
1126 4856 1464 4913 κατενώπιον
1497 4859 1632 4915 Θεοῦ
1658 4863 1751 4915 καλ¹
1782 4863 1991 4933 ἀνθρὼ-

428 4968 566 5017 πων,
602 4951 682 5003 ὅτι
711 4951 937 5012 ἑαυτοὺς
962 4949 1283 5020 ἀπέρρηξαν
1316 4951 1412 5003 τοῦ
1447 4950 1699 5022 σώματος
1732 4955 1827 5008 τοῦ
1856 4958 1989 5026 Χρι-

432 5043 583 5107 στοῦ,
612 5044 706 5096 τοῦ
759 5041 1094 5113 κορυφιακοῦ
1131 5042 1327 5111 θρόνου
1383 5046 1441 5097 ἐν
1470 5038 1514 5110 ᾦ
1568 5047 1803 5115 Χριστος
1831 5048 1990 5101 ἔθετο

432 5139 528 5197 τὰς
559 5136 705 5196 κλεῖς
738 5136 833 5204 τῆς
862 5135 1123 5201 πίστεως,
1158 5148 1223 5207 ης
1254 5137 1315 5189 ού
1355 5138 1692 5208 κατίσχυσαν
1723 5140 1817 5192 ἀπ’
1866 5143 1996 5194 αίῶ-

432 5243 541 5289 νος,
576 5224 684 5277 οὐδ’
720 5226 786 5278 ἂν
842 5226 1209 5295 κατισχύσωσι
1264 5225 1425 5297 μέχρι
1459 5230 1763 5294 συντελείας
1798 5233 1852 5283 αἱ
1898 5231 1993 5284 τοῦ

428 5320 556 5391 ᾆδου
589 5320 775 5384 πύλαι,
803 5319 870 5371 τὰ
904 5319 1011 5372 τῶν
1041 5320 1334 5388 αίρετικῶν
1368 5320 1569 5390 δηλαδὴ
1601 5324 1868 5391 στόματα,
1915 5324 1989 5389 ὡς

428 5415 462 5481 ὴ
512 5414 603 5465 τοῦ
640 5411 905 5482 ἀψευδοῦς
965 5411 1279 5481 ὑπόσχεσις.
1322 5431 1341 5464 ι
1383 5412 1631 5476 Ἀκούεις
1664 5415 1746 5467 ὅτι
1798 5416 1986 5487 ἐκείνη

428 5505 576 5557 ἐστὶν
610 5505 642 5572 ἡ
674 5502 886 5573 κορυφὴ
914 5503 1013 5571 τῆς
1066 5502 1160 5555 τοῦ
1216 5503 1451 5573 Χριστοῦ
1482 5505 1831 5573 Ἐκκλησίας,
1864 5504 1929 5581 ἦς
1966 5512 1993 5561 6

430 5595 635 5662 Πέτρος
676 5594 1054 5666 πρωτόθρονός
1110 5596 1260 5648 ἐστι’
1296 5597 1387 5648 καὶ
1418 5597 1499 5649 ὅτι
1545 5597 1605 5648 οῦ
1655 5600 1990 5667 κατίσχυσαν

431 5702 562 5739 ποτε
595 5688 648 5739 αί
680 5688 841 5740 πύλαι
861 5686 955 5739 τοῦ
981 5686 1132 5759 ᾅδου,
1162 5686 1272 5739 οὐδ’
1297 5687 1360 5740 ἂν
1392 5687 1759 5757 κατισχύσωσι
1784 5694 1993 5762 ταύτης

439 5777 602 5849 μέχρι
637 5778 735 5849 τῆς
768 5779 1075 5843 συντελείας
1099 5780 1193 5835 τοῦ
1226 5781 1439 5846 αἰῶνος,
1466 5783 1534 5837 τὰ
1564 5782 1672 5838 τῶν
1696 5784 1990 5853 αίρετικῶν
2056 5852 2059 5861 Ι

2097 4760 2281 4825 tionis,
2336 4759 2530 4828 inquit,
2596 4777 2614 4810 ι
2648 4760 2840 4814 Testor
2888 4775 3029 4814 nunc
3060 4776 3244 4815 coram
3272 4763 3382 4817 Deo
3409 4771 3461 4816 et
3491 4766 3663 4817 homi-

2094 4852 2283 4915 nibus,
2323 4850 2479 4905 divisi
2522 4860 2649 4906 sunt
2678 4865 2707 4904 a
2733 4866 2962 4921 corpore
2986 4852 3187 4908 Christi
3211 4860 3239 4920 ,'
3261 4865 3313 4909 et
3344 4870 3372 4908 a
3406 4870 3660 4925 suprema

2096 4944 2259 5007 sede,
2300 4943 2442 5013 apud
2485 4958 2648 5011 quam
2691 4943 2943 4999 Christus
2979 4946 3238 5016 deposuit
3274 4949 3453 5002 claves
3495 4950 3612 5001 tidei
3640 4986 3657 5011 ,

2098 5036 2360 5097 adversus
2399 5052 2562 5105 quam
2602 5047 2770 5107 portae
2813 5040 2968 5094 inferi
3009 5055 3036 5092 a
3071 5041 3268 5093 smeulo
3306 5048 3659 5106 non‘pr.rva-

2096 5128 2310 5181 luerunt
2336 5143 2434 5181 nec
2461 5130 2826 5197 praevalebunt
2850 5145 3021 5198 usque
3042 5130 3105 5182 ad
3130 5132 3657 5185 consummationem
3714 5165 3737 5201 χ

2095 5221 2251 5290 ejus.
2287 5220 2667 5275 haereticorum
2708 5221 2958 5274 videlicet
2994 5221 3252 5274 eﬂrenata
3286 5236 3381 5275 ora
3408 5265 3422 5287 ,
3462 5238 3662 5277 secun—
3734 5224 3739 5231 ’

2098 5311 2225 5365 dum
2277 5311 2691 5380 promissionem
2744 5309 2949 5364 veracis
3006 5309 3239 5365 Domini.
3284 5328 3301 5361 ι
3344 5309 3512 5364 Audis
3553 5329 3659 5380 qun
3748 5370 3751 5373 ν

2098 5409 2255 5469 pacto
2294 5416 2357 5455 ea
2401 5412 2482 5455 est
2516 5408 2675 5467 caput
2724 5398 2982 5452 Ecclesiae
3010 5398 3251 5463 Christi,
3284 5400 3438 5468 cujus
3472 5400 3661 5457 Petrus
3729 5403 3744 5415 "

2100 5500 2183 5546 est
2209 5492 2415 5559 primus
2437 5504 2672 5559 praases;
2704 5498 2759 5543 et
2783 5490 2927 5557 quod
2954 5505 3229 5559 nunquam
3257 5492 3668 5559 praevaluerunt

2100 5598 2279 5652 neque
2310 5581 2680 5651 prmvalebunt
2708 5597 2883 5650 usque
2910 5583 2973 5637 ad
3003 5584 3528 5639 consummationem
3559 5601 3662 5640 sa:-

2091 5672 2198 5724 culi
2228 5672 2602 5724 haereticorum
2659 5670 2917 5725 effrenata
2950 5686 3069 5736 ora,
3093 5675 3393 5727 secundum
3428 5688 3663 5743 promis-

2088 5765 2296 5819 sionem
2332 5763 2542 5820 veracis
2577 5761 2922 5822 Salvatoris?
2960 5764 3018 5822 Si
3047 5779 3177 5836 ergo
3206 5781 3485 5838 nunquam
3518 5782 3664 5834 prae-
