3966 6198
421 320 567 386 31379

1577 326 1861 388 IOSEl‘ll
1880 330 1901 387 Ι
1941 328 2485 393 METi-lONENSIS

3511 330 3650 395 1380

416 434 708 488 valuerunt
763 432 1000 486 hmretici
1053 435 1312 490 adversus
1366 439 1566 494 Christi
1629 441 1975 510 Ecclesium,

2083 447 2329 518 δηλονότι
2389 446 2652 501 ἀπύλωτα
2715 447 2994 515 στόματα⁸
3027 445 3169 500 κατᾶ
3216 447 3315 517 τὴν
3355 445 3655 514 ὑπόσχεσιν

413 522 696 593 quomodo
729 524 944 578 audetis
973 524 1155 578 dicere
1188 542 1309 580 eam
1346 546 1554 592 errare,
1590 548 1708 600 qua:
1740 535 1987 591 inerrans

414 633 456 673 -a
499 619 813 674 doctoribus
867 619 1234 688 praedicatur?
1280 623 1334 676 ld
1375 626 1538 679 etiam
1583 630 1893 683 ostenditur
1933 632 1985 686 in

421 709 580 764 tertia
614 722 804 764 sancta
839 712 1072 780 synodo,
1109 712 1163 765 in
1198 730 1327 784 qua,
1360 717 1540 773 allatis
1587 721 1653 773 ab
1683 723 1986 790 apostolica

411 801 548 855 ’scde
577 800 776 855 litteris
799 841 814 864 ,
851 803 1117 859 Arcadius
1155 808 1450 876 episcopus
1485 825 1606 864 cum
1656 817 1988 870 surrexisset

419 892 484 947 ad
515 893 784 962 synodum
817 895 954 948 dixit
991 914 1003 950 :
1043 915 1064 948 ι
1104 897 1498 971 Jubeatjvestra
1536 903 1814 960 beatitudo
1833 923 1984 962 reve-

419 985 731 1038 rendissimi
762 985 951 1040 Patres
973 1028 986 1052 ,
1021 989 1213 1045 allatas
1243 991 1309 1044 ad
1342 1007 1436 1047 vos
1473 993 1686 1050 litteras
1719 1000 1889 1050 sancti
1937 1008 1990 1054 ct

403 1092 542 1131 ~0qu
573 1076 892 1130 adoratione
921 1081 1133 1143 vocati,
1165 1081 1426 1137 Celestini
1494 1101 1644 1154 papae
1672 1090 1989 1156 apostolicae

416 1167 564 1223 sedis
603 1168 882 1236 episcopi,
911 1169 1019 1238 legi
1054 1189 1068 1224 :
1115 1187 1180 1224 ex
1218 1174 1422 1241 quibus
1469 1177 1750 1244 percipere
1788 1182 1988 1247 poterit

407 1270 596 1314 vestra
629 1260 906 1316 beatitudo
943 1275 1152 1332 quanto
1181 1267 1366 1320 studio
1401 1271 1773 1338 prosequitur
1799 1287 1987 1328 omnes

416 1349 715 1404 Ecclesias.
755 1351 950 1406 Eadem
988 1365 1040 1405 ct
1073 1355 1268 1410 horum
1305 1358 1508 1412 similia
1556 1361 1834 1432 Proiectus
1868 1366 1988 1432 cpi-

413 1459 618 1514 scopus
655 1446 896 1514 protulit.
941 1466 958 1498 l
991 1447 1062 1502 Et
1082 1451 1240 1518 paulo
1265 1462 1420 1521 post:
1449 1472 1467 1504 ι
1506 1455 1739 1524 Cyrillns
1755 1458 1988 1513 Alexan-

414 1537 547 1590 driae
579 1537 716 1590 dixit
752 1555 764 1590 :
793 1536 1017 1592 Littera:
1050 1553 1285 1610 accepta:
1319 1560 1348 1598 a
1385 1547 1736 1601 sanctissimo
1768 1561 1986 1619 aposto-

401 1627 531 1682 ‘licae
561 1630 705 1682 scdis
731 1629 986 1700 episcOpo
1017 1632 1264 1687 Burrieno
1322 1636 1597 1694 Celestino
1624 1655 1746 1694 cum
1775 1643 1987 1696 decenti

402 1719 624 1774 honore
655 1721 923 1790 lcgantur.
958 1742 980 1773 ι
1018 1725 1189 1778 Audis
1223 1729 1514 1783 Arcadium
1546 1741 1599 1786 et
1633 1731 1940 1802 Proiectum
1971 1772 1984 1798 ,

412 1812 555 1878 quod
600 1813 844 1865 omnium
885 1813 1253 1872 Eeclesiarum
1293 1835 1482 1875 curam
1525 1825 1664 1891 gerit
1699 1823 1981 1880 Romanus

398 1903 692 1971 :pontifex?
739 1905 820 1960 Ob
856 1907 1116 1975 quidnam
1161 1911 1310 1964 aliud
1337 1950 1352 1974 ,
1387 1913 1494 1968 nisi
1533 1916 1661 1984 quia
1702 1927 1866 1985 caput
1897 1927 1984 1972 est

411 1996 698 2048 otttnilttu'?
733 1998 884 2062 Quod
927 2014 1054 2051 vero
1087 2001 1322 2070 Cyrillus
1352 2004 1515 2070 dicit,
1555 2023 1574 2056 ι
1612 2022 1734 2061 cum
1767 2007 1980 2062 decenti

412 2085 618 2140 honore
650 2088 746 2155 legi
780 2103 899 2156 qua:
930 2075 1130 2160 scripta
1168 2102 1298 2146 sunt
1361 2111 1388 2147 a
1419 2095 1728 2163 Celestino,
1777 2119 1790 2151 ι
1826 2115 1982 2154 com-

395 2181 776 2245 probaverunt
803 2181 999 2236 Patres
1030 2185 1323 2252 aperiendo
1355 2190 1531 2257 capita
1564 2205 1663 2244 sua
1690 2231 1704 2256 ,
1735 2201 1786 2244 et
1823 2208 1976 2248 reve-

413 2283 596 2326 renter
641 2274 912 2328 audiendo
961 2291 1083 2344 qua:
1133 2277 1274 2329 dicta
1317 2289 1465 2334 sunt.
1518 2278 1572 2332 In
1613 2293 1806 2350 quarta
1848 2297 1978 2338 vero

409 2374 597 2417 sancta
632 2367 966 2436 synodoym
1001 2369 1051 2422 iu
1099 2369 1257 2423 titulo
1325 2371 1520 2425 divinae
1552 2370 1846 2444 Scriptura:
1884 2391 1977 2442 ap-

410 2468 598 2522 paret,
632 2459 756 2511 Iulia
783 2460 946 2512 dicta
973 2471 1118 2517 sunt.
1152 2479 1172 2511 ι
1201 2461 1271 2516 Ut
1304 2462 1650 2520 beatissimus
1689 2467 1978 2537 episc0pus

399 2549 666 2604 Romanae
696 2553 868 2616 urbis,
894 2554 1048 2622 cujus
1073 2555 1436 2609 sacerdotium
1467 2572 1633 2626 super
1662 2574 1852 2613 omnes
1880 2576 1978 2614 an-

398 2643 630 2710 -tiquitas
659 2658 779 2698 esse
808 2645 993 2705 voluit,
1027 2655 1350 2714 potestatem
1379 2657 1432 2701 et
1465 2648 1780 2705 facultatem
1816 2652 1979 2708 habet

393 2732 476 2786 de
513 2734 616 2788 lide
654 2745 706 2789 et
745 2738 1122 2793 sacerdotibus
1158 2742 1572 2798 determiuandi.
1612 2761 1631 2794 ι
1671 2744 1812 2814 Ergo
1847 2747 1974 2816 quia

408 2827 476 2878 de
525 2826 628 2880 ﬁde
672 2839 726 2882 et
777 2830 1150 2887 sacerdotibus
1202 2835 1602 2891 d'eterminandi
1661 2836 1973 2892 facultatem

409 2917 574 2972 habet
601 2955 616 2979 .
666 2921 863 2974 merito
897 2932 1060 2990 caput
1088 2933 1144 2978 et
1195 2925 1450 2992 magistra
1487 2929 1730 2984 omnium
1768 2930 1972 2987 Christi

401 3006 776 3063 Ecclesiarum
808 3011 860 3064 in
895 3012 1113 3066 decreto
1143 3015 1423 3081 scribitur,
1449 3027 1503 3071 et
1533 3034 1562 3072 a
1596 3021 1754 3076 nobis
1777 3023 1974 3076 colitur

391 3109 459 3154 et
489 3099 772 3166 aduratur,
803 3112 963 3171 atque
991 3107 1170 3159 omnis
1189 3108 1505 3163 obedientia

404 3191 454 3244 ei
489 3205 519 3244 a
548 3191 702 3246 nobis
731 3193 1021 3249 exhibetur
1061 3206 1115 3250 et
1149 3198 1523 3268 exhibebitur,
1560 3203 1734 3258 donec
1781 3205 1834 3258 iu
1875 3209 1976 3264 hac

405 3282 512 3335 vita
568 3286 1054 3353 permanebimus,
1119 3291 1386 3344 recordati
1446 3293 1590 3348 illius
1648 3297 1739 3365 qui
1800 3299 1973 3361 dicit,

408 3392 424 3425 ‹
456 3373 690 3431 'Obedile
722 3380 1028 3447 praepositis
1063 3381 1262 3438 vestris
1295 3394 1350 3437 et
1383 3385 1586 3440 subditi
1618 3396 1827 3454 estote,
1870 3393 1973 3461 ipsi

399 3464 548 3516 cnim
591 3465 817 3534 vigilant
858 3481 956 3536 pro
991 3470 1279 3526 auimdms
1314 3476 1516 3528 vestris
1541 3517 1555 3540 ,
1601 3485 1660 3530 ιιι
1705 3481 1973 3535 rationem

402 3553 669 3607 reddituri
701 3553 886 3618 “'“p
915 3565 967 3611 et
987 3559 1300 3614 meminisse
1327 3563 1446 3629 ejus
1478 3579 1750 3634 nunquam
1791 3585 1974 3625 cessa-

401 3644 585 3699 bimus
613 3645 668 3698 in
703 3647 875 3702 sacris
910 3646 1200 3703 missarum
1226 3655 1481 3720 precibus
1513 3660 1814 3712 secundum
1845 3677 1943 3714 san
1963 3690 1976 3701 -

404 3741 618 3788 ctorum
670 3743 984 3803 nostrorum
1020 3740 1468 3808 traditiones,ne
1492 3746 1778 3815 impiorum
1825 3766 1976 3806 erro-

405 3824 560 3880 ribus
596 3826 1075 3896 obsecundantes,
1111 3846 1142 3884 α
1188 3833 1445 3889 lirmitate
1487 3838 1808 3895 orthodoxae
1847 3842 1974 3897 fidei

405 3918 725 3974 excidemus
751 3959 765 3982 ,
794 3935 891 3989 pro
921 3931 1204 3992 comperto
1239 3925 1501 3982 habentes
1521 3968 1537 3994 ,
1570 3931 1715 3999 quod
1747 3934 1837 4002 qui
1872 3933 1974 4004 ipsi

404 4023 513 4060 non
542 4009 865 4077 Stlblelllll',
898 4026 1174 4082 nunquam
1205 4017 1507 4074 salvabitur
1530 4062 1546 4088 ,
1581 4023 1743 4076 simili
1779 4026 1935 4080 modo
1957 4063 1972 4088 ,

404 4105 453 4149 et
489 4098 580 4166 qui
620 4097 739 4166 ejus
767 4113 878 4152 non
912 4103 1192 4170 meminit,
1213 4121 1405 4176 neque
1435 4111 1695 4167 sacerdos
1723 4121 1842 4179 est,
1877 4129 1973 4170 ue-

405 4205 513 4258 que
565 4193 870 4248 sacerdotis
928 4206 1169 4250 meretur
1227 4199 1428 4256 habere
1488 4214 1804 4271 potestatem
1839 4247 1854 4267 .
1914 4217 1975 4263 ut

401 4300 578 4337 canon
607 4284 676 4338 l5
701 4285 886 4354 prima:
912 4298 967 4341 et
996 4291 1248 4346 secunda:
1278 4296 1469 4363 synodi
1501 4311 1688 4366 aperte
1717 4308 1968 4357 testatur.

401 4371 572 4427 liabet
602 4377 744 4427 enim
781 4375 847 4428 ad
881 4378 1106 4432 verbum
1138 4380 1216 4434 sic
1246 4397 1260 4434 :
1297 4381 1686 4440 ilzeretiearum
1728 4389 1971 4444 zizania-

403 4480 522 4518 rum
556 4467 764 4520 semina
799 4467 851 4520 in
887 4465 1090 4523 Christi
1128 4472 1424 4530 Ecclesiam
1468 4493 1734 4548 spargens
1770 4482 1965 4536 adver-

398 4556 580 4611 sarius
600 4597 615 4622 ,
644 4557 832 4615 videns
863 4559 961 4616 has
995 4563 1174 4630 gladio
1204 4566 1430 4634 spiritus
1470 4570 1735 4626 radicitus
1761 4575 1918 4628 evelli
1947 4613 1964 4640 ,

397 4649 502 4701 alia
538 4651 620 4704 via
652 4666 943 4721 aggressus
970 4666 1051 4710 est
1077 4694 1092 4720 ,
1119 4669 1332 4727 sumpta
1365 4677 1554 4716 secum
1583 4664 1966 4721 schismatico-

399 4756 519 4792 runt
561 4742 773 4798 insania
799 4785 814 4810 ,
847 4745 1052 4802 Christi
1089 4763 1290 4819 corpus
1329 4751 1595 4809 dividere.
1633 4754 1745 4810 Sed
1774 4769 1826 4812 et
1866 4757 1966 4814 has

397 4831 626 4887 insidias
676 4847 862 4890 sancta
913 4841 1153 4908 synodus
1195 4844 1549 4913 anticipans,
1604 4847 1966 4918 undecunque

395 4921 640 4975 decrevit
670 4924 724 4977 in
756 4933 1054 4994 posterum,
1091 4939 1148 4983 ut
1179 4932 1225 4985 si
1262 4935 1384 5002 quis
1416 4938 1699 5007 presbyter
1736 4940 1819 4994 vel
1847 4942 1965 4995 dia-

393 5027 569 5069 conus
611 5023 872 5085 tauquam
901 5018 972 5071 ob
1011 5019 1230 5090 aliquod
1272 5023 1531 5079 delictum
1583 5044 1746 5084 suum
1779 5032 1963 5102 despi-

395 5105 547 5161 ciens
585 5110 900 5178 episcopum
951 5119 1080 5168 ante
1129 5114 1445 5184 synodalem
1497 5121 1864 5187 cognitionem
1913 5135 1968 5179 et

395 5213 573 5252 causrc
605 5202 1038 5268 disquisitionem
1072 5205 1138 5259 ab
1169 5207 1285 5276 ejus
1311 5213 1700 5267 communione
1731 5213 1967 5270 delicere

395 5305 562 5344 ausus
605 5291 766 5346 fuerit
789 5335 803 5359 ,
837 5303 893 5348 et
932 5296 1170 5352 nominis
1206 5299 1326 5368 ejus
1357 5301 1412 5354 in
1447 5303 1622 5359 sacris
1663 5306 1958 5360 missarum

393 5381 647 5450 precibus
675 5385 976 5438 secundum
1010 5385 1269 5445 Ecclesiae
1300 5392 1646 5448 traditionem
1700 5411 1807 5452 nou
1852 5414 1966 5452 mc-

395 5473 655 5538 miuerit,
709 5475 854 5530 hunc
901 5475 1234 5544 depositioni
1284 5483 1482 5551 subjici
1525 5493 1578 5538 et
1633 5489 1964 5543 sacerdotali

390 5566 540 5618 omni
581 5565 786 5621 honore
819 5566 1040 5637 privari.
1083 5571 1185 5635 Qui
1219 5574 1365 5628 enim
1412 5575 1466 5630 in
1512 5579 1813 5648 presbyteri
1859 5597 1955 5636 or-

460 5786 580 5826 ⁴⁰ο⁸⁴
607 5785 774 5862 Hebr.
809 5807 927 5863 xm,
969 5794 1051 5848 l7.
1944 5823 1974 5856 ο

2021 1794 2061 1845 Β

2087 541 2180 593 τοῦ
2202 541 2466 610 ἀψευδοῦς
2494 540 2766 608 Σωτῆρος.
2799 540 2862 593 El
2885 535 2978 592 οὖν
3003 541 3260 592 οῦδέποτε
3291 539 3655 608 κατίσχυσαν,

2088 632 2202 686 ἀλλ’
2253 632 2372 685 οὐδέ
2407 631 2823 702 κατισχύσουσιν
2854 631 2904 684 οί
2938 632 3206 701 αίρετικοὶ
3239 632 3337 699 τῆς
3381 630 3474 682 τοῦ
3509 631 3646 700 Χρι-

2091 723 2216 776 στοῦ
2247 723 2596 794 Ἐκκλησίας,
2628 723 2743 782 πῶς
2769 721 2928 791 ὑμεῖς
2977 722 3116 784 ὅλως
3168 721 3408 790 τολμᾶτε
3445 722 3656 789 λέγειν,

2088 818 2171 871 ὅτι
2204 817 2589 886 πεπλάνηταινς
2637 816 2759 885 ἥτις
2813 815 3054 885 ἀπλανὴς
3086 815 3236 884 παρὰ
3264 813 3370 867 τῶν
3401 814 3662 868 διδασκᾶ-

2087 909 2196 963 λων
2223 910 2571 981 κηρύττεται.
2609 909 2782 963 Τοῦτο
2813 909 2870 961 δὲ
2899 909 3174 962 δείκνυται
3221 897 3317 962 θεαὶ
3344 909 3400 960 ἐν
3431 911 3497 978 τῇ
3527 909 3663 978 ἁγία

2087 1006 2246 1076 τρίτῃ
2297 1003 2523 1073 συνόδῳ,
2577 1007 2634 1058 ἐν
2685 994 2720 1078 ᾗ
2776 1003 3254 1074 προσενεχθέντων
3309 1003 3664 1072 γραμμάτων

2090 1098 2243 1166 παρὰ
2274 1097 2372 1165 τῆς
2402 1099 2768 1166 ἁποστολικῆς
2795 1098 3088 1167 καθέδρας,
3125 1096 3408 1168 Ἀρκάδιος
3435 1095 3666 1148 ἐπίσκι-

2089 1205 2187 1252 πος
2239 1191 2486 1261 ἐγερθεὶς
2523 1189 2658 1260 πρὸς
2686 1191 2784 1261 τὴν
2835 1190 3056 1244 σύνοδον
3085 1189 3224 1258 ἔφη’
3263 1208 3282 1241 ι
3325 1188 3665 1241 Κελευσάτω

2087 1283 2121 1351 ἡ
2155 1281 2396 1351 ὑμετέρα
2435 1282 2804 1351 μακαριότης,
2843 1281 3088 1353 Πατέρες
3113 1282 3564 1352 αἰδεσιμὼτατοι,
3597 1281 3666 1333 τὰ

2091 1373 2524 1443 προσενεχθέντα
2558 1374 2688 1442 ἡμῖν
2719 1372 3030 1443 γράμματα
3063 1373 3153 1425 τοῦ
3184 1372 3342 1438 ἁγίου
3375 1373 3470 1424 καὶ
3513 1373 3660 1440 μετὰ

2088 1468 2515 1537 προσκυνήσεως
2541 1466 2952 1534 ’ὀνομαζομένου
2992 1466 3148 1518 πάπα
3175 1464 3529 1527 Κελεστίνου,
3565 1463 3664 1532 τῆς

2089 1556 2454 1626 ἀποστολικῆς
2515 1558 2786 1625 Ικαθέδρας
2840 1558 3165 1620 ἐπισκόπου,
3199 1554 3658 1622 ἀναγνωσθῆναι·

2089 1649 2149 1713 ἐξ
2181 1643 2256 1702 ὧν
2289 1649 2488 1718 γνῶναι
2545 1649 2835 1718 δυνήσεται
2897 1652 2932 1719 ἡ
2989 1648 3231 1717 ὑμετέρα
3293 1647 3660 1716 μακαριότης,

2089 1742 2278 1793 ὁποίαν
2305 1741 2413 1810 ἔχει
2441 1742 2699 1810 φροντίδα
2731 1742 2920 1793 πασῶν
2942 1741 3049 1794 τῶν
3073 1740 3396 1808 ἐκκλησιῶν.
3419 1737 3502 1789 Τὰ
3522 1737 3662 1790 αὐτὰ.

2087 1836 2179 1888 καὶ
2211 1835 2371 1904 ὅμοια
2400 1835 2610 1898 τούτοις
2666 1834 2759 1886 καὶ
2813 1831 3104 1904 Ιίροτεκτος
3161 1833 3456 1894 ἐπίσκοπος
3482 1832 3651 1901 ἔφηη

2087 1929 2194 1981 Καὶ
2250 1928 2385 1996 μετὰ
2425 1928 2565 1980 πάνυ
2599 1925 2826 1996 βραχέα,
2878 1944 2892 1978 ι
2934 1923 3199 1996 Κόριλλος
3241 1925 3659 1996 Ἀλεξανδρείας

2083 2016 2242 2072 εἶπεν
2269 2037 2282 2050 ο
2328 2019 2655 2089 ’Υποδεχθὲν
2701 2021 2762 2072 τὸ
2804 2020 3042 2088 γράμμα
3071 2019 3164 2071 τοῦ
3199 2019 3514 2086 ἀγιωτάτου
3567 2020 3661 2071 καὶ

2084 2113 2227 2165 κατὰ
2257 2111 2436 2163 πάντα
2468 2111 2763 2164 όσιωτάτου
2793 2111 2892 2180 τῆς
2923 2111 3086 2180 ἁγίας
3123 2111 3490 2181 ἁποστολικῆς
3529 2112 3656 2164 Ἐκ-

2083 2203 2315 2274 κλησίας
2341 2205 2640 2258 ἐπισκόπου
2665 2205 2764 2274 τῆς
2804 2205 3094 2273 Ῥωμαίων
3131 2207 3476 2272 Κελεστίνου,
3511 2209 3654 2278 μετὰ

2081 2299 2181 2365 τῆς
2205 2299 2520 2368 προσφόρου
2550 2299 2716 2367 τιμῆς
2749 2299 3296 2367 ἀναγινωσκέτωσαν.
3335 2321 3352 2354 ι
3399 2304 3653 2364 Ἀκούεις

2095 2393 2382 2462 Ἀρκαδίου
2442 2396 2532 2446 καὶ
2571 2395 2895 2462 Προῖέκτου,
2929 2395 3003 2458 ὡς
3037 2397 3226 2449 πασῶν
3279 2397 3393 2466 ἔχει
3425 2398 3540 2451 τῶν
3574 2403 3656 2453 ἐκ·

2081 2482 2322 2552 κλησιῶν
2357 2482 2454 2552 τὴν
2513 2484 2774 2553 φροντίδα
2827 2486 2856 2538 ό
2914 2484 3011 2552 τῆς
3047 2484 3272 2555 Ῥώμης
3310 2487 3651 2556 ἀρχιερεύςς

2080 2578 2178 2630 Διὰ
2207 2577 2259 2629 τί
2309 2577 2456 2640 ἄλλο,
2491 2576 2523 2647 ἦ
2550 2578 2684 2630 διότι
2723 2577 2916 2632 πασῶν
2946 2581 3065 2632 ἐστι
3095 2579 3339 2649 κεφαλής
3366 2581 3441 2634 Τδ
3488 2581 3553 2635 δὲ
3583 2585 3658 2634 εξ-

2081 2673 2202 2720 πεῖν
2237 2668 2510 2737 Κύριλλον
2561 2670 2698 2738 μετὰ
2730 2671 2828 2740 τῆς
2863 2675 3176 2743 προσφόρου
3203 2674 3371 2743 τιμῆς
3398 2677 3655 2742 ἀναγνω-

2081 2765 2275 2832 σθῆναι
2303 2768 2371 2816 τὰ
2417 2764 2566 2832 παρὰ
2595 2765 2688 2816 τοῦ
2723 2764 3045 2818 Κελεστίνου
3077 2766 3484 2833 ἀπεσταλμένα,
3514 2768 3656 2820 ἔδει·

2080 2859 2175 2922 ξαν
2205 2860 2252 2910 οἱ
2287 2859 2527 2926 Πατέρες
2554 2859 2612 2909 ἐν
2641 2858 2718 2927 τῷ
2744 2858 3088 2928 ἀνακαλύψαι
3112 2859 3212 2923 τὰς
3240 2861 3451 2916 ἑαυτῶν
3474 2880 3654 2932 κεφα.

2077 2951 2197 3016 λὶς,
2228 2951 2324 3003 καὶ
2357 2949 2473 3020 μετ’
2505 2950 2684 3013 αἰδοῦς
2715 2952 3020 3021 ἀκροᾶσθαι
3050 2953 3164 3008 τῶν
3203 2955 3537 3025 λεγομένων.
3558 2953 3650 3010 Ἑν

2077 3043 2132 3095 δὲ
2163 3045 2227 3112 τῇ
2260 3043 2392 3114 ἁγίᾳ
2437 3045 2678 3113 τετάρτῃ
2735 3044 2959 3111 συνόδῳ,
2997 3045 3056 3098 δν
3087 3048 3179 3099 καὶ
3217 3047 3361 3100 θεῖον
3406 3047 3647 3118 γράμμα

1539 3120 1591 3164 et
1623 3115 1971 3170 observantia

2081 3135 2394 3203 ἐπιγράφει,
2425 3135 2606 3188 τοιάδε
2670 3137 2872 3205 φησίν·
2913 3157 2930 3188 ι
2965 3136 3088 3190 Ἵνα
3144 3139 3172 3191 ό
3222 3115 3648 3210 μακαριῶτατος

2083 3229 2382 3290 ἐπίσκοπος
2412 3228 2510 3297 τῆς
2547 3227 2838 3299 Ῥωμαίων
2869 3229 3101 3294 πόλεως,
3124 3229 3185 3284 οὗ
3214 3232 3314 3301 τὴν
3343 3233 3653 3304 ἱερωσύνην

2083 3323 2225 3376 κατὰ
2259 3322 2473 3375 πάντων
2509 3323 2541 3392 ἡ
2570 3322 2870 3392 ἀρχαιότης
2905 3323 3169 3394 παρέσχε,
3195 3324 3379 3394 χώραν
3409 3328 3508 3378 καὶ
3566 3328 3656 3380 εὑ-

2083 3417 2278 3485 πορίαν
2308 3413 2420 3483 ἔχει
2452 3414 2582 3483 περὶ
2633 3415 2867 3476 πίστεως
2897 3417 2992 3467 καὶ
3024 3417 3216 3484 ἱερέων
3243 3419 3590 3487 ἀνακρίνειν.
3629 3439 3650 3471 ο

2094 3506 2251 3559 Ἐπεὶ
2281 3505 2374 3558 οὖν
2423 3507 2551 3574 περὶ
2589 3506 2827 3568 πίστεως
2859 3508 2956 3559 καὶ
3010 3509 3201 3577 ἱερέων
3225 3509 3487 3578 εὐπορίαν
3534 3510 3656 3582 ἔχει

2081 3597 2175 3652 τοῦ
2210 3599 2539 3668 ἀνακρίνειν,
2569 3599 2795 3661 εἰκότως
2827 3600 2920 3651 καὶ
2946 3601 3159 3671 κεφαλὴ
3203 3605 3295 3655 καὶ
3327 3603 3655 3668 διδασκαλος

2081 3692 2190 3744 τῶν
2225 3691 2531 3760 ἐκκλησιῶν
2561 3691 2656 3744 τοῦ
2687 3693 2923 3761 Χριστοῦ
2952 3696 3140 3748 πασῶν
3171 3698 3228 3748 ἐν
3277 3697 3353 3766 τῷ
3379 3700 3490 3769 ὅρῳ
3514 3703 3654 3774 γρά-

2083 3800 2264 3850 φεται,
2291 3786 2386 3836 καὶ
2417 3782 2724 3854 παρ’ήμῶν
2740 3787 2967 3853 τιμᾶται
2995 3789 3086 3839 καὶ
3111 3793 3518 3857 προσκυνεῖται,
3552 3796 3650 3846 καὶ

2083 3876 2266 3929 πᾶσαν
2303 3877 2550 3945 ὑπακοὴν
2586 3877 2676 3928 καὶ
2705 3876 3020 3930 εὐπείθειαν
3052 3878 3164 3948 ἔχει
3223 3883 3314 3933 καὶ
3372 3881 3481 3947 ἔξει
3516 3885 3652 3952 παρ’

2080 3969 2260 4038 ἡμῶν,
2310 3967 2413 4030 ἕως
2447 3964 2506 4021 οῦ
2561 3970 2618 4019 ἐν
2671 3967 2808 4037 τῷδε
2861 3968 2938 4037 τῷ
2984 3969 3084 4039 βίῳ
3130 3972 3392 4042 ἐσόμεθα,
3434 3993 3654 4046 μεμνηο

2087 4061 2236 4131 μένοι
2294 4059 2386 4112 τοῦ
2433 4059 2725 4127 λέγοντος·
2766 4078 2786 4111 ι
2844 4058 3106 4114 Πείθεσθε
3159 4067 3273 4128 τοῖς
3318 4068 3648 4136 ἡγουμένοις

2083 4153 2238 4222 ὑμῶν
2284 4154 2380 4205 καὶ
2413 4152 2668 4205 ὑπείκετε
2694 4168 2707 4181 ·
2745 4153 2900 4205 αὐτοὶ
2931 4156 3042 4224 γὰρ
3094 4157 3470 4224 ἀγρυπνοῦσιν
3505 4159 3653 4229 ὑπὲρ

2079 4247 2189 4300 τῶν
2251 4245 2439 4315 ψυχῶν
2485 4244 2663 4314 ἡμῶν,
2725 4245 2800 4308 ὡς
2857 4245 3016 4313 λόγον
3080 4249 3494 4313 ἀποδώσοντεςοο
3550 4255 3650 4306 καὶ

2083 4340 2274 4409 μνείαν
2328 4339 2492 4391 αὑτοῦ
2530 4339 2592 4391 οὐ
2635 4340 2959 4407 παυσόμεθα
2991 4342 3079 4394 ἀεὶ
3120 4343 3398 4397 ποιεῖσθαι
3429 4347 3488 4397 ἐν
3519 4351 3644 4411 ταῖς

2083 4435 2256 4504 ἱεραῖς
2295 4431 2404 4486 τῶν
2435 4430 2766 4503 λειτουργῶν
2792 4433 3004 4501 εὐχαῖς,
3031 4435 3172 4489 κατὰ
3215 4437 3310 4500 τὰς
3335 4437 3444 4490 τῶν
3472 4439 3647 4507 ἁγίων

1998 4498 2044 4554 D
2070 4498 2230 4596 ἡμῶν
2287 4498 2648 4593 παραδόσεις,
2702 4521 2792 4576 ἵνα
2859 4498 2990 4592 μήτι
3044 4525 3154 4578 τῶν
3182 4498 3437 4598 ἀθέσμων
3469 4498 3648 4602 πλάνῃ

2073 4617 2548 4686 συναπαχθέντες,
2580 4616 2909 4682 ἐκπέσωμεν
2957 4616 3050 4671 τοῦ
3080 4623 3391 4689 στηριγμοῦ
3426 4625 3526 4692 τῆς
3553 4624 3649 4693 δρψ

2070 4709 2343 4774 θοδοξίας·
2382 4708 2562 4771 καλῶς
2611 4710 3000 4778 ἐπιστάμενοι,
3051 4709 3134 4764 ὅτι
3160 4712 3189 4764 ὁ
3228 4713 3304 4781 μὴ
3337 4713 3650 4768 ὑποτασσό-

2075 4818 2235 4870 μενος
2265 4799 2433 4868 αὐτῷ,
2481 4799 2579 4870 οὐχ
2631 4800 2744 4864 ἕξει
2787 4800 3066 4870 σωτηρίαν
3104 4805 3276 4855 ποτέ·
3311 4807 3517 4874 ὁμοίως
3551 4811 3648 4860 καὶ

2069 4897 2097 4947 ὁ
2132 4894 2212 4963 μὴ
2247 4895 2606 4964 μνημονεύων
2655 4893 2846 4959 αὑτοῦ,
2903 4893 3024 4948 οὒτε
3078 4896 3258 4968 ίερεύς
3312 4900 3486 4965 ἐστιν,
3519 4899 3645 4953 οὔτε

2069 4988 2174 5057 μὴν
2226 4989 2416 5057 ἱερέως
2457 4987 2664 5056 ὀφείλει
2697 4988 2845 5057 ἔχειν
2877 4988 3126 5053 ἐξουσίαν
3151 5003 3166 5020 ⁶
3201 4991 3386 5053 καθὼς
3432 4995 3459 5045 ό
3491 5010 3647 5062 τρισ-

2064 5081 2383 5141 καιδέκατος
2429 5078 2612 5132 κανὼν
2661 5082 2757 5148 τῆς
2811 5079 3039 5151 πρώτης
3077 5081 3460 5151 καὶδευτέρας
3491 5086 3647 5138 cev-6-

2066 5173 2159 5224 δου
2220 5172 2522 5240 ἀναφανδὸν
2559 5173 2923 5242 μαρτύρεται.
2953 5174 3115 5240 Λέγει
3148 5173 3257 5242 γὰρ
3289 5173 3461 5236 οὔτως
3505 5174 3646 5227 κατὰ

2066 5259 2210 5324 λέξιν
2232 5276 2245 5289 ·
2281 5278 2299 5308 ι
2337 5261 2446 5320 Τὰς
2475 5260 2584 5312 τῶν
2632 5262 2925 5327 αἱρετικῶν
2955 5260 3214 5324 ζιζανίων
3242 5264 3552 5332 ἐπισπορὰς
3584 5267 3644 5316 ὲν

2073 5355 2138 5421 τῇ
2164 5352 2256 5402 τοῦ
2284 5351 2519 5422 Χριστοῦ
2538 5353 2837 5424 Ἐκκλησία
2856 5340 2889 5406 λό
2919 5356 3156 5423 πονηρὸς
3181 5355 3524 5421 καταϐαλὼν,
3550 5356 3644 5409 καὶ

2074 5446 2278 5507 ταύτας
2339 5444 2480 5514 ὁρῶν
2520 5447 2863 5516 τεμνομένας
2904 5449 3235 5519 προρρίζους
3269 5451 3334 5518 τῇ
3398 5448 3645 5518 μαχαίρᾳ

2077 5537 2169 5591 τοῦ
2230 5537 2569 5606 ιῐνεύματος,
2603 5537 2688 5608 ἐφ’
2745 5540 2943 5608 ἑτέραν
2973 5536 3074 5610 ἧκε
3108 5539 3348 5602 διανοίας
3404 5539 3544 5601 ὁδὸν,
3573 5540 3639 5609 τῇ

2077 5631 2185 5684 τῶν
2219 5629 2597 5702 σχισματικῶν
2633 5633 2823 5703 μανίᾳ,
2851 5633 2910 5685 τὸ
2955 5633 3047 5687 τοῦ
3074 5631 3315 5704 Χριστοῦ
3348 5632 3505 5700 σῶμα
3543 5646 3638 5701 με·-
