3966 6198
510 303 658 371 ῩῙ383

514 515 760 570 divinum
794 513 1057 569 Joannem
1092 514 1382 571 audiamus
1413 532 1478 569 ex
1516 518 1766 571 oratione
1791 520 1853 572 'iu
1889 520 2083 575 Pente-

460 642 463 645 -
513 614 703 661 costcn
731 643 746 668 ,
789 604 945 672 cujus
972 605 1309 675 principium
1348 623 1361 659 :
1401 626 1421 659 ι
1458 606 1671 661 Caelum
1719 609 1879 664 hodie
1924 609 2086 664 nobis

508 696 655 752 facta
690 704 774 750 est
825 704 988 750 terra.
1034 715 1052 747 ο
1094 695 1232 751 Dicit
1284 698 1427 750 enim
1473 698 1545 751 ibi
1600 709 1724 768 post
1764 699 1866 752 alia
1916 700 2087 755 multa

510 789 594 846 sic
630 788 705 860 (l)
741 806 757 843 :
794 805 813 839 ς
850 788 1044 854 Magno
1073 788 1257 843 studio
1301 789 1570 843 incumbit
1618 791 1756 845 Deus
1806 792 1858 844 in
1894 790 2085 847 Eccle-

502 885 669 947 siam,
698 897 807 935 non
838 881 1137 948 parietibus
1165 881 1379 943 fultam,
1404 882 1498 936 sed
1525 883 1701 951 gratia
1728 884 2085 937 custoditam.

464 974 741 1042 ‘Propter
782 973 1081 1029 Ecclesium
1115 974 1473 1029 constitutum
1518 983 1603 1029 est
1649 976 1885 1042 malum,
1939 985 2085 1031 terra

502 1069 719 1127 .tirmata
751 1077 854 1133 est,
883 1076 937 1120 et
965 1082 1115 1120 mare
1146 1066 1402 1130 elIusum,
1435 1075 1487 1120 et
1513 1080 1607 1121 aer
1636 1069 1896 1134 repletus,
1928 1082 2086 1136 para-

499 1159 668 1214 disus
699 1167 784 1213 est
816 1161 1090 1226 plautatus
1115 1198 1129 1222 ,
1170 1158 1253 1212 lex
1296 1144 1491 1213 tradita
1518 1200 1533 1224 ,
1579 1159 1731 1213 missi
1764 1160 2044 1229 prophetae
2069 1199 2084 1223 ,

504 1250 773 1304 miracula
803 1248 946 1305 facta
976 1259 1128 1308 sunt.
1166 1264 1314 1304 mare
1343 1249 1703 1313 dividebatur,
1736 1259 1789 1303 et
1820 1250 2085 1305 resarcie-

500 1344 674 1398 batur
694 1385 707 1408 ,
743 1353 908 1412 petrae
936 1343 1325 1397 scindebantur
1357 1352 1412 1397 et
1453 1358 1646 1397 rursus
1674 1343 2085 1412 jungehanturf,

1705 304 2020 369 JOSEPII]
2066 308 2119 368 Μ
2133 311 2383 373 ETHUN
2395 315 2617 377 ENSIS

514 423 807 479 deinmodo
843 437 937 491 per
972 438 1189 478 sacrum
1218 423 1680 494 'Chiyaostomum
1719 443 1899 481 aureae
1942 430 2070 483 tuba

2191 451 2338 502 γοιςο
2371 438 2466 490 νῦν
2495 442 2551 493 δὲ
2577 441 2945 514 ἰσχυροτέρως
2981 462 3099 508 πως
3129 443 3221 499 διὰ
3260 446 3353 500 τοῦ
3378 447 3525 518 ἱεροῦ
3549 449 3769 515 Χρυσο-

3640 326 3771 390 1334

2191 528 2417 598 στὸμου.
2461 532 2561 600 τῆς
2606 535 2815 603 χρυσῆς
2858 536 3162 605 σάλπιγγος
3191 538 3440 593 Ἰωάννου
3488 541 3579 593 τοῦ
3625 542 3771 594 θείου

2189 620 2535 689 ἀκούσωμεν,
2562 624 2621 676 ἐν
2642 625 2719 695 τῷ
2754 627 2900 697 λόγῳ
2952 626 3030 696 τῷ
3082 630 3163 686 είς
3211 629 3311 699 τὴν
3353 630 3768 701 Πεντηκοστήν·

2179 710 2249 763 ὀὗ
2281 714 2313 781 ἡ
2346 715 2488 784 ἀρχή
2513 731 2527 745 ⁶
2564 735 2588 768 π(
2610 716 2670 770 Ὀ
2700 718 2928 789 οὐρανὸς
2955 722 3090 790 ἡμῖν
3116 722 3306 790 γέγονε
3335 724 3573 793 σήμερον
3607 723 3686 793 γῆ
3708 742 3722 754 ⁶
3748 744 3766 777 ι

2188 801 2341 870 λέγει
2372 805 2481 874 γὰρ
2510 806 2568 859 ὲν
2591 807 2760 878 αὐτῷ,
2790 809 2931 877 μετὰ
2985 810 3156 864 πολλὰ
3185 812 3342 871 ἀλλα,
3376 811 3473 865 ὡδί
3494 828 3507 842 ·
3557 831 3577 864 ι
3609 813 3767 877 Πολὺ

2188 895 2297 965 γὰρ
2320 898 2398 965 τῷ
2426 897 2547 967 Θεῷ
2592 901 3074 969 περισπούδαστον
3108 905 3142 967 ἠ
3168 904 3469 972 Ἐκκλησία
3491 920 3507 937 ν
3537 905 3602 957 οὐ
3654 907 3766 957 15l-

2186 1005 2303 1054 χοις
2335 991 2767 1063 ἀσφαλιζομένη,
2802 995 2938 1049 ἀλλὰ
2990 996 3173 1066 χάριτι
3225 1000 3634 1067 φυλαττομένη.
3674 999 3768 1051 Διὰ

2186 1079 2285 1150 τὴν
2324 1080 2651 1151 Ἐκκλησίαν
2678 1087 2881 1157 ἐστάθη
2906 1092 2933 1142 6
2962 1090 3212 1158 οὐρανὸς,
3250 1092 3346 1144 καὶ
3378 1091 3447 1161 γῆ
3470 1091 3768 1162 ὲθεμελιώ-

2189 1174 2290 1243 θη·
2324 1178 2417 1229 καὶ
2467 1179 2710 1232 θάλασσα
2745 1181 2979 1253 ἐξεχύθη
3009 1200 3021 1213 ·
3090 1188 3184 1237 καὶ
3230 1185 3348 1255 ’ἀὴρ
3418 1188 3724 1257 ἐπληρώθη
3751 1205 3765 1219 ⁸

2190 1270 2519 1335 παράδεισος
2546 1273 2816 1343 ἐφυτεύθη
2840 1291 2855 1306 ·
2888 1276 3054 1344 νόμος
3082 1277 3235 1345 ἐδόθη
3266 1297 3280 1310 ·
3314 1279 3604 1349 προφῆται
3636 1282 3767 1333 dme-

2189 1362 2502 1431 στάλησανο
2558 1363 2815 1435 θαύματα
2862 1368 3154 1434 ἐγένοντο·
3216 1369 3455 1438 πέλαγος
3516 1371 3765 1440 ἐσχίζετο

513 1452 711 1490 manna
739 1437 805 1490 de
844 1437 986 1491 coelo
1015 1436 1381 1491 descendebat
1407 1474 1423 1497 ,
1456 1444 1510 1489 et
1538 1452 1600 1489 ex
1631 1444 1873 1505 tempore
1900 1450 2087 1490 mensa

509 1528 927 1597 disponebatur;
954 1537 1174 1597 proiiter
1202 1527 1506 1582 Ecclesiam
1540 1528 1839 1597 prophetae.
1869 1536 2089 1596 propter

500 1620 811 1673 Ecclesium
840 1619 1096 1689 aposmli.
1126 1637 1154 1672 -ι
1187 1618 1258 1673 At
1300 1635 1399 1672 cur
1428 1629 1536 1673 tam
1574 1620 1788 1673 multa?
1815 1639 1833 1670 ι
1864 1619 2088 1689 Propter

462 1760 467 1765 .
509 1713 811 1766 Eeclesiam
844 1711 1153 1782 unigenitus
1189 1711 1282 1787 Dei
1313 1709 1490 1766 Filius
1539 1711 1683 1765 ﬁlius
1718 1712 1960 1767 hominis
2003 1710 2087 1764 fa-

2186 1452 2283 1505 καὶ
2315 1454 2625 1525 ὲρῤἀπτετο
2648 1472 2661 1487 ·
2702 1458 2898 1527 πέτραι
2932 1461 3290 1530 ἐρρήγνυντο,
3325 1463 3418 1515 καὶ
3439 1461 3609 1516 πάλιν
3640 1480 3763 1516 συν-

2186 1544 2425 1613 ήπτοντο
2484 1563 2499 1578 '
2568 1549 2746 1617 μάννα
2798 1554 3155 1619 κατεφέρετο,
3224 1554 3317 1607 καὶ
3369 1554 3762 1623 ὲσξεδιασμένη

2189 1638 2640 1708 παρεσκευάζετο
2686 1643 2937 1712 τράπεζα
2960 1660 2975 1675 ·
3006 1645 3093 1699 διὰ
3138 1645 3235 1715 τὴν
3262 1646 3600 1715 Ἐκκληςίαν
3634 1664 3760 1715 προσ

2190 1729 2360 1798 φῆται
2380 1746 2394 1762 ⁸
2436 1731 2523 1784 διὰ
2552 1733 2651 1801 τὴν
2690 1733 3019 1804 Ἐκκλησίαν
3042 1736 3364 1791 ἀπόστολοι·
3395 1739 3491 1790 καὶ
3512 1738 3570 1791 τί
3596 1739 3761 1791 πολλᾶ

496 1814 630 1859 ctus
663 1818 767 1865 est.
816 1814 877 1858 ut
921 1804 1125 1859 Paulus
1170 1806 1265 1870 ait,
1316 1809 1408 1874 qui
1440 1807 1659 1874 proprio
1678 1804 1817 1859 Filio
1850 1820 1957 1860 non
1996 1820 2070 1875 pe

2188 1797 2368 1886 λέγως
2410 1822 2498 1874 διὰ
2553 1797 2654 1892 την
2694 1797 3025 1896 Ἐκκλησίαν
3073 1831 3101 1882 6
3162 1830 3463 1900 μονογενὴς
3496 1830 3599 1884 τοῦ
3628 1830 3756 1883 Θεοῦ

498 1898 682 1965 percit
706 1938 720 1961 ,
756 1908 813 1951 ut
851 1898 1108 1952 Ecclesiae
1140 1906 1398 1966 parceret
1421 1937 1436 1962 ,
1474 1894 1597 1950 Filii
1638 1897 1724 1951 sui
1762 1898 2082 1967 sanguinein

500 1988 702 2044 effudit
746 2000 966 2060 propter
1012 1988 1335 2043 Eeclesiam.
1382 1988 1481 2043 llic
1521 1989 1748 2059 sanguis
1794 1989 1982 2059 irrigat
2014 1989 2084 2043 il-

498 2084 634 2137 lam.
668 2082 771 2137 Per
801 2097 926 2136 eum
956 2096 1064 2135 non
1102 2092 1329 2149 possunt
1361 2079 1505 2133 illius
1538 2080 1733 2149 plantae
1763 2081 2043 2134 tabescere
2064 2119 2080 2145 ,

510 2188 686 2241 neque
717 2171 844 2224 folia
885 2170 1155 2229 decidere.
1203 2170 1319 2223 Non
1363 2180 1449 2224 est
1490 2170 1727 2225 obnoxia
1769 2179 2078 2239 temporum

498 2264 837 2320 necessariis
866 2263 1102 2327 vicibus,
1132 2278 1305 2331 neque
1329 2263 1559 2331 tempori
1591 2263 1838 2317 inservit.
1868 2263 2081 2318 [Estate

505 2358 725 2426 quidem
774 2357 924 2411 foliis
970 2365 1158 2410 vernat
1187 2397 1200 2419 ,
1253 2355 1445 2425 hyeme
1487 2369 1615 2409 vero
1663 2370 1772 2410 non
1817 2357 2077 2411 nudatur.

495 2450 625 2504 .Non
660 2449 803 2503 enim
837 2458 1143 2518 temporum
1182 2447 1543 2501 necessitates
1568 2486 1583 2511 ,
1616 2447 1707 2502 sed
1741 2450 1917 2515 gratia
1960 2448 2082 2518 Spi-

507 2544 646 2596 ritus
695 2556 814 2596 eam
851 2540 1022 2605 colit;
1075 2549 1356 2609 propterea
1409 2554 1516 2592 non
1565 2538 1861 2605 evellitur,
1906 2554 2080 2607 neque

495 2636 703 2689 mirum
736 2641 821 2689 est
850 2648 973 2688 eam
1008 2648 1115 2688 non
1146 2631 1326 2686 evelli.
1361 2630 1507 2697 Quot
1538 2631 1649 2701 jam
1699 2630 1824 2685 inde
1854 2646 1882 2683 a
1925 2632 2079 2700 prin-

501 2727 646 2797 cipio
686 2725 946 2779 adversus
984 2722 1284 2778 Ecclesiam
1327 2722 1530 2777 bellum
1567 2732 1902 2793 gesserunt,
1944 2737 2072 2777 cum

500 2828 618 2871 crat
650 2817 831 2886 planta
858 2830 1081 2876 recens,
1115 2830 1268 2867 arma
1297 2816 1562 2868 adversus
1599 2828 1718 2867 eam
1750 2824 1877 2867 sunt
1908 2830 2076 2884 expe-

502 2908 652 2962 dita?
679 2908 747 2959 At
783 2922 927 2961 nunc
955 2905 1046 2960 Dei
1078 2904 1254 2974 gratia
1282 2912 1338 2959 et.
1368 2904 1543 2959 sanrti
1579 2903 1818 2972 Spiritus
1855 2906 2072 2969 robore,

488 3011 555 3058 et
578 3002 876 3071 imperator
901 3006 983 3052 est
1005 2998 1149 3066 pius,
1179 3004 1232 3051 et
1262 2997 1487 3060 milites,
1514 3004 1569 3049 et
1591 2995 1771 3051 omnis
1799 3004 1941 3051 terra
1973 2997 2075 3052 ﬁde

490 3101 586 3147 est
612 3090 842 3161 repleta.
876 3090 943 3143 At
985 3088 1039 3142 in
1075 3088 1285 3157 origine
1325 3088 1441 3157 ejus
1464 3130 1480 3153 ,
1520 3088 1575 3141 in
1609 3088 1877 3151 exordio,
1921 3104 2075 3155 reges

492 3184 653 3253 impii
675 3224 691 3249 ,
723 3183 924 3238 milites
959 3179 1249 3249 irreligiosi
1282 3179 1352 3233 ob
1382 3178 1537 3249 jussa
1570 3179 1901 3249 principum.
1949 3181 2073 3236 Arae

489 3274 798 3339 ardebant,
835 3272 1075 3341 undique
1126 3269 1306 3326 fumus
1334 3278 1390 3325 et
1444 3270 1604 3325 nidor
1628 3311 1643 3335 ,
1681 3286 1775 3327 aer
1813 3271 2069 3337 inquina-

492 3367 659 3422 batur
681 3405 699 3430 ,
731 3366 1004 3419 daemones
1035 3361 1478 3428 bacchabantur,
1510 3361 1761 3417 diabolus
1795 3365 2028 3418 saltabat
2052 3407 2065 3431 ,

492 3464 651 3525 pater
685 3453 853 3508 ﬁlium
886 3452 1208 3517 abdicabat,
1247 3451 1394 3508 ﬁlius
1430 3459 1637 3521 patrem
1675 3467 1783 3506 non
1824 3452 2065 3517 colebat,

491 3556 690 3602 natura
726 3545 1079 3601 scindebatur
1112 3552 1174 3600 et
1216 3544 1427 3614 religio.
1469 3542 1574 3599 Ubi
1619 3544 1785 3614 igitur
1818 3546 1909 3615 qui
1946 3546 2066 3600 ausi

493 3645 623 3694 sunt
655 3637 918 3692 adversus
964 3635 1260 3690 Ecclesiam
1305 3635 1361 3688 in
1403 3636 1519 3690 acie
1552 3635 1742 3690 stare?
1777 3635 1912 3690 Cum
1950 3646 2066 3691 erat

494 3730 679 3800 planta
713 3742 925 3792 recens,
948 3742 1056 3781 non
1086 3736 1267 3780 tamen
1300 3726 1552 3796 injuriam
1587 3741 1744 3795 passa
1780 3737 1864 3782 est
1896 3746 1909 3782 :
1940 3744 2063 3782 cum

488 3821 693 3877 caelum
752 3820 1015 3888 attingit,
1070 3832 1261 3886 speras
1320 3816 1468 3871 illam
1528 3832 1688 3887 posse
1745 3819 2065 3875 debellare?

490 3912 722 3977 Quando
757 3909 1012 3965 undecim
1047 3918 1204 3964 erant
1233 3908 1490 3978 apostoli,
1521 3926 1551 3962 a
1583 3912 1796 3965 nemine
1821 3913 2062 3983 superati

491 4013 665 4058 sunt:
696 4003 805 4055 imo
848 4015 976 4055 vero
1021 4001 1270 4056 undecim
1301 4043 1318 4068 ,
1354 4011 1433 4056 tot
1474 4002 1641 4056 millia
1695 4002 2061 4061 Ecclesiarttm

487 4103 620 4149 sunt
646 4093 931 4162 expiscati.
962 4090 1133 4146 Nune
1164 4107 1287 4146 cum
1327 4101 1470 4147 terra
1498 4105 1556 4147 et
1596 4109 1743 4149 mare
1771 4135 1786 4158 ,
1827 4096 1973 4150 culta
2009 4105 2063 4151 et

488 4185 863 4242 inhabitabilis
885 4224 901 4251 ,
949 4185 1097 4254 regio
1140 4194 1196 4239 et
1232 4186 1361 4239 urbs
1384 4225 1399 4249 ,
1432 4193 1487 4240 et
1519 4200 1712 4240 omnes
1755 4185 1889 4243 ﬁnes
1921 4190 2059 4245 reli-

454 4320 459 4325 .
486 4279 647 4347 gione
675 4278 856 4333 referti
889 4285 1052 4342 sunt,
1086 4287 1216 4332 tunc
1244 4292 1436 4345 speras
1471 4280 1518 4332 ei
1551 4279 1867 4334 dominari?
1902 4282 1969 4336 At
2002 4293 2058 4338 tu

489 4386 596 4427 non
649 4382 825 4442 potes.
858 4369 1114 4426 Christus
1146 4369 1284 4424 dixit
1309 4410 1324 4436 ,
1364 4370 1507 4439 quod
1550 4382 1717 4440 portae
1750 4370 1911 4427 inferi
1949 4390 2057 4429 non

486 4464 856 4534 praevalebunt
887 4461 1151 4516 adversus
1180 4476 1322 4516 eam.
1353 4460 1593 4517 Facilius
1623 4473 1704 4517 est
1738 4468 1935 4518 coelum
1967 4466 2060 4521 de—
2086 4482 2138 4542 ι)

486 4557 586 4609 leri
614 4562 665 4609 et
698 4565 896 4609 terram
924 4554 1300 4619 exterminari,
1329 4570 1490 4623 quam
1526 4554 1821 4610 Ecclesium
1852 4560 2059 4613 exstin-

486 4648 596 4716 gui.
645 4647 777 4713 Quis
820 4647 938 4700 haec
978 4645 1165 4703 dicil?‘
1203 4648 1321 4716 Ipse
1361 4645 1655 4712 Christus,
1690 4665 1708 4698 ι
1744 4647 1957 4704 Caelum
1999 4663 2055 4706 et

485 4746 629 4787 terra
656 4736 987 4801 transibunt,
1009 4737 1172 4790 verba
1190 4747 1371 4790 autem
1407 4752 1524 4790 mea
1554 4753 1829 4808 nunquam
1866 4748 2053 4796 trans-

485 4824 662 4879 ibunt.
715 4844 733 4875 ι
775 4824 840 4877 Ει
871 4837 1031 4880 recte.
1076 4827 1207 4881 Nam
1240 4828 1333 4883 Dei
1375 4830 1597 4884 verbum
1634 4832 1753 4901 ipso
1794 4834 1936 4887 coelo
1969 4844 2053 4889 est

486 4916 777 4985 potentius.
815 4918 940 4983 quia
967 4918 1164 4970 ccelum
1205 4929 1286 4973 est
1317 4936 1455 4989 opus
1496 4924 1669 4977 verbi.
1711 4927 1853 4980 Dixit
1885 4928 2048 4994 Deus,

483 5009 602 5063 Fiat
635 5010 855 5073 caelum,
893 5016 945 5062 et
978 5008 1200 5061 verbum
1242 5009 1342 5065 fuit
1373 5028 1531 5081 opus.
1580 5017 1915 5103 Excurrebgt
1962 5035 2055 5072 na-

482 5113 604 5158 tura
629 5106 845 5157 nemine
875 5103 1221 5173 impediente,
1247 5110 1504 5172 quoniam
1530 5110 1645 5179 ipse
1675 5112 1944 5168 Dominus
1971 5123 2055 5168 est

484 5206 689 5250 natura:
716 5209 767 5251 et
795 5213 913 5250 eam
944 5198 1286 5252 immutandi.
1312 5196 1421 5267 Ego
1452 5214 1568 5253 eam
1596 5204 1876 5259 substruxi
1908 5247 1923 5269 ,
1961 5205 2053 5274 qui

479 5289 678 5342 cwluin
697 5287 977 5354 constitui;
995 5286 1088 5340 sed
1107 5303 1204 5356 pro
1226 5287 1365 5342 emlo
1383 5291 1703 5359 sanguinem
1730 5310 1836 5348 non
1860 5295 2049 5361 elfudi,

480 5396 578 5449 pro
609 5380 747 5434 coelo
782 5380 932 5435 cruci
968 5396 1075 5433 non
1127 5380 1203 5434 fui
1250 5379 1463 5449 aﬂixus,
1496 5399 1593 5452 pro
1644 5387 1784 5440 crelo
1820 5390 2050 5446 caeleste

480 5488 678 5542 corpus
712 5488 815 5527 non
851 5476 1143 5543 assumpsi.
1181 5477 1286 5529 Sed
1315 5477 1443 5545 quid
1480 5476 1601 5530 dico
1634 5478 1700 5532 de
1726 5483 1863 5539 coelo
1896 5486 2048 5543 iAn-

479 5566 719 5633 geloium
765 5581 962 5636 corpus
1009 5583 1115 5620 non
1168 5571 1488 5638 assumpsi:
1537 5581 1597 5625 ut
1644 5572 1915 5647 intelligas
1964 5598 2050 5636 me

2187 1912 2334 1977 Υίὺς,
2377 1915 2492 1978 υίὸς
2529 1917 2819 1988 ἀνθρώπου
2853 1920 3094 1985 ἐγένετο,
3119 1922 3196 1987 ὥς
3244 1941 3412 1994 φησιν
3436 1925 3466 1977 6
3501 1925 3715 1987 Παῦλος
3738 1943 3749 1955 ·

2186 2005 2244 2067 ὃς
2266 2023 2327 2073 γε
2351 2007 2443 2060 τοῦ
2478 2009 2610 2063 ίδίου
2643 2009 2773 2064 Υἱοῦ
2804 2013 2907 2067 οὐκ
2954 2015 3227 2080 ἐφείσατο,
3268 2017 3353 2068 ἵνα
3387 2017 3486 2085 τῆς
3529 2018 3756 2083 Ἐκκλη-

2187 2098 2307 2161 σίας
2355 2101 2611 2173 φείσηται
2633 2120 2649 2136 ·
2684 2105 2745 2158 τὸ
2774 2104 2917 2176 αἷμα
2949 2107 3043 2162 τοῦ
3077 2101 3208 2163 Υίοῦ
3247 2110 3417 2163 αὐτοῦ
3447 2112 3641 2183 ἐξέχεε
3672 2114 3752 2167 διὰ

2184 2190 2280 2262 τὴν
2312 2192 2679 2264 Ἐκκλησίαν·
2727 2199 2886 2252 τοῦτο
2936 2201 3110 2269 αὐτὴν
3165 2203 3317 2272 ἄρδει
3349 2206 3410 2257 τὸ
3456 2203 3606 2274 αἷμα
3632 2221 3651 2239 ·
3678 2207 3754 2259 διὰ

2183 2284 2345 2340 τοῦτο
2376 2288 2547 2358 αὐτῆς
2579 2291 2645 2343 τά
2678 2294 2822 2360 φυτὰ
2856 2294 3209 2363 μαρανθῆναι
3237 2297 3297 2347 οὐ
3327 2296 3614 2363 δύνανται,
3645 2298 3753 2349 οὐδὲ

2184 2380 2552 2451 φυλλορροεῖ·
2587 2384 2685 2453 οὐχ
2738 2384 3025 2438 ὑπόκειται
3089 2387 3299 2456 καιρῶν
3339 2390 3651 2457 ἀνάγκαις·
3698 2394 3750 2443 οὐ

2180 2471 2424 2527 δουλεύει
2447 2475 2625 2547 χρόνῳ
2645 2491 2657 2503 ’
2688 2478 2746 2531 ἐν
2778 2479 2927 2548 θέρει
2968 2480 3067 2545 μὲν
3099 2464 3329 2550 κόμῶσα
3357 2485 3466 2546 τοῖς
3509 2483 3750 2550 φύλλοις,

2181 2566 2239 2616 ἐν
2290 2565 2347 2617 δέ
2414 2568 2647 2636 χειμῶνι
2695 2570 2757 2622 οὐ
2815 2575 3200 2642 γυμνουμένη·
3258 2574 3320 2625 οὐ
3379 2575 3492 2642 γὰρ
3548 2575 3751 2644 καιρῶν

2181 2657 2420 2727 ἀνάγκη,
2453 2659 2625 2730 ἀλλ⁹ή
2661 2661 2755 2714 τοῦ
2806 2664 3126 2731 Πνεύματος
3155 2666 3328 2734 αὐτὴν
3363 2668 3528 2736 χάρις
3576 2683 3750 2737 γεωρ·

2179 2751 2295 2816 γεῖ·
2327 2750 2415 2803 διὰ
2438 2752 2599 2805 τοῦτο
2625 2755 2725 2807 οὐκ
2780 2757 3117 2812 ἀνασπᾶται.
3163 2759 3302 2813 Ἀλλ’
3332 2762 3435 2814 οὐκ
3465 2762 3589 2815 ἐστι
3627 2764 3748 2815 θαυε

2183 2843 2412 2912 μαστὸν,
2441 2845 2522 2899 ὅτι
2550 2845 2651 2898 οὐκ
2679 2847 3028 2902 ἀνασπᾶται·
3061 2853 3221 2906 πόσοι
3253 2854 3310 2920 ἐξ
3340 2854 3520 2923 ἀρχῆς
3564 2855 3748 2907 ἐπολέο

2176 2953 2367 3005 μησαν
2404 2937 2504 3007 τὴν
2540 2938 2893 3011 Ἐκκλησίαν,
2930 2946 3018 2997 ὅτε
3060 2947 3322 3016 νεόφυτος
3349 2943 3418 3020 ἦν
3448 2951 3595 3002 ὅπλα
3635 2951 3747 3005 κατ’

2180 3031 2350 3098 αὐτῆς
2400 3031 2734 3101 ἐκινήθησαν
2756 3052 2769 3065 ·
2805 3036 2905 3088 νῦν
2937 3037 3036 3104 μὲν
3087 3038 3196 3107 γὰρ
3229 3041 3319 3093 διὰ
3348 3043 3451 3112 τὴν
3485 3044 3581 3096 τοῦ
3616 3044 3741 3097 θεοῦ

2098 3125 2146 3185 c
2178 3120 2340 3219 χάριν
2367 3124 2461 3176 καὶ⁸
2495 3127 2595 3197 τὴν
2616 3125 2709 3179 τοῦ
2737 3128 3059 3198 Πνεύματος
3084 3129 3340 3200 δύναμιν,
3370 3135 3465 3187 καὶ
3497 3135 3741 3205 βασιλεὺς
3884 3160 3885 3219 γ

2174 3213 2235 3265 ἐν
2286 3214 2560 3289 εὐσεϐείᾳ,
2615 3222 2705 3273 καὶ
2745 3224 3140 3295 στρατηλάται,
3206 3229 3300 3281 καὶ
3360 3230 3393 3298 ή
3450 3233 3741 3301 οἰκουμένη

2173 3309 2325 3361 πᾶσα
2353 3308 2451 3381 τῆς
2496 3312 2732 3378 πίστεως
2765 3317 3136 3381 ἐμπίπλαται.
3170 3320 3305 3374 Τότε
3336 3324 3393 3377 δὲ
3423 3325 3481 3376 ἐν
3510 3326 3657 3399 ἀρχῇ
3690 3328 3742 3380 ἐν

2172 3401 2486 3471 προοιμίοις
2518 3403 2760 3473 βασιλεῖς
2790 3409 2847 3462 ἐν
2900 3411 3125 3484 ἀσεϐείᾳ
3149 3429 3164 3443 ·
3198 3416 3569 3485 στρατηλάται
3621 3424 3746 3473 ἀσε-

2169 3492 2317 3556 ϐεῖς·
2354 3493 2697 3565 διατάγματα
2734 3500 3049 3570 ἀρχόντων·
3106 3504 3282 3575 βωμοὶ
3336 3509 3739 3579 ἀναπτόμενοι·

2171 3587 2449 3657 πανταχοῦ
2476 3592 2700 3657 καπνὸς,
2724 3593 2817 3645 καὶ
2848 3595 3095 3662 κνίσσαις
3130 3598 3241 3669 ἀὴρ
3265 3601 3588 3669 ἐμολύνετο·
3637 3608 3745 3659 δαι-

2172 3696 2333 3749 μονες
2363 3681 2665 3752 ἐϐάκχευον
2687 3699 2700 3714 ’
2738 3686 2985 3751 διάϐολος
3012 3691 3239 3760 ἐχόρευε
3261 3712 3275 3725 ·
3310 3670 3745 3770 πατὴρ-ἀπεκή-

2169 3788 2359 3842 ρυττεν
2378 3775 2510 3839 υίὸν,
2530 3777 2639 3839 uie,
2656 3778 2887 3849 ἠτίμαζε
2914 3782 3118 3851 πατέρα
3138 3799 3152 3813 ’
3171 3787 3201 3854 ή
3223 3787 3379 3854 φύσις
3399 3790 3649 3862 ἐσχίζετο
3664 3796 3745 3848 καὶ

2166 3865 2442 3921 εὐσέϐεια.
2496 3869 2608 3922 Ποῦ
2660 3871 2844 3925 τοίνυν
2894 3876 2943 3926 οἱ
2975 3877 3284 3945 τολμῶντες
3323 3883 3388 3951 τῇ
3438 3881 3742 3957 Ἐκκλησία

2166 3959 2777 4029 ἀντιπαρατάττεσθαις
2812 3964 2947 4018 Ὅτε
3000 3968 3261 4037 νεόφυτος
3295 3968 3384 4042 ἦν,
3420 3974 3520 4027 οὐκ
3555 3978 3740 4047 ἠδική-

2168 4049 2235 4119 θη
2260 4069 2273 4082 ·
2309 4052 2397 4104 ὅτε
2425 4053 2520 4106 τοῦ
2546 4053 2783 4124 οὐρανοῦ
2811 4057 3013 4127 ἥψατο,
3047 4062 3357 4133 προσδοκᾷς
3387 4067 3557 4136 αὐτῆς
3584 4084 3741 4139 περι-

2165 4142 2445 4210 γενέσθαι.
2491 4146 2623 4198 ’Ὁτε
2678 4146 2871 4200 ἕνδεκα
2919 4144 3061 4219 ἦσαν
3101 4153 3409 4217 ἀπόστολοι,
3461 4158 3581 4211 οὐδὲ
3646 4155 3737 4223 εἷς,

2164 4235 2347 4287 αὐτῶν
2382 4238 2710 4309 ἐκράτησεν,
2743 4240 2864 4292 ἀλλ’
2903 4245 2951 4294 οξ
2996 4245 3189 4299 ἕνδεκα
3221 4251 3491 4314 τοσαύτας
3546 4256 3739 4325 μυριά-

2159 4324 2258 4388 δας
2291 4328 2686 4398 ὲσαγήνευσαν.
2738 4332 2874 4398 Νῦν,
2911 4334 2999 4386 ὅτε
3039 4338 3071 4405 ἡ
3105 4339 3176 4406 γῆ
3213 4342 3306 4393 καὶ
3364 4324 3639 4407 θάλασσα,
3673 4349 3737 4398 elo

2162 4419 2405 4489 κουμένη
2438 4422 2531 4474 καὶ
2563 4420 2837 4490 ἀοίκητος,
2892 4427 3046 4496 χώρα
3103 4431 3198 4484 καὶ
3241 4432 3395 4494 πόλις
3423 4436 3519 4489 καὶ
3561 4440 3736 4492 πάντα

2164 4509 2235 4562 τὰ
2266 4511 2502 4579 πέρατα,
2535 4514 2632 4581 τῆς
2680 4516 2962 4582 εὐσεϐείας
3021 4523 3290 4592 ἐπλήσθη,
3325 4528 3447 4581 τότε
3496 4528 3735 4596 ἐλπῖζειε

2164 4603 2334 4673 αὐτῆς
2369 4608 2679 4675 κρατῆσαι;
2723 4609 2864 4662 Ἀλλ’
2918 4614 2979 4664 οὐ
3024 4614 3288 4668 δύνασαι·
3326 4621 3565 4686 Χριστὸς
3614 4628 3735 4677 ἀπε-

2164 4699 2393 4766 φήνατο,
2425 4699 2505 4751 ὅτι
2545 4701 2710 4754 πύλαι
2761 4702 2891 4775 ᾆδον
2946 4707 3007 4759 οὐ
3066 4713 3491 4781 κατισχύσουσιν
3544 4719 3730 4786 αὐτῆς.

2163 4784 2542 4859 Εὐκολώτερόν
2569 4792 2685 4844 ἐστι
2709 4793 2799 4845 τὸν
2835 4794 3067 4863 οὐρανδν
3100 4803 3489 4873 ἀφανισθῆναι,
3515 4811 3616 4860 καὶ
3644 4784 3732 4877 τήν

2163 4877 2268 4948 γῆν
2304 4880 2677 4954 ἀπολέσθαι,ἢ
2712 4885 2810 4956 τὴν
2830 4886 3162 4957 Ἐκκλησίαν
3195 4895 3404 4950 παθεῖν.
3439 4899 3536 4961 Τίς
3566 4902 3727 4953 ταῦτα

2156 4970 2304 5037 λέγει
2332 4990 2345 5039 ;
2380 4976 2541 5039 αὐτὸς
2574 4977 2601 5029 6
2629 4978 2880 5046 Χριστός·
2912 5000 2932 5032 ι
2960 4982 3016 5037 Ὀ
3045 4985 3268 5054 οὐρανὸς
3292 4989 3434 5059 καὶὴ
3459 4991 3527 5061 γῆ
3566 5010 3728 5064 παρι-

2152 5064 2422 5131 λεύσεται,
2471 5070 2519 5120 οἱ
2548 5070 2604 5123 δὲ
2660 5072 2808 5141 λόγοι
2844 5092 2947 5145 μου
2981 5078 3041 5129 οὐ
3080 5082 3154 5148 μὴ
3188 5082 3523 5150 παρέλθωσι.
3563 5104 3584 5137 ι
3622 5090 3721 5139 Καὶ

2153 5154 2328 5245 καλῶς
2362 5171 2376 5184 ‘
2413 5157 2440 5208 6
2480 5161 2586 5226 γὰρ
2617 5160 2776 5228 λόγος
2809 5163 2903 5216 τοῦ
2935 5166 3091 5232 Θεοῦ,
3149 5169 3314 5222 αὐτοῦ
3364 5172 3460 5224 τοῦ
3495 5175 3719 5245 οὐρανοῦ

2152 5244 2524 5317 δυνατώτερος
2554 5258 2571 5276 ‘
2604 5252 2632 5303 6
2666 5253 2772 5323 γὰρ
2798 5256 3047 5326 οὐρανὸς,
3079 5258 3238 5326 ἔργον
3289 5263 3383 5315 τοῦ
3430 5264 3614 5332 λόγου.
3641 5266 3723 5321 Εἷ-

2158 5354 2258 5429 πεν
2290 5339 2317 5390 6
2353 5339 2506 5403 Θεὸς,
2546 5342 2838 5415 Γενηθήτω
2891 5347 3144 5420 οὐρανὸς,
3172 5354 3266 5406 καὶ
3301 5356 3328 5406 6
3360 5355 3518 5423 λόγος
3565 5360 3719 5429 ἔργον

2159 5428 2398 5494 ἐγένετο.
2427 5431 2691 5501 Ἐτρεχεν
2745 5436 2776 5503 ἡ
2814 5435 3002 5504 φύσις,
3044 5442 3137 5492 καὶ
3183 5443 3243 5495 τὸ
3292 5445 3501 5497 κωλῦον
3531 5428 3714 5501 οὐδέν’

2156 5519 2248 5571 καὶ
2280 5520 2389 5611 γαρ
2431 5522 2697 5594 δεσπότης
2720 5528 2847 5581 ’ἐστὶ
2881 5532 2980 5598 τῆς
3012 5532 3249 5600 φύσεως,
3284 5537 3381 5590 καὶ
3428 5540 3524 5591 τοῦ
3552 5540 3715 5611 αὐτὴν

2159 5610 2502 5677 μεταϐαλεῖν.
2532 5614 2674 5684 Ἐγὼ
2707 5619 2876 5692 αὐτὴν
2900 5621 3314 5696 ᾠκοδόμησα,“ὀ
3356 5629 3448 5682 τὸν
3494 5610 3713 5702 οὐρανόν

548 5765 628 5837 ll)
664 5765 742 5821 Ex
773 5768 1163 5845 Chrysostomo
1186 5815 1201 5844 ,
1231 5780 1372 5849 quod
1402 5783 1582 5836 omnia
1612 5793 1834 5854 propter
1867 5784 2165 5845 Ecclesium
2197 5792 2322 5848 fecit
2359 5794 2524 5851 Deus.
2611 5757 2614 5759 Δ
