3966 6198
281 333 416 396 Ῑ“85

979 324 1130 384 PRO
1167 322 1377 381 CONC.
1421 315 1790 377 FLURENT.
1819 311 1981 372 CAP.
2011 313 2081 375 V.
2119 307 2216 369 DE
2251 305 2604 368 PRM-[ATU
2631 301 2870 365 PAPEE.

3371 287 3516 358 I386

279 450 479 518 στήσας
503 460 514 473 '
551 442 666 497 ἀλλ’
689 439 826 509 ὑπὲρ
859 436 1088 510 ούρανοῦ
1111 431 1250 503 αἷμα
1280 435 1381 486 οὐκ
1410 431 1625 500 ὲξέχεον
1653 447 1664 459 ·
1700 427 1842 496 ὑπὲρ
1875 474 1878 484 ,

1984 423 2242 480 ἰεςιρεῑωη
2269 421 2440 490 magis
2471 419 2766 482 aestimare,
2800 429 2962 484 quam
2994 408 3191 469 crelum
3212 419 3266 466 et
3294 419 3515 471 terram,

277 536 510 608 ούρανοῦ
545 535 645 587 οὐκ
695 529 1079 600 ἑσταυρὼθην·
1125 527 1270 594 ὑπὲρ
1305 524 1536 595 ούρανοῦ
1591 523 1842 592 οὒράνιον

280 630 438 698 σῶμα
467 625 567 680 οὐκ
591 623 886 679 ἀνέλαϐον·
919 621 1011 673 καὶ
1049 621 1101 672 τί
1135 618 1278 684 λέγω
1303 614 1537 686 ούρανοῦ
1561 631 1575 681 ;
1599 612 1846 681 ἀγγέλων

281 721 442 789 σῶμα
497 718 598 770 οὐκ
652 713 952 767 ἀνέλαϐον⁹
996 711 1081 764 ἵνα
1116 708 1297 780 μάθῃς
1351 707 1434 760 ὅτι
1484 703 1716 774 ούρανοῦ
1751 707 1848 758 καὶ

281 813 526 879 ἀγγέλων
552 808 646 862 καὶ
671 805 850 874 πάσης
876 804 972 872 τῆς
1000 803 1235 863 κτίσεως
1264 801 1298 870 ἡ
1321 797 1623 866 Ἐκκλησία
1648 814 1850 864 τιμιω-

285 906 437 972 τέρα.
476 901 575 953 Διὰ
605 897 783 962 τοῦτο,
816 913 834 946 ι
858 895 919 948 ’0
958 893 1187 963 οὐρανὸς
1222 891 1372 960 καὶή
1405 889 1479 959 γῆ
1516 885 1850 958 παρελεύσε-

284 1012 396 1060 ται,
418 995 466 1046 οἱ
500 993 556 1045 δὲ
584 990 732 1058 λόγοι
767 1004 869 1058 μου
903 987 964 1040 ού
1002 986 1078 1055 μὴ
1103 983 1500 1052 παρέλθωσιν.»
1538 978 1852 1034 Εὐκολώτε-

287 1100 380 1152 ρον
417 1081 509 1134 τὸν
539 1077 763 1150 οὐρανὸν
798 1075 1188 1145 ἀφανισθῆναι,
1227 1072 1323 1126 καὶ
1351 1072 1450 1142 τὴν
1484 1072 1588 1139 γῆν
1623 1068 1853 1136 σϐεσθῆ-

287 1193 395 1241 ναι,
427 1175 460 1243 ἢ
484 1173 612 1236 τοὺς
628 1170 826 1238 λόγους
855 1168 982 1230 τοὺς
1008 1167 1174 1238 ἐμοὺς
1200 1166 1503 1220 διαπεσεῖν.
1533 1164 1689 1226 Τίνες
1716 1157 1856 1232 ἦσαν

283 1270 333 1322 oi
366 1266 516 1335 λόγοι
572 1263 760 1328 αὐτοῦ,
815 1264 873 1315 ὲν
925 1261 1074 1330 μέσῳ
1133 1256 1502 1328 παράξωμεν⁹
1535 1256 1736 1324 ἴδωμεν
1780 1252 1859 1324 μὴ

285 1357 542 1409 διέπεσαν
561 1369 578 1386 ⁶
626 1356 726 1406 οὐκ
755 1350 1088 1421 spuicam.»
1118 1346 1252 1417 ἐγὼ,
1283 1347 1422 1402 ἀλλὰ
1457 1347 1550 1399 τὸν
1577 1344 1856 1415 αἱρετικὸν

289 1445 649 1518 ἑπιστομίζω.
686 1446 752 1498 Τί
779 1441 872 1498 οὖν
906 1446 1046 1497 εἰσιν
1075 1443 1124 1496 οἱ
1178 1441 1364 1510 λόγοι;
1411 1438 1470 1493 '0
1500 1437 1730 1505 οὐρανὸς
1764 1438 1860 1491 καὶ

290 1541 324 1609 ἡ
354 1539 427 1606 γῆ
459 1536 912 1606 παρελεύσονται,
938 1535 989 1587 οί
1043 1533 1100 1588 δὲ
1130 1533 1279 1602 λόγοι
1309 1551 1411 1604 μου
1445 1530 1506 1584 οὐ
1538 1529 1614 1602 μὴ
1661 1529 1860 1599 παρέλι-

293 1631 446 1684 θωσι.
487 1630 646 1690 Ποῐος
685 1629 838 1694 λόγος
869 1643 884 1693 ;
927 1626 1032 1679 «Σὺ
1064 1622 1113 1679 εἰ
1141 1626 1350 1695 Πέτρος
1375 1665 1389 1688 ,
1417 1623 1513 1677 καὶ
1554 1625 1648 1675 ἐπὶ
1682 1621 1860 1693 ταύτῃ

290 1725 357 1792 τῇ
419 1720 598 1792 πέτρα
650 1719 996 1789 οἰκοδομήσω
1057 1734 1158 1787 μου
1204 1718 1304 1785 τὴν
1339 1715 1706 1786 Ἐκκλησίαν·
1765 1715 1860 1769 καὶ

293 1815 462 1868 πύλαι
491 1813 620 1884 ᾅδου
652 1813 713 1866 ού
755 1811 1177 1882 κατισχύσουσιν
1195 1811 1416 1881 αὐτῆς.»
1442 1809 1568 1864 Ἐπὶ
1589 1809 1762 1878 ταύτῃ
1794 1811 1860 1878 τῇ

293 1907 492 1976 πέτρᾳ,
523 1907 624 1958 οὐκ
679 1900 834 1957 εἷπεν
865 1905 958 1958 ἐπὶ
995 1905 1208 1981 Πέτρῳ,
1239 1903 1299 1956 οὗ
1347 1904 1456 1972 γὰρ
1517 1902 1612 1954 ἐπὶ
1646 1900 1722 1971 τῷ
1769 1902 1866 1954 ἁν-

295 1999 521 2068 θρώπῳ,
565 1997 680 2052 ἀλλ’
713 1999 807 2052 ἐπὶ
841 1999 909 2067 τῇ
941 1996 1122 2050 πίστει
1162 1997 1254 2050 τοῦ
1291 1997 1520 2064 Πέτρου,
1545 1995 1644 2064 τὴν
1668 1992 1862 2046 ἑαυτοῦ

307 2089 636 2158 Ἐκκλησίαν
667 2088 1017 2158 ᾠκοδόμησεν
1043 2107 1055 2120 ·
1083 2088 1210 2142 τίδὲ
1239 2085 1306 2158 ἦν
1332 2090 1365 2158 η
1400 2089 1580 2149 πίστις
1607 2103 1620 2153 ;
1665 2105 1680 2138 ι
1712 2087 1783 2138 Σὺ
1817 2080 1869 2136 εἷ

295 2183 325 2234 ό
355 2182 590 2250 Χριστὸς
613 2182 638 2233 ό
658 2180 785 2244 Υἱὸς
811 2180 906 2234 τοῦ
933 2179 1068 2234 Θεοῦ
1093 2179 1188 2232 τοῦ
1212 2179 1470 2242 ζῶντος.»
1506 2180 1715 2246 Πέτραν
1741 2178 1867 2232 exa-

299 2277 422 2330 λεσε
473 2276 574 2347 τὴν
614 2275 964 2345 Ἐκκλησίαν,
999 2274 1300 2343 δεχομένην
1353 2273 1598 2343 κύματα,
1643 2273 1736 2324 καὶ
1792 2271 1869 2340 μὴ

303 2368 714 2438 σαλευομένην*
768 2367 1004 2435 καὶγὰρ
1057 2367 1085 2436 ί)
1129 2366 1426 2435 Ἐκκλησία
1484 2367 1698 2435 δέχεται
1757 2381 1873 2416 πει-

305 2459 570 2529 ρασμοὺς,
600 2458 715 2511 ἀλλ’
754 2457 814 2510 ού
846 2458 1087 2512 νικᾶται.
1127 2457 1192 2509 Τί
1234 2452 1325 2510 οὖν
1371 2459 1518 2509 ἐστιν
1552 2459 1643 2508 ἐπὶ
1678 2458 1742 2526 τῇ
1780 2456 1874 2507 πέ-

307 2568 454 2619 τρᾳ;
488 2551 767 2603 τουτέστιν
826 2552 917 2601 ὲπί
971 2552 1035 2619 τῇ
1073 2551 1336 2620 ὁμολογίᾳ
1368 2549 1460 2602 106
1502 2550 1730 2617 Πέτρου,
1772 2549 1874 2600 οὐκ

307 2646 400 2696 ἐπὶ
433 2645 709 2714 χρήμασιν
736 2661 748 2674 ο
781 2644 841 2696 ού
897 2643 1079 2703 λίθους
1115 2643 1350 2712 βάλλεις,
1393 2643 1452 2694 ού
1489 2642 1644 2709 ξύλα,
1681 2642 1739 2693 ού
1797 2659 1877 2694 σι-

308 2739 534 2806 δήριον;
572 2738 727 2804 Οὐχὶ,
763 2735 930 2804 φησίν
955 2750 967 2764 ·
999 2737 1058 2788 ού
1121 2737 1229 2805 γάρ
1263 2737 1412 2788 ἐστιν
1464 2735 1693 2804 αἰσθητὴ
1731 2735 1876 2786 οἱκο-

310 2831 481 2900 δομή·
521 2829 690 2881 ταῦτα
719 2825 804 2880 οἷα
858 2829 923 2880 ἂν
958 2828 1066 2896 εἴη,
1102 2827 1178 2898 τῷ
1213 2829 1388 2898 χρόνῳ
1432 2829 1618 2881 λύεται
1645 2848 1656 2860 ·
1684 2832 1876 2898 ὁμολο-

311 2921 437 2989 γίαν
471 2921 527 2972 δὲ
588 2921 715 2972 οὗτε
741 2920 992 2987 δαίμονες
1023 2923 1245 2991 νικῆσαι
1276 2921 1529 2974 δύνανται
1559 2938 1571 2951 ·
1609 2923 1700 2973 καὶ
1737 2939 1878 2992 μαρ-

311 3009 566 3080 τυροῦσιν
621 3009 668 3061 οί
729 3007 1030 3077 μάρτυρες,
1068 3011 1116 3062 oi
1151 3016 1248 3072 τὰς
1308 3011 1550 3080 πλευρὰς
1604 3009 1876 3078 ξεὸμενοι,

1949 527 2002 572 et
2048 531 2265 571 omnem
2317 523 2648 578 creaturam,
2695 521 2752 566 et
2800 507 2921 563 ideo
2963 524 2980 558 ι
3015 505 3321 561 caelum-et
3375 507 3520 556 terra

1953 609 2280 672 transibunt,
2339 607 2506 662 verba
2571 614 2751 660 autem
2809 615 2928 657 mea
2983 610 3266 668 nunquam
3317 595 3523 650 transi-

1951 701 2108 769 bunt,
2141 721 2158 752 ι
2212 700 2428 755 facilius
2449 705 2532 754 est
2558 697 2753 754 coelum
2781 691 2984 750 aboleri
3015 701 3067 747 et
3095 698 3293 745 terram
3317 687 3523 742 exstin-

1954 796 2064 864 gui,
2099 804 2262 864 quam
2302 806 2420 848 mea
2452 792 2617 846 verba
2644 787 2992 844 intercidere.
3025 781 3218 852 Qualia
3253 780 3364 836 sint
3395 792 3525 834 νοτι-

1955 888 2022 942 ba
2052 885 2244 954 ejusin
2274 883 2510 938 medium
2543 881 2898 937 deducamus.
2932 879 3228 933 Videamus
3259 890 3325 928 an
3351 873 3526 928 inter-

1956 978 2211 1032 riderint.
2232 975 2346 1031 Non
2379 985 2577 1029 revoco
2619 985 2718 1042 ego
2762 972 2814 1025 in
2845 969 3094 1034 dubium,
3128 966 3221 1023 sed
3256 963 3526 1021 haereticis

1958 1085 2019 1125 os
2043 1070 2294 1125 obstruo.
2330 1066 2523 1132 Qualia
2556 1074 2684 1119 sunt
2713 1062 2878 1118 verba
2908 1062 2932 1115 ἲ
2966 1079 2983 1114 t
3013 1059 3225 1116 C(Blum
3277 1067 3330 1113 et
3383 1061 3530 1112 terra

1959 1163 2287 1224 transibunt,
2312 1162 2478 1215 verba
2511 1167 2688 1213 autem
2709 1169 2828 1211 mea
2859 1167 3136 1224 nunquam
3161 1151 3523 1206 transibunt.-

1960 1253 2131 1320 Quale
2179 1251 2460 1306 verbum?
2500 1267 2519 1300 ι
2548 1247 2630 1304 Tu
2691 1262 2752 1302 es
2799 1227 3127 1310 Petrusfet
3175 1254 3340 1312 super
3381 1241 3527 1296 hanc

1961 1353 2167 1416 petram
2200 1343 2480 1399 aedificabo
2512 1341 2811 1396 Ecclesium
2839 1351 3037 1403 meam,
3068 1345 3127 1392 et
3160 1344 3330 1408 porta:
3365 1331 3530 1389 inferi

1962 1451 2070 1492 non
2103 1435 2476 1505 praevalebunt
2505 1433 2774 1489 adversus
2799 1446 2941 1488 eam.
2973 1448 2992 1482 ι
3025 1459 3094 1473 --
3134 1446 3154 1482 ι
3185 1428 3362 1498 Super
3391 1425 3536 1481 hanc

1964 1534 2205 1600 petram,
2256 1546 2275 1581 ι
2335 1525 2493 1592 dixit,
2546 1541 2656 1582 non
2690 1525 2749 1582 in
2790 1524 2998 1592 Petro;
3029 1537 3138 1580 non
3186 1523 3332 1578 enim
3370 1534 3537 1591 super

1967 1621 2264 1685 hominem,
2317 1618 2412 1675 sed
2450 1634 2616 1690 super
2651 1617 2810 1674 fidem
2848 1617 2996 1673 Petri
3027 1615 3328 1672 Ecclesiam
3376 1630 3536 1670 suam

1968 1712 2237 1768 fundavit.
2274 1710 2416 1778 Quid
2443 1721 2623 1766 autem
2649 1720 2770 1766 erat
2805 1709 2992 1766 ﬁdes?
3035 1728 3054 1764 ι
3087 1710 3168 1766 Tu
3198 1725 3258 1766 es
3289 1710 3540 1765 Christus

1968 1799 2138 1854 Filius
2172 1799 2266 1854 Dei
2299 1799 2430 1854 vivi.
2458 1817 2476 1851 ι
2513 1798 2729 1855 Petram
2761 1800 2978 1855 vocavit
3031 1799 3332 1857 Ecelesiam
3363 1801 3542 1856 undas

1965 1890 2324 1959 excipientem
2359 1928 2374 1955 ,
2403 1891 2495 1945 sed
2538 1905 2648 1944 non
2685 1905 3011 1946 concussam
3053 1909 3067 1946 :
3111 1890 3353 1946 Ecclesia
3386 1907 3540 1946 nam-

1969 1995 2072 2052 que
2116 1981 2348 2052 suscipit
2404 1981 2754 2050 tentationes,
2791 1991 2848 2037 at
2891 1997 2999 2038 non
3037 1993 3346 2054 superatur.
3395 1983 3539 2051 Quid

1969 2090 2100 2145 ergo
2128 2084 2209 2129 cst
2243 2093 2262 2126 ι
2296 2089 2465 2144 super
2494 2085 2710 2145 petram
2746 2075 2768 2128 ἳ
2798 2094 2816 2127 ι
2837 2076 2893 2132 id
2922 2087 3029 2143 est,
3058 2087 3223 2147 super
3245 2075 3546 2132 confessio-

1980 2183 2101 2220 nem
2136 2165 2300 2232 Petri,
2339 2183 2444 2221 non
2469 2182 2633 2236 super
2663 2181 2815 2235 opes.
2849 2166 2969 2222 Non
3003 2166 3080 2236 (l)
3121 2167 3484 2238 lapidesjacis
3514 2167 3540 2220 ?

1974 2278 2080 2317 non
2134 2263 2275 2330 ligna
2304 2263 2326 2314 τ
2361 2277 2466 2315 non
2519 2261 2727 2331 spicula
2765 2261 2789 2314 ἲ
2818 2260 3171 2331 Nequaquam
3221 2260 3354 2316 dicit
3385 2279 3398 2314 :
3431 2273 3542 2315 non

1973 2355 2117 2407 enim
2152 2363 2234 2406 est
2287 2351 2562 2407 sensibilis
2611 2357 2912 2406 structura.
2946 2349 3093 2417 ﬂare,
3129 2351 3539 2421 qualiacunque

1977 2445 2108 2506 sint,
2137 2454 2382 2513 tempore
2409 2443 2748 2508 dilabuntur,
2793 2443 3190 2498 confessionem
3217 2457 3344 2498 vero
3367 2457 3546 2514 neque

1977 2539 2252 2593 daeniones
2304 2545 2534 2607 possunt
2586 2551 2871 2606 superare.
2908 2535 3204 2592 Testantur
3255 2547 3546 2608 martyres,

1979 2630 2069 2699 qui
2120 2632 2260 2686 latus
2296 2628 2550 2698 perfossi,
2597 2630 2756 2684 (idem
2812 2646 2918 2686 non
2974 2630 3300 2685 amiserunt.
3337 2629 3382 2685 Ο
3431 2644 3547 2684 rem

1981 2721 2356 2776 admirabilem
2383 2723 2396 2774 !
2435 2736 2623 2776 murus
2659 2721 2882 2786 foditur,
2914 2731 2968 2776 et
3008 2723 3300 2777 thesaurus
3327 2736 3434 2776 non
3465 2722 3554 2775 di-

1981 2815 2178 2882 ripitur
2207 2832 2223 2880 ;
2253 2829 2381 2869 caro
2413 2814 2740 2882 absumitur,
2777 2824 2829 2868 et
2865 2813 2996 2868 fides
3036 2827 3144 2868 non
3181 2814 3548 2869 consumitur.

1981 2908 2055 2961 Ea
2102 2917 2187 2962 est
2233 2918 2532 2978 martyrum
2572 2910 2673 2962 vis.
2719 2923 2737 2956 t
2781 2903 2958 2976 Super
3008 2915 3215 2976 petram
3272 2907 3556 2962 aedificabo

1982 3001 2280 3057 Ecclesium
2315 3016 2514 3065 meam,
2542 3011 2595 3054 et
2638 3009 2810 3070 porta:
2841 3000 2998 3054 inferi
3030 3016 3138 3055 non
3187 3002 3558 3070 praevalebunt

316 3104 408 3154 καὶ
445 3102 545 3169 τὴν
590 3101 771 3154 πίστιν
804 3102 902 3152 ούκ
933 3101 1286 3165 ἀπολλύντες.
1323 3103 1386 3153 Ὠ
1422 3102 1590 3168 ξένων
1615 3105 1878 3174 πραγμά-

1987 3095 2249 3149 adversus
2277 3109 2420 3149 eam.
2465 3112 2484 3146 ι
2523 3092 2799 3149 Attendite
2826 3094 3035 3157 sedulo,
3065 3108 3160 3149 eos
3190 3103 3345 3150 vocat
3370 3106 3558 3164 portas

319 3212 428 3246 των
455 3193 468 3247 ι
497 3195 524 3246 ὁ
551 3197 728 3261 τεῖχος
762 3193 1123 3262 διορύττεται,
1153 3197 1248 3244 καὶ
1270 3196 1297 3244 ό
1326 3195 1600 3263 θησαυρῦς
1627 3197 1688 3245 ού
1723 3197 1884 3247 συλᾶ-

313 3303 444 3339 1at°
479 3287 512 3354 ἡ
551 3283 686 3354 σὰρξ
740 3284 1070 3346 δαπανᾶται,
1112 3286 1204 3334 καὶ
1235 3286 1267 3351 ή
1311 3285 1494 3346 πίστις
1542 3286 1643 3336 οὐκ
1694 3287 1882 3338 ἀναλί-

318 3391 507 3431 σκεται
530 3392 544 3407 ⁸
582 3378 805 3444 τοιαύτη
851 3375 961 3427 τῶν
994 3376 1290 3445 μαρτύρων
1319 3379 1349 3445 ἡ
1395 3376 1646 3445 δύναμις.
1666 3377 1786 3429 Ἐπὶ
1814 3379 1880 3448 τῇ

314 3470 491 3538 πέτρα
519 3467 858 3537 οἰκοδομήσω
896 3484 998 3536 μου
1045 3467 1145 3535 τὴν
1193 3465 1542 3537 Ἐκκλησίαν,
1595 3471 1688 3521 καὶ
1719 3469 1882 3520 πύλαι

316 3558 440 3628 ᾅδου
471 3559 533 3611 οὐ
588 3557 1006 3626 κατισχύσουσιν
1044 3558 1236 3627 αὐτῆς.
1285 3561 1588 3628 Προσέχετε
1621 3565 1686 3632 τῇ
1725 3565 1883 3628 ἀκρι-

318 3651 470 3721 ϐείᾳ·
527 3651 767 3713 ἐκείνους
829 3653 985 3705 καλεῖ
1039 3654 1214 3716 πύλας
1269 3653 1421 3724 ᾅδου,
1473 3658 1601 3718 τοὺς
1659 3657 1888 3709 θάνατον

317 3744 623 3805 τίκτοντας.
664 3745 729 3796 Τί
766 3743 857 3797 οὖν
886 3764 899 3808 ;
932 3747 1010 3808 είς
1050 3747 1141 3798 τὸν
1171 3747 1307 3816 ᾂοην
1337 3749 1645 3816 εἰσέρχεταί
1678 3763 1759 3811 τις
1796 3751 1886 3802 ὅτε

322 3836 691 3899 κινδυνεύσεις
725 3839 845 3887 ναί·
887 3836 1078 3908 ὥσπερ
1109 3839 1220 3904 γὰρ
1254 3838 1415 3890 πύλαι
1450 3841 1654 3902 πόλεως
1681 3842 1889 3905 εἴσοδος

321 3930 401 3989 είς
428 3931 527 3994 τὴν
557 3928 733 3990 πόλιν,
763 3927 904 3979 οὕτω
930 3927 1094 3980 πύλαι
1124 3929 1251 3998 ᾅδου
1304 3931 1503 3993 εἴσοδος
1528 3934 1603 3994 είς
1637 3933 1887 3987 θάνατον.

326 4022 422 4072 Διὰ
455 4019 507 4070 τί
539 4019 665 4087 γὰρ,
728 4020 914 4088 φησὶν,
970 4021 1029 4069 οὑ
1063 4020 1294 4080 κωλύεις
1329 4022 1454 4084 τοὺς
1506 4026 1891 4094 πειρασμούςς

325 4112 441 4181 οὐχί
463 4130 475 4142 ·
519 4113 604 4163 ἵνα
635 4113 793 4175 δείξω
827 4130 927 4181 μου
958 4113 1053 4182 τὴν
1079 4112 1308 4179 δύναμιν
1334 4129 1346 4143 °
1381 4115 1474 4166 ἐὰν
1505 4115 1577 4183 μή
1607 4133 1690 4177 τις
1723 4118 1892 4186 αὐτὴν

327 4205 632 4274 πολεμήσει,
664 4204 878 4272 ἔχουσιν
906 4205 1103 4256 εἰπεῖν’
1137 4205 1264 4271 Εῐγε
1297 4207 1633 4276 ἐπολεμήθη,
1669 4211 1894 4262 ἐνικᾶτο

326 4298 391 4350 ἄν
417 4313 430 4327 ·
464 4297 549 4349 διὰ
580 4296 734 4349 τοῦτο
785 4298 987 4365 ἀφίημι
1055 4295 1226 4367 αὐτὴν
1259 4296 1659 4368 πολεμηθῆναι,
1697 4302 1782 4354 ἵνα
1821 4301 1896 4371 μὴ

324 4388 388 4455 τῇ
431 4387 634 4456 ἐρημίᾳ
698 4387 805 4438 τῶν
853 4386 1231 4452 πολεμούντων
1304 4386 1370 4438 τὰ
1409 4387 1508 4456 τῆς
1571 4389 1726 4458 νίκης
1778 4394 1897 4443 ἐπι-

327 4482 510 4547 γραφῇ
540 4494 553 4508 ·
584 4479 674 4528 καὶ
698 4477 860 4528 πύλαι
891 4475 1042 4545 ᾅδου,
1066 4478 1164 4529 οὐκ
1199 4472 1374 4538 εἶπεν.
1401 4479 1462 4530 ού
1497 4481 1896 4548 προσϐαλοῦσιν

329 4573 488 4640 αὐτῇ.
527 4571 592 4622 Τί
623 4571 714 4622 οὖν
747 4587 761 4633 ;
792 4571 1237 4639 πολεμηθήσεται
1292 4572 1412 4639 μὲν,
1451 4574 1510 4626 οὐ
1546 4576 1898 4644 νικηθήσεται

328 4665 407 4718 δέ.
439 4661 778 4730 Χειμάζεται
807 4663 839 4730 ἡ
875 4661 1193 4730 Ἐκκλησία,
1227 4662 1342 4715 ἀλλ’
1391 4667 1452 4716 οὐ
1507 4669 1901 4732 καταποντίζε.

330 4775 420 4810 ται
444 4774 457 4786 ·
492 4755 607 4806 ἀλλ’
630 4754 690 4806 ού
722 4753 932 4820 γίνεται
963 4754 1312 4825 ὑποϐρύχιος.
1347 4756 1574 4825 Δέχεται
1602 4759 1754 4828 βέλη,
1781 4761 1900 4813 ἀλλ’

331 4848 391 4900 οὐ
423 4845 637 4915 δέχεται
674 4844 989 4914 τραύματα.
1019 4844 1249 4911 Δέχεται
1289 4847 1682 4915 μηχανήματα,
1714 4849 1829 4902 ἀλλ’
1871 4853 1898 4903 ὁ

334 4938 544 5009 πύργος
571 4937 631 4988 οὗ
665 4934 972 4991 σαλεύεται.
1004 4935 1110 4987 Καὶ
1132 4936 1184 4986 τί
1209 4935 1351 5003 λέγω
1375 4939 1406 5006 ή
1437 4938 1770 5009 Ἐκκλησίας
1805 4942 1900 4993 ἓν).

331 5032 490 5100 λόγον
535 5034 562 5084 ό
599 5031 779 5090 ἁλιεὺς
827 5028 1146 5096 ἐφθέγξατο,
1177 5032 1270 5082 καὶ
1318 5031 1547 5101 ἕστηκεν
1582 5032 1657 5096 ὡς
1693 5037 1902 5103 πύργος

331 5127 598 5185 ἅσειστος.
630 5123 790 5174 Πόσοι
814 5122 1068 5190 τύραννοι
1102 5123 1516 5194 ἐφιλονείκησαν
1547 5125 1811 5192 ἀφανίσαι
1842 5126 1902 5179 τὸ

335 5219 486 5287 ῥῆμα
515 5216 693 5278 τοῦτο,
725 5215 818 5266 καὶ
850 5217 947 5267 οὐκ
992 5217 1239 5284 ἴσχυσαν.
1290 5217 1413 5268 Ἐπὶ
1455 5218 1562 5287 γὰρ
1613 5222 1677 5288 τῇ
1724 5220 1902 5290 πέτρᾳ

330 5310 745 5378 τεθεμελίωται.
794 5309 1075 5376 Ἐννόησον
1109 5309 1266 5359 πόσοι
1328 5309 1603 5377 τύραννοι,
1633 5313 1894 5378 βασιλεῖς,

331 5401 637 5468 διαδήματα
671 5399 1084 5467 περικείμενον
1123 5400 1254 5468 ξίφη
1306 5399 1619 5469 ἠκονημένα
1645 5416 1657 5430 ·
1694 5403 1903 5472 θηρίων

333 5493 574 5554 ὀδόντες·
603 5493 822 5545 Οάνατοι
852 5495 1294 5562 προσδοκώμενοι
1317 5511 1329 5524 ⁸
1363 5496 1573 5561 τήγανα
1599 5510 1612 5524 ⁸
1643 5496 1865 5561 κάμινοι
1887 5513 1900 5528 ο

335 5584 428 5636 καὶ
457 5584 551 5650 τὴν
573 5584 669 5652 μὲν
704 5583 1001 5652 βελοθήκην
1030 5584 1194 5636 αὑτοῦ
1230 5585 1559 5648 ἐξεκένωσεν
1584 5588 1608 5636 ὁ
1633 5585 1902 5651 διαδολος,

410 5765 486 5834 (l)
530 5766 800 5832 lutei-pres
828 5755 1060 5818 Latinus
1085 5765 1248 5816 alium
1283 5765 1529 5820 codicem
1557 5775 1780 5820 secutus
1805 5773 1910 5819 est.

659 5856 931 5915 l‘nttOL.
961 5860 1074 5917 Gtt.
1120 5858 1326 5919 CLIX.

1991 3187 2172 3251 inferi,
2213 3187 2304 3255 qui
2345 3194 2574 3239 mortem
2625 3186 2866 3253 pariunt.
2896 3185 3034 3250 Quid
3065 3186 3229 3254 igitur
3252 3187 3277 3239 ’ί
3306 3187 3363 3240 In
3392 3187 3560 3242 infer-

1989 3292 2118 3328 num
2162 3273 2398 3330 intrabit
2444 3276 2489 3330 si
2543 3276 2596 3328 in
2651 3275 2948 3330 discrimen
3006 3277 3280 3331 venerit?
3334 3276 3560 3346 Utique,

1991 3381 2114 3420 nam
2141 3373 2200 3420 ut
2240 3376 2407 3433 portat
2455 3367 2603 3420 urbis
2646 3375 2775 3421 sunt
2818 3368 3101 3437 ingressus
3139 3369 3190 3422 in
3233 3369 3445 3432 urbem,
3481 3368 3563 3422 sic

1991 3467 2161 3526 portae
2220 3458 2420 3512 inferni
2454 3460 2739 3528 ingressus
2772 3461 2837 3514 ad
2874 3469 3122 3515 mortem.
3179 3459 3313 3525 Cur,
3361 3460 3562 3530 inquit,

1993 3552 2326 3607 tentatioues
2379 3567 2485 3605 non
2527 3553 2789 3622 prohibes
2814 3553 2838 3605 ἲ
2867 3553 3243 3625 Nequaquam,
3279 3563 3340 3608 ut
3379 3562 3566 3610 osten-

1991 3647 2114 3700 dam
2148 3649 2289 3699 vires
2333 3661 2501 3708 meas,
2535 3646 2578 3700 si
2621 3661 2780 3700 nemo
2808 3661 2924 3702 eam
2955 3649 3301 3719 oppugnarit,
3333 3654 3568 3717 possunt

1995 3737 2327 3805 respondere
2362 3756 2375 3791 :
2411 3751 2533 3792 nam
2564 3738 2608 3792 si
2636 3738 2831 3794 fuisset
2859 3752 3192 3810 oppugnata,
3223 3739 3422 3797 fuisset
3454 3743 3564 3797 uti-

1993 3846 2098 3900 que
2133 3839 2188 3884 οι
2221 3841 2553 3901 expugnata.
2582 3831 2876 3902 Propterea
2911 3847 3030 3887 eam
3083 3833 3336 3904 permitto
3395 3849 3566 3905 Oppu-

1997 3925 2182 3995 gnari,
2211 3940 2277 3976 ne
2305 3934 2767 3996 propugnatorum
2803 3927 3084 3982 solitudini
3110 3928 3350 3984 victoria
3377 3929 3568 3985 titulus

1993 4013 2351 4080 inscribatur,
2383 4023 2436 4068 et
2477 4025 2646 4084 portae
2677 4015 2871 4080 inferi,
2909 4030 3017 4070 non
3041 4017 3198 4083 dixit,
3238 4032 3346 4072 non
3378 4033 3570 4089 aggre-

2002 4106 2224 4159 dientur
2263 4121 2406 4160 eam.
2464 4105 2604 4172 Quid
2653 4123 2782 4176 ergo
2815 4109 2837 4160 ?
2868 4105 3285 4178 Oppugnabitur
3321 4111 3568 4181 quidem,

1997 4199 2092 4250 scd
2154 4212 2257 4252 non
2303 4198 2670 4267 superabitur.
2701 4197 2955 4255 Fluctuat
3003 4199 3266 4266 Ecclesia,
3325 4203 3417 4256 sed
3463 4217 3572 4254 non

1999 4291 2284 4358 mergitur,
2319 4290 2414 4344 sed
2461 4306 2565 4344 non
2601 4292 2736 4359 petit
2783 4291 3136 4360 profundum.
3186 4290 3401 4362 Excipit
3444 4295 3570 4356 tela,

2003 4383 2094 4438 sed
2147 4399 2251 4438 non
2302 4383 2539 4438 admittit
2585 4385 2830 4439 vulnera.
2882 4385 3095 4454 Excipit
3140 4386 3444 4449 machinas,
3477 4387 3572 4440 sed

2009 4475 2181 4530 turris
2229 4490 2334 4530 non
2379 4486 2686 4545 quassatur.
2724 4478 2826 4531 Sed
2882 4478 3012 4546 quid
3057 4477 3179 4533 dico
3213 4478 3513 4533 Ecclesiam
3551 4479 3574 4530 ?

2006 4569 2185 4624 Unmn
2217 4569 2442 4622 verbum
2473 4570 2710 4638 piscator
2741 4571 2952 4623 locutus
2983 4579 3086 4634 est,
3129 4578 3183 4624 et
3223 4580 3387 4624 turris
3418 4570 3572 4624 stetit

2005 4666 2355 4719 inconcussa.
2388 4663 2532 4730 Quot
2571 4666 2787 4736 tyranni
2827 4666 3006 4719 conati
3040 4675 3168 4720 sunt
3199 4665 3303 4720 hoc
3348 4665 3572 4720 verbum

2003 4755 2241 4818 abolere,
2270 4771 2370 4810 nec
2408 4764 2703 4824 potuerunt
2736 4759 2747 4809 l
2776 4775 2794 4807 ε
2827 4770 2993 4826 super
3028 4768 3232 4824 petram
3269 4758 3412 4812 enim
3451 4757 3576 4811 fun-

2007 4845 2128 4900 data
2154 4856 2256 4902 est.
2293 4865 2313 4899 ι
2358 4845 2544 4916 Cogita
2595 4857 2728 4916 quot
2769 4850 3006 4918 tyranni,
3037 4863 3166 4918 qu0t
3209 4864 3364 4919 reges
3393 4854 3578 4912 diade-

2013 4949 2154 4993 mate
2185 4938 2446 5002 redimiti,
2473 4955 2632 4994 enses
2657 4939 2825 5002 acuti,
2861 4937 3098 4994 ferarum
3131 4943 3343 5004 dentes,
3375 4953 3578 4997 mortes

2013 5030 2380 5095 imminentes,
2435 5031 2760 5099 sartagines,
2809 5031 3081 5085 fornaces.
3142 5033 3206 5085 Et
3265 5034 3574 5100 pharetram

2014 5140 2164 5177 suam
2211 5125 2465 5179 exhausit
2517 5127 2788 5187 diabolus,
2850 5135 2902 5180 et
2943 5125 3202 5179 Ecclesia:
3237 5142 3343 5180 non
3377 5126 3575 5182 obfuit.

2014 5217 2255 5282 Quanam
2288 5219 2354 5270 de
2390 5233 2553 5272 causa
2588 5219 2650 5271 ?t
2687 5219 2821 5283 Quia
2852 5226 3021 5286 porta:
3049 5217 3206 5271 inferi
3233 5234 3338 5271 non
3373 5233 3578 5286 pnetra-

2016 5311 2199 5365 lcbunt
2237 5309 2498 5363 adversus
2533 5328 2672 5364 eam.
2714 5329 2729 5360 ι
2773 5309 2890 5378 Ipsa
2920 5325 3007 5362 res
3034 5309 3403 5362 teStimonium
3452 5326 3578 5378 per-

2016 5404 2190 5467 hibet,
2239 5414 2467 5457 testatur
2519 5389 2745 5455 eventus
2800 5402 3157 5469 experientia.
3194 5401 3338 5468 Quot
3377 5402 3578 5455 bellum

2016 5490 2321 5566 gesserunt,
2362 5511 2468 5549 non
2512 5496 2810 5549 evicerunt.
2868 5495 2972 5547 Sed
3028 5496 3119 5563 qui
3155 5496 3352 5548 bellum
3401 5511 3586 5564 gesse-

2018 5597 2166 5654 runt,
2203 5589 2419 5644 silentio
2453 5587 2828 5654 transiguntur
2855 5593 2908 5641 ct
2934 5584 3192 5640 oblivioni
3230 5585 3582 5649 mandantur,

3115 5854 3191 5920 44
