3966 6198
361 350 382 412 1
411 350 497 414 Ῡθθ

1022 351 1170 409 PRO
1205 350 1413 409 (Ἃ)Νο
1448 347 1816 408 FLORENT.
1856 346 2013 405 CAP.
2058 347 2122 404 V.
2170 346 2267 404 DE
2302 347 2649 406 PRIMATU
2687 346 2919 407 PAP/E.

3461 345 3601 410 i390

361 463 525 529 μέσον
584 460 712 514 αὑτὸ
772 461 941 513 θεῖναι
999 461 1246 533 γλώττης
1281 460 1456 528 ἁγὼν,
1511 460 1656 513 οῦτω
1710 461 1774 529 δὴ
1831 459 1924 510 καὶ

2050 456 2251 510 nodum
2291 473 2404 512 rem
2445 458 2498 511 in
2538 459 2772 512 medium
2808 475 3115 529 proponere
3163 460 3345 530 lingua
3374 460 3465 515 vix
3496 476 3598 516 au-

357 554 611 616 ἀκοῦσαι,
640 554 828 607 καινόν
861 569 915 607 τι
974 558 1067 607 καὶ
1122 554 1584 624 φρικωδέστατον.
1630 552 1791 605 Ἀλλὰ
1826 554 1925 605 καὶ

360 645 651 715 προσέχειν
692 646 809 698 δέον
843 646 933 698 τὸν
968 646 1093 697 νοῦν
1117 663 1132 677 ·
1166 646 1259 699 καὶ
1290 648 1399 716 γὰρ
1445 646 1598 698 οὐδὲν
1636 638 1801 715 ἧττον
1832 643 1925 697 τοῦ

359 738 548 803 φόσου,
593 739 688 791 καὶ
735 737 893 807 ἡδο·ιῇ
956 741 1330 806 συγκέκραται
1384 739 1445 793 τὸ
1494 738 1784 807 διήγημα’
1834 736 1929 788 δύο

357 828 503 890 τινὲς
538 828 749 896 ἄνδρες,
782 828 968 881 λευκοὶ
998 833 1096 897 τὴν
1139 828 1354 898 στολὴν,
1393 827 1615 897 φοϐεροὶ
1655 829 1753 897 τὴν
1780 826 1927 895 θέμιν,

360 920 649 989 οὐρανόθεν
709 920 895 986 ἔδοξαν
926 919 1075 989 αὑτῷ
1103 920 1417 975 κατελθεῖν·
1453 919 1549 973 καὶ
1584 918 1662 989 τῷ
1698 919 1920 988 μεγάλῳ

363 1011 559 1079 τούτῳ,
614 1014 709 1065 καὶ
754 1012 905 1081 αὑτῷ
965 1012 1367 1082 προσεύχεσθαι
1422 1012 1749 1081 φαινομένῳ,
1787 1011 1929 1064 κατὰ

366 1103 657 1172 πρόσωπον
691 1106 1046 1173 προσελθεῖν·
1080 1101 1155 1161 ὧν
1184 1107 1212 1159 ὁ
1242 1108 1362 1175 μὲν,
1396 1107 1584 1177 τόμον,
1626 1105 1818 1175 ἅτερος
1849 1105 1927 1167 δὲ.

367 1192 516 1255 κλεῖς
554 1194 807 1263 κατέχειν
852 1193 1043 1264 ἐῴκει⁸
1088 1195 1178 1247 τὸν
1217 1194 1469 1263 Ἰωάννην
1514 1193 1593 1261 δὲ,
1640 1192 1701 1246 τὸ
1745 1190 1931 1267 καινὸν

367 1283 547 1337 αὑτῶν
603 1284 699 1336 τοῦ
749 1284 925 1349 εἴδους
956 1285 1407 1351 καταπλαγέντα,
1440 1284 1590 1352 φόϐῳ
1617 1283 1891 1353 ληφθῆναι
1918 1298 1928 1311 ·

364 1377 489 1437 τοὺς
521 1375 602 1440 δὲ,
635 1376 744 1428 τῶν
793 1379 993 1446 χειρῶν
1043 1364 1495 1447 ἐπιλαϐομένους,
1547 1375 1930 1444 διαναστῆσαι,

367 1467 514 1520 λύειν
544 1484 606 1520 τε
642 1467 736 1520 τὸν
768 1467 936 1533 φόόον
968 1467 1139 1538 αύτῷ,
1179 1469 1271 1522 καὶ
1324 1469 1552 1541 θαρρεῖν
1582 1468 1892 1538 ὲγκελεὺειν
1917 1484 1929 1496 ·

367 1557 445 1625 τῷ
493 1558 573 1622 δὲ,
607 1560 899 1628 πυθομένῳ
948 1560 1095 1622 τινες
1131 1561 1197 1613 ἂν
1239 1556 1372 1625 εἷεν,
1429 1563 1483 1614 οῖ
1510 1579 1574 1629 γε
1602 1562 1936 1631 τηλικαύτης

367 1645 519 1715 δόξης
546 1648 860 1716 ἠξιωμένοι,
896 1648 1033 1717 πρὸς
1065 1649 1229 1703 αὑτὸν
1266 1649 1579 1719 ἐληλύθασι,
1612 1648 1699 1708 Μὴ
1738 1647 1933 1717 φοὸοῦ,

369 1737 589 1801 τούτους
632 1740 843 1792 εἰπεῖν·
889 1740 1019 1803 οἵδε,
1067 1742 1230 1811 ἡμεῖς
1276 1742 1484 1811 ἥκομέν
1524 1759 1605 1794 σοι
1655 1739 1934 1809 πεμφθέν-

372 1846 462 1882 τες
511 1830 664 1899 παρὰ
696 1832 937 1899 Χριστοῦ
967 1849 982 1864 ·
1024 1831 1141 1885 εἶτα
1185 1832 1277 1887 τὸν
1316 1834 1415 1902 μὲν
1449 1834 1546 1900 τὴν
1579 1836 1735 1903 χεῖρα
1762 1833 1935 1885 ὲκτεί-
1970 1805 2009 1858 Β

373 1939 554 1986 νοντα,
601 1923 691 1975 τὸν
720 1924 887 1991 τόμον
943 1926 1253 1992 ἐπιδιδόναι,
1308 1926 1469 1993 Δέξαι
1501 1944 1560 1979 τε
1615 1926 1841 1995 λέγοντα
1880 1929 1939 1978 τ’)

376 2010 609 2079 βιϐλίον’
648 2014 790 2082 Ἐγὼ
816 2014 923 2085 γὰρ
964 2016 1239 2087 Ἰωάννης,
1264 2011 1416 2087 ᾧπερ
1446 2019 1476 2087 ή
1500 2017 1591 2069 τοῦ
1615 2018 1749 2071 Θεοῦ
1779 2018 1940 2086 σοφία

376 2104 436 2155 τὸ
459 2104 653 2172 στῆθος
684 2106 879 2174 ἀνῆκε,
925 2107 1020 2160 καὶ
1066 2108 1350 2161 ἐπιπεσεῖν
1404 2109 1552 2179 αὑτῷ
1581 2109 1938 2178 παρεδέξατο.

380 2196 538 2258 "litt;
570 2196 625 2249 δέ
664 2213 745 2250 σοι
772 2199 868 2251 καὶ
899 2199 967 2252 δι’
1002 2199 1158 2269 ἡμῶν
1195 2200 1263 2252 τὰ
1289 2200 1397 2252 τῶν
1433 2200 1667 2269 Γραφῶν
1695 2200 1941 2269 εὔληπτα

379 2283 536 2353 θήσει
560 2302 574 2315 ⁸
602 2286 696 2340 καὶ
729 2290 1134 2357 χειραγωγήσει
1162 2288 1366 2359 ταύτης
1400 2290 1538 2359 προς
1566 2289 1665 2358 τὴν
1709 2290 1940 2358 ἐπίγνω·

380 2393 500 2428 σινο
541 2380 632 2431 τὸν
683 2379 727 2432 δ’
756 2380 934 2445 ἄλλον,
969 2381 1149 2445 Δέξαι,
1199 2385 1292 2435 καὶ
1337 2381 1435 2451 τὴν
1492 2383 1650 2452 χεῖρα
1678 2382 1940 2451 ὀρέγοντα

382 2465 567 2530 φάναι,
611 2467 707 2529 τὰς
745 2467 799 2519 δὲ
834 2468 932 2532 τὰς
984 2470 1167 2529 κλεῖς·
1204 2470 1304 2540 ἐμὲ
1354 2471 1409 2523 δὲ
1446 2472 1652 2541 Πέτρον
1691 2473 1823 2535 ἴσθι,
1853 2475 1943 2524 τὸν

384 2559 533 2627 παρὰ
593 2558 727 2612 Θεοῦ
786 2561 988 2624 ταύτας
1043 2562 1573 2632 ἐγχειρισθένταοδν
1605 2564 1699 2617 καὶ
1754 2564 1847 2616 νῦν
1877 2566 1943 2617 δι’

380 2648 513 2717 ἐμοῦ
553 2648 798 2714 πίστευε,
850 2653 951 2721 τῆς
980 2653 1151 2722 αὐτῆς
1179 2671 1238 2705 σε
1273 2654 1495 2724 χάριτος
1513 2655 1767 2720 ἀξιοῦντα
1789 2673 1804 2688 ο
1842 2656 1946 2709 ὥσ-

380 2756 438 2790 τε
463 2739 561 2791 ὅσα
587 2740 653 2793 ἂν
686 2740 855 2813 δήσῃς
879 2742 909 2809 ἦ
941 2741 1112 2815 λύσῃς
1147 2744 1239 2795 ἐπὶ
1264 2746 1359 2813 τῆς
1384 2744 1506 2812 γῆς,
1551 2744 1658 2797 ἴσθι
1685 2745 1945 2814 δεδεμένα

380 2827 551 2884 ταῦτα
581 2827 720 2885 εἶναι
747 2833 777 2901 ἢ
808 2833 1074 2901 λελυμένα
1110 2836 1203 2887 καὶ
1226 2836 1282 2887 ἐν
1310 2838 1419 2898 τοῖς
1449 2836 1946 2905 οὐρανοῖςΗῦγνως

382 2924 487 2994 ἄρα
520 2926 623 2977 κάν
653 2924 882 2987 τούτοις,
914 2926 1016 2987 ὄτι,
1040 2928 1067 2979 ὁ
1093 2926 1210 2994 μὲν,
1244 2927 1342 2994 τὴν
1366 2926 1474 2979 τῶν
1505 2928 1741 2997 Γραφῶν
1772 2920 1949 2996 ἑρμη-

383 3014 531 3068 πιεῑαν
560 3012 828 3084 εὔληπτον
851 3012 989 3069 εἶναι
1022 3016 1194 3087 αὑτῷ,
1226 3017 1321 3070 καὶ
1346 3016 1445 3086 τὴν
1478 3017 1682 3071 τούτων
1713 3017 1947 3085 ἐπίγνω-

2031 548 2178 612 deat,
2213 550 2287 602 ita
2332 559 2387 604 et
2420 550 2611 605 audire
2646 566 2847 605 novum
2879 553 3152 619 videatur,
3186 553 3368 622 itaque
3398 567 3599 608 novum

2030 638 2287 706 quiddam
2321 648 2373 693 ct
2412 641 2637 694 horrore
2664 640 2881 707 plenum
2900 641 3153 733 (Misce.
3189 642 3456 697 Caeterum
3486 643 3603 695 ani-

2012 728 2482 784 .tnadvertendum
2517 729 2661 798 quod
2700 731 2825 786 huic
2877 728 3179 787 narrationi
3223 747 3377 803 teque
3432 731 3595 786 mista

2031 832 2161 877 sunt
2201 825 2363 879 timor
2396 835 2450 881 et
2477 824 2685 881 laetitia.
2716 826 2830 881 Duo
2870 826 3089 896 quidam
3131 826 3229 881 viri
3260 826 3382 880 alba
3413 825 3600 879 amicti

2036 925 2202 981 veste,
2239 927 2458 985 aspectu
2518 916 2798 981 horrifico,
2851 916 2950 971 visi
2984 926 3112 972 sunt
3160 919 3209 972 ei
3241 917 3309 972 de
3337 918 3479 972 coelo
3510 917 3602 971 de-

2032 1009 2313 1073 scendere,
2334 1008 2569 1078 huicque
2599 1011 2859 1077 praeclaro
2884 1010 2998 1064 viro
3024 1009 3153 1063 dum
3184 1014 3369 1064 oraret
3390 1009 3446 1062 in
3474 1022 3604 1063 con-

2034 1108 2283 1168 spectum
2318 1099 2559 1165 venisse,
2586 1100 2985 1168 quorumalter
3010 1102 3288 1167 volumen,
3322 1101 3463 1155 alter
3491 1100 3603 1153 cla-

2035 1207 2127 1246 ves
2160 1191 2416 1246 manibus
2438 1194 2721 1247 continere
2746 1192 3052 1246 videbatur.
3081 1194 3330 1264 Cumque
3364 1191 3605 1246 Joannes

2036 1284 2177 1336 hanc
2211 1297 2406 1337 novam
2444 1284 2681 1353 speciem
2710 1286 3027 1349 miraretur,
3068 1286 3266 1340 timore
3302 1299 3424 1340 esse
3479 1299 3607 1339 cor-

2037 1384 2250 1442 replum
2284 1389 2299 1428 :
2341 1373 2441 1427 hos
2482 1388 2611 1427 vero
2643 1376 2894 1431 manibus
2930 1377 3336 1445 apprehensum
3363 1376 3607 1431 erexisse

2038 1475 2092 1517 et.
2139 1474 2340 1522 metum
2395 1467 2744 1530 ahstersisse,
2783 1470 3033 1538 bonoque
3092 1469 3277 1523 animo
3327 1483 3451 1521 eum
3487 1482 3609 1521 esse

2035 1557 2268 1626 iussisse
2302 1574 2318 1625 ;
2359 1561 2703 1627 percontanti
2756 1561 2984 1631 quinam
3018 1570 3204 1616 essent
3240 1560 3275 1614 ii
3318 1559 3424 1613 viri
3458 1568 3605 1613 tanta

2051 1651 2261 1719 praediti
2296 1651 2491 1719 gloria,
2525 1651 2619 1718 qui
2647 1651 2907 1707 accedere
2937 1653 3005 1706 ad
3038 1668 3099 1707 se
3141 1651 3344 1721 dignati
3378 1662 3557 1705 essent
3592 1666 3607 1708 :

2039 1741 2115 1797 Ne
2134 1744 2348 1810 timeas,
2366 1757 2457 1796 eos
2484 1742 2708 1809 dixisse,
2730 1758 2827 1798 nos
2847 1744 3097 1799 venimus
3123 1758 3153 1796 a
3175 1743 3395 1795 Christo
3428 1740 3606 1793 missi.

2044 1837 2283 1892 Alterum
2313 1843 2501 1906 postea
2536 1851 2700 1890 manu
2728 1844 2987 1903 protensa
3011 1836 3265 1891 volumen
3299 1832 3609 1896 tradidiSSe,

2044 1929 2313 1985 dicentem
2359 1928 2577 1985 :Sume
2617 1928 2839 1991 librum,
2886 1944 3013 1983 nam
3066 1942 3165 1999 ego
3211 1942 3332 1982 sum
3375 1924 3612 1979 Joannes

2045 2022 2131 2076 cui
2164 2023 2428 2091 sapientia
2475 2020 2568 2075 Dei
2620 2030 2809 2091 pectus
2863 2020 3113 2085 tradidit,
3148 2019 3200 2072 in
3242 2018 3384 2088 quod
3420 2028 3474 2071 et
3524 2031 3612 2070 re-

2044 2114 2302 2168 cumbere
2352 2112 2545 2175 voluit,
2602 2127 2720 2180 ane
2758 2112 2979 2179 quidem
3016 2121 3068 2167 te
3118 2122 3172 2166 et
3226 2126 3321 2179 per
3391 2125 3492 2163 nos
3543 2108 3612 2162 ad

2046 2207 2362 2274 Scripturas
2420 2207 2828 2274 pernoscendas
2878 2205 3136 2259 idoneum
3196 2203 3401 2267 reddet,
3455 2209 3507 2254 et
3566 2211 3615 2252 te.

2045 2296 2201 2363 quasi
2236 2308 2399 2347 manu
2459 2293 2624 2349 ducet
2671 2294 2736 2347 ad
2789 2292 2907 2361 ejus
2956 2294 3338 2363 cognitionem.
3372 2292 3613 2345 Alterum

2045 2402 2172 2441 vero
2219 2401 2381 2439 manu
2424 2395 2691 2441 extensa:
2756 2386 2947 2451 Sume,
2999 2384 3228 2451 dixisse,
3264 2384 3362 2437 has
3412 2382 3614 2444 claves,

2049 2493 2241 2547 meque
2269 2476 2491 2531 Petrhm
2517 2491 2638 2532 esse
2667 2478 2824 2544 scito,
2856 2477 2940 2532 cui
2971 2475 3116 2530 Deus
3141 2475 3321 2530 claves
3346 2475 3399 2528 in
3427 2488 3617 2525 manus

2049 2567 2293 2633 tradidit,
2329 2582 2490 2637 quem
2532 2581 2701 2631 nunc,
2736 2580 2831 2635 per
2867 2581 2971 2630 me,
3001 2564 3164 2619 crede
3197 2572 3246 2617 te
3271 2561 3458 2617 eadem
3490 2575 3617 2629 grn-

2049 2661 2123 2714 tia
2156 2675 2263 2729 qua
2312 2674 2420 2721 me,
2473 2658 2794 2729 participem
2830 2656 3029 2712 facere.
3067 2657 3244 2722 Quare
3276 2666 3618 2722 quaecunque

2051 2750 2309 2818 ligaveris
2336 2750 2417 2804 vel
2459 2750 2688 2804 solveris
2718 2764 2879 2817 super
2912 2760 3135 2813 terram,
3165 2756 3328 2802 erunt
3373 2758 3435 2798 ea
3462 2744 3620 2812 ligata

2054 2842 2137 2896 vel
2172 2842 2351 2897 soluta
2376 2850 2431 2895 et
2456 2843 2509 2894 in
2538 2840 2715 2895 caelis.
2747 2858 2765 2891 ι
2799 2839 2991 2894 Nonne
3018 2835 3386 2906 deprehendis
3418 2850 3480 2891 ex
3515 2834 3620 2892 Itis,

2052 2934 2299 2997 alterum,
2335 2947 2441 2988 una
2477 2947 2601 2987 cum
2639 2946 2863 2986 munere
2896 2930 3207 2998 Scripturas
3258 2925 3418 2981 facile
3450 2925 3623 2979 inter-

2054 3024 2328 3095 pretandi,
2363 3030 2416 3077 et
2458 3023 2656 3077 harum
2693 3021 3105 3090 intelligentiam
3132 3036 3162 3072 a
3188 3019 3377 3073 datore
3409 3016 3627 3086 sapien-

384 3122 466 3160 σιν
506 3109 655 3177 παρὰ
688 3107 779 3162 τοῦ
812 3110 911 3177 τῆς
946 3111 1139 3178 σοφίας
1164 3110 1404 3181 χορηγοῦ
1442 3112 1797 3195 ἐδωρήσατομο
1829 3113 1857 3164 ὁ
1894 3112 1946 3164 δὲ

2057 3116 2142 3168 liae
2188 3114 2498 3183 adjunxisse
2528 3114 2552 3167 ?
2584 3113 2817 3168 alterum
2857 3127 2984 3167 vero
3034 3126 3140 3165 una
3192 3125 3315 3166 cum
3367 3107 3625 3162 facultate

387 3202 484 3253 σὺν
517 3202 595 3270 τῷ
624 3200 772 3254 λὺειν
797 3203 892 3253 καὶ
924 3202 1165 3271 δεσμεῖν,
1202 3205 1295 3255 καὶ
1331 3204 1408 3271 τῷ
1439 3207 1641 3269 γνῶναι
1669 3207 1765 3258 καὶ
1795 3206 1949 3256 εὐσεο

387 3292 496 3353 εῶς
526 3295 802 3344 πιστεύειν
841 3291 1051 3360 Ἰησοῦν
1098 3294 1336 3360 Χριστὸν
1386 3294 1479 3347 τὸν
1533 3295 1662 3347 Υἱὸν
1690 3295 1785 3346 τοῦ
1816 3294 1951 3346 Θεοῦ

387 3382 453 3434 δι’
508 3382 670 3434 αὑτοῦ
703 3382 1053 3449 ὲγκελεύεται
1080 3400 1095 3415 ο
1133 3384 1383 3453 πείσθητι
1442 3384 1650 3451 λοιπὸν,
1691 3386 1774 3437 ὅτι
1822 3384 1951 3437 ἄνευ

386 3471 487 3541 τῆς
534 3472 626 3525 τοῦ
691 3473 898 3543 Πέτρου
936 3474 1217 3543 ὑποταγῆς
1264 3474 1506 3545 σωθῆναι
1559 3475 1817 3548 οὑ¹δύνῃ,
1859 3476 1954 3529 καὶ

388 3563 637 3624 εἰκότως·
670 3565 873 3628 ἐκεῖνος
924 3567 1029 3636 γάρ
1064 3568 1211 3620 ἐστιν
1246 3567 1276 3636 ή
1325 3566 1466 3634 θύρα
1505 3567 1603 3634 τῆς
1646 3569 1952 3636 σωτηρὲαςσ

386 3654 413 3706 ό
463 3655 537 3723 μὴ
588 3656 967 3725 εἰσερχόμενος
1007 3657 1075 3710 δι’
1124 3657 1289 3710 αὑτοῦ
1346 3658 1425 3719 εἰς
1456 3657 1553 3725 τὴν
1585 3658 1685 3727 τῆς
1719 3659 1951 3721 πίστεως

387 3746 699 3812 ἐπίγνωσιν,
724 3748 1027 3809 τουτέστιν,
1074 3748 1161 3800 ἵνα
1218 3747 1463 3818 γινώσκῃ
1513 3748 1677 3801 αὑτὸν
1710 3765 1950 3815 τοποτη-

388 3838 557 3907 ρητὴν
584 3837 676 3889 τοῦ
722 3838 982 3907 Χριστοῦ,
1012 3838 1074 3891 οὐ
1116 3838 1343 3891 δύναται
1391 3840 1570 3909 εὑρεῖν
1605 3857 1736 3892 ποτε
1772 3858 1954 3909 σωτηο

390 3930 528 3996 ρῖαν.
564 3930 776 3997 Ὠσπερ
808 3931 917 3999 γάρ
948 3946 1114 3998 φησιν
1144 3930 1175 3980 ὀ
1222 3931 1479 4000 Χριστὸς,
1523 3949 1541 3981 ι
1585 3931 1726 3996 Ἐγώ
1773 3933 1889 4001 εἰμι
1921 3935 1954 4002 ἡ

387 4022 551 4088 θύρα,
578 4023 605 4073 ό
636 4022 710 4090 μὴ
740 4022 1119 4091 εἰσερχόμενος
1150 4022 1237 4075 διὰ
1270 4023 1369 4090 τῆς
1400 4022 1592 4091 θύρας,
1625 4023 1761 4076 ἀλλὰ
1789 4024 1953 4076 ἀλλα-

386 4112 539 4182 χόθεν
560 4112 881 4174 ἀναϐαίνων,
911 4115 1118 4174 ἐκεῖνος
1143 4113 1382 4180 κλέπτης
1405 4114 1523 4165 ἐστὶ
1548 4115 1641 4166 καὶ
1657 4114 1860 4184 λῃστής
1883 4130 1897 4145 ο
1930 4134 1947 4165 ι

386 4202 532 4255 οὕτω
565 4203 660 4255 καὶ
694 4205 720 4255 ό
748 4202 990 4271 διάδοχος
1029 4202 1196 4254 αὑτοῦ
1234 4203 1438 4273 Πέτρος
1476 4202 1643 4271 φησίν
1666 4219 1679 4234 ·
1718 4222 1736 4253 ι
1782 4204 1842 4256 '0
1882 4204 1956 4273 μὴ

389 4290 659 4361 πιστεύων
704 4292 771 4344 δι’
804 4291 939 4356 ἐμοῦ
987 4291 1081 4343 τὸν
1113 4290 1240 4343 Υῐὸν
1272 4293 1366 4346 τοῦ
1396 4292 1630 4362 ἀοράτου
1685 4294 1821 4346 Θεοῦ
1862 4298 1956 4346 καὶ

390 4384 600 4452 ῐίατρὸς
629 4382 956 4451 γεννηθέντα
1009 4386 1188 4455 σαρκὶ,
1248 4385 1341 4438 καὶ
1376 4385 1639 4449 παθόντα,
1674 4385 1769 4438 καὶ
1819 4388 1953 4440 ἀνα-

2057 3204 2299 3260 solvendi
2347 3213 2400 3256 et
2462 3202 2661 3269 ligandi
2698 3211 2750 3254 et
2801 3200 3163 3268 intelligendi,
3200 3198 3529 3267 injunxisse,
3570 3204 3625 3250 et

2056 3291 2141 3358 pie
2173 3290 2225 3342 in
2254 3288 2435 3342 Jesum
2469 3286 2748 3342 Christum
2782 3288 2870 3341 Dei
2902 3288 3100 3342 Filium
3128 3303 3222 3354 per
3240 3302 3363 3340 eum
3392 3288 3624 3340 creden-

2056 3382 2109 3437 di
2139 3380 2399 3435 ?Credite
2427 3380 2480 3435 in
2517 3390 2797 3449 posterum
2832 3380 2973 3448 quod
3010 3382 3129 3435 sine
3159 3380 3466 3434 obedientia
3499 3394 3627 3447 erga

2056 3471 2276 3526 Petrum
2309 3471 2509 3524 salvari
2541 3486 2645 3525 non
2683 3473 2933 3540 potestis.
2970 3470 3176 3537 Etjure
3207 3469 3449 3540 quidem.
3487 3468 3623 3520 Nam

2057 3564 2102 3617 is
2134 3572 2215 3617 est
2249 3572 2401 3632 porta
2455 3562 2669 3616 salutis.
2703 3561 2806 3626 Qui
2856 3575 2953 3630 per
2991 3576 3114 3615 eum
3162 3560 3217 3615 in
3252 3560 3622 3629 cognitionem

2057 3656 2177 3710 lidei
2209 3670 2315 3709 non
2358 3655 2680 3723 ingreditur,
2714 3654 2766 3708 id
2798 3662 2900 3715 est,
2940 3661 2998 3707 ut
3039 3669 3163 3707 eum
3215 3660 3478 3719 agnoscat
3505 3667 3628 3706 esse

2055 3748 2256 3803 Christi
2283 3747 2571 3809 vicarium,
2613 3762 2716 3800 non
2746 3748 2946 3816 poterit
2978 3760 3213 3814 unquam
3242 3745 3470 3799 salutem
3493 3758 3631 3797 con-

2057 3840 2232 3905 sequi.
2257 3838 2412 3899 Nam,
2438 3849 2495 3891 ut
2518 3838 2766 3892 Christus
2792 3838 2990 3908 inquit,
3019 3854 3037 3887 ι
3082 3837 3189 3904 Ego
3223 3851 3343 3890 sum
3384 3836 3579 3889 ostium
3610 3850 3624 3898 ;

2057 3933 2150 4000 qui
2196 3946 2300 3983 non
2356 3931 2522 3983 intrat
2550 3944 2645 3997 per
2678 3930 2903 3993 ostium,
2935 3929 3030 3982 sed
3072 3927 3290 3983 aliunde
3337 3941 3622 3980 ascensum

2056 4034 2229 4090 parat,
2263 4022 2349 4076 fur
2387 4032 2549 4077 estet
2577 4022 2716 4075 latro
2746 4021 2835 4087 “g
2868 4040 2887 4073 ι
2932 4022 3001 4075 ita
3037 4030 3088 4076 et
3120 4019 3315 4075 Petrus
3343 4020 3461 4090 ejus
3499 4035 3629 4072 suo-

2057 4131 2242 4171 cessor
2271 4115 2402 4168 dicit
2438 4132 2449 4167 :
2484 4131 2502 4165 t
2529 4112 2629 4178 Qui
2662 4128 2768 4167 non
2793 4113 3072 4181 creditper
3100 4128 3184 4167 me
3215 4113 3411 4167 Filium
3442 4111 3631 4165 invisi-

2059 4208 2182 4261 bilis
2225 4206 2316 4261 Dei
2347 4216 2400 4259 ct
2429 4205 2603 4259 Patris
2634 4205 2685 4258 in
2717 4218 2882 4258 carne
2915 4203 3179 4272 genitum,
3208 4203 3300 4271 qui
3332 4217 3523 4271 passus
3551 4211 3634 4253 est

2058 4309 2112 4351 et
2149 4277 2466 4358 resurrexit,
2510 4305 2562 4349 et
2618 4306 2813 4350 caetera
2853 4293 3284 4365 dispensationis
3337 4278 3618 4364 mysteria,

2066 4390 2151 4443 hic
2187 4390 2477 4443 hazreticus
2509 4396 2588 4441 est
2617 4398 2670 4442 et
2702 4389 2905 4442 salvari
2939 4386 3085 4440 nullo
3117 4401 3357 4457 unquam
3392 4396 3633 4455 tempore

390 4477 611 4539 στάντα,
650 4475 744 4526 καὶ
778 4474 943 4527 τᾶλλα
973 4475 1070 4543 τῆς
1101 4474 1418 4543 οἰκονομίας
1467 4478 1766 4545 μυστήρια,
1807 4474 1946 4537 οὗτος

2067 4480 2285 4549 poterit.
2326 4497 2341 4529 ι
2382 4476 2505 4531 Haec
2538 4476 2707 4546 igitur
2738 4485 2791 4529 et
2818 4475 2944 4529 talia
2984 4485 3252 4540 tenentes,
3282 4488 3514 4544 quorum
3550 4489 3636 4524 rr-

388 4567 660 4635 αῖρετικός
703 4568 839 4633 ἐστι,
887 4567 983 4619 καὶ
1028 4566 1270 4635 σωθῆναι
1319 4566 1575 4619 οὐδέποτε
1603 4566 1955 4636 δυνήσεται.)

388 4660 571 4714 Ταῦτα
596 4660 776 4713 τοίνυν
804 4662 896 4713 καὶ
929 4659 1064 4711 ἄλλα
1100 4658 1135 4713 ἃ.
1166 4658 1383 4729 πλήρης
1404 4660 1555 4711 πᾶσα
1578 4658 1684 4711 τῶν
1709 4658 1962 4711 διδασκά-

384 4754 494 4802 λων
526 4752 715 4820 γραφὴ
770 4750 1008 4821 ἔχοντες,
1045 4752 1110 4819 τῇ
1158 4747 1457 4817 Ἐκκλησία
1516 4747 1957 4816 ὑποτασσώμεθα

388 4843 481 4892 καὶ
528 4843 587 4892 ὲν
622 4841 756 4909 αὐτῇ
790 4839 1063 4911 μένωμεν,
1112 4840 1206 4892 κα)⁵
1258 4839 1321 4890 ὲν
1370 4840 1435 4907 τῇ
1476 4837 1725 4907 ὑποταγῇ
1787 4839 1959 4905 αὑτῆς

390 4929 677 4998 εὐχώμεθα
709 4929 981 4996 διαμεῖναι
1027 4929 1108 4989 εἰς
1138 4926 1232 4980 τὸν
1264 4925 1436 4981 αἰῶνα
1468 4926 1561 4977 τὸν
1594 4926 1831 4991 ἅπαντα,
1871 4926 1957 4978 ἴνα

388 5019 547 5073 ἵλεων
577 5020 667 5073 τὸν
718 5020 920 5088 Κύριον
952 5019 1203 5088 εὕρωμεν
1234 5019 1292 5070 ὲν
1338 5019 1403 5086 τῇ
1439 5017 1622 5087 ἡμέρᾳ
1653 5019 1715 5086 τῇ
1750 5015 1960 5084 φοϐερᾷ

387 5111 485 5180 τῆς
511 5111 941 5172 ἀνταποδόσεως.
972 5108 1211 5174 Γένοιτο,
1241 5108 1477 5177 γένοιτο.

1124 5204 1222 5257 ΙΘ’.

1008 5295 1336 5364 Ἐπίλογοςκ

464 5392 602 5459 Ἤδη
654 5390 793 5442 κατὰ
865 5388 1093 5441 δυνατὸν
1153 5388 1253 5459 τὴν
1320 5388 1599 5458 ἡμετέραν
1659 5388 1956 5453 ὑπόσχεσιν

390 5483 813 5553 ἐπληρώσαμεν,
847 5479 1468 5551 ὑπεραπολογησάμενοι
1514 5478 1623 5531 τῶν
1656 5480 1711 5531 ὲν
1737 5477 1814 5546 τῷ
1844 5478 1955 5547 ὅρῳ

393 5576 487 5642 τῆς
520 5576 576 5626 ὲν
604 5572 918 5643 Φλωρεντίᾳ
944 5572 1159 5625 συνόδου
1189 5573 1349 5625 πέντε
1377 5570 1617 5639 ἄρθρων.
1642 5569 1961 5638 Εἱρήκαμεν

394 5665 450 5717 δὲ
476 5665 667 5725 ταῦτα,
702 5665 812 5717 ἀπὸ
851 5664 962 5717 τῶν
990 5662 1185 5715 κοινῶν
1211 5661 1471 5732 Πατὲρων
1502 5660 1594 5714 καὶ
1630 5659 1962 5712 διδασκάλων

397 5754 650 5817 λασόντες
676 5756 951 5825 ἀφορμὰς,
988 5754 1081 5818 οὒς
1109 5755 1141 5824 ή
1178 5752 1473 5823 Ἐκκλησία
1505 5750 1720 5817 δοξάζει
1751 5751 1963 5819 ἁγίους,

461 5868 504 5900 ⁸³
531 5867 683 5926 Joan.
711 5886 761 5933 κ,
792 5870 841 5924 1.

2066 4571 2215 4624 ferta:
2264 4580 2391 4623 sunt
2422 4582 2613 4623 omnes
2667 4568 2955 4622 doctorum
3010 4566 3317 4633 scripturae,
3382 4563 3637 4617 Ecclesia:

2066 4661 2398 4729 subjicimur
2430 4661 2485 4714 in
2517 4674 2689 4728 eaque
2718 4672 3122 4729 permanennts,
3160 4667 3214 4711 et
3247 4656 3301 4710 in
3325 4654 3636 4710 obedientia

2062 4754 2182 4821 ejus
2229 4753 2520 4821 persistere
2576 4753 2629 4805 in
2663 4750 2846 4804 omnia
2908 4752 3105 4805 saecula
3156 4748 3516 4820 deprecamur
3579 4756 3637 4799 ut

2064 4843 2360 4912 propitium
2392 4841 2561 4896 Deum
2611 4842 3000 4897 nanciscamur
3034 4840 3088 4895 in
3119 4840 3398 4895 tremenda
3432 4839 3517 4893 die
3554 4855 3639 4892 re-

2069 4933 2402 4987 tributionis.
2456 4932 2596 4999 Fiat,
2642 4933 2749 4989 fiat.

2770 5198 2912 5252 31X.

2701 5289 2971 5359 Epilogus.

2134 5386 2255 5440 .lam
2310 5390 2491 5458 quoad
2529 5386 2648 5455 ejus
2699 5382 2817 5437 fieri
2860 5379 3037 5451 potuit
3084 5381 3438 5450 pratstitimus
3489 5384 3640 5453 quod

2067 5477 2293 5544 polliciti
2346 5490 2554 5539 sumus,
2590 5474 2751 5528 allata
2832 5471 2898 5525 ad
2959 5470 3203 5540 quinque
3257 5472 3518 5529 articulos
3549 5490 3642 5528 re-

2074 5567 2392 5637 sponsione,
2430 5566 2520 5636 qui
2554 5566 2607 5619 in
2643 5565 2863 5619 decreto
2892 5562 3226 5619 Florentium
3272 5564 3468 5636 synodi
3498 5580 3638 5621 con-

2074 5660 2339 5713 tinentur.
2381 5657 2828 5728 Conscripsimus
2877 5671 3006 5711 vero
3040 5657 3154 5711 haec
3199 5671 3228 5710 a
3257 5660 3640 5715 communibus

2038 5748 2329 5807 'Patribus
2379 5764 2443 5804 ae
2504 5748 2818 5806 doctoribus
2870 5748 3153 5818 desumpta
3212 5752 3462 5815 materia,
3496 5766 3637 5821 quos
