3966 6198
364 250 365 253 η
418 219 566 288 71383

1612 218 1928 281 JOSEPII]
1974 221 2525 288 METHUNENSIS

3548 232 3685 298 ιθει

421 338 715 396 denuntiodo
752 353 845 407 per
880 353 1098 393 sacrum
1126 337 1588 407 'Chiysostomnm
1627 356 1806 394 aureae
1850 342 1986 396 tuba!

2100 363 2215 413 γοις
2234 364 2246 378 ·
2280 349 2374 401 νῦν
2404 353 2461 404 δὲ
2485 351 2853 424 ἰσχυροτέρως
2890 370 3009 417 πως
3039 351 3130 407 διὰ
3168 353 3261 408 τοῦ
3288 354 3436 426 ἱεροῦ
3462 357 3683 421 Χρυσο-

422 432 669 487 divinant
702 429 965 485 Joannem
1000 429 1291 485 audiamus
1321 445 1385 484 ex
1424 430 1674 485 oratione
1702 432 1761 485 in
1797 433 1991 487 Pente—

368 558 371 561 ν
422 530 611 577 costcn
639 560 655 585 ,
698 520 854 589 cujus
880 520 1217 590 principium
1256 538 1269 573 :
1311 539 1329 572 ι
1366 520 1579 574 leum
1627 522 1787 576 hodie
1831 521 1995 577 nobis

418 613 564 669 facta
598 621 683 667 est
733 621 897 666 terra.
943 631 962 662 ι
1002 610 1141 666 Dicit
1192 611 1335 665 enim
1382 611 1453 664 ibi
1508 622 1633 681 post
1672 612 1774 665 alia
1825 612 1995 667 multa

420 706 503 763 sic
539 704 614 776 (Ι)
651 722 665 759 :
703 722 722 755 ι
760 704 953 770 Magno
982 703 1166 758 studio
1210 703 1479 757 incumbit
1526 705 1665 759 Deus
1715 705 1767 757 in
1804 703 1993 760 Eccle-

410 802 578 864 siam,
607 813 716 852 non
748 797 1046 865 parietibus
1074 795 1288 858 fultam,
1314 796 1408 851 sed
1434 797 1609 865 gratia
1637 797 1993 850 custoditam.

372 890 649 959 ,PrOpler
692 888 991 945 Ecclesium
1024 889 1382 944 constitutum
1428 896 1512 943 est
1558 889 1794 955 ccelum,
1848 897 1994 943 terra

413 986 630 1045 lirmata
661 993 765 1048 εει,
793 992 847 1036 et
875 997 1024 1035 mare
1055 980 1313 1044 eﬂusum,
1345 990 1396 1034 et
1423 995 1516 1035 aer
1546 982 1806 1048 repletus,
1837 994 1996 1049 para-

410 1076 578 1130 disus
609 1084 694 1129 est
727 1078 1001 1143 plantatus
1025 1114 1039 1137 ,
1079 1074 1163 1127 lex
1205 1074 1401 1127 tradita
1428 1114 1443 1138 ,
1489 1073 1641 1126 missi
1674 1073 1954 1142 prophetae
1979 1111 1994 1136 ,

415 1167 684 1221 miracula
714 1164 857 1220 facta
887 1174 1039 1223 sunt.
1076 1179 1224 1219 mare
1253 1163 1613 1227 dividebatur,
1646 1172 1699 1216 et
1730 1162 1995 1217 resarcie-

411 1261 585 1315 batur
604 1301 618 1324 ,
654 1268 819 1328 petrae
846 1258 1236 1313 scindebantur
1268 1266 1322 1312 et
1364 1271 1557 1311 rursus
1585 1256 1996 1325 jungehanlurl,

424 1368 622 1406 manna
649 1353 717 1407 de
755 1352 897 1406 cmlo
926 1350 1292 1406 descendebat
1318 1388 1334 1411 ,
1367 1359 1421 1403 et
1449 1365 1510 1403 ex
1542 1358 1783 1418 tempore
1811 1363 1998 1402 mensa

420 1444 839 1513 disponebalur;
864 1452 1085 1512 pr0pter
1114 1442 1418 1496 Ecclesium
1451 1442 1750 1511 prophetae,
1780 1448 2000 1508 propter

412 1536 723 1590 .Ecclesiam
750 1535 1008 1605 aposmli.
1037 1551 1066 1587 τι
1099 1532 1170 1588 At
1212 1549 1311 1586 cur
1340 1543 1448 1587 tam
1486 1534 1652 1586 multa
1676 1533 1699 1584 ?
1725 1552 1743 1583 ι
1775 1532 2000 1602 Propter

376 1678 381 1681 .
422 1629 723 1682 Ecclesiam
756 1626 1065 1697 unigenitus
1101 1626 1194 1699 Dei
1225 1624 1401 1680 Filius
1451 1624 1594 1678 ﬁlius
1629 1625 1871 1680 hominis
1914 1623 1998 1677 fa-

2098 440 2325 509 στόμου,
2370 442 2469 510 τῆς
2514 444 2724 514 χρυσῆς
2767 445 3072 514 σάλπιγγος
3101 446 3349 501 Ἰωάννου
3399 448 3493 500 τοῦ
3534 448 3686 501 θείου

2097 531 2444 600 ἀκούσωμεν,
2471 534 2529 587 ὲν
2551 535 2628 605 τῷ
2663 537 2809 606 λόγῳ
2861 535 2939 605 τῷ
2992 538 3074 593 είς
3121 537 3222 607 τὴν
3263 538 3681 608 Πεντηκοστήνο

2088 622 2157 675 ὀὖ
2190 626 2221 693 ἡ
2256 626 2397 695 ἀρχή
2422 642 2436 655 ⁶
2470 645 2498 679 λι
2519 626 2579 680 '0
2609 628 2838 698 οὐρανὸς
2865 631 2999 700 ἡμῖν
3026 630 3216 698 γέγονε
3246 632 3487 700 σήμερον
3516 630 3591 701 γῆ
3614 649 3629 661 ’
3656 650 3681 684 ι

2097 712 2250 781 λέγει
2282 716 2390 785 γὰρ
2420 717 2476 769 ὲν
2501 717 2669 789 αὐτῷ,
2700 718 2840 787 μετὰ
2894 718 3067 772 πολλὰ
3096 720 3253 779 ἄλλα.
3288 719 3384 773 ὡδί
3406 736 3420 750 '
3470 739 3489 772 ι
3532 720 3681 772 Πολὺ

2097 806 2206 876 γὰρ
2230 809 2308 876 τῷ
2336 808 2457 877 Θεῷ
2502 811 2984 879 περισπούδαστον
3019 813 3053 876 ἡ
3082 812 3381 880 Ἐκκλησία
3404 828 3419 846 θ
3449 813 3512 865 οὒ
3561 813 3681 864 τεί-

2096 917 2213 966 χοις
2244 902 2678 973 ἀσφαλιζομένη,
2712 904 2848 959 ἀλλὰ
2901 904 3085 975 χάριτι
3136 908 3541 975 φυλαττομένη.
3580 906 3683 959 Διὰ

2096 991 2194 1062 τὴν
2234 992 2561 1062 Ἐκκλησίαν
2589 997 2791 1066 ἐστάθη
2816 1001 2842 1051 ὁ
2871 998 3124 1067 οὐρανὸς,
3162 1000 3257 1052 καὶ
3290 1000 3358 1070 γῆ
3382 999 3686 1070 ἐθεμελιώ-

2099 1085 2200 1155 θηο
2234 1089 2327 1140 καὶ
2377 1090 2621 1143 θάλασσα
2656 1091 2889 1163 ἐξεχύθη
2918 1109 2931 1122 ·
3002 1096 3096 1146 καὶ
3142 1094 3259 1163 ’ἀὴρ
3330 1095 3635 1165 ἐπληρώθη
3664 1112 3681 1128 ⁸

2100 1181 2429 1246 παράδεισος
2456 1184 2727 1254 ἐφυτεύθη
2751 1201 2765 1216 ο
2798 1186 2965 1254 νόμος
2993 1186 3147 1254 ἐδόθη
3178 1205 3191 1218 -
3226 1186 3513 1257 προφῆται
3541 1190 3686 1241 άπε-

2100 1274 2413 1342 στάλησανο
2469 1274 2726 1345 θαύματα
2773 1278 3066 1343 ἐγένοντο-
3128 1278 3367 1347 πέλαγος
3427 1278 3684 1349 ἐσχίζετο

2096 1364 2193 1417 καὶ
2226 1365 2535 1436 ὲρῤάπτετο
2559 1383 2572 1398 ο
2613 1368 2809 1437 πέτραι
2843 1371 3202 1440 ἐρρήγνυντο,
3238 1370 3330 1423 καὶ
3351 1370 3511 1424 πάλιν
3542 1387 3683 1425 συν·

2096 1456 2336 1525 ήπτοντο
2395 1474 2410 1489 ’
2479 1460 2657 1527 μάννα
2708 1463 3068 1528 κατεφέρετο,
3137 1463 3231 1516 καὶ
3282 1461 3681 1531 ἑσχεδιασμένη

2100 1549 2552 1619 παρεσκευάζετο
2599 1552 2847 1622 τράπεζα
2872 1569 2887 1584 ·
2918 1554 3005 1607 διὰ
3050 1555 3148 1624 τὴν
3175 1555 3379 1623 Ἐκκλη
3393 1554 3506 1607 ςίαν
3538 1571 3681 1622 προσ

2102 1640 2272 1709 φῆται
2291 1657 2306 1673 ο
2347 1641 2435 1695 διὰ
2464 1643 2563 1711 τὴν
2601 1644 2931 1714 Ἐκκλησίαν
2954 1646 3277 1700 ἀπόστολοιο
3307 1646 3404 1698 καὶ
3425 1646 3479 1699 τί
3503 1646 3684 1699 πολλὰ

408 1731 543 1775 ~ctns
575 1734 679 1781 est.
728 1730 789 1774 ut
833 1719 1037 1774 Paulus
1082 1721 1178 1784 ait,
1227 1722 1320 1788 qui
1352 1720 1571 1787 proprio
1588 1718 1729 1773 Filio
1762 1732 1869 1772 non
1908 1733 1986 1787 pe-

2100 1708 2279 1798 λέγως
2322 1732 2410 1785 διὰ
2465 1708 2565 1803 την
2606 1708 2938 1804 Ἐκκλησίαν
2985 1740 3013 1791 ὁ
3075 1738 3375 1807 μονογενὴς
3409 1737 3507 1791 τοῦ
3535 1738 3679 1791 Θεοῦ

411 1815 633 1881 percit,
668 1824 725 1868 ut
763 1812 1020 1867 Ecclesia:
1050 1819 1349 1880 parceret,
1383 1808 1509 1864 Filii
1550 1811 1636 1864 sui
1674 1810 1994 1879 sanguinem

414 1905 615 1961 eﬁ‘udit
657 1914 878 1976 propter
924 1903 1247 1958 Ecelesiam.
1294 1903 1394 1956 Hic
1434 1902 1660 1972 sanguis
1706 1902 1894 1972 irrigat
1926 1901 1996 1955 il-

410 2001 547 2054 lam.
581 1999 684 2053 Per
714 2012 838 2052 eum
869 2011 977 2050 non
1014 2006 1242 2064 possunt
1274 1993 1418 2047 illius
1451 1993 1646 2063 plantae
1676 1994 1956 2046 tabescere
1977 2030 1993 2057 ,

423 2104 600 2157 neque
630 2087 757 2140 folia
799 2086 1069 2143 decidere.
1116 2084 1233 2137 Non
1268 2093 1362 2139 est
1404 2083 1640 2138 obnoxia
1682 2092 1991 2152 temporum

412 2181 751 2237 necessariis
779 2179 1017 2241 vicibus,
1045 2194 1217 2245 neque
1242 2176 1472 2245 tempori
1505 2176 1751 2230 inservit.
1780 2174 1994 2231 IEstate

412 2274 638 2342 quidem
688 2272 838 2326 loliis
884 2280 1071 2325 vernat
1100 2311 1114 2333 ,
1167 2270 1359 2339 hyeme
1399 2282 1529 2323 vero
1576 2283 1686 2323 non
1730 2270 1990 2323 nudatur.

408 2366 539 2421 Non
574 2364 717 2419 enim
751 2373 1057 2433 temporum
1097 2361 1457 2415 necessitates
1482 2399 1497 2425 ,
1530 2360 1621 2415 sed
1655 2362 1831 2427 gratia
1874 2359 1996 2429 Spi-

421 2461 561 2512 ritus
609 2472 729 2512 eam
766 2456 937 2520 colit;
990 2463 1271 2524 propterea
1323 2467 1430 2505 non
1479 2452 1775 2517 evellitur,
1820 2466 1994 2519 neque

410 2553 619 2606 mirum
651 2558 737 2605 est
765 2564 888 2604 eam
923 2563 1030 2603 non
1060 2546 1241 2601 evelli.
1275 2544 1421 2611 Quot
1453 2545 1563 2613 jam
1613 2544 1738 2598 inde
1769 2559 1796 2596 a
1839 2544 1993 2612 prin-

417 2643 561 2713 cipio
601 2641 861 2696 adversus
898 2637 1199 2693 Ecelesiam
1241 2636 1445 2691 bellum
1482 2644 1817 2705 gesserunt,
1860 2649 1987 2689 cum

416 2744 533 2788 erat
565 2733 747 2802 planta
772 2745 996 2791 recens,
1029 2744 1183 2782 arma
1212 2730 1477 2782 adversus
1515 2741 1633 2779 eam
1665 2737 1792 2780 sunt
1824 2742 1991 2795 expe-

417 2824 567 2879 dita?
594 2824 663 2876 At
698 2837 843 2876 nunc
870 2819 961 2875 Dei
994 2819 1169 2889 gratia
1198 2826 1253 2873 et
1283 2817 1459 2873 sanrti
1494 2816 1734 2885 Spiritus
1771 2818 1988 2881 robore,

404 2928 472 2975 et
494 2918 792 2987 imperator
817 2922 899 2968 est
921 2913 1065 2981 pius,
1095 2918 1148 2965 et
1177 2911 1403 2974 milites,
1430 2918 1484 2963 et
1507 2908 1686 2963 omnis
1715 2917 1857 2963 terra
1889 2909 1991 2964 [ide

406 3018 502 3063 est
528 3006 759 3077 repleta.
792 3005 859 3058 At
900 3004 954 3057 in
991 3002 1201 3072 origine
1240 3002 1357 3071 ejus
1380 3044 1396 3067 ,
1437 3002 1490 3054 in
1524 3001 1794 3063 exordio,
1837 3016 1991 3068 reges

2099 1824 2246 1889 Υἱὸς,
2290 1826 2404 1889 υίὸς
2442 1828 2732 1899 ἀνθρώπου
2766 1830 3007 1895 ἐγένετο,
3032 1831 3108 1895 ὣς
3160 1849 3325 1902 φησιν
3348 1834 3379 1885 δ
3414 1832 3629 1894 Παῦλος
3657 1850 3671 1863 ο

2098 1916 2156 1979 ὃς
2179 1934 2239 1983 γε
2263 1919 2355 1970 τοῦ
2390 1919 2522 1973 ίδίου
2556 1920 2686 1974 Υἱοῦ
2717 1923 2820 1976 οὐκ
2867 1924 3140 1990 ἐφείσατο,
3182 1925 3266 1976 ἵνα
3300 1925 3400 1993 τῆς
3442 1924 3681 1991 Ἐκκληο

2100 2010 2220 2073 σίας
2268 2012 2524 2084 φείσηται
2546 2030 2562 2047 ·
2597 2016 2658 2068 τὸ
2687 2013 2830 2085 αἷμα
2862 2016 2956 2071 τοῦ
2990 2010 3121 2071 Υίοῦ
3167 2018 3331 2072 αὑτοῦ
3360 2020 3548 2090 ἐξέχεε
3580 2021 3676 2074 διὰ

2097 2102 2194 2173 τὴν
2225 2104 2593 2175 Ἐκκλησίαν·
2640 2109 2800 2161 τοῦτο
2850 2110 3024 2178 αὐτὴν
3078 2111 3230 2180 ἄρδει
3263 2113 3323 2165 τὸ
3370 2110 3513 2181 αἷμα
3541 2128 3558 2146 ·
3588 2114 3681 2166 διὰ

2096 2196 2259 2251 τοῦτο
2290 2199 2461 2268 αὐτῆς
2492 2202 2559 2253 τά
2592 2203 2735 2269 φυτὰ
2770 2202 3123 2272 μαρανθῆναι
3151 2206 3211 2256 οὺ
3240 2204 3521 2269 δύνανται,
3552 2206 3680 2257 οὐδὲ

2098 2291 2465 2361 φυλλορροείξ
2501 2294 2599 2363 ούχ
2652 2294 2939 2347 ὑπόκειται
3004 2296 3213 2364 καιρῶν
3255 2298 3560 2365 ἀνάγκαις·
3613 2301 3679 2350 οὐ

2094 2383 2338 2438 δουλεύει
2361 2386 2539 2457 χρόνῳ
2559 2402 2571 2413 ·
2602 2388 2660 2440 ἐν
2693 2389 2841 2457 θέρει
2884 2389 2981 2454 μὲν
3013 2372 3244 2459 κόμῶσα
3272 2394 3380 2454 τοῖς
3422 2390 3677 2458 φύλλοις,

2096 2477 2154 2528 ἐν
2204 2476 2261 2528 δὲ
2328 2478 2561 2547 χειμῶνι
2610 2480 2671 2532 ού
2729 2484 3115 2551 γυμνουμένη·
3170 2482 3235 2534 ού
3294 2482 3405 2551 γὰρ
3462 2482 3682 2551 καιρῶν

2095 2568 2334 2638 ἀνάγκη,
2368 2570 2540 2641 ἀλλ’ἢ
2575 2570 2669 2624 τοῦ
2722 2573 3041 2641 Πνεύματος
3071 2575 3243 2643 αὐτὴν
3278 2576 3441 2644 χάρις
3486 2591 3679 2645 γεωρ-

2094 2663 2210 2728 γείο
2242 2661 2330 2714 διὰ
2354 2662 2514 2716 τοῦτο
2540 2665 2640 2717 οὐκ
2695 2668 3032 2720 ἀνασπᾶται.
3078 2668 3217 2721 Ἀλλ’
3248 2669 3349 2722 οὐκ
3378 2670 3500 2722 ἐστι
3537 2670 3680 2721 θαυς

2098 2755 2327 2824 μαστὸν,
2356 2756 2437 2809 ὄτι
2465 2756 2566 2809 οὐκ
2595 2757 2944 2812 ἀνασπᾶται·
2976 2762 3137 2815 πόσοι
3168 2763 3226 2828 ἑξ
3255 2761 3433 2831 ἀρχῆς
3479 2762 3678 2814 ὲπολέ-

2092 2864 2282 2916 μησαν
2320 2848 2420 2917 τὴν
2456 2848 2809 2921 Ἐκκλησίαν,
2847 2854 2935 2906 ὅτε
2976 2855 3237 2925 νεόφυτος
3265 2851 3333 2927 ἦν
3364 2858 3506 2910 ὅπλα
3545 2859 3677 2911 κατ’

2095 2942 2265 3009 αὐτῆς
2316 2940 2650 3011 ἐκινήθησαν
2673 2962 2685 2975 ·
2722 2945 2822 2997 νῦν
2855 2945 2953 3013 μὲν
3003 2947 3113 3015 γὰρ
3144 2948 3236 3001 διά
3265 2950 3367 3019 τὴν
3400 2951 3493 3003 τοῦ
3525 2952 3670 3005 Θεοῦ

2014 3037 2061 3097 C
2094 3032 2256 3102 χάριν
2283 3034 2377 3086 καὶ
2412 3037 2511 3107 τὴν
2533 3035 2626 3089 τοῦ
2654 3037 2976 3108 ΙΙνεύματος
3000 3038 3257 3109 δύναμιν,
3286 3042 3381 3095 καὶ
3412 3042 3672 3113 βασιλεὺς

409 3100 607 3169 impii,
639 3099 840 3153 milites
875 3093 1165 3165 irreligiosi
1198 3093 1268 3148 ob
1299 3091 1453 3162 iussa
1487 3092 1818 3163 principum.
1865 3094 1986 3148 Arae

418 3190 673 3210 -_I_L-_.
751 3188 990 3210 “-12-..-
1042 3184 1220 3210 tum..-
1253 3192 1303 3210 Α.
1361 3183 1521 3210 ..ἕλη-ι
1599 3199 1692 3210 ...ι-
1730 3184 1950 3210 ε..,...;....

2090 3091 2479 3199 ἓνεύσεϐείᾳ,
2531 3132 2622 3183 καὶ
2661 3091 3057 3204 στρατηλάται,
3123 3091 3309 3206 καὶνή
3366 3091 3672 3210 οἰκουμένη

408 3190 714 3254 ardebant,
751 3188 993 3257 undique
1042 3184 1223 3241 fumus
1251 3192 1307 3239 et
1361 3183 1521 3238 nidor
1545 3224 1560 3249 ,
1598 3199 1692 3239 aer
1730 3184 1986 3250 inquina-

410 3284 576 3338 batur
599 3321 617 3346 ,
648 3282 921 3335 daemones
952 3276 1395 3343 bacchabantur,
1427 3275 1678 3331 diabolus
1712 3278 1945 3331 saltabat
1968 3319 1982 3343 ,

410 3381 568 3442 pater
602 3369 770 3425 lilium
803 3368 1125 3432 abdicabat,
1164 3365 1311 3422 ﬁlius
1348 3372 1555 3435 patrem
1592 3380 1700 3419 non
1741 3364 1982 3429 colebat,

410 3472 608 3519 natura
643 3461 997 3517 scindebatur
1028 3467 1091 3515 et
1134 3459 1345 3529 religio.
1386 3456 1492 3512 Ubi
1537 3458 1702 3527 igitur
1735 3458 1826 3527 qui
1863 3458 1984 3512 ausi

411 3562 541 3611 sunt
573 3554 836 3607 adversus
881 3550 1178 3606 Eeclesiam
1223 3550 1278 3603 in
1321 3550 1437 3603 acie
1470 3548 1660 3604 stare?
1694 3548 1830 3602 Cum
1868 3558 1984 3603 erat

412 3647 597 3717 planta
631 3658 843 3707 recens,
866 3657 975 3697 non
1004 3651 1186 3695 tamen
1218 3640 1470 3710 injuriam
1504 3654 1662 3709 passa
1697 3649 1782 3695 est
1814 3658 1827 3694 :
1858 3656 1981 3695 cum

407 3738 611 3793 caelum
671 3735 934 3804 attingit,
989 3747 1179 3801 speras
1239 3730 1387 3785 illam
1447 3746 1607 3801 posse
1663 3731 1983 3787 debellare?

408 3828 641 3894 Quando
676 3825 931 3882 undecim
965 3832 1122 3878 erant
1152 3822 1409 3892 apostoli,
1440 3840 1469 3876 a
1502 3825 1715 3878 nemine
1739 3825 1981 3894 superati

406 3930 584 3975 sunt:
615 3920 724 3972 imo
767 3931 896 3971 vero
940 3916 1189 3971 undecim
1220 3957 1238 3983 ,
1273 3925 1352 3970 tot
1393 3916 1561 3969 millia
1614 3915 1980 3973 Ecclesial‘um

406 4020 539 4066 sunt
565 4009 850 4078 expiscati.
880 4005 1052 4062 «Nunc
1084 4022 1207 4062 cum
1246 4015 1389 4061 terra
1418 4019 1475 4061 et
1516 4022 1663 4062 mare
1690 4047 1705 4070 ,
1746 4008 1892 4062 culta
1928 4016 1982 4064 et

407 4101 783 4159 inhabitabilis
804 4139 821 4166 ,
869 4100 1016 4170 regio
1059 4108 1115 4154 et
1151 4100 1281 4154 urbs
1303 4139 1318 4163 ,
1352 4107 1407 4153 et
1439 4114 1631 4153 omnes
1674 4098 1808 4155 ﬁnes
1841 4101 1977 4157 reli-

374 4196 566 4264 gione
595 4194 776 4250 referti
809 4200 972 4258 sunt,
1006 4202 1136 4247 tunc
1164 4206 1356 4259 Speras
1390 4193 1438 4246 ei
1471 4193 1786 4247 dominari?
1821 4195 1885 4248 At
1922 4205 1977 4250 tu

409 4302 516 4343 non
569 4298 745 4358 potes.
778 4284 1034 4341 Christus
1066 4284 1204 4339 dixit
1229 4324 1245 4350 ,
1284 4283 1427 4353 quod
1471 4295 1636 4353 portae
1670 4282 1830 4340 inferi
1869 4302 1977 4341 non

407 4380 777 4450 prmvalebunt
808 4377 1071 4432 adversus
1101 4391 1242 4430 eam.
1274 4375 1513 4431 Facilius
1543 4386 1625 4430 est
1659 4380 1855 4431 coelum
1887 4378 1980 4434 de—
2006 4394 2058 4454 ι)

407 4473 506 4526 lori
535 4479 585 4525 et
618 4481 817 4525 terram
844 4469 1220 4533 exterminari,
1250 4484 1411 4538 quam
1446 4468 1741 4523 Ecclesiam
1773 4473 1979 4525 exstin-

407 4564 517 4633 gui.
566 4564 698 4629 Quis
741 4562 859 4616 haec
898 4560 1085 4617 dicit?
1124 4562 1242 4631 Ipse
1282 4559 1575 4625 Christus,
1611 4578 1628 4611 ι
1666 4559 1877 4617 leum
1920 4575 1976 4618 ct

406 4663 550 4704 terra
578 4652 908 4715 transibunt,
930 4652 1094 4705 verba
1111 4661 1293 4704 autem
1329 4665 1445 4704 mea
1474 4667 1751 4720 nunquam
1787 4661 1974 4709 trans-

407 4741 584 4796 ibunt.
637 4761 655 4792 ι
696 4741 761 4795 Ει
792 4752 952 4796 recte.
998 4742 1129 4796 Nam
1161 4742 1253 4797 Dei
1296 4744 1518 4797 verbum
1556 4746 1674 4815 ipso
1716 4746 1857 4799 caelo
1890 4756 1974 4800 est

408 4832 698 4903 potentius,
737 4834 862 4900 quia
889 4833 1086 4886 cmlum
1127 4844 1207 4888 est
1239 4851 1377 4903 opus
1417 4836 1592 4891 verbi.
1633 4839 1775 4892 Dixit
1807 4840 1970 4906 Deus,

406 4926 523 4979 Fiat
557 4926 776 4989 caelum,
815 4930 867 4978 et
900 4924 1122 4976 verbum
1163 4924 1264 4979 fuit
1295 4942 1453 4996 opus.
1500 4930 1838 5017 Excurrebpt
1884 4947 1977 4984 na-

405 5029 526 5073 tura
551 5021 767 5073 ni-mine
797 5019 1143 5089 impediente,
1169 5025 1427 5087 quoniam
1453 5023 1567 5093 ipse
1598 5025 1866 5080 Dominus
1894 5035 1977 5080 est

407 5123 612 5165 natura:
639 5124 689 5167 et
718 5128 835 5166 eam
867 5113 1209 5167 innnutandi.
1235 5111 1344 5181 Ego
1374 5129 1491 5168 eam
1518 5117 1799 5172 substruxi
1832 5160 1846 5181 ,
1884 5117 1977 5186 qui

402 5204 601 5259 coelum
620 5202 900 5269 constitui;
918 5202 1011 5255 sed
1029 5218 1126 5271 pro
1149 5202 1288 5257 caelo
1306 5204 1625 5273 sanguinem
1653 5224 1759 5260 non
1783 5206 1972 5273 elfudi,

404 5312 501 5365 pro
532 5295 670 5350 cmlo
705 5296 855 5350 cruci
892 5311 998 5349 non
1050 5295 1125 5349 fui
1173 5294 1386 5362 allixus,
1419 5313 1516 5366 pro
1567 5300 1707 5353 cutio
1743 5302 1974 5358 cmleste

403 5404 601 5458 corpus
635 5403 739 5442 non
774 5392 1065 5459 assumpsi.
1105 5392 1209 5443 Sed
1238 5391 1367 5460 quid
1403 5390 1524 5443 dico
1558 5392 1623 5446 de
1649 5396 1787 5452 cmlo
1820 5398 1972 5455 iAn-

403 5481 643 5549 geloi'um
688 5496 886 5551 corpus
933 5498 1038 5535 non
1092 5485 1412 5553 assumpsi:
1461 5494 1520 5539 ut
1568 5486 1839 5560 intelligas
1887 5510 1973 5549 me

2090 3220 2242 3272 πᾶσα
2270 3218 2367 3292 τῆς
2414 3222 2649 3287 πίστεως
2681 3227 3053 3291 ἐμπίπλαται.
3087 3229 3223 3283 Τότε
3253 3232 3309 3284 δὲ
3340 3233 3398 3284 ἐν
3426 3234 3570 3305 ἀρχῇ
3606 3235 3674 3287 ἒν

2089 3312 2403 3382 προοιμίοις
2434 3314 2677 3383 βασιλεῖς
2706 3319 2765 3371 ὲν
2817 3320 3043 3392 ἀσεϐείᾳ
3067 3338 3082 3352 ο
3115 3324 3487 3393 στρατηλάται
3533 3330 3677 3380 ἀσε-

2086 3404 2235 3467 ϐεῐςο
2272 3405 2615 3476 διατάγματα
2651 3410 2967 3479 ἀρχόντωνο
3024 3413 3200 3484 βωμοὶ
3254 3418 3628 3487 ἀναπτόμενοι
3652 3439 3668 3453 ·

2088 3498 2367 3568 πανταχοῦ
2393 3502 2618 3567 καπνὸς,
2641 3503 2735 3555 καὶ
2766 3504 3013 3571 κνίσσαις
3048 3507 3160 3577 ἀὴρ
3183 3510 3505 3578 ὲμολύνετο·
3548 3514 3675 3567 61-.-

2089 3607 2251 3660 μονες
2281 3592 2583 3663 ὲϐάκχευον
2605 3609 2618 3624 ⁸
2656 3596 2903 3661 διάϐολος
2931 3600 3157 3669 ὲχόρευε
3180 3620 3193 3633 ·
3229 3578 3676 3678 πατὴῖἁπεκή-

2087 3699 2277 3753 ρυττεν
2296 3685 2429 3748 υἱὸν,
2448 3687 2558 3749 uio,
2572 3688 2806 3759 ἠτίμαζε
2832 3691 3037 3760 πατέρα
3056 3707 3070 3722 ·
3090 3696 3120 3763 ἡ
3141 3695 3299 3763 φύσις
3318 3698 3560 3769 ἑσχὲζετο
3577 3704 3675 3757 καὶ

2085 3776 2361 3831 εὐσέϐεια,
2414 3779 2527 3832 Ποῦ
2579 3781 2763 3835 τοίνυν
2812 3785 2863 3836 οί
2895 3786 3203 3854 τολμῶντες
3242 3791 3308 3858 τῇ
3356 3789 3671 3865 Ἐκκλησία

2085 3870 2695 3939 ἀντιπαρατάττεσθαις
2730 3874 2866 3927 ’Ὀτε
2919 3876 3180 3945 νεόφυτος
3214 3876 3304 3950 ἦν,
3339 3881 3439 3935 οὐκ
3474 3885 3669 3955 ἠδική-

2087 3960 2154 4030 θη
2179 3980 2192 3993 ο
2228 3963 2316 4014 ὅτε
2344 3963 2439 4016 τοῦ
2465 3964 2702 4035 ούρανοῦ
2730 3967 2932 4037 ἥψατο,
2966 3970 3277 4041 προσδοκᾷς
3306 3974 3475 4043 αὐτῆς
3503 3991 3671 4046 περι-

2084 4053 2364 4121 γενέσθαι.
2410 4056 2542 4108 "Ore
2598 4056 2791 4110 ἕνδεκα
2838 4054 2981 4128 ἦσαν
3020 4061 3329 4124 ἀπόστολοι,
3381 4065 3500 4119 οὐδὲ
3560 4061 3667 4130 εἷς,

2083 4146 2266 4198 αὐτῶν
2301 4148 2630 4219 ἐκράτησεν,
2663 4150 2783 4202 ἀλλ’
2823 4154 2871 4204 οἱ
2916 4153 3109 4208 ἕνδεκα
3141 4159 3411 4221 τοσαύτας
3466 4163 3670 4230 μυριά-

2079 4236 2178 4299 δας
2211 4239 2607 4308 ἐσαγήνευσαν.
2658 4230 2794 4307 Νῦν,
2831 4243 2919 4295 ὅτε
2959 4246 2991 4315 ἡ
3025 4247 3095 4314 γῆ
3133 4249 3226 4300 καὶ
3285 4249 3553 4311 θάλασσα.
3590 4255 3667 4305 0!-

2082 4331 2325 4400 κουμένη
2358 4333 2452 4384 καὶ
2483 4330 2756 4399 ἀοίκητος,
2813 4336 2967 4405 χώρα
3023 4338 3118 4391 καὶ
3161 4340 3315 4402 πόλις
3343 4343 3438 4396 καὶ
3482 4345 3666 4398 πάντα

2084 4420 2156 4474 τά
2187 4423 2422 4490 πέρατα,
2456 4425 2553 4491 τῆς
2601 4426 2883 4491 εὐσεϐείας
2941 4431 3211 4500 ἐπλήσθη,
3246 4436 3368 4488 τότε
3416 4435 3667 4501 ἑλπῐζεις

2085 4515 2255 4583 αὐτῆς
2290 4518 2599 4586 κρατῆσαι;
2644 4518 2784 4571 Ἀλλ’
2839 4523 2899 4573 οὐ
2944 4523 3209 4576 δύνασαιο
3246 4528 3483 4593 Χριστὸς
3530 4533 3667 4583 άπε-

2085 4610 2314 4677 φήνατο,
2346 4610 2427 4661 ὅτι
2467 4610 2632 4663 πύλαι
2682 4611 2811 4684 ᾅδου
2866 4616 2928 4667 οὐ
2987 4620 3412 4689 κατισχύσουσιν
3463 4624 3660 4692 αὐτῆς.

2084 4696 2463 4769 Εὑκολὼτερόν
2490 4702 2607 4754 ἐστι
2630 4703 2721 4754 τὸν
2756 4703 2988 4772 ούρανδν
3021 4710 3410 4780 ἀφανισθῆναι,
3436 4716 3533 4765 καὶ
3562 4717 3664 4785 τὴν

2084 4789 2190 4859 γῆν
2226 4792 2599 4864 ἁπολέσθαι,ἢ
2634 4794 2732 4865 τὴν
2752 4795 3083 4865 Ἐκκλησίαν
3117 4803 3326 4857 παθεῖν.
3361 4806 3457 4868 Τίς
3485 4807 3658 4859 ταῦτα

2078 4881 2226 4948 λέγει
2253 4901 2268 4951 ;
2302 4886 2463 4949 αὐτὸς
2496 4887 2524 4939 δ
2551 4888 2801 4956 Χριστός·
2833 4909 2853 4941 ι
2881 4890 2937 4945 '0
2966 4893 3191 4962 οὐρανὸς
3214 4896 3356 4966 καὶὴ
3381 4897 3448 4967 γῆ
3484 4915 3660 4970 παρε-

2074 4975 2344 5043 λεύσεται,
2394 4980 2441 5031 οἱ
2470 4980 2526 5033 δὲ
2582 4981 2731 5049 λόγοι
2765 5001 2868 5053 μου
2902 4986 2962 5037 οὐ
3002 4990 3076 5056 μὴ
3110 4989 3444 5057 παρέλθωσι.
3484 5010 3503 5042 ι
3541 4995 3653 5045 Καὶ

2076 5066 2251 5128 καλῶς
2284 5083 2298 5096 ’
2335 5068 2362 5119 ό
2403 5071 2508 5136 γὰρ
2540 5070 2697 5138 λόγος
2731 5072 2825 5125 τοῦ
2856 5074 3013 5141 Θεοῦ,
3071 5076 3237 5130 αὑτοῦ
3287 5079 3382 5132 τοῦ
3417 5082 3652 5151 ούρανοῦ

2074 5155 2447 5228 δυνατώτερος
2477 5168 2493 5186 ⁸
2527 5162 2555 5213 δ
2589 5163 2694 5232 γὰρ
2721 5165 2968 5234 οὐρανὸς,
3002 5167 3161 5234 ἔργον
3212 5171 3306 5222 τοῦ
3352 5172 3535 5238 λόγου.
3564 5172 3658 5227 Εἷ-

2081 5265 2181 5300 πεν
2213 5250 2240 5301 ὁ
2276 5250 2429 5313 Θεὸς,
2469 5252 2760 5324 Γενηθήτω
2813 5255 3067 5328 οὐρανὸς,
3095 5262 3189 5313 καὶ
3224 5263 3251 5314 ό
3284 5263 3439 5329 λόγος
3488 5267 3655 5335 ἔργον

2082 5338 2321 5405 ἐγένετο.
2351 5340 2614 5411 Ἔτρεχεν
2668 5345 2699 5412 ἡ
2737 5344 2924 5413 φύσις,
2966 5350 3060 5399 καὶ
3106 5351 3167 5402 τὸ
3217 5352 3425 5404 κωλύον
3454 5355 3651 5409 οὐδέν·

2079 5431 2172 5481 καὶ
2204 5429 2312 5500 γὰρ
2355 5432 2620 5502 δεσπότης
2644 5437 2769 5490 ἐστὶ
2804 5440 2903 5507 τῆς
2934 5440 3173 5508 φύσεως,
3209 5444 3306 5496 καὶ
3352 5446 3447 5497 τοῦ
3478 5448 3653 5520 αὐτὴν

2083 5520 2426 5588 μεταϐαλεῖν.
2455 5523 2599 5593 Ἐγὼ
2631 5528 2799 5601 αὐτὴν
2823 5529 3178 5604 ᾠκοδόμησα,
3202 5538 3239 5589 ’ό
3280 5536 3372 5588 τὸν
3419 5538 3653 5609 οὐρανὸν

473 5680 553 5753 (ι)
589 5681 666 5737 Ex
696 5683 1087 5760 Clirysostomo
1110 5731 1126 5759 ,
1155 5694 1297 5764 quod
1327 5697 1507 5750 enmia
1536 5705 1758 5767 propter
1791 5696 2089 5756 Ecclesium
2120 5703 2246 5759 fecit
2283 5704 2449 5761 Dens.
