3966 6198
328 315 464 375 Γ85

1028 320 1179 380 PRO
1215 323 1426 383 CONC.
1470 325 1838 390 FLURENT.
1868 326 2030 390 CAP.
2058 332 2130 396 V.
2169 331 2265 392 DE
2300 335 2653 400 PRIMATU
2680 339 2918 402 ΡΑΡιΕ.

3418 340 3564 411 i386

322 431 524 500 στήσας
549 445 560 458 ’
596 429 712 483 ἀλλ’
735 428 872 500 ὑπὲρ
905 431 1134 503 ούρανοῦ
1157 430 1297 503 αἷμα
1326 437 1427 490 οὐκ
1456 437 1671 508 ἐξέχεον
1699 458 1711 470 ·
1747 440 1863 510 (me,

1993 440 2288 501 Ecclesiam
2315 451 2485 519 magis
2517 453 2812 519 aestimare,
2845 471 3007 524 quam
3040 453 3236 513 caelum
3258 469 3312 515 et
3339 469 3560 527 terram,

319 521 552 590 ούρανοῦ
588 521 688 574 οὐκ
739 523 1124 594 ἐσταυρώοηψ
1169 527 1314 594 ὑπὲρ
1349 529 1580 599 ούρανοῦ
1635 534 1886 602 οὒρόινιον

320 612 478 681 σῶμα
508 611 607 665 οὐκ
631 612 928 667 ἀνέλαϐον·
960 616 1052 668 καὶ
1091 619 1144 669 τί
1177 616 1320 684 λέγω
1345 619 1580 690 ούρανοῦ
1602 639 1617 690 ;
1641 625 1888 692 ἀγγέλων

319 702 480 771 σῶμα
535 703 636 755 οὐκ
691 703 992 757 ἀνέλαϐον·
1036 707 1121 759 ἵνα
1156 708 1338 780 μάθῃς
1391 711 1474 764 ὅτι
1524 714 1756 783 ούρανοῦ
1791 723 1888 774 καὶ

315 795 563 860 ἀγγέλων
589 795 682 848 καὶ
708 795 887 865 πάσης
913 798 1010 866 τῆς
1038 800 1273 864 κτίσεως
1302 803 1335 873 ἠ
1360 802 1661 873 Ἐκκλησία
1686 826 1887 875 τιμιω-

319 887 470 953 τέρα.
510 886 610 938 Διὰ
639 886 817 952 τοῦτο,
850 905 868 937 ι
893 888 954 941 ’0
993 889 1222 959 οὐρανὸς
1258 894 1408 964 καὶὴ
1441 895 1515 965 γῆ
1552 898 1885 967 παρελεύσε-

315 993 428 1042 ται,
451 978 498 1029 oi
533 978 588 1030 δὲ
617 978 765 1046 λόγοι
798 995 902 1048 μου
935 981 996 1034 ού
1035 983 1110 1051 μὴ
1136 984 1533 1052 παρέλθωσιν.»
1572 990 1885 1045 Εὐκολὼτε-

317 1081 410 1133 ρον
447 1065 539 1118 τὸν
569 1067 794 1136 οὐρανὸν
829 1069 1219 1141 ἀφανισθῆναι,
1258 1075 1354 1128 καὶ
1383 1076 1482 1146 τὴν
1516 1079 1619 1147 γῆν
1655 1079 1885 1150 σσεσοῆα

315 1173 422 1223 ναι,
454 1158 487 1226 ἢ
512 1158 641 1222 τοὺς
657 1158 855 1227 λόγους
883 1162 1012 1226 τοὺς
1037 1165 1203 1234 ἐμοὺς
1229 1166 1532 1223 διαπεσεῖν.
1563 1173 1719 1237 Τίνες
1745 1170 1885 1245 ἦσαν

309 1251 359 1302 oi
393 1247 542 1318 λόγοι
598 1251 786 1318 αὐτοῦ,
842 1255 899 1307 ὲν
951 1256 1100 1326 μέσῳ
1160 1258 1530 1331 παράξωμεν·
1563 1264 1764 1334 ἴδωμεν
1807 1267 1885 1338 μὴ

309 1337 567 1392 διέπεσαν
586 1355 602 1372 ⁶
650 1344 750 1394 οὐκ
780 1344 1112 1412 ἀμφιϐάλλω
1143 1345 1277 1416 ἐγὼ,
1308 1349 1447 1406 ἀλλὰ
1482 1354 1575 1406 τὸν
1602 1337 1881 1425 αίρετικδν

310 1431 671 1503 ἐπιστομίζω.
709 1435 774 1487 Τί
801 1431 894 1490 οὖν
927 1440 1068 1493 εἰσιν
1098 1441 1147 1493 οί
1201 1441 1386 1511 λόγοις
1435 1443 1493 1498 '0
1523 1447 1752 1514 οὐρανὸς
1786 1453 1883 1506 καὶ

309 1521 343 1589 ἠ
374 1521 447 1589 γῆ
479 1523 932 1593 παρελεύσονται,
958 1530 1009 1582 oi
1063 1531 1120 1586 δὲ
1151 1532 1299 1602 λόγοι
1329 1553 1432 1606 μου
1466 1537 1527 1590 οὐ
1558 1539 1634 1612 μὴ
1682 1543 1880 1612 παρέλι.

311 1611 464 1666 οωσι.
506 1615 664 1678 Ποῖος
705 1617 857 1684 λόγος
885 1636 902 1686 ;
946 1621 1050 1674 (Σὺ
1082 1621 1131 1676 εἰ
1161 1625 1368 1696 Πέτρος
1393 1669 1406 1692 ,
1436 1630 1531 1683 καὶ
1572 1611 1665 1684 ἐπὶ
1701 1635 1877 1708 ταύτῃ

305 1705 372 1773 τῇ
435 1703 614 1777 πέτρᾳ
666 1708 1012 1782 οἰκοδομήσω
1072 1731 1174 1783 μου
1220 1719 1320 1786 τὴν
1355 1722 1722 1794 Ἐκκλησίαν·
1781 1703 1876 1783 καί

306 1796 475 1850 πύλαι
505 1798 634 1869 ᾅδου
667 1802 727 1854 ού
769 1805 1191 1876 κατισχύσουσιν
1208 1813 1430 1884 αὐτῆς.»
1456 1815 1582 1870 Ἐπὶ
1602 1820 1774 1890 ταύτῃ
1808 1825 1872 1893 τῇ

306 1887 504 1959 πέτρᾳ,
534 1892 636 1944 οὐκ
690 1889 846 1948 εἶπεν
877 1897 969 1951 ἐπὶ
1006 1901 1218 1981 Πέτρῳ,
1251 1905 1311 1957 οὗ
1359 1907 1467 1978 γὰρ
1529 1911 1623 1963 ἐπὶ
1658 1887 1876 1982 τῷλνῖ

305 1979 530 2052 θρώπῳ,
574 1983 690 2037 ἀλλ’
723 1988 816 2043 ἐπὶ
850 1993 917 2060 τῇ
950 1991 1130 2048 πίστει
1171 1979 1264 2050 τοῦ
1299 2000 1529 2069 Πέτρου,
1554 2005 1654 2074 τὴν
1677 1979 1871 2059 ἑαυτοῦ

315 2071 644 2142 Ἐκκλησίαν
675 2078 1024 2151 ᾠκοδόμησεν
1049 2103 1062 2116 '
1090 2087 1216 2141 τίδὲ
1247 2086 1312 2159 ἣν
1339 2093 1372 2161 ὴ
1407 2071 1627 2162 πίστιςξ
1672 2116 1688 2148 ι
1718 2099 1790 2150 Σὺ
1824 2096 1876 2152 εἴ

302 2163 331 2214 6
361 2163 596 2232 Χριστὸς
619 2169 644 2220 6
664 2169 790 2234 Υίδς
817 2172 911 2225 τοῦ
938 2175 1072 2228 Θεοῦ
1097 2178 1192 2230 τοῦ
1217 2179 1439 2246 ζῶντος.
1457 2203 1475 2236 ι
1510 2188 1720 2256 Πέτραν
1746 2192 1872 2246 ἐκά-

303 2257 425 2311 λεσε
477 2260 578 2331 τὴν
617 2262 965 2336 Ἐκκλησίαν,
1002 2270 1302 2344 δεχομένην
1356 2277 1600 2348 κύματα,
1646 2285 1739 2336 καὶ
1794 2285 1870 2355 μὴ

304 2349 715 2424 σαλευομένην·
769 2359 1004 2430 καὶγὰρ
1056 2364 1084 2432 ἡ
1130 2365 1426 2437 Ἐκκλησία
1485 2373 1699 2444 δέχεται
1757 2349 1873 2430 πει-ἰ

305 2442 568 2511 ρασμοὺς,
598 2444 714 2498 ἀλλ’
753 2448 812 2500 ού
845 2453 1084 2508 νικᾶται.
1125 2456 1190 2508 Τί
1233 2454 1324 2512 οὖν
1369 2463 1517 2515 ἐστιν
1550 2467 1641 2518 ἐπὶ
1677 2470 1740 2538 τῇ
1779 2471 1872 2521 πέ-

304 2549 450 2600 urg;
484 2538 764 2591 τουτέστιν
822 2543 913 2594 ἐπὶ
967 2547 1030 2614 τῇ
1069 2549 1331 2622 ὁμολογίᾳ
1364 2555 1456 2606 τοῦ
1499 2558 1726 2627 Πέτρον,
1768 2563 1870 2616 οὐκ

302 2625 395 2677 ἐπὶ
428 2629 703 2696 χρήμασιν
731 2650 742 2664 ο
775 2635 834 2687 ού
891 2637 1073 2700 λίθους
1108 2641 1343 2711 βάλλεις,
1387 2648 1446 2700 ού
1482 2625 1638 2716 ξύλα,
1675 2655 1733 2704 οὑ
1790 2673 1870 2709 σι-

301 2719 526 2787 δήριον;
565 2724 719 2792 Οὐχὶ,
755 2728 922 2796 φησίν
947 2744 959 2758 °
991 2735 1050 2784 ού
1113 2736 1220 2805 γάρ
1255 2739 1404 2792 ἐστιν
1456 2745 1684 2815 αἰσθητὴ
1723 2749 1867 2801 οἱκο-

301 2810 472 2882 δομή·
511 2815 681 2866 ταῦτα
709 2814 795 2870 οἷα
848 2821 913 2873 ἂν
947 2824 1055 2893 εἴη,
1091 2825 1167 2897 τῷ
1202 2832 1377 2900 χρόνῳ
1422 2810 1612 2891 λύεται
1634 2859 1646 2870 ·
1673 2810 1866 2910 ομολο-

300 2901 426 2968 γίαν
460 2904 516 2956 δὲ
577 2907 703 2960 οὔτε
730 2910 980 2979 δαίμονες
1011 2922 1232 2990 νικῆσαι
1263 2923 1516 2980 δύνανται
1546 2947 1559 2960 ο
1597 2935 1687 2985 καὶ
1724 2954 1866 3007 μαρ-

298 2991 553 3060 τυροῦσιν
607 2997 655 3048 oi
716 2998 1016 3070 μάρτυρες,
1053 3009 1100 3058 οί
1137 3016 1233 3073 τὰς
1293 3015 1535 3086 πλευρὰς
1589 3019 1861 3093 ξεὸμενοι,

301 3085 392 3134 καὶ
429 3084 530 3152 τὴν
574 3087 755 3142 πίστιν
788 3093 885 3145 ούκ
917 3097 1269 3166 ἀπολλύντες.
1307 3106 1368 3158 Ὢ
1405 3084 1573 3173 ξένων
1599 3084 1861 3187 ἰιροιγιιιὸιἐ
1889 3112 1935 3175 C

303 3191 410 3227 των
438 3175 450 3229 l
479 3179 506 3229 6
533 3182 710 3249 τεῖχος
743 3183 1104 3255 διορύττεται,
1134 3197 1228 3245 καὶ
1251 3199 1278 3247 6
1308 3199 1582 3271 Θησαυρδς
1609 3175 1669 3256 ού
1704 3175 1865 3263 σύλᾶ-

295 3282 425 3319 ται·
460 3270 492 3338 ὴ
531 3271 665 3342 σὰρξ
720 3275 1048 3343 δαπανᾶταί,
1091 3286 1245 3354 καὶὴ
1290 3289 1472 3354 πίστις
1521 3295 1622 3347 οὐκ
1673 3299 1862 3352 ἀναλί·

297 3373 484 3414 σκεται
508 3377 522 3392 ⁸
559 3369 782 3436 τοιαύτη
829 3371 938 3424 τῶν
970 3377 1266 3445 μαρτύρων
1295 3384 1326 3451 ἡ
1372 3383 1622 3455 δύναμις.
1643 3389 1763 3443 Ἐπὶ
1790 3397 1856 3465 τῇ

291 3451 466 3524 πέτρᾳ
495 3456 834 3529 οίκοδομήσω
871 3479 973 3532 μου
1021 3467 1120 3535 τὴν
1168 3468 1516 3544 Ἐκκλησίαν,
1570 3484 1663 3533 καὶ
1694 3485 1857 3537 πύλαι

290 3540 413 3610 ᾅδου
444 3545 507 3598 οὐ
561 3550 980 3619 κατισχύσουσιν
1017 3558 1208 3630 αὐτῆς.
1257 3565 1560 3637 Προσέχετε
1593 3578 1658 3644 τῇ
1698 3579 1856 3644 ἀκρι-

291 3635 442 3705 ϐείᾳ·
498 3640 738 3706 ἐκείνους
801 3649 956 3702 καλεῖ
1010 3654 1184 3718 πύλας
1239 3657 1391 3728 ᾅδου,
1444 3668 1572 3729 τοὺς
1631 3670 1858 3726 Θάνατον

289 3727 592 3793 τίκτοντας.
633 3737 699 3788 Τί
735 3737 826 3791 οἷον
855 3760 868 3805 ;
902 3744 979 3806 είς
1018 3746 1110 3799 τὸν
1140 3749 1275 3820 ᾇοην
1305 3757 1615 3824 εἰσέρχεταί
1647 3776 1728 3826 τις
1765 3767 1854 3819 ὅτε

291 3821 658 3890 κινδυνεύσει;
692 3833 813 3880 ναί”
855 3832 1044 3907 ὥσπερ
1077 3841 1186 3907 γὰρ
1220 3843 1382 3897 πύλαι
1415 3850 1621 3914 πόλεως
1648 3859 1856 3922 εἴσοδος

286 3913 368 3973 είς
394 3916 493 3980 τὴν
522 3917 699 3983 πόλιν,
728 3922 868 3974 οὕτω
895 3925 1058 3980 πύλαι
1089 3930 1215 3999 ᾅδου
1268 3938 1468 4001 εἴσοδος
1492 3944 1568 4005 είς
1603 3945 1851 4004 θάνατον.

290 4004 386 4056 Διὰ
419 4006 470 4057 τί
503 4007 628 4076 γὰρ,
691 4015 878 4081 φησὶν,
933 4019 992 4068 οὐ
1026 4022 1416 4102 κωλύειςιτοὺς
1468 4041 1853 4106 πειρασμούς;

286 4097 402 4165 οὐχί
424 4115 436 4127 ·
481 4099 564 4150 ἵνα
596 4103 754 4166 δείξω
788 4125 888 4174 μου
919 4111 1014 4180 τὴν
1040 4113 1268 4182 δύναμιν
1295 4135 1307 4148 ·
1341 4122 1434 4173 ἐὰν
1465 4126 1537 4194 μή
1568 4145 1650 4190 τις
1682 4133 1852 4203 αὐτὴν

287 4189 590 4261 πολεμήσῃ,
623 4194 837 4264 ἔχουσιν
864 4201 1062 4254 εἰπεῖν·
1095 4207 1222 4274 Εῖγε
1255 4189 1591 4288 ὲπολεμηθνη,
1627 4189 1852 4279 ἐνικᾶτο

283 4281 348 4332 ἄν
375 4297 388 4311 ·
421 4283 506 4337 διὰ
537 4285 692 4339 τοῦτο
741 4291 944 4360 ἀφίημι
1012 4297 1183 4368 αὐτὴν
1216 4281 1614 4377 πολεμη-θῆναι,
1654 4315 1738 4368 ἴνα
1777 4317 1851 4388 μὴ

280 4371 344 4438 τῇ
387 4373 590 4445 ἐρημίᾳ
653 4378 760 4430 τῶν
807 4381 1186 4449 πολεμούντων
1259 4391 1324 4443 τὰ
1363 4395 1462 4464 τῆς
1526 4400 1680 4471 νίκης
1731 4409 1850 4458 ἐπι-

281 4468 463 4533 γραφῇ
493 4481 507 4495 ο
537 4469 626 4517 καὶ
652 4469 814 4522 πύλαι
843 4471 994 4542 ᾃδου,
1019 4478 1117 4530 οὐκ
1152 4475 1326 4543 εἶπεν.
1354 4487 1414 4538 ού
1449 4493 1848 4557 προσϐαλοῦσιν

280 4556 438 4625 αὐτῇ.
478 4559 544 4610 Τί
574 4560 665 4612 οὖν
699 4580 712 4625 ;
743 4565 1188 4638 πολεμηοήσεται
1243 4577 1363 4644 μὲν,
1402 4582 1460 4633 οὐ
1497 4589 1848 4658 νικηθήσεται

277 4647 356 4701 δέ.
387 4651 726 4717 Χειμάζεται
757 4657 787 4724 ή
824 4657 1142 4729 Ἐκκλησία,
1175 4667 1292 4719 ἀλλ’
1339 4674 1400 4722 ού
1455 4647 1850 4748 καταποντίζε.

277 4757 367 4793 ται
392 4759 404 4771 ·
439 4743 554 4793 ἀλλ’
577 4745 637 4795 ού
668 4746 878 4812 γίνεται
910 4751 1258 4827 ὑποϐρύχιος.
1293 4763 1520 4833 Δέχεται
1548 4770 1700 4842 βέλη,
1728 4743 1846 4830 ἀλλ’

277 4831 336 4882 οὐ
368 4830 582 4901 δέχεται
619 4837 934 4906 τραύματα.
964 4844 1194 4911 Δέχεται
1233 4830 1626 4926 μηχανήματα,
1659 4830 1774 4917 ἇλλο
1815 4871 1842 4921 6

277 4921 487 4992 πύργος
515 4926 574 4976 οὐ
607 4927 914 4987 σαλεύεται.
947 4934 1052 4986 Καὶ
1075 4937 1128 4988 τί
1153 4937 1348 5012 λέγωή
1381 4921 1712 5021 Ἐκκλησίας
1747 4958 1843 5010 ἓν).

272 5014 431 5083 λόγον
476 5021 503 5070 ὁ
539 5020 720 5082 ἁλιεὺς
767 5023 1086 5092 ὲφὶιέγξατο,
1117 5035 1210 5084 καὶ
1259 5035 1488 5108 ἕστηκεν
1523 5014 1598 5107 ὡς
1634 5014 1842 5118 πύργος

270 5108 536 5172 ἄσειστος.
569 5113 729 5165 Πόσοι
753 5116 1006 5185 τύραννοι
1041 5123 1455 5200 ἐφιλονείκησαν
1486 5137 1749 5203 ἀφανίσαι
1780 5143 1840 5195 τὸ

271 5202 422 5269 ῥῆμα
452 5204 629 5268 τοῦτο,
661 5207 754 5258 καὶ
786 5211 884 5262 οὐκ
928 5215 1176 5283 ἴσχυσαν.
1227 5222 1349 5274 Ἐπὶ
1391 5227 1498 5297 γὰρ
1549 5235 1612 5301 τῇ
1661 5235 1838 5306 πέτρᾳ

265 5295 679 5364 τεθεμελίωται.
729 5303 1010 5373 Ἐννόησον
1045 5310 1200 5363 πόσοι
1262 5315 1536 5384 τύραννοι,
1566 5325 1827 5391 βασιλεῖς,

263 5383 569 5454 διαδήματα
604 5394 1017 5462 περικείμενοι·
1056 5401 1185 5472 ξίφη
1239 5405 1552 5477 ἠκονημένα
1577 5428 1590 5442 ⁶
1627 5417 1835 5487 Θηρίων

263 5476 505 5541 ὀδόντες
533 5482 752 5537 θάνατοι
783 5493 1224 5563 προσδοκώμενα
1247 5517 1259 5529 ·
1293 5503 1503 5568 τήγανα
1530 5521 1542 5535 ·
1573 5509 1794 5574 κάμινοι
1817 5530 1830 5545 ·

262 5568 356 5620 καὶ
385 5571 480 5636 τὴν
500 5573 597 5640 μὲν
631 5574 929 5649 βελοοήκην
959 5586 1123 5636 αὐτοῦ
1157 5589 1487 5651 ἐξεκένωοεν
1513 5599 1536 5646 6
1561 5597 1830 5667 Ειάδολος,

333 5749 410 5820 (1)
454 5753 724 5823 lnterpres
751 5749 984 5816 Latinus
1008 5765 1172 5818 alium
1207 5771 1452 5827 codicem
1481 5787 1704 5834 secutus
1729 5789 1834 5835 est.

580 5846 852 5910 ΡΑτιιοι.
883 5857 996 5915 Gn.
1041 5860 1154 5920 CLI
1171 5862 1248 5925 Χ.

1993 545 2046 592 et
2093 553 2309 594 onmem
2361 553 2692 614 creaturam,
2738 558 2795 603 et
2844 547 2965 604 ideo
3007 567 3024 600 ι
3059 551 3364 607 cretum-et
3419 559 3562 609 terra

1995 631 2322 697 transibunt,
2381 637 2548 692 verba
2612 649 2793 694 autem
2850 655 2970 696 mea
3025 658 3308 714 nunquam
3359 649 3564 702 transi-

1991 720 2147 790 bunt,
2180 744 2198 776 ι
2252 725 2468 782 facilius
2489 737 2570 784 est
2597 732 2792 786 coelum
2820 735 3022 789 aboleri
3054 745 3106 790 et
3134 744 3331 792 terram
3357 739 3562 793 exstin-

1991 816 2101 882 gui,
2137 826 2299 886 quam
2339 834 2458 875 mea
2489 823 2654 877 verba
2681 824 3028 883 intercidere.
3062 828 3254 895 Qualia
3289 829 3402 885 sint
3433 845 3562 887 vera

1992 907 2057 960 ba
2087 907 2279 975 ejusin
2309 911 2545 966 medium
2577 913 2932 974 deducamus.
2967 920 3263 978 Videamus
3293 939 3358 978 an
3387 925 3562 980 inter-

1990 998 2244 1054 ridcriut.
2265 1000 2379 1057 Non
2412 1014 2610 1060 revoco
2651 1019 2751 1077 ego
2795 1008 2846 1062 in
2878 1010 3127 1078 dubium,
3161 1013 3254 1069 sed
3289 1015 3558 1072 haereticis

1989 1103 2050 1143 os
2075 1091 2325 1149 obstruo.
2361 1093 2553 1160 Qualia
2586 1109 2714 1152 sunt
2744 1100 2908 1156 verba
2939 1103 2962 1155 ?
2996 1121 3013 1155 ι
3044 1102 3256 1160 Caelum
3307 1118 3361 1162 et
3413 1114 3560 1164 terra

1988 1185 2315 1249 transibunt,
2341 1191 2507 1242 verba
2540 1199 2716 1247 autem
2737 1208 2856 1248 mea
2887 1209 3164 1266 nunquam
3190 1200 3552 1256 transibunt.»

1987 1272 2158 1339 Quale
2206 1278 2487 1333 verbum?
2526 1298 2545 1332 ι
2575 1280 2656 1336 Tu
2717 1297 2778 1338 es
2826 1269 3152 1353 Petrusfet
3201 1302 3367 1360 super
3408 1291 3553 1348 hanc

1985 1373 2192 1434 petram
2225 1369 2504 1426 aediﬁcabo
2536 1373 2834 1431 Ecclesiam
2863 1393 3061 1445 meam,
3093 1389 3151 1436 et
3183 1393 3354 1454 portae
3388 1385 3556 1440 inferi

1985 1471 2092 1511 non
2126 1460 2498 1526 praevalebunt
2527 1466 2795 1524 adversus
2820 1486 2962 1526 eam.
2995 1490 3014 1524 ι
3047 1503 3116 1516 --
3156 1493 3176 1527 ι
3208 1475 3384 1547 Super
3413 1477 3558 1534 hanc

1984 1554 2224 1618 petram,
2275 1571 2295 1605 ι
2355 1553 2512 1622 dlxit,
2565 1574 2675 1614 non
2710 1561 2768 1618 in
2810 1561 3018 1634 Petro;
3049 1583 3157 1624 non
3206 1571 3352 1627 enim
3389 1588 3558 1644 super

1984 1640 2282 1710 hominem,
2334 1646 2428 1702 sed
2467 1665 2633 1720 super
2669 1652 2828 1710 ﬁdem
2865 1656 3014 1714 Petri
3044 1659 3345 1721 Ecclesiam
3394 1682 3555 1724 suam

1984 1730 2252 1792 fundavit.
2290 1736 2431 1804 Quid
2457 1751 2637 1797 autem
2664 1756 2785 1802 erat
2821 1747 3008 1808 fides?
3051 1772 3070 1807 ι
3103 1755 3183 1811 Tu
3213 1773 3274 1814 es
3305 1761 3554 1819 Christus

1982 1817 2151 1876 Filius
2186 1822 2279 1878 Dei
2313 1826 2444 1883 vivi.
2472 1847 2489 1880 ι
2528 1829 2742 1890 Petram
2774 1841 2991 1896 vocavit
3045 1844 3344 1904 Ecclesiain
3376 1817 3554 1910 undas

1976 1912 2335 1980 excipientem
2370 1955 2385 1982 ,
2414 1921 2507 1974 sed
2549 1937 2659 1978 non
2697 1941 3022 1987 concussam
3064 1953 3078 1990 :
3121 1935 3364 1996 Ecclesia
3397 1959 3550 1999 nam-

1977 2015 2081 2071 que
2126 2008 2357 2078 suscipit
2413 2014 2762 2085 tentationes,
2800 2029 2857 2076 at
2899 2038 3008 2080 non
3045 2041 3354 2098 superatur.
3405 2035 3548 2103 Quid

1977 2111 2107 2165 ergo
2135 2108 2216 2152 est
2251 2119 2269 2150 ι
2303 2117 2472 2172 super
2501 2117 2718 2175 petram
2753 2111 2776 2164 ἲ
2805 2131 2823 2164 ι
2844 2114 2899 2171 id
2929 2128 3036 2186 est,
3066 2131 3231 2192 super
3253 2126 3553 2184 confessio-

1984 2203 2106 2241 nem
2141 2187 2304 2257 Petri,
2343 2210 2449 2250 non
2473 2212 2638 2268 super
2668 2216 2819 2270 opes.
2855 2206 2974 2262 Non
3008 2208 3085 2279 (l)
3127 2187 3489 2288 l-apidesjacis
3520 2221 3545 2274 ?

1977 2298 2082 2337 non
2136 2285 2277 2354 ligna
2307 2289 2330 2340 ξ
2363 2304 2468 2344 ηοη
2521 2293 2729 2362 spicula
2769 2298 3174 2374 ?Nequaquam
3224 2285 3401 2366 dicit:
3434 2326 3543 2368 nOn

1974 2375 2117 2427 enim
2153 2387 2234 2430 est
2287 2380 2562 2437 sensibilis
2611 2393 2912 2445 structura.
2947 2391 3092 2461 Haec,
3130 2399 3538 2472 qualiacunque

1974 2465 2105 2528 sint,
2135 2475 2380 2538 tempore
2407 2473 2746 2544 dilabuntur,
2791 2483 3189 2542 confessionem
3215 2507 3342 2548 vero
3366 2510 3545 2566 neque

1973 2557 2248 2618 daemones
2299 2575 2529 2633 possunt
2582 2586 2867 2640 superare.
2905 2576 3200 2636 Testantur
3250 2598 3542 2660 martyres,

1973 2650 2064 2718 qui
2114 2654 2254 2710 latus
2289 2657 2542 2726 perfossi,
2590 2664 2749 2719 fidem
2805 2684 2911 2724 non
2968 2673 3293 2733 amiserunt.
3331 2679 3376 2735 Ο
3425 2697 3541 2738 rem

1972 2742 2346 2802 admirabilem
2375 2751 2388 2802 !
2425 2767 2614 2808 murus
2651 2756 2872 2825 foditur,
2905 2773 2960 2816 et
2999 2766 3292 2826 thesaurus
3319 2787 3426 2828 non
3457 2776 3545 2829 di-

1971 2833 2168 2903 ripitur
2197 2855 2212 2903 ;
2242 2854 2370 2894 caro
2403 2845 2728 2916 absumitur,
2766 2861 2819 2906 et
2855 2854 2984 2909 ﬁdes
3025 2871 3133 2912 non
3171 2867 3537 2923 consumitur.

1969 2927 2042 2980 Ea
2089 2939 2174 2984 est
2221 2945 2519 3005 martyrum
2560 2943 2660 2995 vis.
2706 2959 2724 2991 ι
2767 2941 2946 3014 Super
2995 2959 3202 3019 petram
3259 2957 3544 3016 aedificabo

1968 3021 2265 3080 Ecclesium
2300 3043 2498 3095 meam,
2527 3043 2580 3086 et
2624 3045 2796 3104 porta:
2826 3041 2984 3095 inferi
3015 3061 3123 3099 non
3173 3053 3543 3117 praevalebunt

1969 3114 2232 3171 adversus
2261 3134 2403 3176 eam.
2448 3141 2466 3175 ι
2505 3127 2782 3184 Attendite
2809 3135 3018 3200 sedulo,
3049 3152 3144 3195 eos
3173 3114 3329 3200 vocat
3353 3159 3540 3214 portas

1971 3206 2153 3273 inferi,
2195 3212 2286 3278 qui
2326 3223 2556 3269 mortem
2607 3223 2846 3287 pariunt.
2877 3226 3015 3291 Quid
3046 3229 3258 3299 igitur?
3289 3206 3542 3295 ln-infer-

1968 3312 2098 3350 num
2140 3301 2379 3356 intrabit'
2423 3307 2468 3360 si
2521 3308 2574 3361 in
2630 3309 2927 3370 discrimen
2985 3325 3194 3377 venerit
3236 3325 3258 3378 ’ί
3314 3326 3539 3399 Utique,

1967 3401 2090 3440 nam
2117 3397 2177 3444 ut
2216 3403 2384 3459 portae
2432 3399 2580 3454 urbis
2623 3413 2752 3458 sunt
2795 3407 3077 3478 ingressus
3115 3415 3166 3469 in
3210 3418 3421 3484 urbem,
3457 3423 3540 3478 sic

1966 3489 2136 3547 portae
2194 3483 2395 3541 inferni
2429 3490 2713 3560 ingressus
2746 3500 2812 3553 ad
2849 3511 3096 3559 mortem.
3155 3507 3287 3575 Cur,
3335 3511 3537 3582 inquit,

1965 3576 2298 3633 tentationcs
2352 3597 2458 3636 non
2499 3588 2811 3654 prohibes?
2840 3593 3215 3669 Nequaquam,
3251 3613 3312 3658 ut
3351 3615 3538 3663 osten-

1962 3667 2084 3722 dam
2119 3673 2260 3724 vires
2304 3689 2472 3740 meas,
2505 3679 2549 3732 si
2592 3696 2751 3737 nemo
2779 3702 2894 3742 eam
2926 3697 3271 3765 oppugnarit,
3305 3708 3538 3766 possunt

1964 3762 2296 3827 reSpondere
2331 3783 2344 3819 :
2379 3782 2502 3822 nam
2533 3771 2576 3825 si
2605 3772 2800 3832 fuisset
2829 3762 3161 3853 oppugnata,
3192 3762 3390 3847 fuisset
3423 3797 3532 3851 uti-

1959 3867 2065 3920 que
2101 3863 2155 3908 at
2189 3871 2519 3930 expugnata.
2549 3864 2842 3938 Propterea
2879 3889 2997 3928 eam
3049 3881 3302 3948 permitto
3361 3900 3533 3958 oppu-

1961 3949 2146 4014 gnari,
2176 3966 2242 4002 ne
2269 3967 2732 4026 propugnatorum
2767 3967 3050 4025 solitudini
3075 3976 3314 4034 victoriae
3342 3980 3532 4040 titulus

1957 4033 2313 4106 inscribatur,
2346 4052 2398 4096 et
2440 4058 2609 4114 portae
2640 4050 2833 4118 inferi,
2873 4071 2980 4112 non
3004 4061 3160 4129 dixit,
3200 4081 3308 4122 non
3340 4084 3533 4141 aggre-

1962 4125 2184 4182 dienlttr
2223 4147 2365 4189 eam.
2425 4136 2564 4202 Quid
2614 4158 2744 4212 ergo
2776 4147 2798 4198 ?
2829 4125 3246 4221 Oppugnabitur
3282 4125 3529 4231 quidem.

1955 4220 2049 4270 sed
2112 4235 2215 4275 non
2261 4229 2628 4295 superabitur.
2659 4233 2913 4295 Fluctuat
2961 4220 3224 4313 Ecclesia,
3283 4220 3376 4305 sed
3421 4270 3529 4309 non

1955 4314 2240 4381 mergitur,
2275 4319 2370 4372 sed
2416 4336 2522 4376 non
2558 4327 2693 4392 petit
2740 4330 3092 4397 profundum.
3143 4337 3357 4410 Excipit
3400 4348 3525 4410 tela,

1883 4455 1927 4508 Β
1957 4404 2049 4458 sed
2100 4422 2206 4462 non
2256 4410 2493 4468 admittit
2539 4419 2784 4476 vulnera.
2835 4425 3050 4497 Excipit
3095 4434 3397 4501 machinas,
3431 4441 3525 4493 scil

1961 4498 2132 4554 turris
2181 4516 2286 4556 non
2331 4519 2638 4574 quassatur.
2677 4513 2778 4568 Sed
2834 4521 2964 4586 quid
3009 4521 3131 4577 dico
3165 4498 3465 4583 Ecclesiam
3503 4533 3526 4584 ?

1957 4589 2135 4646 Unmn
2168 4597 2392 4650 verbum
2424 4601 2660 4668 piscator
2691 4607 2902 4663 locutus
2934 4621 3035 4677 est,
3079 4622 3134 4668 et
3173 4627 3337 4672 turris
3368 4623 3522 4677 stetit

1954 4686 2303 4746 inconcussa.
2336 4692 2480 4760 Quot
2519 4703 2735 4769 tyranni
2775 4707 2953 4760 conati
2989 4719 3115 4763 sunt
3147 4711 3251 4768 hoc
3296 4717 3520 4771 verbum

1950 4777 2186 4843 abolere,
2215 4798 2316 4837 nec
2353 4797 2649 4853 patuerunt
2682 4794 2694 4845 l
2722 4811 2740 4844 ι
2773 4808 2939 4866 super
2973 4811 3178 4866 petram
3215 4807 3358 4862 enim
3397 4808 3522 4864 fun-

1951 4866 2073 4922 data
2099 4881 2200 4925 est.
2237 4891 2257 4925 ι
2302 4873 2488 4946 Cogita
2539 4893 2672 4949 quot
2713 4891 2950 4956 tyranni,
2981 4907 3110 4960 quot
3153 4911 3308 4966 reges
3336 4905 3522 4965 diade-

1955 4971 2096 5015 mate
2128 4964 2387 5032 redimiti,
2415 4985 2574 5028 enses
2598 4976 2766 5040 acuti,
2801 4975 3040 5037 ferarum
3073 4987 3284 5053 dentes,
3317 5005 3519 5050 mortes

1954 5052 2319 5122 imminentes,
2375 5065 2700 5132 sartagines,
2747 5070 3021 5128 fornaces.
3080 5078 3146 5130 Et
3205 5082 3513 5148 pharetram

1951 5161 2102 5200 snam
2151 5152 2403 5208 exhausit
2455 5159 2726 5224 diabolus.
2787 5175 2838 5219 et
2880 5166 3139 5225 Ecclesia:
3173 5190 3280 5229 non
3314 5178 3512 5234 obfuit.

1950 5238 2191 5302 Quanam
2225 5245 2290 5298 de
2326 5262 2489 5302 causa
2524 5253 2586 5304 ?«
2623 5254 2756 5318 Quia
2788 5267 2957 5324 portae
2985 5261 3140 5316 inferi
3169 5281 3273 5319 non
3308 5283 3514 5336 puemi-

1951 5332 2133 5386 lebunt
2171 5336 2432 5393 adversus
2467 5360 2605 5398 eunt.
2647 5364 2663 5395 ι
2709 5346 2823 5415 Ipsa
2854 5365 2940 5403 res
2968 5355 3336 5412 teStimonium
3385 5377 3511 5430 per-

1950 5424 2122 5490 hibet,
2171 5439 2400 5485 testatur
2451 5424 2677 5490 eventus
2732 5443 3088 5508 experientia.
3126 5448 3269 5514 Quot
3309 5452 3509 5508 bellum

1946 5511 2251 5586 gesserunt,
2291 5541 2397 5577 non
2442 5528 2741 5586 evicerunt.
2797 5534 2902 5587 Sed
2957 5540 3048 5606 qui
3085 5543 3281 5595 bellum
3330 5561 3514 5614 gessea-

1947 5619 2094 5677 runt,
2131 5613 2347 5669 silentio
2381 5620 2756 5688 transiguntur
2783 5632 2836 5679 et
2861 5626 3119 5684 oblivioni
3157 5634 3509 5703 mandantur,

3037 5898 3112 5964 44
