3966 6198
374 352 396 414 1
423 352 510 416 ῒὸθ

1036 354 1184 412 PRO
1219 352 1427 411 CUNC.
1464 350 1830 411 FLORENT.
1869 348 2027 408 CAP.
2071 350 2136 407 V.
2184 350 2281 407 DE
2316 350 2663 409 PRIMATU
2702 351 2933 411 PAP/E.

3474 350 3615 415 i390

374 466 538 532 μέσον
597 462 726 516 αὐτὸ
786 463 956 515 θεῖναι
1014 464 1260 535 γλώττης
1295 462 1471 530 ἁγὼν,
1526 463 1670 515 οῦτω
1724 464 1788 531 δὴ
1845 462 1938 512 καί

2063 459 2265 513 nodum
2305 476 2418 515 rem
2459 461 2512 515 in
2552 462 2786 516 medium
2822 479 3129 533 proponere
3178 465 3359 535 lingua
3388 465 3479 520 vix
3509 481 3611 521 au-

370 556 623 619 ἀκοῦσαι,
652 556 841 608 καινόν
874 572 929 609 τι
988 560 1080 609 καί
1136 556 1598 627 φρικωδέστατον.
1644 554 1805 607 Ἀλλὰ
1839 557 1939 608 καὶ

373 647 664 717 προσέχειν
705 648 823 700 δέον
856 648 947 700 τὸν
982 649 1106 700 νοῦν
1131 665 1146 680 ο
1180 648 1273 701 καὶ
1304 651 1413 718 γὰρ
1459 648 1612 701 οὐδὲν
1650 641 1815 718 ἦττον
1846 646 1939 699 τοῦ

372 740 561 806 φόϐου,
606 741 701 794 καὶ
748 740 907 809 ἠδονῇ
970 743 1343 807 συγκέκραται
1398 741 1458 796 τὸ
1508 741 1797 810 διήγημαο
1848 739 1942 791 δύο

369 830 516 893 τινὲς
551 830 761 899 ἄνδρες,
796 830 982 883 λευκοὶ
1012 835 1110 899 τὴν
1153 830 1367 901 στολὴν,
1407 830 1630 900 φοϐεροὶ
1669 832 1767 899 τὴν
1794 829 1940 897 ὄψιν,

372 922 663 992 οὐρανόθεν
722 922 908 988 ἔδοξαν
940 921 1089 991 αὑτῷ
1117 922 1431 977 κατελθεῖν·
1466 922 1563 975 καὶ¹
1598 921 1676 992 τῷ
1712 922 1933 991 μεγάλῳ

375 1013 572 1081 τούτῳ,
627 1017 721 1067 καὶ
768 1014 918 1083 αὑτῷ
979 1015 1381 1084 προσεύχεσθαι
1436 1015 1763 1083 φαινομένῳ,
1800 1013 1943 1066 κατὰ

379 1106 669 1174 πρόσωπον
704 1108 1024 1176 προσελθεῖν
1044 1124 1059 1141 ·
1094 1103 1169 1162 ὧν
1197 1110 1225 1161 ό
1255 1110 1375 1177 μὲν,
1410 1109 1597 1179 τόμον,
1639 1108 1832 1177 ἅτερος
1862 1108 1939 1169 δὲ,

379 1195 529 1257 κλεῖς
566 1197 820 1265 κατέχειν
865 1196 1056 1267 ἐῴκειο
1101 1196 1191 1249 τὸν
1230 1196 1482 1266 Ἰωάννην
1528 1195 1606 1263 δὲ,
1654 1195 1714 1248 τὸ
1758 1193 1944 1269 καινὸν

380 1286 560 1339 αὑτῶν
616 1286 712 1337 τοῦ
762 1286 938 1351 εἴδους
969 1287 1421 1353 καταπλαγέντα,
1453 1286 1604 1355 φόϐῳ
1630 1286 1903 1355 ληφθῆναι
1930 1300 1941 1313 σ

377 1379 502 1439 τοὺς
534 1378 615 1442 δὲ,
647 1378 757 1431 τῶν
805 1381 1006 1449 χειρῶν
1057 1366 1508 1449 ἐπιλαϐομένους,
1559 1377 1943 1446 διαναστῆσαι,

379 1469 527 1522 λύειν
557 1486 619 1522 τε
654 1470 749 1522 τὸν
781 1469 949 1536 φόϐον
981 1470 1152 1539 αύτῷ,
1192 1472 1284 1524 καὶ
1338 1471 1566 1543 θαρρεῖν
1595 1470 1905 1540 ὲγκελεὺειν
1930 1487 1943 1499 ο

380 1560 459 1627 τῷ
506 1560 585 1624 δὲ,
620 1562 912 1630 πυθομένῳ
961 1562 1107 1624 τίνες
1145 1563 1210 1616 ἂν
1251 1558 1385 1627 εἷεν,
1442 1565 1496 1617 οἵ
1523 1581 1587 1631 γε
1615 1564 1949 1634 τηλικαύτης

379 1647 532 1717 δόξης
559 1650 873 1719 ἠξιωμένοι,
909 1650 1045 1719 πρὸς
1078 1651 1242 1705 αὑτὸν
1278 1650 1593 1720 ἐληλύθασι,
1626 1650 1712 1710 Μὴ
1752 1649 1945 1719 φοϐοῦ,

382 1739 602 1803 τούτους
644 1742 856 1794 εἰπεῖν*
902 1742 1032 1805 οἶδε,
1080 1744 1243 1814 ἡμεῖς
1289 1744 1497 1813 ἥκομέν
1538 1761 1619 1796 σοι
1668 1741 1947 1811 πεμφθέν-

384 1848 475 1885 τες
524 1832 676 1902 παρὰ
709 1834 949 1902 Χριστοῦ
980 1852 994 1866 ·
1037 1807 1155 1887 εἶτα
1198 1834 1289 1888 τὸν
1316 1807 1428 1903 ’μὲν
1461 1835 1559 1902 τὴν
1592 1807 1948 1905 χεῖρατὲκτεί-
1983 1807 2022 1860 Β

385 1941 567 1988 νοντα,
614 1925 704 1977 τὸν
732 1927 899 1994 τόμον
955 1927 1265 1993 ἐπιδιδόναι,
1321 1928 1482 1994 Δέξαι
1514 1945 1572 1980 τε
1627 1928 1854 1997 λέγοντα
1892 1931 1952 1980 τὸ

389 2012 589 2082 βιϐλίον
607 2032 622 2048 ο
661 2016 802 2083 Ἐγὼ
829 2017 935 2086 γὰρ
976 2018 1251 2089 Ἰωάννης,
1276 2012 1428 2089 ᾧπερ
1458 2021 1489 2088 ἠ
1512 2019 1603 2072 τοῦ
1628 2020 1762 2072 Θεοῦ
1792 2020 1953 2088 σοφία

389 2106 448 2157 τὸ
472 2107 666 2175 στῆθος
697 2108 891 2176 ἀνῆκε,
937 2110 1032 2162 καὶ
1077 2110 1362 2163 ἐπιπεσεῖν
1416 2111 1564 2180 αὑτῷ
1594 2111 1950 2179 παρεδέξατο.

392 2199 550 2260 “litt;
583 2199 638 2251 δέ
676 2215 757 2252 σοι
785 2201 880 2253 καὶ
910 2201 979 2254 δι’
1013 2201 1170 2271 ἡμῶν
1206 2201 1275 2254 τὰ
1300 2202 1409 2253 τῶν
1444 2201 1679 2270 Γραφῶν
1708 2202 1954 2272 εῦληπτα

390 2286 548 2355 θήσει
573 2304 586 2317 ·
614 2288 708 2341 καὶ
741 2292 1146 2359 χειραγωγήσει
1174 2291 1379 2361 ταύτης
1412 2292 1550 2361 πρὶς
1579 2291 1677 2360 τὴν
1722 2292 1952 2359 ἐπίγνω-

392 2395 512 2430 σιν·
553 2382 644 2433 τὺν
695 2382 739 2434 δ’
768 2382 946 2447 ἄλλον,
981 2383 1161 2447 Δέξαι,
1211 2387 1303 2438 καὶ
1349 2384 1448 2453 τὴν
1504 2386 1662 2454 χεῖρα
1691 2383 1953 2453 ὀρέγοντα

394 2467 579 2532 φάναι,
624 2468 719 2531 τὰς
757 2469 811 2521 δὲ
845 2470 943 2533 τὰς
995 2472 1178 2531 κλεῖςο
1215 2473 1316 2541 ἐμὲ
1366 2473 1420 2525 δὲ
1458 2474 1664 2543 Πέτρον
1703 2475 1835 2537 ἴσθι,
1866 2477 1955 2526 τὸν

396 2560 546 2629 παρὰ
605 2560 739 2613 Θεοῦ
798 2563 1000 2625 ταύτας
1054 2564 1585 2634 ὲγχειρισθένταοὸν
1617 2566 1711 2620 καὶ
1766 2566 1859 2618 νῦν
1889 2568 1955 2619 δι’

392 2650 525 2718 ἐμοῦ
565 2650 810 2715 πίστευε,
862 2655 963 2722 τῆς
992 2654 1163 2724 αὑτῆς
1191 2673 1249 2707 σε
1284 2656 1507 2726 χάριτος
1524 2657 1779 2722 ἀξιοῦντα
1801 2675 1815 2690 ·
1854 2658 1958 2711 ὣσ-

392 2757 451 2792 τε
475 2741 573 2793 ὅσα
600 2741 665 2795 ἂν
698 2742 867 2814 δήσῃς
891 2744 921 2811 ἦ
953 2743 1123 2816 λύσῃς
1159 2746 1251 2797 ἐπὶ
1275 2748 1371 2816 τῆς
1395 2747 1517 2814 γῆς,
1562 2746 1670 2800 ῐσθι
1697 2747 1957 2816 δεδεμένα

392 2830 564 2886 ταῦτα
593 2828 732 2887 εἶναι
759 2834 790 2903 ἦ
820 2834 1086 2903 λελυμένα
1122 2837 1215 2889 καὶ
1238 2838 1294 2888 ἐν
1322 2840 1431 2900 τοῖς
1460 2838 1956 2907 οὐρανοῖς.”ί⁴ῖγνως

395 2925 500 2995 ἄρα
532 2927 635 2978 κάν
666 2925 895 2987 τούτοις.
926 2927 1029 2987 ὅτι,
1052 2929 1079 2980 ὁ
1105 2927 1223 2995 μὲν,
1257 2928 1354 2996 τὴν
1378 2928 1486 2981 τῶν
1516 2930 1752 2999 Γραφῶν
1783 2922 1961 2999 ἑρμη-

395 3015 544 3068 νείαν
573 3014 840 3085 εὔληπτον
863 3013 1002 3070 εἶναι
1035 3017 1206 3088 αὑτῷ,
1238 3018 1333 3072 καὶ
1358 3018 1457 3088 τὴν
1489 3019 1693 3073 τούτων
1725 3020 1958 3087 ἐπίγνω-

2045 551 2191 616 deat,
2227 554 2300 605 ita
2346 562 2401 608 et
2434 553 2625 608 audire
2660 570 2861 609 novum
2894 558 3165 625 videatur,
3200 558 3381 627 itaque
3412 572 3613 612 novum

2043 641 2300 709 quiddam
2334 651 2387 697 et
2425 644 2651 697 horrore
2678 644 2895 711 plenum
2912 645 3166 737 audisse.
3202 646 3469 702 Caeterum
3500 648 3617 700 ani-

2026 732 2495 787 .madvertendum
2531 733 2675 802 quod
2715 735 2839 790 huic
2891 732 3193 792 narrationi
3236 751 3391 807 aeque
3445 735 3608 791 mista

2044 835 2174 880 sunt
2214 828 2377 882 timor
2409 839 2463 884 et
2491 828 2698 884 laetitia.
2730 830 2843 885 Duo
2883 831 3103 900 quidam
3145 831 3242 885 viri
3273 830 3395 885 alba
3426 830 3612 884 amicti

2050 928 2214 983 veste,
2252 930 2471 988 aspectu
2532 920 2811 984 horrifico,
2865 921 2964 975 visi
2998 930 3125 976 sunt
3173 923 3221 977 ei
3255 922 3323 977 de
3351 923 3492 977 coelo
3523 921 3615 975 de-

2046 1012 2326 1076 scendere,
2348 1012 2583 1081 huicque
2612 1015 2873 1080 praeclaro
2898 1014 3011 1068 viro
3037 1014 3166 1067 dum
3197 1018 3381 1069 oraret
3403 1014 3459 1067 in
3487 1027 3617 1067 con-

2048 1111 2296 1171 spectum
2333 1103 2572 1168 venisse,
2599 1104 2998 1171 quorumalter
3023 1106 3301 1171 volumen,
3336 1105 3475 1159 alter
3504 1104 3616 1158 ela-

2049 1209 2141 1249 ves
2174 1194 2429 1249 manibus
2451 1197 2734 1250 continere
2760 1196 3065 1250 videbatur.
3094 1198 3343 1267 Cumque
3377 1195 3618 1250 Joannes

2050 1286 2190 1339 hanc
2225 1300 2419 1340 novam
2457 1287 2694 1356 speciem
2724 1289 3039 1353 miraretur,
3082 1290 3278 1344 timore
3314 1303 3437 1344 esse
3491 1303 3619 1343 eor-

2050 1388 2262 1444 rcptum
2298 1391 2312 1431 :
2355 1376 2455 1430 hos
2496 1392 2623 1431 vero
2656 1379 2907 1434 manibus
2943 1381 3348 1449 apprehensum
3376 1379 3620 1435 erexisse

2050 1478 2105 1521 et
2152 1477 2353 1525 metum
2408 1470 2757 1533 abstersisse,
2796 1473 3047 1541 bonoque
3105 1472 3289 1526 animo
3339 1487 3463 1525 eum
3499 1486 3621 1526 esse

2049 1560 2281 1628 iussisse
2314 1577 2331 1628 ;
2372 1564 2716 1630 percontanti
2769 1565 2997 1634 quinam
3031 1574 3217 1619 essent
3252 1564 3287 1618 ii
3332 1562 3436 1617 viri
3470 1572 3618 1618 tanta

2063 1654 2274 1722 praediti
2308 1654 2504 1723 gloria,
2538 1654 2631 1722 qui
2660 1655 2920 1711 accedere
2949 1656 3017 1710 ad
3051 1671 3111 1711 se
3154 1655 3357 1725 dignati
3391 1666 3571 1709 essent
3604 1670 3619 1712 :

2052 1744 2128 1799 Ne
2147 1746 2360 1813 timeas,
2378 1760 2470 1799 eos
2496 1746 2719 1811 dixisse,
2742 1762 2840 1802 nos
2857 1748 3109 1803 venimus
3136 1761 3165 1800 a
3187 1746 3407 1799 Christo
3440 1743 3618 1797 missi.

2056 1839 2295 1894 Alterum
2326 1846 2513 1909 postea
2548 1854 2712 1893 manu
2740 1848 2999 1907 protensa
3023 1840 3277 1894 volumen
3311 1835 3621 1900 tradidisse,

2056 1931 2325 1987 dicentem
2371 1932 2589 1988 :Sunie
2629 1932 2851 1996 librum,
2898 1948 3025 1987 nam
3078 1946 3177 2002 ego
3223 1946 3344 1985 sum
3388 1928 3624 1983 Joannes

2057 2024 2143 2078 cui
2177 2025 2441 2093 sapientia
2487 2022 2579 2078 Dei
2632 2033 2821 2094 pectus
2876 2023 3125 2089 tradidit,
3160 2023 3212 2076 in
3254 2022 3397 2092 quod
3432 2032 3486 2075 et
3536 2035 3624 2074 re—

2056 2116 2315 2171 cumbere
2364 2116 2557 2177 voluit,
2614 2131 2732 2183 qua:
2770 2116 2991 2182 quidem
3028 2125 3080 2171 te
3130 2125 3183 2170 et
3238 2131 3333 2183 per
3404 2128 3505 2168 nos
3555 2112 3624 2166 ad

2058 2209 2374 2276 Scripturas
2432 2210 2840 2277 pernoscendas
2890 2208 3148 2262 idoneum
3208 2207 3414 2271 reddet,
3467 2213 3520 2257 et
3578 2215 3627 2256 te

2058 2298 2213 2365 quasi
2248 2311 2410 2350 manu
2471 2296 2636 2351 ducet
2682 2298 2748 2350 ad
2800 2295 2919 2365 ejus
2967 2298 3350 2367 cognitionem.
3385 2296 3626 2349 Alterum

2057 2405 2183 2444 Vero
2231 2404 2393 2442 manu
2436 2398 2703 2444 extensa:
2768 2389 2958 2454 Sume,
3011 2387 3239 2454 dixisse,
3275 2388 3374 2441 has
3425 2387 3627 2449 claves,

2061 2496 2253 2549 meque
2281 2479 2503 2534 Petrum
2529 2495 2650 2535 esse
2678 2481 2836 2548 scito,
2868 2481 2952 2535 cui
2982 2479 3127 2534 Deus
3152 2479 3333 2534 claves
3358 2479 3410 2532 in
3438 2492 3629 2529 manus

2061 2570 2305 2637 tradidit,
2341 2585 2502 2639 quem
2543 2584 2713 2634 nunc,
2748 2583 2843 2639 per
2878 2585 2983 2634 me,
3012 2568 3175 2622 crede
3209 2576 3257 2621 te
3282 2565 3470 2621 eadem
3502 2579 3628 2633 gra-

2060 2664 2134 2717 tia
2168 2678 2275 2731 qua
2324 2678 2431 2724 me,
2484 2661 2806 2732 participem
2842 2660 3041 2716 facere.
3078 2661 3255 2725 Quare
3287 2670 3630 2727 quascunque

2063 2753 2320 2821 ligaveris
2347 2753 2429 2807 vel
2470 2754 2699 2808 solveris
2730 2767 2890 2820 super
2924 2764 3147 2817 terram,
3177 2760 3339 2805 erunt
3384 2762 3447 2802 ea
3474 2748 3631 2816 ligata

2064 2845 2148 2899 vel
2184 2845 2362 2901 soluta
2387 2853 2442 2898 et
2467 2846 2521 2898 in
2550 2843 2726 2899 ctelis.
2758 2862 2777 2895 ι
2811 2842 3002 2897 Nonne
3030 2840 3398 2909 deprehendis
3429 2854 3492 2905 ex
3526 2838 3631 2896 his.

2064 2938 2311 3000 alterum,
2346 2950 2453 2991 una
2488 2951 2613 2991 cum
2650 2949 2875 2990 munere
2908 2934 3219 3002 Scripturas
3270 2929 3429 2985 facile
3461 2929 3634 2984 inter-

2066 3028 2340 3097 pretandi,
2374 3034 2428 3082 et
2468 3026 2667 3080 barum
2705 3025 3116 3093 intelligentiam
3144 3040 3173 3076 a
3199 3023 3388 3077 datore
3421 3021 3639 3091 sapien-

397 3122 479 3160 σιν
518 3109 667 3177 παρὰ
700 3107 792 3162 τοῦ
825 3110 923 3178 τῆς
958 3112 1151 3179 σοφίας
1176 3112 1417 3183 χορηγοῦ
1453 3114 1768 3185 ἐδωρήσατο
1794 3130 1809 3145 ο
1841 3116 1868 3167 ό
1906 3114 1958 3167 δὲ

2069 3119 2153 3172 tia:
2200 3117 2510 3187 adiunxisse
2539 3118 2564 3170 ἲ
2595 3116 2829 3172 alterum
2868 3131 2995 3170 vero
3046 3130 3152 3169 una
3204 3129 3327 3170 cum
3378 3112 3635 3166 facultate

400 3203 497 3254 σὺν
530 3203 608 3272 τῷ
636 3201 784 3256 λύειν
809 3204 904 3256 καὶ
935 3203 1176 3273 δεσμεῖν,
1213 3208 1307 3258 καὶ
1342 3206 1419 3273 τῷ
1450 3208 1652 3272 γνῶναι
1680 3209 1777 3261 καὶ
1807 3209 1961 3259 εὐσε-

400 3294 508 3355 ϐῶς
540 3297 814 3347 πιστεύειν
854 3294 1063 3363 Ἰησοῦν
1109 3297 1347 3363 Χριστὸν
1397 3296 1490 3350 τὸν
1545 3298 1674 3352 Υἱὺν
1702 3299 1797 3350 τοῦ
1827 3299 1962 3350 Θεοῦ

398 3384 465 3436 δι’
520 3385 682 3437 αὑτοῦ
715 3385 1065 3453 ὲγκελεύεται
1092 3404 1106 3419 ·
1145 3387 1394 3457 πείσθητι
1453 3388 1661 3455 λοιπον,
1703 3390 1786 3441 ὅτι
1834 3389 1962 3441 ἄνευ

398 3474 498 3544 τῆς
545 3476 637 3529 τοῦ
702 3478 909 3547 Πέτρου
948 3479 1229 3547 ὑποταγῆς
1276 3479 1517 3549 σωθῆναι
1570 3479 1829 3552 οὑ’δύνῃ,
1871 3481 1965 3534 καὶ

400 3566 649 3628 εἰκότωςο
682 3570 885 3632 ἐκεῖνος
935 3571 1040 3640 γάρ
1075 3572 1222 3623 ἐστιν
1257 3572 1287 3641 ἡ
1336 3571 1477 3639 θύρα
1516 3572 1614 3639 τῆς
1657 3573 1964 3641 σωτηρῖας·

397 3659 425 3709 δ
474 3659 548 3727 μὴ
599 3660 979 3729 εἰσερχόμενος
1019 3661 1086 3715 δι’
1135 3661 1300 3714 αὑτοῦ
1357 3662 1437 3724 εἰς
1468 3662 1564 3730 τὴν
1596 3663 1696 3732 τῆς
1731 3664 1963 3725 πίστεως

399 3750 711 3815 ἐπίγνωσιν,
736 3753 1038 3814 τουτέστιν,
1085 3752 1172 3805 ἵνα
1229 3751 1474 3823 γινώσκῃ
1524 3752 1687 3806 αὑτὸν
1722 3770 1962 3820 τοποτη-

400 3841 569 3910 ρητὴν
595 3841 688 3893 τοῦ
733 3842 994 3911 Χριστοῦ,
1024 3843 1085 3895 οὑ
1127 3843 1354 3896 δύναται
1403 3844 1582 3913 εὑρεῖν
1616 3862 1747 3897 ποτε
1784 3862 1966 3913 σωτη-

401 3934 539 3999 ρῖαν.
575 3934 787 4001 Ὥσπερ
820 3935 928 4003 γάρ
960 3950 1125 4003 φησιν
1156 3934 1186 3984 δ
1232 3935 1490 4003 Χριστὸς,
1534 3953 1553 3986 ι
1596 3936 1738 4000 Ἐγώ
1785 3938 1901 4005 εἰμι
1933 3940 1965 4006 ή

398 4026 563 4092 θύρα,
590 4027 616 4077 ὁ
648 4026 721 4093 μὴ
751 4026 1131 4095 εἰσερχόμενος
1162 4026 1248 4079 διὰ
1282 4028 1380 4095 τῆς
1411 4026 1604 4096 θύρας,
1637 4027 1773 4081 ἀλλὰ
1800 4028 1965 4081 ἀλλα-

398 4116 551 4185 χόθεν
572 4116 893 4179 ἀναϐαίνων,
923 4119 1129 4177 ἐκεῖνος
1154 4117 1394 4185 κλέπτης
1416 4118 1534 4170 ἐστὶ
1560 4120 1653 4170 καὶ
1668 4118 1872 4188 λῃστής
1896 4134 1909 4149 ·
1942 4138 1959 4169 ι

397 4206 544 4259 οὑτω
577 4206 671 4259 καὶ
706 4209 732 4259 ό
760 4206 1002 4275 διάδοχος
1041 4206 1207 4259 αὑτοῦ
1247 4207 1449 4277 Πέτρος
1488 4206 1654 4275 φησίν
1678 4224 1691 4239 ·
1729 4227 1748 4258 ‹
1794 4208 1854 4260 'U
1894 4209 1968 4278 μὴ

399 4294 671 4365 πιστεύων
715 4295 783 4348 δι’
816 4295 950 4360 ἐμοῦ
998 4295 1092 4348 τὸν
1124 4294 1251 4349 Υίὸν
1284 4297 1377 4350 τοῦ
1407 4296 1642 4366 ἀοράτου
1696 4298 1833 4351 Θεοῦ
1874 4302 1968 4351 καὶ

403 4388 612 4456 Harpe;
641 4386 967 4454 γενιηθέντα
1020 4390 1200 4459 σαρκὶ,
1260 4389 1353 4442 καὶ
1387 4390 1651 4454 παθόντα,
1686 4390 1781 4443 καὶ
1830 4392 1965 4444 ἁναο

2068 3208 2310 3262 solvendi
2358 3217 2412 3260 et
2474 3206 2672 3273 ligandi
2710 3215 2761 3258 et
2812 3205 3174 3272 intelligendi,
3212 3202 3540 3271 injunxisse,
3581 3209 3636 3255 et

2068 3295 2153 3362 pie
2184 3294 2237 3346 in
2265 3292 2447 3346 Jesutn
2480 3291 2759 3346 Christum
2792 3292 2881 3345 Dei
2914 3292 3112 3346 Filium
3139 3307 3233 3359 per
3252 3306 3374 3344 eum
3403 3292 3635 3344 creden-

2067 3386 2121 3441 di
2150 3385 2410 3440 ?Credite
2438 3385 2491 3439 in
2529 3393 2809 3454 posterum
2843 3385 2985 3453 quod
3022 3386 3141 3439 sine
3171 3384 3477 3439 obedientia
3510 3398 3638 3453 erga

2067 3476 2287 3531 Petrum
2320 3475 2519 3529 salvari
2553 3490 2656 3530 non
2694 3477 2944 3545 potestis.
2982 3474 3188 3542 Etjure
3219 3473 3460 3545 quidem.
3498 3472 3634 3525 Nam

2068 3568 2113 3622 is
2146 3576 2227 3622 est
2261 3576 2412 3637 porta
2467 3567 2680 3621 salutis.
2715 3565 2817 3630 Qui
2866 3580 2964 3634 per
3002 3580 3126 3618 eum
3174 3565 3229 3618 in
3263 3564 3634 3633 cognitionem

2068 3661 2188 3715 fidei
2221 3675 2327 3713 non
2369 3659 2691 3727 ingreditur,
2726 3658 2777 3712 id
2809 3667 2911 3719 est,
2952 3665 3010 3711 ut
3051 3673 3175 3711 eum
3227 3665 3489 3723 agnoscat
3516 3671 3639 3710 esse

2066 3752 2268 3807 Christi
2296 3750 2582 3813 vicarium,
2625 3766 2728 3804 non
2758 3752 2958 3820 poterit
2990 3764 3225 3819 unquam
3254 3749 3481 3803 salutem
3505 3763 3643 3802 con-

2068 3844 2244 3909 sequi.
2269 3843 2424 3904 Nain,
2449 3853 2507 3895 ut
2529 3843 2777 3897 Christus
2803 3841 3002 3912 inquit.
3031 3858 3049 3892 ι
3093 3841 3201 3908 Ego
3235 3855 3355 3895 sum
3395 3840 3591 3893 ostium
3622 3855 3635 3903 ;

2068 3937 2161 4005 qui
2208 3950 2312 3988 non
2368 3935 2533 3986 intrat
2561 3948 2656 4001 per
2689 3935 2914 3997 ostium,
2946 3933 3042 3986 sed
3084 3932 3302 3987 aliunde
3349 3946 3634 3984 ascensum

2068 4038 2241 4095 parat,
2275 4027 2360 4079 fur
2398 4036 2561 4081 estet
2588 4026 2727 4079 latro
2757 4025 2846 4091 δίς
2880 4044 2899 4077 ι
2943 4026 3013 4079 ita
3049 4034 3100 4080 et
3132 4023 3327 4079 Petrus
3354 4025 3473 4094 ejus
3511 4040 3641 4077 sue-

2068 4134 2253 4174 cessor
2282 4119 2413 4172 dicit
2449 4136 2461 4171 :
2496 4134 2514 4168 ι
2540 4117 2641 4181 Qui
2673 4132 2779 4170 non
2804 4117 3084 4184 creditper
3112 4132 3196 4171 me
3227 4118 3423 4171 Filium
3453 4116 3643 4169 invisi-

2070 4211 2193 4265 bilis
2236 4210 2327 4264 Dei
2358 4219 2411 4263 et
2440 4209 2614 4263 Patris
2645 4208 2696 4261 in
2729 4222 2894 4262 carne
2926 4208 3191 4276 genitum,
3220 4207 3312 4275 qui
3344 4221 3535 4275 passus
3562 4215 3646 4256 est

2070 4313 2123 4355 et
2161 4281 2478 4362 resurrexit,
2521 4309 2573 4353 et
2629 4310 2825 4354 cattera
2864 4297 3296 4369 dispensationis
3349 4282 3630 4368 mysteria,

2078 4395 2163 4447 hic
2198 4393 2488 4447 haereticus
2521 4400 2599 4445 est
2628 4401 2681 4445 et
2713 4392 2916 4445 salvari
2951 4391 3097 4444 nullo
3129 4405 3368 4461 unquam
3404 4400 3645 4459 tempere

401 4480 623 4542 στάντα,
662 4480 755 4530 καὶ
789 4478 954 4531 τᾶλλα
984 4478 1081 4547 τῆς
1112 4478 1429 4548 οἰκονομίας
1479 4482 1777 4550 μυστήρια,
1818 4478 1958 4541 οὗτος

2079 4484 2296 4553 poterit.
2337 4500 2353 4532 ι
2394 4480 2517 4534 11ωο
2550 4480 2718 4550 igitur
2749 4489 2803 4533 et
2830 4479 2956 4532 talia
2995 4488 3264 4543 tenentes,
3294 4492 3526 4548 quorum
3561 4492 3648 4528 rc-

401 4571 672 4639 αῖρετικός
715 4571 851 4637 ἐστι,
899 4571 994 4623 καὶ
1040 4570 1282 4639 σωθῆναι
1331 4570 1587 4623 οὐδέποτε
1615 4570 1967 4640 δυνήσεται.»

399 4663 582 4717 Ταῦτα
607 4664 787 4716 τοῐνυν
815 4666 907 4717 καὶ
940 4663 1075 4715 ἄλλα
1111 4662 1147 4717 ἃ.
1177 4662 1394 4733 πλήρης
1416 4664 1567 4716 πᾶσα
1590 4662 1696 4715 τῶν
1720 4662 1973 4715 διδασκά-

397 4757 506 4805 λων
539 4755 726 4824 γραφὴ
782 4754 1019 4824 ἔχοντες,
1056 4756 1121 4823 τῇ
1169 4751 1470 4821 Ἐκκλησία
1528 4751 1969 4820 ὑποτασσὼμεθα

400 4846 492 4895 καὶ
540 4846 599 4896 ἐν
633 4845 768 4911 αὐτῇ
801 4843 1075 4915 μένωμεν,
1124 4844 1217 4895 καὶ
1270 4843 1332 4894 ἐν
1382 4844 1447 4911 τῇ
1488 4841 1736 4911 ὑποταγῇ
1798 4843 1971 4910 αὑτῆς

401 4933 689 5001 εὐχώμεθα
720 4933 992 4999 διαμεῖναι
1037 4932 1119 4993 είς
1149 4930 1243 4984 τὸν
1276 4929 1448 4984 αίῶνα
1481 4930 1573 4982 τὸν
1606 4929 1843 4995 ἅπαντα,
1883 4930 1969 4982 ἵνα

398 5022 558 5077 ἵλεων
588 5023 678 5076 τὺν
730 5024 931 5091 Κύριον
963 5022 1215 5092 ε’ύρωμεν
1246 5023 1305 5073 ὲν
1350 5023 1415 5090 τῇ
1451 5021 1633 5091 ἡμέρᾳ
1664 5023 1727 5089 τῇ
1761 5020 1971 5089 φοϐερᾷ

399 5114 496 5183 τῆς
523 5114 952 5175 ἀνταποδόσεως.
984 5112 1223 5177 Γένοιτο,
1253 5112 1489 5181 γένοιτο.

1137 5208 1234 5262 ΙΘ⁹.

1019 5299 1348 5368 Ἑπίλογος.

475 5395 613 5463 Ἤδη
666 5393 804 5445 κατὰ
876 5392 1104 5445 δυνατὸν
1166 5392 1265 5463 τὴν
1332 5392 1611 5462 ἡμετέραν
1671 5392 1968 5457 ὑπόσχεσιν

400 5487 824 5558 ἐπληρώσαμεν,
858 5483 1480 5556 ὑπεραπολογησάμενοι
1527 5483 1635 5536 τῶν
1668 5484 1723 5535 ὲν
1749 5481 1825 5550 τῷ
1855 5482 1967 5551 ὅρῳ

403 5580 498 5647 τῆς
531 5581 587 5630 ὲν
616 5576 929 5647 Φλωρεντίαν.
955 5576 1170 5629 συνόδου
1200 5577 1361 5629 πέντε
1389 5574 1629 5644 ἄρθρων.
1654 5573 1973 5642 Εἰρήκαμεν

405 5670 460 5720 δὲ
486 5669 678 5727 ταῦτα.
713 5669 823 5721 ἀπὸ
863 5668 973 5720 τῶν
1002 5666 1196 5720 κοινῶν
1223 5665 1483 5736 Πατέρων
1514 5665 1606 5718 καὶ
1642 5663 1975 5716 διδασκάλων

408 5757 661 5821 λαϐόντες
688 5760 963 5829 ἀφορμὰς,
999 5758 1092 5823 οὓς
1120 5760 1152 5829 ὴ
1189 5756 1484 5828 Ἐκκλησία
1518 5755 1732 5822 δοξάζει
1763 5756 1974 5824 ἁγίους,

472 5871 515 5904 ⁸³
542 5871 693 5929 Joau.
722 5890 773 5936 χ,
804 5875 852 5928 i.

2077 4575 2227 4627 ferta:
2276 4584 2403 4627 sunt
2433 4586 2625 4626 omnes
2679 4571 2966 4625 doctorum
3022 4570 3329 4637 scriptura,
3394 4567 3649 4621 Ecclesia:

2078 4666 2409 4734 subjicimur
2442 4665 2496 4718 in
2528 4677 2700 4732 eaque
2729 4676 3134 4734 permanemus,
3172 4670 3225 4715 et
3258 4660 3312 4713 in
3337 4658 3648 4714 obedientia

2073 4758 2194 4825 ejus
2241 4758 2531 4824 persistere
2588 4756 2640 4808 in
2675 4754 2858 4809 omnia
2920 4756 3117 4809 sarcula
3168 4752 3529 4824 deprecamur
3591 4760 3649 4803 ut

2075 4847 2371 4917 propitium
2405 4846 2572 4900 Deum
2623 4846 3012 4901 nanciscamur
3046 4845 3100 4899 in
3131 4844 3410 4899 tremenda
3444 4843 3530 4898 die
3565 4859 3651 4896 re-

2081 4937 2413 4991 tributionis.
2467 4936 2607 5003 Fiat,
2654 4936 2760 4993 fiat.

2782 5202 2924 5256 Mx.

2712 5293 2983 5363 Epilogus.

2146 5389 2266 5444 Jam
2322 5393 2502 5461 quoad
2540 5390 2660 5459 ejus
2711 5386 2829 5441 ﬁeri
2872 5383 3048 5454 potuit
3095 5384 3449 5453 prmstitimus
3500 5387 3651 5457 quod

2078 5480 2304 5549 polliciti
2358 5494 2565 5543 sumus,
2602 5477 2763 5532 allata
2844 5475 2910 5529 ad
2971 5473 3215 5544 quinque
3268 5475 3529 5532 articulos
3560 5492 3653 5531 re-

2086 5571 2404 5641 sponsione,
2441 5570 2531 5640 qui
2566 5570 2619 5623 in
2655 5569 2875 5623 decreto
2905 5565 3238 5623 Florentium
3284 5567 3479 5639 synodi
3509 5584 3650 5624 con-

2086 5664 2351 5717 tinentur.
2393 5662 2841 5733 Conseripsimus
2889 5675 3018 5715 vero
3052 5660 3165 5715 hate
3211 5674 3240 5714 a
3268 5663 3652 5718 communibus

2050 5752 2341 5811 'Patribus
2390 5768 2454 5809 ac
2516 5753 2830 5810 doctoribus
2882 5752 3165 5822 desumpta
3223 5755 3473 5819 materia,
3507 5769 3649 5825 quos
