3966 6198
326 387 457 460 1391

1220 371 1531 436 ΙΟῑόΕΡΠΙ
1579 367 1818 430 ΜΕΤΙΙ.
1871 362 2023 423 ΡΒο
2061 359 2273 422 CONC.
2305 345 2674 416 FLORENT.

3437 337 3570 406 1392

322 499 564 555 Ecclesia
620 503 838 550 sanctos
895 505 1015 544 esse
1071 486 1340 548 decernit,
1376 483 1596 536 illorum
1651 477 1932 547 vestigiis.

2038 474 2109 534 οἷς
2143 471 2348 541 ἴχνεσιν
2378 465 2560 521 αὐτῶν
2586 467 2840 530 ἑπόμενοι
2862 476 2873 489 ·
2917 459 3006 511 καὶ
3045 457 3174 519 τοὺς
3199 468 3372 508 ταυτα
3398 451 3584 503 θεολο-

323 590 648 652 insistendo,
682 598 734 640 et
753 585 846 655 qui
873 585 986 637 haec
1014 580 1209 634 litteris
1243 576 1569 645 theologicis
1601 571 1896 655 mandave-

325 694 453 738 runt
487 693 540 736 et
575 649 920 734 tradiderunt
956 683 1268 738 utyeraces
1299 665 1672 734 suscipiendo,
1699 649 1898 732 quibus

325 775 595 846 Ephesius
634 771 846 826 Marcus
879 783 984 821 non
1014 765 1203 829 valens
1231 763 1282 815 in
1322 761 1530 828 synodo
1558 756 1900 810 contradice-

327 888 386 926 re
433 881 485 923 et
525 869 607 921 sui
661 866 904 919 incertos
937 869 1214 914 certamen
1253 853 1599 909 detrectavit.
1658 847 1902 902 Perfeci-

328 975 452 1014 mus
508 966 687 1012 autem
748 956 850 1009 hoc
914 966 1051 1020 opus
1110 949 1298 1022 multo
1345 946 1530 998 labore
1565 956 1628 996 ac
1667 941 1847 995 studio
1888 953 1902 993 :

328 1059 614 1121 propterea
647 1062 835 1101 omnes
882 1046 973 1114 qui
1014 1044 1130 1096 haec
1165 1038 1518 1111 perlegerim,
1555 1050 1676 1094 oro,
1713 1048 1779 1086 ne
1809 1032 1908 1085 do-

329 1141 444 1194 lose
477 1148 530 1193 et
558 1153 679 1192 cum
710 1136 1259 1205 prmsumptionc‘ant
1289 1130 1510 1199 proprio
1567 1124 1774 1180 aﬂ‘ectu‘
1814 1123 1906 1177 in-

329 1232 499 1293 ducti.
533 1239 878 1301 percurrant,
907 1228 999 1284 sed
1032 1228 1243 1281 sincera
1269 1224 1628 1293 dispositione
1653 1219 1897 1273 adhibita

331 1340 482 1380 suam
508 1323 902 1378 conscientiam
939 1321 1175 1388 judicem
1199 1320 1358 1372 dictis
1390 1317 1710 1386 praeticiant.
1748 1311 1908 1366 Arbi-

331 1428 446 1471 tror
505 1415 648 1470 enim
702 1430 824 1468 eum
879 1413 969 1482 qui
1020 1412 1121 1466 hac
1157 1409 1470 1462 conditione
1517 1407 1581 1459 ad
1622 1403 1908 1472 legendum

335 1507 654 1571 accesserit,
691 1521 718 1560 a
763 1506 957 1560 morbo
995 1520 1053 1557 se
1093 1501 1499 1554 vindicaturum
1542 1509 1908 1563 magnamque

334 1605 562 1674 gratiam
592 1600 910 1654 habiturum
945 1598 992 1649 ei
1027 1595 1119 1663 qui
1159 1607 1270 1647 nate
1300 1590 1470 1644 edidit
1501 1599 1554 1643 et
1589 1587 1910 1648 elaboravit.

340 1713 461 1752 cum
499 1697 642 1751 lianc
677 1690 1194 1748 commentationem
1223 1701 1289 1740 ex
1325 1685 1510 1739 multis
1557 1683 1695 1736 locis
1745 1679 1911 1734 colle-

338 1793 508 1862 gerim
549 1799 603 1845 et
650 1785 1105 1857 coagmentarim.
1147 1782 1556 1836 Exantlavimus
1606 1793 1730 1830 vero
1769 1777 1914 1829 hunc

2004 538 2283 636 γήσαντας
2339 563 2434 616 καὶ
2467 538 2950 628 παραδεδωκότας,
2987 548 3210 618 ἀληθεῖς
3259 544 3420 605 ὄντας
3445 544 3587 595 ἀπο-

2004 631 2305 726 δεγόμενοι,
2333 651 2411 715 οἷς
2443 654 2471 705 ό
2512 650 2745 718 Ἐφέσου
2801 647 2857 698 ὲν
2904 646 2970 713 τῇ
3007 639 3213 708 συνόδῳ
3243 635 3318 705 μὴ
3343 631 3584 700 δυνάμε-

1956 768 1975 784 ·
2007 768 2096 814 νος
2125 748 2452 814 ἀντιλέγειν,
2485 743 2580 797 καὶ
2609 740 2936 810 ἀποῤῥήσας
2965 735 3056 788 τὸν
3080 731 3268 799 ἀγῶνα
3304 726 3547 794 ἐξέκλινε
3570 739 3587 752 ⁸

2008 843 2323 897 τετέλεσται
2374 839 2431 892 δὲ
2462 837 2524 890 τὸ
2571 835 2731 904 ἔργον
2772 833 2929 901 ἡμῖν,
2965 828 3065 880 οὐκ
3107 825 3265 889 ὀλίγα
3310 817 3591 888 μογήσασι

2009 935 2104 990 καὶ
2133 931 2487 1000 πεπονηκόσι.
2517 927 2608 980 Διὶ.
2634 927 2842 985 πάντας
2859 919 2985 982 τοὺς
3005 919 3082 971 διε
3093 913 3390 987 ρχομένους
3406 906 3588 960 ταῦτα

2009 996 2450 1098 παρακαλῶ,,μὴ
2495 1022 2633 1092 μετά
2673 1017 2976 1085 σκαιωρίας
3037 1013 3070 1081 ἦ
3100 1004 3426 1076 πεισμονῆς,

2013 1089 2149 1191 πρδς
2180 1120 2240 1172 τὸ
2278 1089 2409 1171 ἴδιον
2437 1089 2852 1174 ἀποϐλέποντας
2891 1108 3159 1178 βούλημα,
3190 1100 3381 1154 διιέναι
3405 1110 3420 1125 ⁸
3452 1089 3593 1146 ἀλλὰ

2018 1188 2156 1284 μετὰ
2219 1212 2471 1282 καθαρᾶς
2527 1207 2821 1266 διαθέσεως
2874 1201 2973 1272 τὴν
3025 1195 3236 1251 ἑαυτῶν
3280 1188 3593 1256 συνείδησιν

2013 1281 2209 1378 κριτὴν
2243 1281 2652 1372 ἐπιστήσαντας
2681 1299 2793 1360 τοῖς
2839 1299 3104 1368 ῥηθεῖσιν.
3140 1286 3307 1358 Οἶμαι
3353 1285 3464 1353 γὰρ
3499 1281 3596 1334 τδν

2013 1403 2188 1456 ταῦτα
2222 1398 2410 1452 τοῦτον
2451 1395 2672 1448 ἐπιόντα
2701 1391 2793 1445 τδν
2841 1390 3066 1458 τρόπον,
3101 1387 3202 1453 τῆς
3229 1381 3392 1435 νόσου
3417 1375 3598 1430 ἁπαλ-

2017 1487 2381 1560 λαγήσεσθαι,
2416 1489 2510 1540 καὶ
2541 1484 2617 1552 τῷ
2649 1480 2982 1535 ἐκτεθεικότι
3009 1476 3109 1529 καὶ
3129 1473 3434 1541 πονήσαντι
3495 1467 3599 1535 χάο

2020 1558 2173 1656 ριτας
2206 1581 2636 1650 ἀνομολογήσειν
2659 1594 2674 1608 ·
2708 1569 3072 1639 συναγαγόντι
3103 1566 3172 1621 τὰ
3215 1563 3355 1634 ῥητὰ
3401 1558 3601 1614 πολλα-

2015 1653 2173 1749 νόθεν
2219 1677 2315 1730 καὶ
2361 1670 2785 1743 συναρμόσαντι.
2819 1665 3179 1731 ’Υπέστημεν
3205 1658 3260 1710 δὲ
3298 1655 3390 1708 τὸν
3413 1653 3597 1715 πόνον,

2017 1743 2093 1834 ii»;
2121 1765 2230 1823 οἶδε
2264 1767 2470 1835 Κύριος
2513 1767 2539 1818 ό
2589 1763 2699 1815 τῶν
2744 1759 3007 1830 κρυπτῶν
3041 1751 3317 1820 γνώστης,
3347 1746 3408 1800 οὐ
3441 1743 3606 1808 δόξαν

338 1837 508 1862 νη-.-
553 1837 602 1845 -.
654 1837 909 1857 “sum-”

337 1886 598 1946 laborem,
625 1892 680 1936 ut
706 1880 968 1934 Dominus
995 1878 1116 1938 scit,
1143 1875 1232 1942 qui
1264 1872 1474 1927 occulta
1502 1869 1923 1939 cognoscith

2038 1863 2149 1916 τινὰ
2203 1861 2516 1929 θηρώμενοι
2565 1853 2922 1925 πρόσκαιρον,
2971 1846 3095 1900 οὖδὶ
3146 1842 3336 1912 κέρδος
3387 1837 3608 1895 ἑαυτοῖς

338 1975 562 2041 gloriam
597 1971 917 2040 aucupaudo
943 1965 1352 2035 temporariam,
1374 1977 1547 2028 neque
1574 1975 1736 2029 opum
1765 1973 1918 2010 com-

340 2065 706 2136 parandarum
735 2063 926 2132 gratia,
951 2059 1042 2114 sed
1072 2073 1204 2128 pura
1236 2066 1288 2111 et
1315 2057 1400 2125 pia
1432 2061 1612 2108 tuente
1646 2067 1742 2121 pro
1776 2050 1916 2103 virili

334 2168 498 2229 parte
528 2155 748 2211 veritati
781 2153 1116 2222 patrocinari
1147 2158 1469 2217 exoptantes
1501 2163 1514 2198 :
1551 2159 1672 2214 qua:
1701 2144 1919 2212 quidem

342 2253 410 2304 iis
443 2250 536 2319 qui
572 2255 758 2314 aperte
791 2243 997 2299 sanctis
1032 2241 1408 2294 contradicere
1453 2237 1664 2300 nolunt,
1708 2234 1919 2303 liquido

344 2351 429 2397 est
463 2343 856 2395 demonstrata.
887 2335 951 2390 Et
978 2349 1039 2390 ea
1072 2340 1332 2403 praeterea
1357 2329 1424 2384 de
1448 2344 1611 2382 causa
1647 2327 1746 2381 hoc
1782 2340 1924 2394 opus

347 2431 584 2503 aggressi
605 2444 797 2485 sumus
824 2438 882 2482 ut
902 2427 994 2496 qui
1025 2429 1219 2479 horum
1245 2422 1550 2478 studiorum
1572 2427 1699 2474 sunt
1723 2418 1920 2486 ignari,

348 2537 399 2580 cl
433 2537 610 2579 tamen
662 2523 728 2576 de
762 2524 864 2576 hoc
924 2521 1176 2588 dogmate
1223 2516 1528 2585 ambigunt,
1577 2525 1921 2582 nequaquam

349 2616 587 2685 amplius
615 2612 1024 2668 excusationem
1056 2608 1250 2685 allerrc
1277 2608 1512 2676 possint,
1539 2619 1595 2658 se
1622 2604 1926 2658 sententias

351 2717 404 2762 et
453 2708 598 2761 dicta
635 2715 948 2760 sanctorum
1007 2702 1162 2770 plane
1207 2700 1480 2770 ignorare.
1529 2697 1655 2751 ldeo
1705 2710 1922 2764 teqnum

353 2800 486 2854 mibi
530 2799 701 2851 visum
733 2805 814 2850 est
848 2795 1103 2848 volumen
1142 2793 1243 2846 hoc
1288 2804 1470 2844 rerum
1525 2797 1840 2847 contexere.
1874 2794 1927 2839 et

353 2891 679 2960 resipiscere
742 2886 1036 2956 aliquando
1073 2885 1383 2938 volentibus
1435 2881 1600 2933 veluti
1635 2890 1924 2948 sumptuo-

361 2997 482 3034 sum
520 2977 791 3050 quoddam
849 2975 1154 3029 convivium
1189 2980 1479 3041 appo’nerc.
1516 2969 1758 3023 Ecclesia
1798 2981 1929 3020 vero

360 3088 558 3144 sponsa
602 3071 953 3125 immaculata
990 3066 1166 3119 nullas
1197 3065 1387 3117 sordes
1422 3061 1504 3116 vel
1539 3076 1699 3128 rugas
1726 3059 1927 3114 admit-

362 3178 504 3228 tens,
536 3163 650 3218 sole
676 3161 907 3216 lucidior
943 3159 1121 3213 denuo
1152 3155 1454 3225 apparebit,
1493 3163 1553 3207 ut
1585 3151 1708 3216 fuit,
1737 3161 1790 3206 et
1825 3161 1928 3217 est,

358 3265 413 3311 et
433 3255 877 3324 erit,qnanquam
906 3246 1420 3319 disrumpantorqui
1449 3255 1640 3300 contra
1671 3246 1933 3309 sentiunt,

361 3364 483 3403 nam
517 3361 733 3416 semper
756 3344 968 3398 exstitit
996 3349 1149 3395 extra
1183 3354 1452 3403 errorem,
1488 3352 1664 3406 neque
1687 3337 1938 3392 diversas

361 3441 647 3510 opiniones
674 3434 1014 3505 praedicavit,
1056 3433 1152 3488 sed
1183 3431 1402 3485 easdem
1433 3430 1553 3483 illas
1581 3444 1720 3497 quas
1749 3442 1778 3480 a
1800 3427 1939 3481 divi-

363 3547 433 3585 no
465 3545 561 3584 ore
597 3529 901 3582 Salvatoris
929 3523 1159 3592 accepit.
1192 3522 1339 3590 Rogo
1368 3534 1464 3573 vos
1502 3521 1723 3580 iterum,
1749 3533 1784 3572 ο
1811 3518 1940 3571 cha-

366 3623 592 3686 rissimi,
628 3630 684 3673 ut
718 3620 836 3672 hzec
885 3632 1010 3671 eum
1066 3614 1336 3670 cltaritate
1391 3611 1586 3680 legalis
1636 3617 1690 3663 et
1740 3611 1939 3678 spiritu

369 3715 517 3778 tldei,
556 3729 620 3767 ac
654 3712 699 3766 si
730 3724 856 3764 vera
890 3718 943 3762 et
969 3708 1118 3777 justa
1163 3705 1275 3759 visa
1297 3701 1524 3765 fuerint,
1565 3700 1634 3756 iis
1667 3698 1940 3754 assentia-

371 3809 503 3863 mini
541 3824 554 3872 ;
593 3806 637 3860 si
673 3819 801 3858 vero
836 3812 1053 3864 contra,
1087 3796 1386 3853 conlutetis
1415 3802 1468 3849 et
1513 3791 1734 3861 scriptis
1783 3791 1942 3844 editis

370 3905 611 3954 ratior..-.s
637 3896 898 3959 alienatis,
926 3903 981 3947 ut
1012 3903 1067 3946 et
1088 3905 1187 3945 nos
1209 3889 1274 3943 iis
1305 3885 1590 3958 perpensis
1613 3889 1940 3939 sententiam

374 4004 614 4048 nostram
645 4005 770 4044 cum
804 3988 1074 4042 charitate
1108 3983 1379 4044 dicamus,
1423 3985 1782 4034 retractantes
1842 3992 1941 4030 no-

376 4095 492 4137 stra
532 4079 618 4134 vel
651 4079 916 4132 delentes.
955 4075 1126 4144 Spero
1156 4072 1322 4143 igitur
1351 4071 1461 4124 Deo
1491 4073 1646 4133 tlsns,
1675 4069 1764 4137 qui
1795 4068 1945 4136 pacis

372 4183 457 4227 est
496 4182 674 4242 pater,
706 4187 803 4224 vos
833 4170 916 4224 liis
956 4168 1260 4224 rationibus
1295 4179 1488 4219 suasos
1520 4163 1731 4217 veritati
1760 4176 1948 4214 cessu-

376 4282 488 4332 ros,
513 4266 682 4318 animi
707 4265 996 4318 candorem
1028 4271 1082 4317 et
1107 4259 1476 4314 obedientiam
1526 4257 1633 4310 Deo
1683 4265 1950 4324 praestan-

374 4361 443 4412 do
475 4375 490 4420 ;
517 4369 818 4426 mutuoque
851 4354 1170 4423 accipiendo
1195 4351 1460 4403 Paracleti
1486 4347 1716 4418 gratiam
1746 4357 1799 4401 et
1827 4362 1948 4417 pru-

375 4450 613 4503 dentiam
661 4465 679 4507 :
742 4463 865 4501 nam
904 4464 967 4500 eo
1007 4444 1340 4498 concedente
1398 4442 1544 4494 nulla
1599 4440 1828 4492 mutatio
1866 4437 1948 4492 vel

2023 1953 2394 2024 προσποιῆσαι
2443 1948 2780 2020 βουλόμενοι,
2815 1941 2953 1996 ἀλλά
2997 1936 3217 2006 καθαρᾷ
3249 1935 3342 1988 καὶ
3380 1928 3606 1984 εὐλαῦεἶ

2022 2047 2238 2116 γνώμῃ,
2263 2048 2328 2115 τῇ
2363 2042 2595 2113 ἀληθείᾳ
2627 2041 2751 2092 ὅσον
2781 2031 2892 2090 οἷόν
2923 2051 2985 2088 τε
3017 2029 3390 2098 συναγορῆσαι
3421 2024 3604 2093 γλιχό-

2026 2154 2212 2208 μενοι·
2239 2138 2360 2207 ἥτις
2392 2137 2505 2195 τοῖς
2532 2132 2606 2203 μὴ
2638 2130 2925 2201 προδήλως
2955 2127 3066 2187 τοῖς
3101 2122 3276 2190 ἁγίοις
3300 2118 3610 2183 ἀντιλέγειν

2023 2231 2290 2296 ἐθέλουσι,
2333 2227 2549 2298 τρανῶς
2578 2222 2985 2278 ἀποδείκνυται.
3022 2218 3149 2270 Ἔτι
3206 2213 3429 2267 κάκεῖνο
3453 2209 3606 2277 ἐφιέ-

2029 2341 2197 2393 μενοι,
2226 2321 2319 2374 τοῦ
2354 2321 2516 2390 ἔργου
2552 2317 2837 2387 ἡψάμεθα,
2868 2316 2942 2376 ὡς
2974 2313 3040 2366 ἂν
3072 2314 3119 2364 oi.
3145 2310 3320 2376 λόγων
3343 2305 3602 2358 τοιούτων

2024 2419 2262 2484 ἄπειροι,
2297 2413 2392 2466 καὶ
2421 2413 2572 2481 ὅμως
2604 2410 2731 2480 περὶ
2762 2409 2823 2460 τὸ
2849 2406 3025 2474 δόγμα
3061 2403 3216 2456 τοῦτο
3239 2400 3604 2461 διστάζοντες,

2031 2506 2104 2576 μὴ
2136 2503 2559 2572 προφασίζοιντο
2596 2500 2695 2562 ἔτι,
2733 2497 2831 2561 τὰς
2867 2494 3093 2564 γνώμας
3145 2492 3240 2544 καὶ
3274 2491 3461 2558 ῥήσεις
3490 2485 3605 2536 τῶν

2027 2601 2200 2666 ἁγίων
2242 2597 2317 2667 μὴ
2368 2595 2569 2648 εἰδέναι
2621 2592 2846 2660 σαφῶς·
2885 2588 2974 2642 διὰ
3005 2586 3160 2640 ταῦτ’
3193 2583 3342 2648 ἔδοξέ
3387 2599 3478 2649 μοι
3524 2578 3603 2630 δί-

2028 2708 2183 2744 καιον
2214 2688 2312 2760 τὴν
2342 2686 2596 2750 σύνταξιν
2624 2685 2732 2737 τῶν
2777 2683 2960 2752 ῥητῶν
2989 2680 3197 2748 ταύτην
3233 2677 3475 2745 ποιῆσαι,
3513 2674 3604 2727 καὶ

2029 2785 2145 2844 τοῖέ
2201 2780 2553 2851 βουλομένοις
2614 2775 2890 2845 ἀνανῆψαι
2935 2792 3090 2840 ποτε,
3137 2773 3328 2841 ὥσπερ
3372 2771 3605 2838 εὖωχίαν

2030 2876 2152 2928 τινὰ
2209 2874 2480 2944 πολυτελῆ
2536 2873 2854 2941 προθεῖναιο
2890 2868 3187 2923 κάντεῦθεν
3241 2868 3274 2936 ἠ
3320 2864 3416 2918 τοῦ
3471 2863 3603 2916 Θεοῦ

2043 2967 2362 3035 Ἐκκλησία,
2423 2966 2456 3033 ή
2520 2964 2749 3026 ἀσπιλος
2813 2961 3024 3031 νύμφη,
3081 2963 3116 3030 ἡ
3171 2959 3376 3029 μηδένα
3420 2958 3606 3011 σπῖλον

2033 3059 2234 3126 ἔχουσα
2265 3059 2295 3124 ἢ
2338 3056 2550 3126 ῥυτίδα,
2580 3054 2939 3125 λαμπροτέρα
2969 3053 3122 3122 ἡλίου
3156 3053 3309 3114 αὖθις
3333 3052 3607 3121 ἀναφανή-

2040 3166 2211 3212 σεται,
2247 3148 2436 3218 ὥσπερ
2465 3142 2531 3218 ἦν
2563 3149 2652 3200 καὶ
2691 3147 2808 3200 ἔστι
2842 3148 2934 3201 καὶ
2962 3144 3139 3213 ἔσται,
3167 3147 3272 3200 κᾶν
3298 3145 3612 3216 διαρραγῶ-

2049 3257 2135 3294 σιν
2162 3243 2211 3294 οἱ
2240 3242 2500 3294 τάναντία
2540 3239 2863 3309 φρονοῦντες
2889 3256 2904 3272 ’
2937 3239 3176 3311 οὐδαμοῦ
3227 3241 3336 3310 γὰρ
3383 3239 3613 3310 εὓρηται

2042 3334 2401 3403 πλανωμένη,
2459 3333 2567 3386 οὐδ’
2605 3333 2802 3400 ἑτέραν
2859 3332 3021 3398 δόξαν
3073 3332 3463 3403 κηρῦττουσαο
3498 3333 3617 3386 ἀλλ’

2043 3430 2214 3500 αὐτὴν
2249 3429 2488 3496 ἐκείνην,
2519 3427 2585 3498 ἢν
2619 3428 2725 3481 ἀπὸ
2753 3428 2847 3481 τοῦ
2882 3432 3155 3498 σωτηρίου
3191 3427 3469 3495 παρέλαϐε
3503 3430 3620 3482 στό-

2046 3537 2238 3590 ματος.
2265 3519 2465 3587 Δέομαι
2493 3519 2549 3572 δὲ
2589 3501 2684 3573 κείι
2717 3519 2876 3583 αὖθις
2905 3520 3081 3589 ὑμῶν,
3113 3516 3159 3572 ὦ
3190 3520 3457 3588 φίλτατοι,
3479 3520 3624 3574 διελο

2045 3614 2159 3666 θεῖν
2204 3612 2346 3666 αὐτά
2385 3612 2517 3679 μετ’
2577 3612 2802 3681 ἀγάπης
2835 3613 2932 3666 καὶ
2959 3613 3062 3680 τῆς
3113 3613 3174 3665 ἐν
3205 3610 3480 3681 πνεύματι
3531 3611 3624 3662 πί-

2048 3724 2216 3769 στεως
2241 3724 2254 3737 ·
2325 3707 2418 3758 καὶ
2446 3708 2494 3757 εί
2527 3704 2625 3772 μὲν
2656 3704 2830 3774 ἀληθῆ
2865 3705 2960 3757 καὶ
2989 3705 3172 3758 δίκαια
3215 3703 3363 3775 δόξῃ,
3397 3703 3625 3772 πεισθῆ-

2047 3815 2168 3852 ναι·
2202 3800 2249 3851 εἰ
2293 3798 2349 3851 δὲ
2399 3797 2732 3862 τούναντίον,
2778 3795 3102 3860 ἀποδεῖξαι·
3141 3792 3386 3858 καὶτοὺς
3430 3795 3625 3862 λόγους

2049 3891 2348 3959 προθεῖναι,
2382 3888 2567 3956 γραφῇ
2621 3882 2962 3954 παραδόντας
2988 3900 3001 3914 ο
3035 3882 3121 3936 ἵνα
3149 3887 3246 3937 καὶ
3294 3885 3458 3954 ἡμεῖς
3486 3885 3625 3938 αὑτά

2047 3980 2491 4051 διασκεψάμενοι,
2539 3978 2599 4030 τὸ
2625 3975 2814 4030 δοκοῦν
2851 3977 2974 4045 μετ’
3022 3977 3243 4046 ἀγάπης
3296 3979 3622 4048 εἷπωμεν,ἢ

2053 4070 2597 4146 μεταπεισθέντες,ἧ
2657 4069 3079 4141 διαγράψαντες.
3137 4071 3339 4142 eapse
3393 4072 3493 4142 μὲν
3528 4075 3625 4127 οὖν

2050 4170 2144 4221 καὶ
2186 4164 2424 4218 πέποιθα
2458 4163 2531 4232 τῷ
2562 4158 2680 4230 Θεῷ
2710 4161 2785 4231 τῷ
2810 4163 2906 4232 τῆς
2935 4163 3161 4232 εἰρήνης
3191 4164 3388 4234 Πατρὶ,
3424 4165 3504 4215 ὅτι
3528 4166 3622 4218 καὶ

2051 4260 2205 4313 αὐτοὶ
2239 4261 2349 4314 τοῖς
2375 4257 2554 4323 λόγοις
2584 4254 2923 4322 πεισθέντες,
2955 4259 3028 4326 τῇ
3067 4255 3296 4326 ἀληθεία
3338 4257 3623 4327 ὑποχωρή-

2055 4369 2199 4416 σετε,
2224 4347 2649 4419 εὐγνωμοσὺνην
2690 4353 2784 4402 καὶ
2813 4348 3128 4401 εὐπείθειαν
3159 4349 3236 4417 τῷ
3264 4349 3384 4418 Θεῷ
3418 4351 3624 4415 δόντες,

2056 4441 2430 4502 ἀντιλαῦόντες
2463 4440 2517 4492 δὲ
2552 4439 2649 4508 τὴν
2679 4439 2770 4492 τοῦ
2799 4440 3155 4509 Παρακλὴτου
3187 4441 3344 4510 χάριν
3375 4443 3468 4493 καὶ
3501 4441 3630 4494 σύν-

375 4539 687 4593 imminutio
719 4539 791 4606 pii
837 4547 892 4591 et
926 4536 1085 4604 patrii
1124 4533 1354 4602 spiritus
1403 4537 1770 4598 consequetur
1803 4544 1820 4592 ',
1853 4544 1932 4582 ne-

2059 4553 2194 4588 εσιν.
2263 4533 2506 4602 Οὺῗεμία
2560 4533 2667 4602 γὰρ
2715 4531 2909 4584 τούτου
2971 4531 3239 4595 δοθέντος,
3290 4532 3625 4602 ἐναλλαγὴῆ

375 4645 482 4696 que
532 4617 836 4682 orthodoxa
909 4627 1111 4679 veritas
1171 4625 1549 4676 itnntinuetur.
1604 4621 1780 4672 Absit.
1813 4619 1950 4672 Malo

378 4723 523 4774 enim
563 4721 760 4793 millies
790 4721 926 4774 mori
957 4735 1116 4788 quant
1151 4711 1378 4770 suadere
1434 4729 1530 4768 vos
1561 4722 1618 4766 ut
1673 4711 1950 4765 tantillum

379 4816 598 4884 quidem
651 4829 682 4866 a
723 4828 848 4865 vera
898 4812 1000 4864 ﬁde
1052 4810 1356 4862 declinctis.
1419 4807 1743 4875 llcsjpiscite
1793 4821 1949 4872 rogo,

383 4908 605 4965 t'raties,
639 4904 968 4970 resipiscite.
1003 4902 1256 4965 Quandiu
1300 4917 1395 4954 vos
1427 4902 1483 4952 in
1521 4901 1621 4953 hac
1654 4899 1790 4953 falsa
1827 4914 1957 4952 sua-

383 4999 538 5052 sione
589 4994 954 5065 prrdurabitis
983 4991 1004 5043 ?
1029 4992 1269 5060 qnandiu
1295 4992 1336 5044 si
1370 5006 1475 5044 non
1505 5000 1757 5060 utroque,
1788 4990 1959 5043 altero

385 5102 563 5142 tamen
608 5086 742 5156 pede
771 5083 1195 5138 claudicabitis?
1221 5082 1568 5144 Excitentini,
1603 5098 1825 5151 segnes,
1864 5082 1956 5150 qui

389 5181 537 5232 humi
576 5180 789 5248 rcpitis,
820 5177 1158 5246 exsurgatis,
1195 5190 1262 5227 ne
1295 5175 1423 5228 dum
1460 5161 1569 5228 vos.
1585 5176 1786 5226 malum
1814 5187 1961 5226 som-

393 5293 521 5329 nnm
559 5275 813 5336 stertitis,
845 5271 1003 5324 facile
1035 5269 1287 5322 inimicus
1316 5268 1638 5322 dissentinet
1667 5267 1961 5319 discordiae

393 5367 680 5420 z-zaniam.
736 5362 979 5416 Tollatur
1023 5364 1203 5430 paries
1242 5361 1334 5428 qui
1385 5359 1590 5412 dirimit
1620 5371 1824 5424 sepem,
1867 5361 1964 5406 lia-

396 5477 514 5511 tuus
565 5475 730 5511 unum
764 5471 966 5525 corpus
998 5458 1100 5510 sub
1152 5456 1341 5508 eodem
1384 5453 1561 5520 capite
1599 5469 1610 5504 :
1665 5459 1744 5503 est
1778 5459 1963 5502 autem

400 5565 554 5618 :aput
587 5552 698 5618 ipse
729 5549 1000 5613 Christus,
1049 5562 1208 5615 quem
1263 5557 1318 5598 ut
1359 5545 1680 5612 magistrum
1723 5557 1785 5594 ac
1843 5543 1966 5593 vitae

403 5651 637 5700 iatoi‘ezn
675 5646 758 5712 pie
790 5653 842 5696 et
889 5657 1021 5710 pura
1053 5636 1388 5694 conscientia
1416 5651 1474 5689 se
1499 5623 1732 5701 tuendo,
1755 5647 1962 5702 cogno-

398 5750 617 5789 scemus
639 5734 799 5784 Dedin
834 5745 886 5785 et
918 5730 1132 5784 Patrem
1155 5730 1292 5797 ejus,
1326 5743 1483 5796 aquo
1509 5729 1576 5778 ab
1609 5738 1812 5778 attento
1850 5725 1967 5778 sine

399 5826 619 5881 deﬂuxu
653 5835 704 5881 ct
736 5826 849 5879 sine
873 5823 1126 5893 passione
1149 5831 1230 5876 e5t
1261 5821 1501 5889 genitus,
1531 5818 1965 5874 sanctissimum--

2059 4629 2286 4697 μείωσις
2325 4627 2420 4678 τοῦ
2455 4626 2713 4686 εὑσεῦοῦς
2749 4623 2843 4677 καὶ
2888 4625 3122 4690 πατρίου
3160 4627 3510 4695 φρονήματος
3541 4625 3629 4692 γῐο

2059 4732 2239 4771 νεται·
2295 4717 2414 4769 οὐδὲ
2470 4715 2532 4767 τὸ
2561 4712 2846 4788 ὀρθόδοξον
2891 4713 3234 4766 ἐλαττοῦται.
3268 4716 3527 4782 Ἀτταγεο
3570 4715 3633 4766 οὗ

2059 4808 2380 4875 καινοτομία
2441 4806 2760 4872 εἰσάγεται·
2798 4804 3026 4874 μυρίους
3091 4805 3314 4874 γὰρᾶν
3378 4805 3633 4868 εἱλόμεθα

2066 4899 2267 4967 μᾶλλον
2317 4899 2602 4961 θανάτους,
2637 4897 2668 4965 ἢ
2705 4896 2912 4968 φθορὰν
2942 4897 3229 4966 ἡντιναοῦν
3271 4897 3368 4964 τῆς
3400 4897 3633 4965 ἀληθοῦς

2050 4994 2293 5049 ’πίστεως
2323 4988 2738 5050 καταδέξασθαι.
2764 4988 2955 5039 Σ·3νετε
2984 4986 3437 5054 τοίνυν,ἀδελφοί,
3463 4989 3638 5054 παρά-

2067 5081 2237 5146 καλῶ,
2277 5080 2484 5132 σύνετε.
2523 5081 2668 5141 Ἕως
2697 5082 2828 5130 πότε
2881 5081 3193 5148 ὲπιμενείτε
3235 5082 3299 5147 τῇ
3331 5081 3634 5148 πεισμονῇ;

2065 5175 2167 5234 ἕως
2207 5174 2333 5223 ποτε
2364 5174 2411 5224 εἰ
2451 5173 2541 5224 καὶ
2578 5170 2650 5238 μὴ
2686 5173 2911 5240 ἀμφοῖν,
2943 5171 3157 5239 θατέρῳ
3187 5169 3318 5236 γοῦν
3343 5171 3633 5238 χωλανείτε

2069 5263 2189 5313 ποδί
2215 5283 2226 5326 ;
2260 5263 2331 5313 διε
2345 5262 2574 5330 γέρθητε
2599 5264 2645 5313 οί
2670 5249 2859 5322 νωθεῖς
2885 5277 2898 5291 ο
2931 5261 2982 5312 oi
3005 5262 3308 5330 χαμερπεῖς
3342 5256 3596 5326 ὑψώθητε
3623 5273 3634 5287 ·

2074 5357 2148 5426 μὴ
2178 5357 2265 5406 τον
2291 5356 2454 5407 κακὸν
2481 5355 2649 5406 ὕπνον
2687 5352 2947 5406 ὑπνοῦσιν
2987 5354 3136 5420 ὑμῖν,
3169 5352 3366 5421 ῥαδίως
3389 5354 3418 5404 ό
3441 5351 3632 5420 ὲχθρδς

2071 5451 2136 5501 τὰ
2191 5451 2288 5516 τῆς
2340 5447 2609 5516 διχονοίας
2661 5444 2958 5514 ἐπισπείρῃ
3011 5443 3262 5505 ζιζάνια·
3306 5442 3526 5510 λυθήτω
3575 5443 3639 5496 τὸ

2076 5541 2387 5608 μεσὸτειχνν
2423 5536 2514 5587 τοῦ
2554 5534 2813 5605 φραγμοῦ
2838 5549 2851 5563 ·
2883 5534 3173 5602 γενώμεθα
3227 5535 3390 5600 σῶμα
3419 5533 3496 5592 ἓν,
3540 5533 3641 5583 ὑπὸ

2072 5636 2136 5699 τῇ
2167 5631 2301 5698 αὐτῇ
2335 5631 2541 5698 κεφαλῇ
2571 5645 2582 5658 ·
2617 5630 2731 5679 ἔστι
2778 5629 2832 5680 δὲ
2867 5627 3083 5695 κεφαλὴ
3119 5628 3280 5688 αὐτὸς
3315 5630 3341 5679 ὁ
3379 5627 3637 5693 Χριστὸς,

2073 5719 2223 5791 ᾧτινι
2256 5724 2326 5782 ὡς
2359 5722 2662 5790 διδασκάλῳ
2694 5721 2784 5770 καὶ
2817 5721 2912 5787 τῆς
2942 5721 3089 5788 ζωῆς
3125 5719 3370 5789 χορηγῷ,
3402 5719 3640 5778 εὐσεϐῶς

2077 5819 2171 5883 καὶ
2209 5814 2422 5883 καθαρᾷ
2452 5817 2516 5882 τῇ
2547 5813 2855 5883 συνειδήσει
2885 5812 3162 5880 ἑπόμενῑιι,
3201 5809 3523 5878 γνι·›σό;.ι;θα
3558 5810 3640 5859 τὸν
