4010 6064
445 214 500 268 11
997 211 1054 268 S.
1086 210 1388 267 ANSELMI
1428 208 1780 264 CANTUAR.
1814 207 2128 263 ARCHIEP.
2165 208 2313 264 OPP.
2347 208 2518 265 PARS
2551 210 2642 265 III.
2676 240 2744 252 -—
2773 208 3148 268 EPISTOLE.
3669 219 3734 273 12

377 369 382 378 ς
446 335 624 392 dicam
645 337 1288 392 Deol'erumtamennon
1305 337 1454 392 sicut
1474 351 1570 406 ego
1584 335 1864 400 volvo,scd
1884 335 2032 390 sicut
2066 336 2113 398 A
2145 333 2538 406 archiepiscOpi
2578 339 2864 406 ANSELMO,
2895 357 3024 396 suus
3055 343 3203 413 quod
3251 361 3471 417 semper
3517 355 3651 413 erat,
3684 357 3736 404 et

450 429 511 481 tu
543 427 639 481 vis.
665 427 798 480 Cum
829 425 973 480 enim
1004 441 1072 480 ex
1106 434 1330 497 utraque
1361 434 1520 494 parte
1566 424 1741 479 Deum
1775 423 1991 477 timeam
2017 443 2032 488 ;

445 529 547 569 nec
575 512 777 584 aliquid
808 514 914 567 nisi
947 513 1140 579 Deum,
1175 522 1226 568 et
1274 513 1522 568 homines
1570 520 1792 583 propter
1835 511 2031 578 Deum,

445 603 694 673 utrinque
723 618 762 672 ι,
795 602 1042 674 diligam,
1075 603 1211 656 nihil
1241 603 1368 656 mihi
1403 611 1531 671 puto
1561 601 1724 654 tutius
1753 600 1806 654 in
1838 616 1896 655 re
1927 609 2034 653 tam

446 691 747 760 periculosa
763 707 920 762 quam
941 701 1013 751 ut.
1036 707 1211 745 meum
1235 707 1456 745 sensum
1475 698 1525 744 et
1545 690 1874 744 voluntatem
1893 697 2038 756 post-

447 795 678 851 ponens,
702 795 792 835 me
805 779 980 834 sensui
999 789 1052 834 et
1075 781 1330 834 voluntati
1348 768 1445 833 Dei
1462 779 1672 849 penitus
1683 779 2034 833 committam.

520 870 589 923 Et
616 870 864 940 quamvis
893 869 950 922 in
984 871 1084 924 hac
1114 885 1169 923 re
1198 869 1328 922 mihi
1377 868 1542 922 nimis
1585 869 1655 922 sit
1695 883 1860 939 grave
1908 866 2040 920 dare

451 965 503 1013 et
533 957 689 1013 vobis
719 957 965 1028 accipere
993 955 1012 983 ’
1043 957 1332 1012 consilium
1364 956 1507 1029 quod
1524 964 1712 1011 contra
1735 971 1914 1010 meum
1932 948 1972 977 ¹⁰
1987 961 2041 1010 et

449 1051 689 1102 vestrum
721 1044 976 1101 aﬂectum
1007 1045 1092 1112 sit,
1124 1054 1304 1100 tamen
1337 1046 1463 1115 quia
1492 1060 1596 1117 ego
1627 1052 1679 1099 et
1718 1059 1815 1098 vos
1861 1042 2039 1115 magis

448 1152 636 1191 sumus
668 1134 764 1190 Dei
797 1151 956 1205 quam
987 1150 1090 1206 ego
1121 1142 1318 1201 vester,
1335 1142 1427 1189 aut
1455 1149 1552 1189 vos
1583 1133 1686 1189 mei
1711 1151 1724 1188 :
1747 1135 1862 1188 sive
1883 1135 2036 1188 enim

447 1226 690 1281 vivimus
707 1224 818 1279 sive
839 1225 1136 1291 morimur,
1165 1225 1389 1279 Domini
1418 1239 1613 1278 sumus
1629 1223 1806 1292 (Rom.
1827 1238 1933 1284 xiv,
1959 1224 2036 1292 8),

446 1329 554 1368 non
587 1312 760 1367 audeo
791 1313 846 1365 in
877 1327 1040 1366 causa
1073 1312 1189 1377 Dei,
1223 1321 1275 1366 et
1304 1313 1357 1366 in
1388 1320 1537 1366 tanta
1567 1312 1887 1366 necessitate
1905 1310 2036 1364 mihi

447 1401 753 1456 commissis
781 1401 847 1455 ad
877 1400 1286 1467 consulendum,
1318 1400 1580 1471 quidquid
1615 1400 1863 1455 homines
1909 1417 2033 1454 sus-

443 1490 707 1562 picentur,
751 1505 928 1544 meum
967 1505 1154 1546 coram
1199 1490 1314 1544 Deo
1357 1490 1672 1544 subtrahere
1719 1489 2029 1544 consilium.

442 1579 680 1635 Consule
710 1579 877 1650 igitur
891 1579 1259 1632 dilectissimis
1288 1577 1640 1634 dilectoribus
1658 1579 1791 1632 meis
1811 1587 1867 1631 ut
1887 1578 2029 1631 nulla

2145 439 2358 493 semper
2385 440 2502 478 esse
2533 425 2796 481 desiderat
2826 445 3032 497 servus,
3066 441 3118 487 et
3147 432 3308 501 filius,
3333 433 3496 490 frater
3525 436 3736 490 Ossan-

2146 526 2253 565 NUS
2276 531 2291 577 ;
2323 512 2398 566 ita
2429 514 2585 567 rectis
2613 516 2858 572 consiliis
2888 519 2998 588 agi,
3034 528 3090 574 ut
3137 522 3306 576 Deum
3337 533 3481 578 recta
3509 524 3734 580 consilia

2145 600 2364 656 dantem
2399 602 2574 656 valeat
2606 606 2918 672 promereri.

2218 689 2349 742 Cum
2382 697 2452 757 te,
2486 692 2804 748 charissima
2835 695 3072 763 domine,
3104 696 3158 752 in
3189 698 3334 754 omni
3368 699 3606 756 veritatis
3636 717 3735 757 co-

2145 777 2388 848 gnitione
2449 779 2867 836 scientissimum
2934 800 3056 840 esse
3099 787 3289 852 sciam,
3337 790 3536 843 mirum
3581 791 3736 846 valde

2147 865 2292 936 quod
2322 865 2377 919 in
2410 867 2510 922 hac
2541 868 2657 923 sola
2688 885 2744 924 re
2773 871 2851 926 sic
2883 875 3197 930 omnimoda
3229 877 3347 930 veri
3365 879 3736 949 cognoscendi

2146 953 2374 1008 scientia
2404 955 2692 1027 aufugerit,
2728 965 2788 1012 ut
2819 961 2962 1029 quod
2994 963 3106 1017 Deo
3138 963 3390 1033 placitum
3432 967 3501 1018 sit
3547 966 3599 1020 in
3649 982 3734 1034 eo,

2147 1043 2291 1112 quod
2322 1046 2630 1099 communis
2659 1047 2726 1100 de
2758 1055 2808 1102 te
2837 1059 3036 1106 sancta:
3053 1053 3297 1107 ecclesia
3312 1055 3575 1109 sententia
3597 1055 3733 1126 tulit,

2145 1132 2396 1202 ignorare
2426 1133 2620 1203 possis.
2655 1137 2765 1190 Aut
2794 1136 2836 1190 si
2868 1139 3083 1192 animus
3114 1148 3230 1194 tuus
3261 1140 3314 1195 in
3344 1142 3483 1198 hanc
3510 1144 3732 1213 potissi-

2143 1235 2296 1274 mum
2320 1222 2637 1277 sententiam
2659 1226 2860 1297 vergit,
2884 1235 2939 1281 ut
2960 1227 3105 1298 quod
3127 1229 3400 1298 generalis
3422 1230 3630 1300 electio,
3645 1233 3732 1288 vel

2142 1310 2408 1375 omnium,
2454 1310 2538 1365 vel
2586 1320 2730 1368 certe
2779 1330 2938 1384 quam
2983 1315 3151 1371 multo
3195 1317 3428 1374 maxime
3477 1319 3730 1390 plurium,

2141 1405 2192 1452 et
2240 1413 2420 1452 eorum
2471 1401 3012 1469 sapientissimorum,
3066 1405 3177 1460 Deo
3236 1407 3451 1476 placere
3511 1409 3729 1476 clamat,

2141 1486 2287 1540 solus
2303 1493 2357 1540 tu
2374 1487 2657 1557 displicere
2673 1492 2988 1558 contendas,
3013 1494 3326 1554 verendum.
3343 1495 3732 1564 pretiosissima

2138 1575 2374 1640 domine,
2409 1592 2476 1630 ne
2509 1593 2618 1646 prae
2647 1579 2897 1633 omnibus
2927 1581 3235 1636 hominibus
3265 1583 3456 1638 melior
3475 1585 3729 1640 sanctior-

441 1686 533 1724 res
565 1668 722 1724 faciat
763 1683 860 1722 vos
909 1667 1250 1737 pertinaciter
1293 1667 1621 1721 ordinationi
1648 1667 1740 1720 Dei
1785 1666 2025 1730 obviare,
2057 1689 2111 1748 Β
2143 1679 2246 1733 que
2281 1664 2448 1718 videri
2481 1666 2618 1720 velle
2661 1668 2918 1734 videaris,
2951 1669 3075 1723 dum
3128 1671 3268 1739 quod
3309 1671 3385 1726 illi
3425 1674 3729 1729 rectissime

439 1758 570 1830 quia
587 1758 746 1829 quasi
756 1772 921 1827 pecca
933 1761 1050 1811 tum
1070 1755 1392 1810 hariolandi
1404 1754 1669 1820 est,nolle
1681 1757 2029 1825 acquiescere

437 1847 632 1917 (Ilieg.
657 1861 747 1908 xv,
767 1845 886 1914 23);
919 1852 974 1898 et
997 1862 1010 1897 :
1032 1846 1246 1899 Durum
1269 1845 1443 1898 nimis
1461 1849 1566 1906 est,
1586 1849 1787 1900 contra
1812 1845 1909 1898 Dei
1930 1845 2031 1898 sti-

437 1936 659 1989 mulum
682 1935 990 1989 calcitrare
1011 1934 1152 2000 (Act.
1189 1949 1261 1997 Ix,
1296 1934 1369 2000 5).
1404 1932 1485 1987 Ad
1516 1934 1618 1986 hoc
1649 1933 1791 1986 enim
1823 1948 1910 1986 res
1929 1932 2029 1985 ista

434 2022 860 2077 indubitabiliter
887 2021 1093 2092 judicio
1125 2022 1221 2075 Dei
1268 2020 1603 2090 perducitur,
1639 2026 1696 2074 ut
1718 2036 1942 2074 necesse
1961 2020 2028 2073 sit

433 2128 540 2179 me,
575 2111 619 2164 si
650 2110 779 2182 quid
812 2111 936 2164 boni
969 2111 1113 2164 Deus
1166 2109 1416 2180 dignatur
1446 2105 1483 2136 “
1517 2125 1612 2180 per
1653 2126 1738 2163 me
1786 2109 2023 2178 operari,

431 2199 639 2254 servire
669 2207 722 2253 et
749 2198 1005 2267 prodesse
1049 2198 1226 2263 vobis,
1259 2206 1312 2252 et
1354 2197 1537 2251 multis
1581 2198 1730 2262 aliis;
1763 2205 1856 2250 aut
1902 2212 2023 2250 om-

431 2288 560 2343 nino
592 2303 694 2343 nec
722 2287 874 2354 mihi,
908 2303 1007 2342 nec
1033 2286 1206 2352 vobis,
1241 2303 1341 2341 nec
1387 2287 1547 2355 aliis;
1581 2302 1689 2342 non
1737 2285 2024 2341 deficiente

432 2377 720 2441 voluntate,
754 2375 850 2430 sed
882 2382 1166 2446 potestate.

501 2465 656 2534 Quod
689 2465 734 2518 si
765 2465 835 2519 ob
857 2473 1088 2519 vestram
1114 2463 1462 2534 pertinaciam
1483 2464 1788 2535 contigerit,
1815 2463 2023 2519 facietis

424 2562 756 2610 senectutem
786 2568 960 2606 meam
993 2553 1045 2605 in
1078 2551 1456 2606 inconsolabili
1489 2553 1697 2606 tristitia
1752 2551 1951 2607 deduci
1971 2559 2024 2606 et

425 2645 590 2711 863
626 2640 880 2706 deiicere,
913 2649 1140 2711 propter
1168 2656 1367 2712 magna
1415 2648 1468 2694 et
1511 2641 1829 2695 multimoda
1877 2641 2022 2695 mala

427 2748 554 2804 quae
591 2730 717 2785 inde
732 2739 1050 2799 sequentur,
1070 2736 1122 2783 et
1152 2729 1279 2782 mihi
1302 2737 1353 2783 el
1372 2729 1682 2796 vobisjuste
1700 2729 2022 2782 videbuntur

421 2819 693 2891 imputari,
728 2819 886 2872 etiam
918 2819 985 2871 ab
1017 2817 1083 2871 iis
1113 2818 1202 2888 qui
1235 2817 1398 2871 modo
1429 2833 1492 2872 ea
1540 2833 1646 2871 non
1698 2817 2014 2888 praevident.

423 2909 480 2963 Si
510 2909 652 2963 enim
686 2907 894 2961 sciretis
925 2906 1042 2976 ipsa
1073 2907 1186 2961 sola
1236 2905 1420 2959 dilatio
1469 2914 1665 2976 quanta
1713 2905 1856 2959 mala
1899 2905 2012 2974 jam

421 2997 548 3052 fecit
577 2996 892 3067 corporibus
923 3003 973 3050 et
1011 2994 1314 3060 animabus,
1349 3002 1400 3048 et
1443 3010 1609 3065 quam
1662 2995 2016 3050 exsecrabilis

418 3085 515 3140 illa
541 3085 627 3150 sit,
661 3092 714 3139 et
745 3085 826 3137 illi-
849 3084 1051 3153 pariter
1080 3099 1176 3153 per
1205 3099 1344 3154 quos
1374 3081 1446 3151 lit,
1475 3083 1786 3138 melioribus
1817 3091 2011 3152 etpru-

417 3173 772 3240 dentioribns,
807 3173 909 3242 ipsi
941 3187 1153 3242 quoque
1197 3172 1398 3242 pepulo
1445 3171 1674 3243 Angliae,
1708 3181 1838 3241 puto
1886 3171 2012 3241 quia

418 3271 471 3318 et
502 3278 597 3318 vos
627 3263 693 3332 (si
742 3261 1023 3314 inhumani
1072 3276 1179 3314 non
1224 3261 1372 3329 estis)
1403 3261 1648 3314 eamdem
1697 3261 2012 3315 dilationem

419 3349 844 3406 exsecraremini
881 3347 938 3402 υ.
973 3349 1168 3403 Mirum
1202 3349 1428 3403 forsitan
1463 3349 1617 3404 vobis
1635 3349 1846 3404 videtur
1868 3350 2012 3419 quod

415 3443 535 3496 dico
563 3457 579 3504 ;
610 3447 660 3495 et
689 3439 841 3493 multi
872 3439 961 3509 qui
994 3454 1080 3492 me
1111 3439 1254 3491 intus
1287 3454 1392 3491 non
1424 3437 1609 3492 vident
1637 3446 1689 3491 et
1711 3439 2014 3507 praecipites

419 3538 543 3583 sunt
587 3528 794 3582 alienas
836 3525 1211 3588 conscientias,
1248 3542 1381 3596 quas
1420 3525 1690 3595 ignorant,
1721 3527 2010 3596 judicare;

420 3618 488 3671 de
518 3633 605 3670 me
635 3631 951 3687 perversum
984 3614 1188 3685 aliquid
1226 3613 1561 3682 judicabunt,
1595 3615 1722 3684 quia
1753 3618 1829 3668 sic
1858 3616 2014 3670 vobis

417 3706 487 3760 de
517 3707 617 3760 hac
648 3721 703 3759 re
735 3705 949 3774 loquor.
983 3702 1092 3757 Sed
1125 3718 1310 3758 coram
1341 3703 1456 3757 Deo
1487 3701 1685 3773 loquor
1713 3704 1801 3758 cui
1829 3706 2014 3760 revelo

416 3795 565 3847 viam
597 3808 798 3858 meam,
832 3799 885 3846 et
914 3806 1076 3862 spero
1108 3790 1160 3843 in
1210 3806 1299 3854 eo,
1335 3798 1388 3844 ut
1435 3792 1552 3861 ipse
1607 3791 1774 3847 faciat
1821 3794 2003 3862 (Psal.

417 3900 604 3948 xxxvr,
639 3882 694 3952 ὅ)
724 3882 846 3952 quia
878 3896 985 3934 non
1011 3895 1098 3934 u.e
1129 3888 1349 3934 accusat
1377 3895 1557 3934 coram
1591 3896 1654 3935 eo
1684 3882 2014 3937 conscientia

421 3988 540 4026 mea
573 3970 716 4040 quod
750 3986 835 4024 me
864 3969 1303 4038 concupiscentia
1334 3976 1662 4024 terrenarum
1682 3970 2010 4037 divitiarum,

421 4069 514 4115 aut
544 4058 900 4124 celsitudinis,
935 4059 1001 4111 ad
1035 4058 1149 4112 haec
1180 4057 1318 4111 dicta
1351 4058 1548 4112 trahat.

494 4150 547 4204 Si
581 4147 700 4218 quis
729 4146 989 4216 deinceps
1019 4145 1171 4200 aliter
1199 4147 1268 4200 de
1299 4162 1386 4200 me
1435 4146 1676 4213 senserit,
1713 4155 1836 4216 pulo
1886 4147 2013 4217 quia

420 4237 679 4293 adversus
710 4237 993 4290 veritatem
1026 4235 1147 4296 erit,
1180 4244 1229 4288 et
1262 4235 1407 4288 Deus
1438 4235 1566 4287 mihi
1591 4235 1738 4289 testis
1753 4235 2012 4290 adversus

421 4326 574 4379 illum
625 4327 748 4379 erit.
802 4324 1016 4389 Valete;
1070 4331 1123 4377 et
1172 4323 1451 4388 Dominus,
1497 4323 1586 4394 qui
1617 4324 1800 4395 dirigit
1848 4339 2008 4377 man-

2043 3041 2092 3105 C

2141 1752 2468 1823 intelligunt,
2501 1754 2701 1809 rectius
2734 1757 2889 1828 quasi
2920 1773 2952 1812 tt
2983 1765 3032 1813 te
3062 1760 3400 1814 intellectum
3432 1761 3729 1817 defendere

2137 1855 2372 1896 CODel‘lS.

2210 1931 2277 1984 Ut
2305 1931 2445 1984 enim
2490 1930 2542 1985 in
2587 1931 2792 1988 offenso
2839 1933 3164 1991 dulcissimo
3215 1937 3354 1992 mihi
3403 1953 3591 1994 amore
3638 1947 3729 1996 tuo

2135 2017 2350 2088 loquar,
2382 2026 2473 2073 aut
2520 2021 2744 2087 cunctis,
2779 2023 2924 2091 quod
2968 2039 3073 2078 non
3120 2026 3415 2092 credimus,
3449 2029 3728 2084 meliorem

2135 2113 2186 2160 te
2232 2105 2508 2173 fateberis,
2561 2109 2763 2179 quippe
2807 2110 2894 2164 cui
2960 2111 3058 2165 soli
3108 2114 3405 2168 revelatum
3455 2124 3537 2170 est
3584 2115 3729 2188 quod

2133 2194 2402 2250 universm
2433 2196 2733 2266 Anglorum
2767 2199 3025 2255 Ecclesia:
3073 2200 3151 2255 fas
3182 2217 3288 2256 non
3320 2211 3433 2257 erat
3459 2203 3725 2270 revelari;

2133 2291 2222 2336 ant
2253 2281 2417 2338 facias
2467 2300 2692 2340 necesse
2740 2295 2819 2341 est
2868 2288 3010 2358 quod
3060 2290 3378 2345 universalis
3420 2291 3725 2362 Anglorum

2130 2371 2380 2426 Ecclesia
2426 2368 2465 2398 “
2512 2375 2722 2441 suadet,
2774 2376 2878 2431 hoc
2926 2385 3022 2442 est,
3075 2386 3132 2432 ut
3176 2377 3502 2448 pontiﬁcalis
3544 2380 3726 2436 infulas

2127 2460 2492 2531 principatum
2544 2462 2684 2518 inter
2729 2464 2920 2520 beatos
2962 2467 3237 2536 apostolos
3299 2469 3573 2540 suscipere
3616 2485 3724 2525 non

2132 2566 2350 2604 renuas.

2201 2639 2309 2693 Sed
2344 2639 2479 2694 forte
2510 2650 2789 2710 exspectas
2822 2643 2994 2698 Deum
3026 2644 3342 2711 majoribus,
3364 2646 3509 2718 quod
3535 2647 3721 2717 coepit,

2126 2726 2338 2781 indiciis
2384 2729 2734 2799 probaturum
2770 2749 2784 2784 :
2827 2747 2934 2786 non
2981 2733 3153 2788 ausim
3202 2733 3404 2800 dicere,
3436 2744 3723 2807 propterea

2125 2816 2271 2886 quod
2321 2824 2371 2870 te
2415 2818 2873 2886 sapientissimum
2929 2821 3078 2883 scio;
3129 2821 3227 2876 sed
3275 2822 3440 2877 timeo
3488 2840 3556 2878 ne
3595 2825 3721 2879 talia

2125 2905 2390 2974 quaerenti
2442 2921 2513 2960 ex
2562 2907 2784 2977 obliquo
2832 2909 3256 2978 respondeatur:
3305 2911 3426 2966 Non
3473 2913 3719 2968 tentabis

2123 2993 2430 3048 Dominum
2458 2995 2637 3049 Deum
2663 3001 2826 3050 tuum
2849 2998 3074 3064 (Matth.
3094 3015 3169 3067 tv,
3192 2999 3267 3069 Τ).
3305 2999 3451 3067 Quid
3482 3017 3718 3073 namque

2121 3082 2389 3153 insignius
2418 3083 2485 3137 ad
2527 3092 2576 3137 te
2625 3083 2935 3156 eligendum
2995 3088 3302 3142 ostenderet
3347 3089 3716 3162 Deus,quam,

2122 3179 2179 3224 ut
2210 3180 2262 3224 tu
2295 3173 2712 3242 promovereris,
2746 3190 2930 3243 regem
2964 3175 3246 3246 triumphis
3278 3177 3532 3244 nobilem,
3555 3195 3715 3235 seve-

2121 3259 2278 3313 ritate
2325 3259 2530 3314 cunctis
2581 3260 3000 3330 formidabilem,
3051 3263 3189 3318 lecto
3249 3264 3594 3333 decubuisse,
3645 3267 3715 3322 ad

2125 3359 2348 3402 mortem
2369 3366 2537 3418 usque
2555 3352 2910 3420 aegretavisse
2936 3367 2948 3420 ;
2971 3360 3022 3407 te
3041 3361 3214 3406 autem
3238 3363 3516 3421 provecto,
3538 3355 3714 3409 statim

2123 3437 2372 3491 eumdem
2403 3438 2783 3508 respiravisse,
2817 3440 3178 3502 convaluisse,
3212 3450 3375 3510 atque
3407 3459 3474 3496 ex
3519 3443 3633 3497 fero
3663 3452 3716 3498 et

2121 3525 2339 3580 immani
2407 3527 2746 3582 mitissimum
2813 3528 3013 3598 pariter
3086 3545 3148 3584 ac
3225 3531 3711 3585 mansuetissimum

2123 3616 2391 3669 redditum
2423 3615 2586 3670 fuisse
2603 3616 2631 3668 ‘I
2653 3616 2811 3684 Quid,
2836 3618 3076 3688 inquam,
3102 3616 3456 3672 auteﬂectum
3482 3618 3713 3684 dulcius,

2124 3711 2213 3756 aut
2234 3705 2300 3756 ad
2326 3703 2688 3758 innocentiam
2710 3707 3072 3774 praestantius,
3092 3722 3257 3777 quam
3288 3713 3340 3762 te
3361 3715 3484 3762 ante
3521 3706 3717 3762 lectum

2123 3792 2439 3860 aegrotantis
2477 3791 2748 3846 violenter
2793 3801 3116 3861 perlractum
3149 3813 3163 3860 ;
3197 3795 3440 3848 dextram
3488 3794 3716 3849 aliorum

2123 3879 2328 3933 dextris
2358 3879 2702 3948 impudenter
2733 3879 2799 3932 de
2838 3881 2959 3934 sinu
3003 3889 3299 3935 extractam
3349 3881 3620 3934 sinistram
3653 3878 3712 3950 ¹⁶,

2123 3983 2191 4021 ne
2221 3982 2463 4021 sororem
2480 3966 2713 4036 juvaret,
2735 3968 2946 4021 tortiter
2966 3975 3225 4021 retentam
3246 3969 3482 4036 virgam,
3505 3971 3714 4024 caeteris

2121 4055 2361 4126 digitulis
2407 4055 2750 4125 pertinaciter
2806 4055 3055 4114 occlusis.
3108 4054 3290 4124 pollici
3337 4064 3498 4127 atque
3546 4058 3714 4114 indici

2121 4143 2414 4198 crudeliter
2443 4144 2754 4213 impactum,
2788 4152 2906 4214 post
2937 4144 3052 4198 haec
3082 4151 3193 4198 toto
3222 4159 3448 4214 corpore
3497 4161 3527 4201 e
3570 4154 3712 4203 terra

2123 4240 2172 4286 te
2229 4232 2513 4295 elevatum,
2548 4232 2948 4302 episcOpalibus
3005 4232 3235 4288 brachiis
3291 4234 3357 4288 ad
3423 4234 3710 4290 ecclesiam

2121 4321 2480 4387 deportatum,
2515 4320 2719 4390 ibique,
2752 4320 2929 4375 adhuc
2959 4324 3014 4375 te
3047 4321 3396 4389 reclamante,
3430 4330 3483 4376 et
3512 4323 3712 4393 impor-

421 4422 606 4469 suetos
635 4413 688 4467 in
715 4412 939 4482 judicio,
971 4419 1025 4466 et
1071 4413 1226 4467 docet
1274 4427 1380 4465 non
1431 4411 1638 4481 rigidos
1667 4408 1725 4478 ",
1758 4413 1855 4467 sed
1899 4413 2006 4466 mi-
2035 4395 2086 4454 D
2122 4410 2260 4464 tunis
2293 4408 2460 4462 nimis
2490 4408 2799 4475 obsistente,
2827 4411 2892 4464 Te
2911 4410 3086 4465 Deum
3123 4409 3420 4466 laudamus
3438 4427 3557 4467 esse
3573 4428 3710 4469 can-

421 4513 525 4567 tes,
573 4503 688 4558 vias
733 4519 854 4556 suas
898 4503 1074 4571 (Psai.
1125 4517 1274 4568 xxxv,
1306 4501 1384 4570 9),
1430 4501 1629 4572 dirigat
1672 4517 1864 4556 sensus
1912 4518 2007 4556 ve-

422 4602 562 4648 stros
594 4601 647 4647 et
676 4591 976 4648 voluntates
1007 4590 1059 4643 in
1091 4588 1255 4658 hujus
1281 4589 1480 4659 negotii
1506 4589 1730 4657 judicio.

984 4694 1330 4750 EPISTOLA
1376 4695 1440 4748 ll.

875 4798 1107 4840 OSBERNI
1139 4797 1210 4836 AD
1241 4797 1554 4838 ANSELMUM.

459 4881 525 4937 Ei
546 4876 796 4934 consulit
829 4874 1128 4930 humiliter
1155 4871 1340 4926 subire
1371 4888 1512 4926 onus
1546 4871 1973 4927 Caniuariensis

992 4944 1417 5014 archiepiscopi.
1430 4983 1441 4996 .

492 5039 726 5094 Domino
756 5033 1112 5097 sanctissimo,
1147 5030 1460 5086 charissimo
1503 5029 1676 5086 electo
1706 5031 2008 5102 Anglorum

2117 4505 2285 4551 talum
2306 4499 2334 4550 ‘i

2190 4584 2351 4653 Quid,
2385 4586 2626 4656 inquam,
2659 4585 2744 4639 vel
2774 4583 2841 4639 ad
2871 4583 3088 4640 divinas
3126 4585 3317 4640 laudes
3347 4586 3707 4657 magniﬁcen-

2118 4674 2242 4739 tius,
2290 4673 2376 4727 vel
2424 4673 2492 4728 ad
2543 4674 2777 4728 humana
2818 4675 3127 4744 spectacula
3167 4675 3513 4744 gaudentius,
3548 4693 3708 4747 quam

2120 4764 2265 4837 quod
2297 4764 2353 4815 in
2398 4772 2485 4816 tua
2525 4762 2806 4827 electione,
2841 4761 3074 4816 exclusis
3121 4763 3372 4818 omnibus
3422 4772 3706 4820 transacta:

2119 4851 2452 4922 tempestatis
2499 4849 2894 4919 afflictionibus,
2946 4851 3126 4904 omnia
3176 4850 3242 4905 ad
3310 4852 3513 4922 proprii
3567 4854 3706 4922 juris

2119 4942 2520 5013 possessionem
2554 4939 2718 4993 veluti
2742 4938 2953 5007 jubileo
2996 4940 3228 4994 termino
3271 4951 3610 4995 cucurrerunt
3643 4937 3704 5010 “,

2119 5033 2242 5086 dum
2274 5029 2439 5086 vincti
2469 5029 2537 5084 ad
2569 5027 2988 5097 expeditionem,
3019 5028 3278 5084 carcerati
3306 5028 3374 5082 ad
3403 5028 3598 5096 lucem,
3621 5046 3708 5085 ca-

1722 5181 1950 5236 VARIAE
1990 5180 2403 5237 LECTlONES.

488 5311 805 5374 nUtrumquc
833 5321 940 5359 ms.
973 5303 1245 5374 utrinque.
1293 5303 1384 5358 OEt
1413 5301 1654 5372 accipere
1683 5321 1789 5359 ms.
1823 5312 1875 5359 et
1904 5304 2061 5360 vobis
2090 5306 2359 5372 accipere.
2411 5302 2608 5359 1°Circa
2639 5319 2815 5358 meum
2846 5308 3180 5374 mchontra
3204 5315 3429 5374 meum.
3464 5299 3708 5373 nDigna-

415 5388 499 5434 tur
527 5396 632 5433 ms.
669 5371 810 5457 Deus
849 5371 1551 5457 dignatur.E’Exccrarni’ni
1592 5392 1697 5430 ms.
1732 5378 2150 5432 execraremini.
2188 5371 2450 5447 "Rigidas
2498 5393 2600 5430 ms.
2632 5376 2860 5457 rigidos.
2893 5371 3270 5426 “Universalis
3313 5373 3555 5457 Ecclesia
3585 5371 3702 5457 'zns.

412 5448 734 5505 universalis
782 5442 1074 5519 Anglorum
1132 5448 1396 5519 Ecclesia.
1437 5445 1802 5513 “Extractam,
1837 5451 2048 5519 virgam
2097 5464 2202 5502 ms.
2236 5442 2529 5502 ex’tractam
2557 5465 2570 5508 ;
2602 5442 2888 5510 sinistram,
2921 5458 2991 5497 ne
3032 5457 3278 5499 sororem
3319 5445 3554 5512 juvaret,
3587 5442 3703 5498 for-

411 5523 534 5577 titer
561 5529 861 5588 retentam;
897 5517 1122 5588 virgam.
1186 5517 1626 5574 "Concurrerunt
1653 5535 1758 5574 ms.
1793 5517 2166 5576 cucurrerunt.
