4010 6064
281 211 358 265 13

1624 209 1754 265 LIB.
1797 211 1892 278 III,
1936 210 2152 268 EPIST.
2195 213 2269 267 II.
3525 218 3593 274 14

283 336 426 405 ptivi
472 335 544 390 ad
588 334 916 399 libertatem,
957 333 1198 402 oppressi
1243 333 1526 388 dirissimis
1575 342 1886 390 exactorum
1919 338 1972 398 Α
2003 337 2100 407 ipsi
2132 336 2610 410 ﬂagitiosissimum
2635 340 2989 411 corruptionis
3046 341 3320 413 negotium
3352 343 3595 397 meditati

284 425 568 479 furoribus
601 424 861 478 redierint
892 423 961 478 ad
990 423 1346 477 erectionem.

361 514 566 568 Omnia
597 512 714 567 haec
747 521 798 567 te
829 513 1148 580 loquuntur,
1167 512 1260 564 tibi
1284 510 1635 576 famulantur,
1657 513 1763 568 tuis
1785 530 1896 568 me-

289 602 413 656 ritis
439 598 807 658 asc'ribuntur.
832 599 987 668 Quod
1004 599 1048 653 si
1068 616 1258 654 omnes
1273 601 1386 655 hinc
1404 601 1600 655 divina:
1619 601 1897 656 blanditia;

292 693 362 746 ad
397 690 845 746 consentiendum
863 698 912 744 te
931 705 1038 742 non
1057 689 1434 753 excitaverint,
1461 689 1702 759 profecto
1723 707 1896 744 nove-

291 783 377 834 ris
399 779 650 834 districta
673 778 1148 833 animadversione
1165 778 1528 848 aequissimum
1545 778 1786 848 judicem
1807 786 1891 832 te-

291 885 418 922 cum
449 877 714 932 acturum,
750 868 1033 935 taliterque
1067 866 1223 919 indie
1245 866 1467 920 extremi
1489 865 1679 934 judicii
1719 864 1760 895 "
1789 865 1891 919 ad-

295 973 508 1012 versum
570 963 620 1008 te
661 955 1064 1026 propositurum
1100 973 1112 1008 :
1147 954 1193 1010 O
1224 954 1391 1008 homo
1449 955 1585 1007 meis
1629 954 1892 1008 uberibus

295 1046 510 1108 nutrite,
546 1044 683 1099 meis
719 1046 1012 1097 virtutibus
1055 1043 1241 1107 ditate,
1285 1047 1420 1096 meis
1467 1043 1732 1097 doctrinis
1762 1043 1890 1096 illu-

287 1135 511 1198 minate,
546 1133 682 1188 meis
715 1133 1013 1187 honoribus
1043 1131 1350 1194 sublimate,
1389 1147 1550 1202 quam
1583 1131 1678 1184 tibi
1715 1131 1890 1185 mole-

287 1222 448 1276 stiam
469 1222 701 1293 ingessi,
724 1229 781 1274 ut
800 1236 884 1275 me
909 1229 1294 1290 praeceptorem
1322 1220 1547 1290 fugeris,
1568 1220 1887 1273 monitorem

285 1311 711 1380 contempseris,
748 1308 1076 1379 imponentis
1109 1308 1210 1361 mei
1238 1308 1430 1378 jugum
1464 1315 1648 1362 erecta
1678 1308 1888 1362 cervice

285 1397 610 1465 abjeceris?
629 1398 830 1451 Nonne
859 1398 1029 1450 satius
1058 1403 1170 1450 erat
1201 1395 1334 1448 nihil
1365 1394 1492 1448 mihi
1525 1395 1592 1449 de
1625 1403 1716 1448 tuo
1745 1411 1886 1448 con-

285 1487 495 1551 tulisse,
530 1500 694 1556 quam
726 1501 847 1554 quae
877 1500 997 1538 mea
1030 1483 1184 1539 fuere
1212 1484 1503 1539 crudeliter
1534 1482 1828 1537 abstulisse
1858 1483 1887 1534 ἱ)

284 1579 480 1629 Annon
513 1575 797 1630 constabat
840 1589 937 1642 per
967 1583 1112 1627 tuam
1173 1572 1562 1644 negligentiam
1621 1571 1881 1636 ablatum,

2003 435 2148 481 sunt.
2190 429 2431 499 Cumque
2463 428 2573 494 illa,
2607 445 2714 482 non
2746 429 3030 485 immemor
3046 448 3205 498 quam
3223 431 3592 503 fueritmagno

2005 516 2286 584 acquisita,
2317 532 2475 586 quam
2504 517 2718 588 legibus
2733 514 3090 585 convincta",
3112 536 3273 589 quam
3301 520 3534 591 denique
3552 517 3592 548 ³⁸

2007 604 2323 658 muneribus
2379 605 2584 669 dotata,
2635 606 2952 661 reluctando
3027 609 3433 676 succlamasset,
3492 607 3591 676 illi,

2005 692 2242 762 abreptis
2285 701 2720 747 ornamentorum
2777 710 2999 748 suorum
3047 695 3308 758 vestibus,
3368 696 3591 762 nudam,

2003 780 2249 833 venalem
2281 789 2332 833 et
2360 780 2678 834 confusione
2709 781 2924 850 plenam
2953 783 3204 837 eamdem
3237 783 3596 854 reliquerunt.

2002 868 2281 922 Exclamat
2313 869 2491 938 itaque
2520 869 2796 938 multiplex
2827 869 3056 924 filiorum
3099 879 3336 936 caterva,
3369 888 3508 939 quos
3538 872 3594 925 in

2004 956 2218 1010 lavacro
2247 958 2495 1012 secunda:
2531 957 2821 1010 nativitatis
2853 958 2953 1023 ipsi
3013 959 3142 1011 mihi
3197 968 3484 1030 genuerat,
3537 965 3594 1013 et.

2000 1043 2141 1097 intra
2163 1046 2430 1115 gremium
2463 1055 2665 1099 sanctae
2700 1045 3012 1099 dilectionis
3042 1047 3277 1101 tenerius
3308 1047 3589 1112 nutrierat,

2000 1143 2257 1187 materne
2286 1135 2511 1203 cupiens
2540 1134 2886 1188 verecundia:
2917 1135 3143 1195 mederi,
3171 1136 3398 1205 ejusque
3428 1135 3592 1188 nudi-

1999 1227 2161 1276 tatem
2219 1237 2463 1291 oppanso
2518 1222 2783 1276 velamine
2843 1222 2997 1276 tueri.
3060 1222 3201 1277 Ecce
3243 1223 3330 1290 qui
3365 1227 3593 1276 matrem

1996 1308 2315 1375 afﬂixerant,
2348 1309 2688 1380 gravioribus
2719 1310 2773 1362 in
2806 1310 2952 1363 ﬁlios
2984 1309 3244 1363 molestiis
3267 1310 3588 1373 desaevmnt,

1996 1399 2123 1452 dum
2190 1400 2330 1452 hunc
2388 1398 2459 1452 ab
2517 1397 2774 1452 uberibus
2816 1405 3025 1467 raptum
3087 1399 3392 1452 miseranda
3443 1398 3592 1452 caede

1994 1485 2324 1556 discerpunt,
2350 1486 2498 1538 illum
2533 1484 2888 1556 ferrugiendo
2910 1485 3138 1539 stridore
3161 1492 3436 1555 premunt,
3452 1486 3591 1539 alter

1993 1591 2139 1630 cwca
2170 1574 2387 1628 latibula
2420 1574 2688 1627 inhabitat
2719 1587 2732 1641 ;
2766 1573 2905 1628 alius
2923 1573 3086 1644 longa
3101 1573 3294 1628 exsilia
3323 1573 3587 1643 deplorat.

283 1663 429 1732 quod
450 1680 547 1734 per
577 1672 717 1716 tuam
752 1661 1234 1733 mihidiligentiam
1265 1669 1468 1714 nonest
1492 1659 1883 1714 allatum?Cur
1917 1686 1964 1747 Β
1997 1661 2260 1733 Quodque
2292 1663 2360 1716 ad
2393 1663 2571 1716 scelus
2594 1662 2910 1731 praecipium
2946 1662 3143 1728 fuerat,
3176 1664 3302 1715 dum
3336 1677 3395 1716 se
3426 1661 3585 1715 adul-

282 1768 396 1807 uon
452 1753 736 1823 cogitabas
764 1749 805 1778 "
842 1748 1053 1803 inﬁnita
1111 1750 1394 1803 hominum
1436 1748 1603 1801 millia
1664 1755 1713 1802 te
1744 1747 1884 1802 occi-

279 1841 446 1905 disse,
481 1839 607 1894 dum
634 1855 923 1910 paucorum
958 1838 1175 1893 volebas
1203 1837 1362 1892 saluti
1381 1836 1706 1892 consulere?
1737 1836 1883 1891 Ecce

279 1929 486 1984 etenim
519 1943 722 1999 sponsa
761 1942 902 1992 mea,
937 1934 1122 1981 sancta
1169 1924 1575 1980 Cantuariensis
1616 1924 1880 1989 Ecclesia,

278 2017 517 2089 apostoli
551 2016 656 2070 mei
694 2016 830 2070 Petri
862 2015 1240 2070 benedictione
1270 2029 1301 2068 a
1330 2013 1601 2084 principio
1635 2011 1880 2067 sanctiﬁ-

279 2116 427 2174 cata,
460 2105 704 2176 piissimo
732 2103 961 2174 piissimi
992 2102 1244 2172 Gregorii
1275 2102 1449 2155 studio
1480 2101 1734 2155 nobiliter
1762 2100 1881 2154 fun-

279 2197 434 2256 data,
475 2194 574 2248 SS.
637 2191 919 2255 Bonifacii,
953 2190 1239 2254 Honorati,
1302 2190 1570 2254 Vitaliani,
1630 2189 1879 2260 Agatho-

281 2284 373 2338 nis
402 2284 463 2350 ",
495 2291 547 2336 et
573 2289 891 2336 caeterorum
915 2279 1340 2334 orthodoxorum
1375 2278 1594 2331 Patrum
1625 2277 1881 2347 singulari

287 2386 509 2441 semper
536 2369 814 2439 privilegio
843 2368 1038 2422 donata
1074 2385 1088 2432 ;
1121 2365 1188 2420 ad
1219 2382 1400 2436 quam,
1434 2366 1579 2419 salva
1625 2366 1881 2420 Romanae

282 2469 342 2514 et
383 2457 696 2528 apostolicae
724 2457 869 2511 sedis
892 2455 1230 2521 auctoritate,
1263 2455 1501 2509 omnium
1526 2454 1663 2508 circa
1689 2456 1882 2524 regio-

277 2563 420 2600 num
480 2546 738 2601 Ecclesiae
785 2545 838 2599 in
898 2545 1010 2598 suis
1078 2542 1525 2613 Oppressionibus
1563 2543 1878 2614 confugere,

275 2645 441 2707 atque
471 2636 540 2688 ab
569 2651 634 2689 ea
682 2633 898 2688 tuenda:
929 2630 968 2659 ²⁰
998 2632 1262 2687 libertatis
1317 2632 1568 2702 praesidia
1625 2639 1880 2701 expetere

275 2724 439 2778 simul
472 2739 538 2778 ac
561 2723 844 2793 suscipere
875 2721 1124 2776 solebant
1153 2739 1168 2786 ;
1201 2735 1329 2776 ecce
1359 2720 1448 2772 illa
1479 2719 1601 2773 talis
1639 2719 1876 2774 omnium

273 2814 595 2884 pet-ipsema
627 2809 835 2875 eﬁ‘ecta,
856 2811 1100 2864 omnium
1116 2808 1613 2880 pertranseuntium
1645 2807 1881 2879 pedibus

271 2901 618 2970 conculcata,
703 2916 811 2954 non
884 2899 1055 2953 solum
1113 2898 1260 2952 nulla
1311 2898 1536 2968 perdita:
1591 2897 1875 2962 libertatis,

264 2993 393 3060 jura
421 2988 463 3018 ἰ
495 2989 702 3046 caeteris
733 2989 1034 3054 restituere,
1069 2987 1165 3042 sed
1187 3003 1284 3042 nec
1321 3004 1418 3040 sua
1443 2985 1611 3040 multo
1629 2996 1876 3055 tempore

267 3080 447 3135 valuit
479 3079 688 3132 illibata
716 3076 1018 3133 custodire.
1058 3076 1322 3130 Homines
1343 3084 1542 3144 autem,
1568 3090 1706 3144 quos
1741 3074 1875 3128 eiad

269 3167 581 3226 custodiam
612 3166 866 3221 castitatis
887 3165 1163 3235 deputavi,
1188 3165 1425 3235 aquibus
1438 3164 1876 3218 servandzeinte-

268 3258 488 3330 gritatis
513 3256 654 3310 illius
672 3254 830 3309 fidem
863 3255 1068 3324 accepi,
1103 3269 1209 3308 non
1225 3253 1386 3307 modo
1413 3252 1514 3323 ipsi
1535 3251 1666 3305 nihil
1685 3250 1872 3305 defen-

270 3347 452 3403 sionis
475 3346 738 3400 adversus
757 3343 898 3398 alios
925 3343 1132 3398 incaesti
1165 3342 1394 3412 cupidos
1451 3355 1733 3411 paravere,
1761 3340 1871 3396 imo

1996 1752 2095 1806 teri
2129 1751 2374 1806 homines
2404 1751 2674 1805 scelerata
2699 1750 2992 1805 calliditate
3020 1751 3336 1804 innocentes
3357 1749 3588 1819 prodere

1993 1841 2210 1905 vellent,
2269 1839 2322 1893 in
2381 1847 2584 1894 tantum
2617 1840 2757 1910 apud
2792 1847 3039 1894 terrenas
3066 1846 3363 1909 potestates
3401 1839 3588 1892 odium

1991 1936 2220 1983 matrem
2246 1943 2368 1984 cum
2401 1928 2555 1996 prole
2607 1927 2967 1992 adduxerunt,
3021 1935 3077 1980 ut
3126 1927 3436 1998 quicunque
3491 1940 3588 1982 eos

1989 2017 2335 2082 interficeret,
2369 2015 2692 2086 obsequium
2722 2031 2782 2069 se
2814 2023 3066 2085 praestare
3082 2017 3194 2070 Deo
3208 2013 3582 2069 arbitraretur.

1991 2105 2244 2160 Ultimum
2278 2120 2407 2159 vero
2437 2111 2489 2159 et
2518 2103 2671 2176 quasi
2703 2103 2943 2173 palmare
2969 2104 3131 2158 totius
3158 2104 3285 2158 mali
3319 2103 3584 2174 ﬂagitium

1990 2193 2212 2259 exstitit,
2246 2195 2396 2261 cujus
2419 2193 2567 2246 radix
2625 2193 2670 2246 si
2701 2192 2754 2245 in
2787 2192 2960 2248 lucem
3009 2192 3138 2247 solis
3196 2193 3352 2260 hujus
3380 2191 3585 2262 perlata

1990 2282 2197 2349 fuisset,
2242 2297 2347 2336 non
2406 2281 2584 2335 solum
2643 2282 2784 2336 hanc
2833 2282 3140 2336 exhorreret
3227 2280 3580 2345 Christianus,

1988 2387 2178 2425 verum
2212 2371 2367 2424 etiam
2390 2370 2566 2424 omnis
2593 2377 2980 2423 exsecraretur
3030 2383 3292 2440 paganus,
3342 2369 3580 2436 Iudaeus,

1989 2468 2151 2530 atque
2184 2458 2501 2513 hmreticus.
2540 2457 2665 2528 Ego
2688 2466 2867 2511 autem
2886 2457 3020 2512 ultra
3051 2473 3160 2511 non
3179 2456 3356 2512 ferens
3381 2464 3582 2510 tantam

1989 2563 2204 2618 sponsa:
2236 2563 2373 2601 meae
2404 2546 2770 2600 calamitatem
2800 2562 2862 2600 ex
2896 2553 3001 2599 tota
3032 2551 3073 2580 "
3104 2545 3376 2600 hominem
3400 2543 3583 2615 pleni-

1989 2635 2174 2690 tudine
2205 2644 2275 2706 te,
2310 2633 2592 2701 Anselme,
2623 2635 2786 2706 elegi,
2820 2645 2984 2703 atque
3014 2635 3083 2688 ad
3135 2633 3417 2688 zelandum
3477 2646 3580 2702 pro

1990 2726 2156 2792 364
2191 2739 2278 2778 me
2309 2723 2535 2778 amicum
2560 2723 2754 2791 sponsi
2775 2721 3334 2784 exhibui,doctrinam
3351 2721 3578 2786 contuli,

1988 2814 2236 2867 virtutem
2272 2811 2494 2883 largitus
2524 2826 2661 2865 sum.
2699 2811 3114 2865 Prsemonstravi
3145 2808 3391 2876 oraculis,
3427 2825 3581 2864 com-

1987 2901 2209 2973 probari
2241 2900 2561 2961 miraculis;
2597 2915 2785 2953 verum
2833 2907 2886 2953 tu
2935 2897 3071 2951 mihi
3101 2897 3380 2968 praetulisti
3434 2897 3579 2951 Nor-

1986 2989 2218 3044 manniae
2240 2989 2514 3054 comitem,
2563 2989 2676 3043 Deo
2705 3003 2965 3051 vermem,
3009 2986 3215 3041 viventi
3272 2986 3581 3054 mortalem,

1989 3079 2255 3133 latitudini
2290 3079 2623 3150 Angelorum
2656 3084 2900 3148 augustae
2932 3075 3236 3129 solitudinis
3265 3075 3589 3128 nidum.Ex-

1987 3169 2152 3224 cessit
2183 3183 2252 3221 ne
2284 3168 2464 3221 animo
2499 3168 2705 3221 Petrum
2739 3164 3044 3234 apostolum
3077 3163 3372 3219 Antiochia:
3404 3163 3584 3218 intro-

1980 3253 2216 3307 nisatum
2252 3267 2352 3307 nec
2382 3260 2561 3305 tamen
2582 3250 2824 3304 ullorum
2857 3248 3582 3320 singultibus,neRomanos

1988 3337 2332 3408 eXperiretur
2387 3337 2466 3405 (1)
2498 3335 2729 3400 furores,
2762 3332 3119 3402 prmpeditum
3145 3333 3173 3386 ‘2
3204 3332 3310 3386 Cur
3362 3338 3416 3385 te
3444 3329 3583 3400 fugit

1579 3454 1806 3509 VARI/E
1845 3451 2143 3508 LECTION
2150 3450 2233 3506 ES
2247 3490 2260 3502 .

332 3554 482 3612 1"'Die
506 3555 694 3624 judicii
726 3573 828 3610 ms.
852 3555 939 3610 die
969 3553 1202 3609 extremi
1256 3551 1467 3624 judicii.
1516 3551 1983 3624 "Cogitabasims.
2018 3548 2313 3624 cogitabis.
2375 3543 2516 3624 1’SS.
2577 3542 2750 3624 Boniti
2811 3544 3039 3623 Honora
3080 3539 3389 3624 Agathpnnis
3439 3557 3567 3624 συιδ..

266 3629 379 3684 SS.
446 3623 728 3690 Benifacii,
789 3625 1093 3692 Houorarii,
1154 3623 1424 3688 Vitaliani,
1457 3623 1782 3694 Agathonis.

1857 3611 2171 3677 "Tenendae
2217 3636 2320 3674 ms.
2355 3617 2586 3672 tuendae.
2644 3613 2838 3670 “Cura
2889 3611 3163 3683 ms.jura'.
3239 3611 3580 3670 “Convincta

262 3716 376 3755 ms.
409 3703 721 3769 conjuncta.
757 3697 1089 3768 "Quamque
1118 3695 1353 3766 denique
1382 3711 1486 3749 ms.
1514 3693 1679 3764 quam
1709 3693 1964 3764 denique.
2005 3693 2125 3746 "Ex
2157 3696 2268 3746 toto
2296 3706 2403 3744 ms.
2436 3705 2506 3744 ex
2534 3695 2663 3743 tota.

1615 3807 1907 3863 JOANNIS
1948 3805 2224 3862 PICARDI

1030 3910 1294 3967 Ecclesiae
1331 3909 1387 3967 S.
1437 3907 1666 3964 Victori:
1704 3904 2044 3961 Parisiensis
2083 3900 2489 3975 Δειραδιίπίαηὶ
2526 3898 2792 3956 canonici

1806 4020 2014 4077 ΝΟΤᾸΞ

338 4124 420 4196 (1)
462 4125 737 4181 Romano:
768 4124 1158 4196 exgerirctur.
1204 4121 1274 4196 D_.
1318 4120 1571 4196 Anselm._
1606 4119 1775 4190 epist.
1810 4121 1869 4196 :7.

269 4191 438 4256 intra,
471 4202 654 4264 aperte
685 4195 809 4249 dicit
842 4191 934 4248 ‘D.
970 4194 1179 4247 Petrum
1228 4193 1453 4264 Romam
1501 4191 1782 4261 migrasse.
1810 4191 1870 4245 1d

269 4276 459 4322 tamen
484 4262 659 4320 adhuc
690 4265 929 4320 nescitur
961 4279 993 4318 a
1028 4264 1226 4318 nostris
1266 4273 1317 4317 et
1349 4262 1641 4317 Germanis
1671 4272 1724 4315 et
1752 4266 1868 4315 An-

265 4338 380 4407 glis
441 4336 733 4392 Gnosticis.
789 4335 1092 4391 Dolendum
1148 4336 1392 4404 profecto
1448 4334 1717 4407 homines,
1758 4331 1869 4407 sibi

259 4405 412 4475 Argo
473 4409 828 4468 oculatiores,
857 4407 906 4459 in
957 4408 1071 4460 haec
1128 4420 1386 4459 uectores
1430 4405 1590 4475 talpa,
1626 4405 1863 4475 nondum

1980 4132 2197 4188 nusque
2227 4113 2369 4184 apud
2401 4113 2708 4188 Germanos
2739 4112 2818 4181 (ut
2872 4108 3156 4188 gloriatur,
3190 4110 3440 4188 hancque
3495 4108 3566 4166 ob

1979 4180 2200 4245 causam
2228 4180 2512 4242 Germanis
2533 4180 2918 4255 theolog’astris
2943 4199 2974 4237 a
3005 4199 3088 4255 me
3105 4180 3447 4255 coniunctus)
3457 4198 3562 4255 pro

1980 4261 2173 4315 Christi
2203 4259 2302 4325 (sic
2333 4253 2740 4311 Antichristum'
2768 4254 3016 4324 specioso
3062 4253 3256 4306 Christi
3303 4253 3559 4307 mentitur

1979 4327 2666 4409 noniine)profcssione._
2764 4395 2774 4405 _
2969 4393 2981 4409 ι
3219 4400 3229 4409 ι
3308 4391 3319 4403 .

2051 4391 2215 4455 Porro
2243 4391 2518 4467 ipsissima
2548 4400 2673 4451 sunt
2727 4395 2846 4464 ejus
2872 4393 3058 4467 verba,
3102 4391 3556 4467 Accnturia_prima

259 4439 412 4475 mgu
473 4439 906 4468 Ubu1auu1ca,lu
957 4439 1071 4460 ua‘u
1128 4439 1386 4459 ιωυιυιςο
1431 4439 1499 4457 ιιι.
1543 4439 1590 4468 υ,
1628 4439 1863 4456 nunc“...
2051 4439 2215 4455 ,νην
2245 4439 2518 4467 .,.......,......
2548 4439 2672 4451 νυ...
2729 4439 2846 4464 ej“
2884 4439 3058 4459 ..μνη
3116 4439 3357 4447 --_----_
3389 4439 3551 4463 rm..-

257 4480 467 4533 vidisse
491 4480 633 4548 apud
665 4481 805 4532 lren.
841 4478 932 4530 lib.
969 4492 1085 4542 viii,
1116 4493 1234 4542 cap.
1272 4479 1293 4528 1
1331 4485 1384 4530 et
1414 4475 1467 4548 3.
1501 4439 1855 4548 'lze_rtull._tib.
1895 4439 1947 4497 D
1978 4471 2171 4541 Script.
2204 4471 2608 4548 ljiitananag.
2636 4469 2726 4548 iit},
2747 4467 2875 4521 edit.
2897 4465 3054 4519 Basil.
3090 4465 3226 4548 155'?
3260 4479 3318 4517 ξιτ
3341 4465 3551 4544 _Petrus

255 4551 341 4604 De
375 4545 546 4617 baptf,
584 4551 663 4604 De
685 4547 1082 4618 praescription.
1106 4560 1119 4612 ;
1142 4549 1321 4616 lgnat.
1362 4547 1429 4599 ad
1463 4545 1704 4618 Mariam,
1727 4545 1858 4618 Cas-

235 4615 665 4682 isiod.,'Euseb.
688 4615 920 4673 Caesar.
950 4618 1044 4670 lib.
1081 4633 1139 4679 ιι,
1174 4615 1314 4670 Hist.
1378 4617 1607 4678 Ecclus,
1644 4615 1855 4668 Ruﬂitio

261 4691 583 4755 intergrete,
619 4706 740 4759 cap.
777 4690 860 4749 14,
889 4692 967 4759 Δ15
1004 4698 1058 4741 et
1088 4691 1156 4742 25
1188 4687 1435 4759 ςΕρίιιὴ.
1497 4687 1689 4740 haeres.
1750 4687 1850 4748 “27;

251 4762 512 4816 Ambros.
548 4762 646 4816 lib.
681 4757 739 4812 nl
773 4761 848 4812 De
879 4757 1026 4822 Sac.,
1062 4773 1182 4827 cap.
1210 4758 1259 4810 1.
1300 4759 1517 4812 Hieron.
1551 4759 1602 4810 in
1637 4759 1806 4810 Catal.
1836 4775 1848 4818 ;

220 4890 224 4892 _
252 4831 438 4899 Optat.
475 4832 676 4885 Milevit
727 4831 825 4884 lib.
859 4844 896 4882 ll
931 4847 943 4893 ;
977 4832 1213 4895 August.
1259 4829 1548 4882 Deliteres.
1578 4829 1641 4880 ad
1665 4828 1853 4894 Quod-

251 4904 534 4957 Vultrleum
569 4903 702 4955 haer.
736 4902 786 4958 1.
845 4899 1012 4953 Cent.
1048 4899 1125 4953 lit.
1173 4899 1322 4952 Petil.
1374 4899 1470 4960 lib.
1496 4915 1552 4963 ii,
1586 4915 1711 4966 cap.
1758 4901 1846 4963 51,

251 4982 307 5028 et
339 4974 483 5026 alios
514 4973 880 5040 quamplures,
908 4986 1044 5039 quos
1071 4971 1264 5024 lubens
1293 4969 1449 5036 sileo,
1513 4986 1579 5023 ne
1611 4969 1846 5022 manife-

249 5048 389 5099 stior
406 5043 498 5096 fiat
522 5059 708 5097 eorum
739 5041 972 5096 caecitas.

321 5114 461 5182 Quis
491 5114 654 5185 igitur
677 5129 782 5167 non
816 5111 979 5185 faciat
1018 5111 1193 5185 risum
1230 5111 1516 5185 plusquam
1542 5108 1846 5185 ‘Democri-

246 5181 416 5241 ticum
456 5181 540 5238 de'
569 5185 662 5237 illa
714 5183 938 5237 ridicula
997 5183 1128 5236 thesi
1188 5181 1382 5253 agitata
1445 5197 1476 5236 a
1533 5181 1837 5248 Germanis,

243 5257 423 5325 iisque
447 5255 763 5320 Lutlierams
784 5269 927 5308 anno
957 5255 1225 5325 ΙίεὶὲυηΑη
1260 5254 1461 5325 Petrus
1500 5255 1680 5325 Roma;
1708 5255 1838 5322 fue-

242 5321 390 5403 gf!t
421 5336 478 5380 ut
499 5334 739 5403 notatum
769 5333 851 5403 est
881 5327 932 5378 in
967 5321 1156 5403 Sghol.
1215 5324 1442 5403 margin.
1475 5324 1542 5376 ab
1589 5321 1838 5403 abbatem

238 5397 528 5468 Urlsperg.
559 5397 721 5451 ubide
779 5399 956 5451 Petro.
999 5395 1065 5448 Et
1107 5395 1220 5468 ejus
1265 5393 1484 5468 quidem
1541 5393 1823 5468 positionis

212 5472 214 5474 ’
239 5464 542 5539 negantem
563 5477 768 5538 partem
786 5473 1092 5539 propugnat
1113 5464 1458 5539 impudenter
1478 5464 1630 5534 ettde
1648 5467 1822 5539 more)

237 5536 390 5597 falso
419 5536 661 5596 Joannes
691 5536 886 5595 Baleus
915 5536 1124 5609 Anglus
1145 5536 1533 5607 Sudolvogius,
1569 5536 1821 5608 peregri-

1962 4536 2174 4598 cum'ex
2203 4541 2400 4595 Christi
2435 4536 2648 4593 Douiini
2679 4537 2834 4605 jussu
2891 4553 2955 4590 ac
2985 4543 3258 4606 praecepto
3305 4536 3545 4588 circum-

1960 4614 2180 4669 cisionts
2209 4613 2481 4681 apostolus
2511 4610 2689 4681 fuerit,
2751 4608 2873 4662 Gal.
2907 4623 2966 4665 ll.
3021 4623 3236 4681 aequum
3297 4606 3544 4681 profecto

1961 4700 2064 4738 non
2099 4676 2308 4746 eratut,
2343 4685 2524 4736 relicto
2574 4679 2881 4732 Judieoruin
2912 4694 3105 4749 grege,
3161 4676 3414 4749 25_anuis
3464 4678 3546 4746 (ut

1958 4758 2234 4808 somniant
2265 4754 2510 4821 papistaa)
2542 4753 2684 4820 apud
2717 4746 3345 4820 gentes'ineircumcisas
3364 4751 3545 4803 Romae

1958 4827 2192 4891 sedeiet,
2222 4820 2315 4877 aut
2344 4824 2445 4876 illis
2475 4822 2756 4893 gentilium
2787 4835 2983 4893 regum
3019 4834 3203 4893 more“
3227 4820 3538 4893 imperaret.

1956 4898 2014 4950 In
2037 4898 2224 4950 Judaea
2255 4910 2388 4962 ergo
2419 4890 2754 4948 ac'iinitunis
2779 4892 3115 4960 regionibus,
3149 4890 3344 4943 Christi
3378 4903 3540 4962 man-

1953 4967 2078 5022 dato
2105 4960 2399 5020 obstricﬁis
2441 4963 2751 5030 permansit,
2812 4963 3115 5028 priedicans
3170 4962 3222 5013 in
3255 4960 3541 5014 maritimis

1952 5040 2174 5091 urbibus
2206 5036 2563 5106 Evangelium
2598 5035 2750 5101 regni
2785 5032 2900 5106 Dei,
2934 5032 3079 5102 quod
3104 5040 3156 5084 et
3187 5036 3305 5106 ipsa
3329 5036 3536 5106 testan-

1949 5116 2033 5162 tur
2061 5109 2327 5162 miracula
2349 5102 2468 5176 quae
2500 5122 2594 5174 per
2621 5107 2766 5157 illum
2825 5104 2968 5176 Deus
3016 5103 3356 5176 Operabatu‘r.
3388 5102 3531 5176 N_am

1949 5180 2149 5244 Lyddae
2170 5171 2531 5247 paralyticum
2568 5176 2801 5247 Aﬁneamg
2843 5173 3063 5247 sanitati
3116 5171 3343 5247 restituit
3376 5171 3533 5247 ;_Ta-

1949 5243 2352 5319 bitham'Juppe
2375 5265 2405 5301 a
2438 5258 2661 5319 mortuis
2692 5245 2963 5319 excitavit.
3023 5244 3079 5296 In
3115 5243 3354 5319 Caesarea
3387 5243 3528 5319 Cor-

1947 5323 2148 5375 nelium
2195 5315 2574 5375 Centurionem
2633 5317 2946 5386 baptizavit.
3006 5322 3166 5382 atque
3222 5315 3329 5367 alia
3377 5315 3534 5382 plura

1932 5391 2080 5460 fecit.
2116 5392 2251 5460 Quae
2280 5391 2462 5446 omnia
2490 5389 2781 5460 declarant
2821 5387 2970 5460 illum
3002 5401 3105 5460 nec
3151 5386 3528 5460 sedisse,_nec

1930 5453 2166 5520 mortem
2199 5463 2400 5518 obiisse
2431 5462 2633 5517 Romae.
2667 5458 2819 5515 Unde
2843 5458 2998 5528 Bapt.
3058 5455 3371 5510 Mantuanus
3398 5453 3453 5508 in
3473 5469 3528 5510 Vl

1935 5535 2074 5592 Fast.
2104 5537 2248 5590 libro
2261 5576 2273 5588 .
