4010 6064
209 236 290 294 ίἿ
1569 240 1709 301 LIB.
1745 241 1842 311 Ill,

1973 241 2095 300 [ετ.
2134 244 2207 299 v.
2246 316 2252 325 λ
3054 259 3058 263 ·
3482 249 3549 310 18

2516 373 2852 431 EPISTOLA
2894 374 2992 432 IV.

2250 492 2492 535 ΑΝεΕιω
2516 496 2585 536 AD
2614 498 2911 538 NONACHOS
2941 498 3268 540 BECCENSES.

1972 568 2035 641 Ut
2068 566 2174 637 ipsi
2197 569 2456 641 Anserlmo
2480 575 2535 625 et
2557 572 2672 641 regi
2693 574 2945 627 scribant
2964 589 3022 627 se
3044 575 3199 629 ultro
3221 574 3548 630 consentire

1966 640 2231 693 electiom’
2262 640 2421 694 illius
2450 641 2513 695 in
2543 640 3021 713 urebiepz‘scopum
3054 646 3549 702 Cantuariensem.

2040 726 2305 791 Dominis,
2342 736 2394 782 et
2422 728 2698 795 fratribus,
2729 739 2783 785 et
2811 728 2932 785 filiis
2960 730 3325 787 dilectissimis
3354 749 3557 788 mona-

1966 814 2081 869 chis
2109 815 2495 885 Beccensibus,
2527 817 2909 873 dilectissimus
2938 828 2988 873 et
3017 820 3184 873 abbas
3213 837 3424 889 eorum,
3448 822 3559 878 fra-

1969 912 2050 958 ter
2079 907 2414 961 ANSELMUS:
2448 907 2700 962 continua
2737 908 2837 962 Dei
2883 908 3238 979 protectione,
3267 917 3319 966 et
3366 926 3559 966 conso-

1967 991 2165 1049 latione
2193 995 2450 1065 gaudere.

2038 1082 2195 1151 Quod
2228 1083 2502 1138 humiliter
2530 1100 2627 1155 per
2653 1084 2933 1141 dominum
2965 1086 3284 1142 Balduinum
3317 1094 3369 1143 et
3390 1086 3563 1142 domi-

1966 1188 2098 1226 num
2115 1172 2383 1229 Tesonem
2402 1172 2684 1244 petivistis,
2708 1182 2759 1229 et
2776 1174 2817 1229 si
2840 1191 3084 1246 praesens
3105 1192 3308 1244 essem,
3329 1175 3562 1247 supplici

1967 1260 2254 1315 devotione
2274 1277 2370 1330 per
2386 1276 2484 1317 vas
2500 1261 2838 1332 petivissetis,
2859 1271 3086 1333 paterno
3108 1271 3159 1317 et
3179 1264 3266 1335 pio
3295 1263 3487 1318 aﬁectu
3512 1262 3576 1315 ".

380 362 698 419 informavit
729 362 1012 421 institutio.
1053 365 1336 432 Praeterea,
1370 365 1615 436 quamvis
1658 364 1838 421 moni—
1871 367 1927 433 Α,

209 457 353 506 tore
375 468 485 507 non
518 468 706 525 egeas,
738 468 836 523 pro
857 451 1051 509 affectu
1082 463 1268 509 tamen
1299 469 1520 510 monere
1544 462 1599 509 te
1618 455 1851 519 audebo.

212 548 279 593 ut
322 540 470 595 nihil
506 541 816 597 inconsulte
848 557 999 613 agas,
1036 558 1135 598 nec
1164 542 1343 599 alieno
1374 543 1597 597 nultum
1635 558 1667 598 a
1700 542 1855 597 nobis

214 629 494 695 consilio,
525 629 645 685 sive
679 629 732 683 id
782 631 1188 686 consecratione
1211 642 1296 685 tua
1317 630 1404 696 sit,
1437 631 1552 686 sive
1597 632 1651 686 in
1693 631 1856 686 rebus

222 716 519 772 Ecclesiae
549 717 743 772 dandis
790 726 882 772 aut
924 720 1218 786 mutandis,
1250 719 1373 774 ideo
1422 718 1567 790 quod
1606 719 1857 774 novimus

221 805 655 860 sanctissimum
723 806 1194 875 praedecessorum
1237 812 1390 861 tuum
1464 806 1631 861 multa
1685 807 1857 878 primo

227 892 512 948 adventus
573 896 657 947 sui
701 901 947 964 tempore
1007 895 1313 961 ordinasse,
1354 911 1478 967 quae
1515 896 1668 950 omni
1707 904 1856 950 tem-

236 997 387 1053 pore
460 981 819 1051 postmodum
901 982 1005 1036 sibi
1088 982 1438 1053 displicuere.
1500 982 1636 1038 Sunt
1714 983 1859 1039 enim

230 1070 428 1140 plures
487 1069 577 1139 qui
639 1068 788 1125 circa
842 1069 1265 1125 destructionem
1326 1072 1592 1128 Ecclesiae
1644 1087 1861 1143 semper

232 1157 658 1217 laboraverunt.
712 1158 803 1227 qui
849 1173 997 1215 nunc
1053 1166 1242 1229 putant
1298 1175 1460 1229 quam
1519 1160 1751 1216 maxime
1800 1175 1859 1216 se

240 1254 607 1319 regnaturus,
639 1246 883 1302 dicentes
909 1251 964 1301 te
1010 1262 1134 1303 cum
1177 1249 1293 1303 Deo
1335 1264 1554 1319 semper
1595 1256 1857 1315 acturum,

232 1350 335 1390 res
384 1334 648 1390 Ecclesiae
690 1350 796 1390 non
864 1344 1196 1401 curaturum,
1238 1337 1397 1408 quasi
1450 1353 1545 1393 res
1604 1337 1862 1393 Ecclesiae

238 1439 444 1478 curare
477 1439 586 1479 non
613 1423 682 1477 sit
710 1438 834 1480 cum
865 1425 981 1481 Deo
1010 1440 1201 1497 agere.
1234 1426 1362 1492 Sed,
1398 1427 1513 1481 Deo
1543 1426 1858 1494 auxiliante,

243 1527 378 1567 cum
400 1519 455 1567 te
504 1513 884 1582 cognoverint,
907 1512 1361 1583 quemadmodum
1412 1530 1536 1585 ego,
1568 1522 1697 1586 puto
1737 1515 1862 1570 illos

247 1615 426 1655 secus
456 1600 698 1655 dicturos
724 1615 787 1656 ac
810 1616 1086 1656 sensuros.
1118 1602 1237 1655 1am
1271 1617 1420 1658 nunc
1463 1610 1648 1674 repeto
1676 1602 1860 1658 omni-

1968 1348 2220 1404 omnibus
2269 1350 2601 1420 petentibus,
2631 1357 2690 1404 ut
2737 1348 2861 1405 ﬁliis
2903 1350 3287 1419 dilectissimis,
3322 1350 3562 1407 concedo

1969 1438 2119 1509 quod
2150 1454 2213 1492 ex
2244 1454 2331 1492 me
2354 1445 2453 1503 est,
2485 1446 2537 1493 et
2569 1453 2670 1493 oro
2704 1439 2877 1494 Deum
2909 1446 2966 1494 ut
2992 1439 3109 1509 ipse
3139 1439 3567 1495 misericorditer

1968 1526 2233 1582 concedat
2264 1526 2408 1598 quod
2433 1543 2497 1582 ex
2528 1527 2647 1596 ipso
2689 1535 2789 1582 est.
2822 1527 2957 1583 Cum
2988 1527 3054 1581 de
3102 1535 3245 1582 sorte
3288 1526 3565 1597 archiepi-

1969 1623 2244 1686 SCOpatus,
2280 1632 2401 1686 quae
2431 1631 2594 1685 super
2614 1632 2700 1670 me
2733 1616 2917 1671 divina
2948 1615 3145 1672 cecidit
3191 1615 3563 1686 dispositione,

242 1688 351 1743 bus
380 1688 642 1742 medullis
685 1689 829 1760 quod
849 1689 1097 1758 promisti
1140 1689 1444 1758 salutando,
1476 1705 1637 1747 orans
1690 1692 1856 1746 Deum

1973 1703 2161 1773 loquor
2190 1703 2495 1772 vobiscum,
2529 1704 2684 1759 valde
2715 1704 2951 1760 alienum
2983 1711 3033 1758 et
3061 1719 3094 1759 a
3124 1720 3209 1760 me
3240 1712 3291 1760 et
3335 1719 3367 1757 a
3411 1703 3568 1759 vobis

246 1776 321 1831 ita
364 1786 417 1831 te
449 1776 615 1833 rectis
644 1777 886 1832 consiliis
908 1777 1022 1849 agi,
1039 1785 1095 1832 ut
1122 1778 1297 1832 Deum
1323 1788 1470 1834 recta
1488 1778 1714 1834 consilia
1732 1780 1864 1835 dan-

248 1873 362 1919 tem
398 1865 592 1920 valeas
622 1866 940 1935 promereri,
967 1866 1201 1922 Domine
1249 1867 1612 1936 sanctissime,
1643 1869 1864 1941 sapien-

252 1953 489 2020 tissime,
522 1962 577 2008 et
605 1970 766 2027 super
795 1969 987 2010 omnes
1016 1955 1199 2010 animo
1228 1954 1571 2012 dulcissime.

844 2134 1184 2192 EPISTOLA
1214 2137 1286 2192 Ill

368 2292 647 2332 GONDULFI
677 2292 931 2332 lPlSCOPI
959 2292 1030 2331 AD
1070 2293 1370 2335 MONACHOS
1412 2293 1755 2334 BECCENSES.

267 2402 338 2459 Ut
367 2417 483 2457 non
513 2401 818 2458 tristentur
845 2401 912 2457 de
956 2406 1146 2474 erepto
1189 2402 1296 2457 sibi
1328 2403 1525 2459 abbate
1569 2405 1858 2459 Ametmo.

336 2522 687 2579 Gonnuerus
702 2523 878 2595 gratia
897 2524 991 2578 Dei
1010 2524 1279 2580 Rotfensis
1297 2526 1610 2595 episcopus,
1629 2526 1868 2581 dominis

255 2621 306 2667 et
342 2614 537 2667 amicis
559 2612 673 2666 suis
702 2612 1063 2680 charissimis,
1097 2613 1276 2668 servis
1320 2614 1438 2681 Dei,
1473 2615 1636 2670 Becci
1682 2613 1866 2669 consi—

255 2700 553 2766 stentibus,
587 2700 816 2755 salutem
849 2705 903 2755 et
933 2699 1122 2756 ﬁdeles
1152 2704 1446 2757 orationes.

330 2789 888 2851 Charissimi,vcstrae
910 2787 1184 2844 dilectioni
1207 2791 1483 2860 cognitum
1503 2797 1587 2845 est
1607 2799 1868 2862 quantum

257 2878 536 2948 temporis
567 2877 636 2930 sit
669 2893 735 2930 ex
766 2892 875 2948 quo
922 2878 1183 2949 Angelica
1232 2879 1478 2934 Ecclesia
1528 2879 1748 2949 proprio
1787 2888 1869 2934 est

251 2967 460 3021 obarta
518 2974 572 3021 et
621 2965 875 3019 destituta
926 2973 1168 3037 pastore,
1231 2974 1393 3038 atque
1447 2967 1595 3022 omni
1648 2975 1869 3038 paterna

250 3054 505 3108 desolata
536 3053 931 3109 consolatione.
966 3052 1073 3108 Sed
1109 3052 1262 3109 Deus
1303 3054 1539 3125 ploratus
1583 3055 1866 3124 orphano-
1896 3073 1945 3138 ο

250 3158 399 3209 rum,
432 3142 670 3214 gemitus
699 3149 753 3195 et
781 3141 1014 3209 suspiria
1043 3142 1646 3214 hactenuslongissima
1664 3143 1861 3198 vidua-

248 3246 402 3293 rum,
462 3245 655 3301 preces
713 3245 928 3301 quoque
985 3229 1225 3284 ﬁdelium
1290 3247 1512 3285 suorum
1574 3231 1863 3286 miseratus

250 3318 581 3386 exaudiens,
596 3318 810 3373 tandem
829 3334 928 3373 sua
950 3318 1124 3391 gratia
1146 3334 1266 3372 eam
1284 3319 1618 3375 consulundo
1640 3319 1862 3375 visitare

250 3407 515 3479 dignatus
570 3409 671 3461 est.
706 3407 881 3477 Ipsius
930 3422 1166 3478 namque
1217 3406 1570 3461 inenarrabili
1617 3409 1861 3478 potentia

251 3504 546 3565 operante,
578 3494 726 3549 dedit
756 3493 1019 3549 Dominus
1050 3503 1233 3550 noster
1262 3511 1356 3549 rex
1389 3496 1692 3567 Anglorum
1723 3512 1857 3552 con-

250 3583 376 3637 silio
409 3590 463 3636 et
493 3591 688 3651 rogatu
732 3582 1035 3654 principum
1084 3598 1328 3646 suorum,
1362 3582 1495 3637 cleri
1544 3600 1759 3654 quoque
1808 3591 1860 3638 et

252 3671 439 3743 pepuli
470 3671 729 3742 petitione
760 3679 812 3725 et
841 3670 1127 3740 electione,
1148 3670 1370 3725 domino
1391 3670 1570 3726 abbati
1593 3673 1857 3728 Anselmo

252 3759 667 3815 Cantuariensis
688 3759 944 3815 Ecclesiae
964 3758 1443 3833 gubernationem.
1461 3759 1616 3831 Quod
1639 3761 1853 3833 quidem

251 3848 506 3920 piissime.
539 3848 636 3903 Dei
666 3848 978 3918 Operatione
1011 3856 1061 3902 et
1105 3847 1441 3903 ordinatione
1485 3848 1682 3904 factum
1734 3865 1856 3905 esse

250 3953 362 3993 non
396 3936 619 3990 dubium
649 3944 756 3990 est.
797 3934 917 4005 Qua
947 3945 1173 4008 propter
1211 3935 1484 3991 humiliter
1509 3936 1851 4006 mandamus,

251 4035 301 4080 et
351 4025 706 4080 vehementer
751 4039 1058 4094 precamur,
1113 4030 1169 4078 ut
1217 4024 1409 4078 fratres
1467 4023 1850 4094 charissimos,

253 4118 526 4186 quatenus
547 4128 763 4166 omnem
782 4112 1051 4167 tristitiam
1075 4111 1164 4166 vel
1188 4111 1365 4167 cordis
1388 4110 1851 4184 indignationem,

251 4202 431 4271 siqua
463 4208 566 4267 est,
598 4200 954 4271 deponentes,
982 4200 1181 4256 divina:
1209 4198 1489 4268 voluntati,
1522 4201 1848 4272 operationi,

249 4297 307 4344 et
334 4290 601 4345 bonorum
624 4294 678 4343 et
697 4286 931 4343 virorum
960 4287 1208 4344 electioni
1231 4302 1573 4360 nequaquam
1596 4289 1853 4344 resistatis

247 4378 347 4434 sed
394 4379 513 4433 Deo
560 4376 765 4449 gratias
813 4385 1057 4449 agentes,
1103 4377 1248 4448 quod
1319 4376 1517 4431 factum
1566 4385 1672 4445 est,
1720 4392 1842 4433 cum

246 4467 457 4540 gaudio
494 4473 550 4521 et
606 4464 767 4521 bona
813 4466 1093 4521 voluntate
1146 4465 1482 4521 concedatis.
1532 4466 1627 4520 Est
1682 4467 1842 4522 etiam

246 4555 398 4609 aliud
430 4552 575 4626 quod
602 4569 702 4609 vos
721 4554 887 4608 latere
903 4569 1008 4608 non
1027 4552 1218 4609 debet.
1246 4552 1498 4623 impediri
1518 4553 1736 4624 quidem
1758 4570 1846 4610 res

244 4642 348 4697 ista
363 4640 614 4697 fortassis
627 4640 695 4697 ad
717 4648 931 4715 tempus
967 4648 1163 4712 potest,
1194 4641 1413 4696 omnino
1443 4649 1620 4697 autem
1664 4656 1848 4697 rema-

244 4747 378 4786 nere
409 4730 558 4785 nullo
614 4731 779 4786 modo
825 4736 1022 4802 potest.
1057 4731 1256 4785 Verum
1304 4730 1449 4785 enim
1497 4729 1622 4786 dico
1664 4731 1844 4799 vobis,

243 4818 439 4874 notitia
470 4825 521 4874 et
553 4817 837 4874 consilium
883 4818 1039 4888 hujus
1086 4818 1164 4874 rei
1210 4818 1435 4873 multum
1485 4820 1763 4890 processit,
1795 4826 1849 4875 et

243 4908 367 4964 sine
394 4906 561 4961 dubio
582 4924 756 4978 usque
772 4907 837 4961 ad
859 4908 1043 4963 sedem
1066 4906 1417 4978 apostolicam
1436 4907 1546 4979 jam
1578 4907 1844 4977 pervenit.

242 4995 471 5054 Utimini
516 4994 685 5068 igitur
729 4994 955 5067 sapienti
998 4994 1246 5062 consilio,
1287 5004 1341 5050 et
1390 5010 1485 5065 per
1525 4995 1847 5052 charitatem

243 5084 416 5140 facite
445 5083 563 5137 sine
609 5083 887 5153 dilatione,
921 5084 1067 5154 quod
1108 5084 1437 5157 quandoque
1479 5082 1672 5140 facturi
1718 5084 1850 5142 estis

241 5174 367 5229 sine
395 5171 752 5228 dubitatione.
783 5172 987 5229 Valete.

1976 1792 2207 1857 videtur,
2248 1792 2292 1845 si
2334 1792 2711 1848 consideretur
2753 1798 2973 1848 mutuus
3021 1797 3211 1847 noster
3254 1789 3479 1849 affectus
3504 1789 3568 1857 ”,

1971 1897 2062 1935 me
2096 1880 2255 1936 vobis
2280 1880 2405 1935 inde
2434 1881 2739 1949 consulere,
2774 1889 2827 1937 et
2873 1896 2971 1936 vos
3020 1897 3236 1937 mecum
3283 1881 3570 1937 consilium

1972 1970 2241 2039 accipere.
2277 1970 2333 2027 Si
2365 1970 2487 2040 quis
2517 1970 2822 2024 consideret
2854 1969 2975 2039 quia
3006 1968 3128 2041 plus
3149 1971 3264 2024 Deo
3285 1986 3446 2042 quam
3469 1985 3564 2025 no-

1972 2058 2309 2127 bismetipsis
2328 2058 2614 2124 debemus,
2634 2075 2742 2113 non
2764 2059 2812 2115 ei
2833 2058 3026 2113 mirum
3069 2058 3357 2124 videbitur,
3390 2057 3436 2112 si
3467 2074 3571 2131 ego

1974 2148 2031 2201 in
2061 2163 2222 2202 causa
2255 2147 2354 2202 Dei
2385 2146 2696 2203 commissis
2726 2148 2857 2203 mihi
2887 2146 2958 2204 ad
2996 2147 3412 2213 consulendum,
3437 2162 3573 2217 quos
3610 2194 3613 2195 ν

1974 2235 2120 2290 nullo
2141 2237 2304 2290 modo
2322 2236 2533 2291 eisdem
2556 2235 2656 2305 ipsi
2679 2235 2926 2301 testibus,
2954 2251 2985 2289 a
3014 2243 3161 2290 recto
3186 2236 3308 2290 volo
3325 2233 3566 2300 deviare,
3656 2294 3661 2295 ί

1974 2325 2199 2380 consulo
2228 2333 2414 2379 contra
2444 2338 2620 2378 meum
2651 2323 2691 2351 ³⁰
2720 2331 2774 2378 et
2801 2323 3017 2378 illorum
3065 2321 3337 2391 aﬂ'ectum,
3370 2337 3571 2378 secun-

1974 2412 2101 2467 dum
2120 2413 2453 2467 voluntatem
2479 2411 2598 2465 Dei.
2621 2410 2992 2475 Benefecistis,
3008 2410 3129 2480 quia
3148 2411 3568 2466 concessionem

1976 2510 2207 2556 vestram
2238 2501 2367 2554 mihi
2396 2516 2493 2571 per
2518 2499 2705 2555 domn.
2739 2500 3003 2554 Tesonem
3044 2496 3361 2567 mandastis,
3395 2514 3571 2570 quau-

1974 2589 2269 2659 doquidem
2321 2604 2412 2643 res
2458 2604 2560 2643 nec
2586 2604 2683 2659 per
2712 2603 2798 2642 me
2828 2603 2927 2642 vos
2975 2587 3171 2641 mutari
3221 2594 3438 2657 potest;
3470 2587 3567 2641 sed

1976 2678 2170 2733 melius
2200 2676 2406 2732 facietis
2436 2676 2484 2731 si
2517 2692 2616 2748 per
2662 2676 2917 2745 epistolas
2963 2692 3124 2730 unam
3166 2675 3307 2746 regi,
3339 2675 3570 2730 alteram

1977 2767 2106 2821 mihi
2140 2765 2473 2820 mandabitis
2500 2767 2629 2837 quia
2659 2764 2803 2835 quod
2834 2764 2978 2818 Deus
3030 2763 3345 2835 dignabitur
3372 2763 3440 2817 de
3483 2780 3571 2817 me

1976 2856 2284 2928 disponere,
2317 2858 2371 2908 et
2402 2853 2545 2908 idem
2595 2869 2690 2908 rex
2735 2860 2790 2907 et
2829 2846 3021 2909 omnes
3058 2851 3151 2926 qui
3189 2851 3405 2906 Domini
3448 2859 3572 2909 sunt

1975 2944 2243 3000 Ecclesiae
2293 2950 2489 2997 nostrae
2537 2941 2910 2997 ordinaverint
2968 2941 3263 2997 secundum
3316 2939 3567 2995 timorem

1976 3034 2099 3101 Dei,
2131 3040 2185 3088 et
2206 3031 2645 3101 archiepiscopus
2660 3037 2842 3084 noster
2859 3027 3109 3102 religiosa
3131 3037 3183 3083 et
3204 3028 3569 3085 ecclesiastica

1973 3123 2187 3177 ratione
2209 3120 2455 3191 jusserit,
2485 3124 2540 3175 et
2568 3118 2699 3174 mihi
2726 3118 3011 3184 videbitur,
3045 3117 3230 3171 humili
3277 3117 3568 3173 devotione

1971 3218 2197 3280 proer
2228 3208 2475 3264 timorem
2507 3207 2605 3262 Dei
2635 3205 2950 3271 conceditis,
2984 3213 3036 3260 et
3065 3222 3153 3261 me
3172 3205 3287 3260 Deo
3308 3209 3364 3260 et
3387 3202 3570 3260 Eccle-

1969 3299 2066 3354 sia:
2108 3299 2225 3365 ejus
2272 3295 2626 3352 committitis.
2674 3295 2790 3349 Hoc
2830 3300 3057 3361 retento,
3087 3300 3164 3356 ut,
3206 3293 3258 3346 in
3307 3301 3566 3365 quantum

1970 3386 2230 3458 possibile
2262 3383 2418 3438 vobis
2446 3384 2570 3448 erit,
2603 3395 2786 3437 nostro
2818 3397 3035 3451 semper
3064 3379 3340 3446 fruamini,
3365 3396 3561 3455 quam-

1968 3475 2060 3529 diu
2093 3474 2290 3540 vivam,
2323 3471 2581 3528 consilio.
2621 3470 2734 3525 Hoc
2763 3469 3008 3535 consulo,
3041 3469 3142 3523 hoc
3190 3469 3395 3534 hortor,
3428 3467 3560 3539 quia

1967 3563 2044 3618 sic
2073 3570 2284 3633 oportet
2314 3560 2449 3630 ﬁeri,
2483 3567 2541 3616 ut
2571 3568 2628 3615 et
2655 3574 2752 3615 vos
2794 3559 2917 3628 plus
2959 3555 3221 3613 voluntati
3257 3555 3357 3611 Dei
3399 3572 3560 3628 quam

1966 3659 2157 3706 vestrm
2173 3651 2417 3706 subditos
2436 3665 2562 3705 esse
2580 3648 2877 3705 ostendatis
2892 3665 2907 3712 ;
2921 3654 2975 3701 et
2996 3645 3146 3717 regis
3163 3646 3415 3718 gratiam,
3436 3661 3559 3718 quae

1964 3740 2121 3796 vobis
2151 3738 2457 3794 necessaria
2504 3744 2605 3804 est,
2641 3736 2759 3791 sine
2798 3730 2946 3789 omni
2987 3732 3246 3806 proﬁcuo,
3278 3732 3387 3788 imo
3435 3749 3557 3788 cum

1963 3828 2162 3883 damno
2180 3828 2417 3881 maximo
2437 3842 2551 3880 non
2566 3822 2829 3897 perdatis,
2845 3830 2894 3877 et
2911 3830 3144 3877 mentem
3163 3836 3339 3876 meam
3358 3821 3555 3889 multis,

1964 3916 2228 3972 molestiis
2267 3922 2541 3981 onustam,
2586 3912 2923 3968 onustiorem
2974 3910 3316 3966 dissensione
3374 3919 3555 3965 vestra

1961 4022 2069 4061 non
2121 4004 2345 4061 faciatis.
2377 4003 2682 4059 Comitissaa
2731 3999 3134 4066 Lermendensi,
3168 4015 3290 4069 quae
3335 3999 3407 4054 ad
3453 4014 3556 4054 vos

1960 4094 2112 4148 venit
2140 4073 2201 4160 ⁸ἶ,
2235 4100 2291 4147 ut
2318 4092 2516 4155 audivi,
2545 4091 2701 4161 larga
2730 4097 2784 4144 et
2810 4087 3051 4159 benigna
3082 4087 3356 4141 voluntate
3372 4089 3551 4141 bono-

1958 4183 2115 4238 riflce
2162 4182 2415 4237 omnibus
2460 4178 2663 4244 modis,
2707 4176 2907 4247 quibus
2952 4175 3199 4246 potestis,
3249 4174 3548 4231 secundum

1960 4272 2290 4327 voluntatem
2321 4269 2444 4339 ejus
2472 4266 2695 4323 servile.
2726 4264 2967 4321 Grandis
2996 4262 3145 4318 enim
3168 4271 3349 4318 vester
3377 4263 3552 4319 honor

1958 4369 2061 4427 est,
2094 4367 2146 4415 et
2176 4360 2402 4414 multum
2433 4358 2537 4412 hoc
2564 4363 2764 4411 nostrae
2794 4351 3127 4424 profuturum
3153 4358 3239 4405 est
3266 4350 3548 4417 Ecclesiae,

1873 4420 1932 4484 Β
1961 4420 2099 4504 sicut
2125 4462 2288 4518 spero
2312 4461 2327 4517 ;
2360 4445 2509 4501 illam
2531 4461 2594 4501 ex
2617 4420 2810 4499 nostra
2822 4449 2972 4512 parte
2990 4438 3221 4495 dulciter
3237 4439 3467 4495 salutate
3482 4453 3549 4498 ιι.

1954 4536 2157 4596 Valete.

2428 4623 2595 4692 335
2626 4616 2976 4675 EPISTOLA
3005 4617 3070 4673 v.

2404 4725 2640 4767 OSBBRNI
2667 4723 2739 4763 AD
2766 4718 3088 4764 ANSILIUI.

2192 4817 2257 4875 Ut
2284 4815 2559 4872 acceleret
2586 4827 2750 4868 suam
2779 4809 3304 4882 inaugurationem.

2027 4904 2263 4961 Domino
2294 4901 2653 4968 sanctissimo,
2689 4899 2830 4954 Patri
2866 4897 3206 4965 dulcissimo,
3233 4897 3350 4967 jam
3377 4912 3541 4965 nunc,

1957 4995 2101 5065 quod
2134 5009 2239 5048 non
2268 4992 2386 5046 sine
2419 4989 2796 5061 desperatione
2842 4987 2984 5054 dico,
3014 4986 3311 5058 Anglorum
3356 4986 3545 5041 archi-

1956 5084 2216 5155 episcopo
2245 5085 2532 5145 Aivssuio,
2562 5093 2755 5135 servus
2784 5080 2839 5131 et
2866 5076 3009 5130 ﬁlius
3050 5092 3177 5130 suus
3202 5074 3498 5131 Osasasus
3530 5092 3542 5130 :

1957 5173 2158 5227 salutes
2190 5170 2335 5226 luctu
2362 5176 2416 5224 et
2443 5166 2697 5238 lacrymis
2724 5163 2936 5237 plenas.

1556 5348 1641 5403 VA
1650 5348 1784 5405 RIE
1821 5346 2229 5406 LECTIONES.

316 5487 434 5552 “Et
484 5490 824 5567 proaﬂectu
854 5509 961 5567 ms.
1003 5499 1057 5548 et
1098 5490 1188 5567 pio
1234 5490 1451 5567 attactu.
1499 5489 1734 5567 'f_V_es_ter
1773 5489 1998 5546 affectus
2038 5503 2163 5567 pas.
2202 5492 2401 5567 noster
2431 5482 2674 5543 affectus.
2723 5484 2923 5542 “Circa
2969 5499 3160 5540 meum
3206 5499 3313 5538 ms.
3360 5486 3545 5537 contra

240 5581 455 5625 meum.
486 5557 616 5621 B‘Ad
644 5580 744 5621 nos
773 5564 917 5620 venit
937 5580 1043 5619 ms.
1075 5557 1143 5617 ad
1174 5578 1280 5619 vos
1312 5563 1481 5618 venit.
1518 5560 1807 5618 "Salutate
1836 5576 1942 5618 ms.
1975 5560 2224 5616 salutate.
2255 5557 2463 5614 Valete.
