3998 6076
405 302 470 356 19
971 299 1025 356 S.
1060 298 1338 355 ANSELM
1347 298 1365 352 Ι
1405 293 1750 352 CANTUAR.
1789 284 2117 344 ARCHIEP.
2151 285 2302 345 OPP.
2339 290 2511 347 PARS
2541 291 2634 345 III.
2667 322 2738 332 —
2766 290 3114 348 EPISOLIE.
3631 298 3707 351 20

480 425 793 496 Quousque,
843 422 1156 479 dulcissime
1203 421 1438 487 domine,
1487 415 1759 474 desideria
1814 410 2198 473 nostraAbis
2255 417 2612 485 expetebatur
2670 419 3018 474 concessione
3075 421 3135 486 ⁸⁸,
3168 435 3358 475 omnes
3423 421 3479 474 in
3536 438 3707 477 unum

409 515 695 586 suspendis
713 516 741 568 ‘2
767 528 1050 583 quousque
1080 511 1293 565 animas
1323 516 1534 562 nostras
1563 506 1706 560 tollis
1725 503 1831 559 ?Si
1867 511 1919 556 tu
1941 519 1998 555 es

408 605 498 676 qui
531 613 788 657 venturus
819 619 898 666 es,
932 599 1202 653 veniendo
1223 597 1290 651 ad
1319 612 1435 666 nos,
1457 596 1720 662 OStende;
1747 608 1844 647 nec
1865 591 1998 646 velis

408 693 608 746 diutius
655 691 857 745 bonum
915 687 1152 752 differre,
1182 686 1325 758 quod
1385 687 1452 739 ab
1507 694 1712 738 interno
1768 681 1995 736 consilio

406 780 706 851 profectum
738 780 983 831 humano
1014 775 1199 846 generi
1229 773 1472 828 Christus
1517 773 1773 841 dignatus
1800 787 1857 823 es
1884 770 1993 823 im-

403 869 608 940 pertiri.
643 867 910 935 Alioquin,
947 862 1017 916 mi
1047 862 1382 929 dulcissime,
1411 861 1756 917 commovisti
1779 867 1992 914 terram

403 963 461 1012 et
477 955 830 1011 conturbasti
851 969 975 1008 eain
999 953 1321 1022 ;potiusque
1356 959 1499 1005 esset
1517 950 1702 1004 mortis
1723 964 1828 1003 non
1872 949 1988 1002 dis-

397 1044 596 1114 pendia
624 1043 956 1108 sustinuisse,
991 1057 1153 1112 quam
1186 1056 1349 1110 super
1389 1044 1478 1094 tuo
1526 1039 1746 1094 nomine
1787 1037 1991 1106 aliquid

398 1147 634 1201 unquam
665 1131 971 1200 accepisse.
1012 1128 1151 1196 Quid
1178 1129 1321 1183 enim
1354 1136 1526 1198 putas,
1545 1127 1633 1198 qui
1658 1130 1989 1196 luctus,quae

395 1218 653 1290 lacrymaa
684 1219 971 1274 adversum
1004 1226 1054 1272 te
1085 1217 1246 1272 hodie
1298 1216 1590 1271 funduntur
1616 1212 1676 1282 ³⁸,
1709 1231 1830 1286 qua:
1859 1219 1989 1268 ante

395 1309 501 1362 hoc
531 1316 746 1378 tempus
778 1308 829 1361 in
861 1315 1156 1377 conspectu
1187 1304 1284 1360 Dei
1319 1304 1833 1376 profundebantur?
1855 1303 1989 1370 Quae

393 1396 573 1464 major
615 1403 792 1466 potest
839 1411 960 1450 esse
1002 1393 1240 1458 miseria,
1275 1409 1433 1464 quam
1484 1395 1758 1456 homines,
1791 1391 1989 1462 quibus

394 1485 549 1555 quasi
579 1484 754 1539 noxiis
784 1484 1098 1538 humoribus
1128 1498 1324 1553 corpus
1356 1481 1611 1536 Ecclesiae
1641 1480 1985 1551 gravabatur,

392 1572 705 1643 nuperrime
749 1572 950 1628 vidisse
993 1571 1277 1638 exclusos;
1327 1570 1379 1625 ei
1423 1585 1566 1623 nunc
1611 1569 1833 1623 eosdem
1880 1584 1985 1623 non

388 1662 554 1716 modo
583 1661 858 1729 exclusos,
877 1677 1063 1715 verum
1089 1661 1251 1714 etiam
1275 1659 1461 1713 videre
1483 1658 1704 1728 COI‘pOl‘i
1730 1657 1987 1712 Ecclesia

2110 506 2430 576 congregati
2463 523 2670 571 sumus,
2699 508 3068 578 unusquisque
3088 519 3330 563 nostrum
3363 510 3429 564 de
3453 525 3549 564 sua
3579 527 3707 565 sen-

2107 594 2270 646 tentia
2301 596 2371 646 ab
2400 611 2466 648 eo
2497 595 2586 665 qui
2638 596 2967 666 praisidebat
3008 599 3323 652 nominatim
3355 607 3436 652 est
3475 600 3705 669 requisi-

2105 688 2216 734 tus.
2255 683 2419 736 Multa
2451 684 2575 738 hinc
2607 695 2656 738 et
2687 685 2906 740 diversa
2939 685 3097 739 nobis
3119 702 3281 741 sensa
3309 697 3363 740 et
3388 687 3528 742 dicta
3548 697 3698 756 sunt,

2104 786 2225 840 quae
2255 772 2418 826 modo
2449 773 2765 842 repticanda
2795 782 2846 827 at
2878 776 3198 844 exponenda
3230 775 3384 830 vobis
3413 776 3631 832 minime
3653 777 3701 807 ⁸⁷

2101 866 2226 912 sunt
2260 875 2272 912 :
2301 859 2460 914 linem
2495 870 2695 915 tantum
2727 863 2898 932 ipsius
2930 863 3006 917 rei
3040 874 3258 934 propter
3285 880 3452 932 quam
3484 881 3694 921 conve-

2099 946 2295 1013 nimus,
2337 949 2573 1005 breviter
2620 949 2778 1005 vobis
2821 951 3206 1007 intimabimus.
3257 954 3387 1008 Pars
3441 955 3695 1025 quaedam

2103 1043 2366 1103 nostrum,
2401 1039 2651 1106 quamvis
2685 1055 2785 1109 pro
2817 1040 2956 1094 dulci
2997 1049 3050 1095 et
3096 1041 3253 1096 unico
3291 1043 3507 1112 pietatis
3553 1058 3696 1115 erga

2099 1140 2196 1178 vos
2223 1124 2413 1180 aﬂectu
2458 1127 2616 1181 valde
2664 1128 2856 1182 dolens
2904 1136 3064 1200 atque
3108 1130 3291 1194 tristis,
3327 1140 3548 1201 prapter
3591 1132 3697 1186 Dei

2100 1220 2282 1268 tamen
2313 1224 2533 1281 metum,
2566 1216 2721 1285 cujus
2750 1217 2804 1271 id
2835 1225 2964 1272 nutu
2993 1225 3155 1289 atque
3195 1219 3422 1275 consilio
3453 1221 3541 1292 agi
3576 1236 3698 1275 cre-

2100 1301 2267 1369 ditur,
2301 1301 2536 1358 libenter
2564 1306 2631 1358 ad
2663 1305 2931 1360 honorem
2965 1315 3016 1361 et
3053 1307 3400 1363 commodum
3433 1303 3698 1365 Ecclesiae

2101 1388 2221 1451 Dei,
2257 1389 2553 1444 secundum
2587 1393 2729 1461 quod
2763 1408 2858 1447 vos
2898 1393 3060 1446 etiam
3107 1395 3402 1460 consulitis,
3437 1395 3580 1466 quod
3623 1396 3698 1450 de

2099 1477 2254 1531 vobis
2301 1477 2498 1545 petitur
2544 1481 2831 1542 concedit;
2867 1497 2990 1552 pars
3031 1498 3164 1537 vero
3211 1493 3455 1538 nostrum
3504 1483 3696 1550 altera,

2100 1580 2198 1619 suo
2230 1566 2409 1634 potius
2440 1583 2604 1639 quam
2636 1577 2814 1625 vestro
2845 1577 3005 1624 utens
3046 1579 3208 1641 atque
3255 1569 3431 1626 ﬁdens
3467 1573 3699 1628 consilio

2098 1654 2388 1709 ardentiori
2417 1674 2430 1721 ;
2465 1663 2642 1727 atque,
2676 1658 2852 1712 utsibi
2872 1659 3154 1727 videbitur,
3176 1661 3389 1715 rectiori
3411 1667 3472 1727 ⁸⁸,
3488 1663 3698 1717 amoris

388 1749 815 1821 incorporatos‘?
847 1750 1006 1816 Puta,
1039 1749 1110 1802 mi
1141 1747 1453 1802 dulcissime
1482 1747 1745 1813 omnium,
1783 1746 1984 1799 adver-
2013 1760 2067 1819 Β
2099 1743 2260 1798 vestri
2310 1744 2444 1812 zelo,
2479 1746 2700 1800 minime
2740 1746 2795 1801 id
2832 1748 3100 1814 concedit,
3135 1765 3234 1803 nec
3274 1749 3341 1803 ad
3377 1749 3694 1805 conceden-

385 1855 500 1892 sum
527 1846 583 1893 te
611 1839 744 1893 istas
773 1854 892 1893 esse
924 1837 1192 1907 querelas.
1225 1836 1447 1891 Hiccine
1490 1843 1574 1889 est
1617 1835 1728 1898 ille,
1761 1834 1829 1888 de
1873 1850 1979 1906 quo

382 1932 591 1982 tantum
621 1927 1013 1998 gaudebamus,
1045 1925 1110 1980 de
1161 1941 1268 1997 quo
1318 1934 1423 1979 tam
1481 1939 1680 1996 magna
1723 1923 1979 1978 audieba-

383 2032 505 2070 mus
525 2018 552 2070 ‘?
582 2017 724 2070 Ecce
755 2018 1029 2084 quomodo
1056 2031 1152 2068 nos
1180 2013 1414 2083 decepit,
1449 2011 1722 2082 quomodo
1768 2011 1978 2066 animas

383 2114 603 2158 DOstras
653 2103 943 2158 interfecit.
981 2102 1401 2173 Expectavimus
1430 2098 1472 2128 "
1521 2116 1733 2170 pacem,
1771 2108 1823 2155 et
1868 2116 1975 2153 non

377 2198 460 2247 est
489 2192 692 2246 bonum
721 2208 736 2259 ;
772 2201 986 2260 tempus
1014 2191 1264 2257 medelas,
1287 2198 1339 2244 et
1365 2206 1487 2244 ecce
1508 2191 1734 2244 clamor.
1756 2189 1976 2243 lliccine

376 2289 457 2336 est
489 2280 600 2350 ille,
634 2296 792 2351 quem
827 2279 1108 2336 Osbernus
1139 2279 1241 2334 hos
1267 2278 1522 2334 tredecim
1573 2293 1744 2333 annos
1769 2277 1835 2332 ad
1885 2293 1979 2348 po-

377 2369 563 2441 pulum
615 2378 892 2439 tantopere
937 2367 1192 2435 laudavit,
1227 2383 1387 2438 quem
1432 2367 1486 2420 in
1534 2367 1680 2422 omni
1725 2382 1977 2422 sermone

373 2457 694 2530 magistrum
726 2469 781 2512 et
812 2457 1212 2512 sanctissimum
1243 2464 1295 2510 et
1341 2455 1799 2526 sapientissimum
1831 2471 1974 2526 prte-

373 2546 624 2602 dicavit?
646 2546 790 2600 Ecce
821 2545 1096 2617 quomodo
1123 2544 1250 2600 fecit
1267 2545 1565 2598 novissima
1587 2553 1769 2598 nostra
1792 2546 1976 2614 pejora

373 2634 667 2706 prioribus.
705 2633 930 2699 Credas,
964 2648 1248 2702 nunquam
1280 2632 1397 2686 haec
1444 2633 1691 2686 desinent
1718 2631 1849 2699 dici,
1871 2633 1974 2687 nisi

373 2722 608 2777 desieris
633 2721 909 2791 elongari.
945 2721 1074 2776 Veni
1106 2735 1265 2792 ergo,
1297 2721 1666 2775 tantummodo
1696 2720 1974 2776 invocetur

373 2825 576 2866 nomen
609 2817 753 2863 tuum
786 2825 947 2879 super
977 2825 1096 2872 nos,
1131 2808 1287 2862 aufer
1315 2809 1668 2878 opprobrium
1691 2815 1969 2876 nostrum;

376 2898 740 2953 festinandum
787 2897 880 2951 tibi
910 2902 951 2931 ³⁵
1001 2905 1101 2960 est,
1153 2896 1407 2967 princeps
1448 2904 1568 2951 esto
1618 2905 1818 2952 noster.
1858 2897 1971 2952 Erit

374 2989 479 3042 hoc
527 2987 642 3041 Deo
682 2986 751 3040 ad
801 2985 1038 3049 laudem,
1071 2986 1166 3040 tibi
1210 2985 1278 3039 ad
1321 2985 1652 3054 mercedem,
1697 2985 1854 3040 nobis
1903 2986 1971 3040 ad

373 3075 562 3132 vitam.
595 3076 997 3144 Recuperemus
1025 3073 1078 3129 in
1112 3082 1160 3128 te
1193 3073 1336 3145 quod
1384 3074 1438 3127 in
1484 3084 1696 3130 mortuo
1743 3075 1969 3129 sanctis-

374 3164 517 3218 simo
549 3164 708 3218 Patre
738 3163 1040 3218 Lanfranco
1071 3178 1169 3217 nos
1199 3178 1320 3217 cum
1352 3170 1463 3217 toto
1492 3164 1694 3218 mundo
1723 3163 1969 3234 perdidi-

375 3268 535 3308 mus:
570 3268 729 3322 quem
759 3259 1028 3307 mortuum
1060 3267 1274 3323 semper
1302 3250 1628 3316 dolebimus,
1661 3254 1839 3322 quoad
1873 3269 1969 3306 us—

378 3357 482 3412 que
511 3340 662 3396 illum
694 3340 748 3395 in
801 3345 856 3396 te
901 3339 1216 3395 viderimus.
1260 3340 1408 3395 Deus
1455 3341 1816 3412 omnipotens,
1851 3341 1972 3410 qui-

376 3445 587 3500 cunque
617 3429 932 3484 Anselmum
965 3429 1032 3484 ab
1062 3428 1272 3498 incepto
1301 3428 1663 3499 praepedierit,
1683 3429 1973 3484 anathema

378 3517 432 3571 in
466 3517 645 3572 medio
677 3517 961 3572 hominum
992 3518 1077 3570 sit.
1114 3517 1312 3571 Credas
1340 3533 1426 3570 me
1455 3516 1508 3569 in
1532 3517 1769 3572 maxima
1799 3518 1972 3588 lacry-

377 3621 588 3659 marum
619 3605 890 3660 alluvione
921 3606 1025 3659 ista
1050 3607 1342 3673 scripsisse
1373 3613 1426 3659 et
1453 3621 1621 3672 usque
1646 3607 1712 3658 ad
1746 3616 1970 3660 mortem

378 3691 671 3748 sollicitum
702 3693 770 3748 de
803 3702 852 3748 te
883 3709 1022 3748 esse.
1056 3693 1224 3748 Mater
1255 3700 1308 3747 et
1331 3708 1522 3748 omnes
1539 3691 1635 3746 lilii
1655 3701 1703 3747 te
1719 3693 1967 3748 salutant.

936 3809 1273 3863 EPISTOLA
1319 3809 1408 3863 Vl.

564 3917 950 3958 MONACHORUM
989 3918 1331 3958 BECCBNSIUM
1361 3919 1431 3957 AD
1461 3919 1780 3960 ANSELHUM.

378 4028 678 4084 Beccenses
713 4029 1039 4084 Anselmum
1069 4029 1385 4112 concedunt
1415 4029 1676 4085 Ecclesiae
1715 4030 1969 4086 Cantua-

1069 4115 1269 4154 νιεηει.

449 4188 777 4244 Dulcissimo
803 4187 1049 4254 domino,
1067 4197 1121 4242 et
1141 4188 1274 4241 Patri
1297 4203 1415 4253 suo,
1436 4187 1694 4261 divinitus
1713 4189 1814 4244 sibi
1838 4189 1968 4246 olirn

372 4275 522 4344 dato,
557 4277 741 4332 abbati
779 4280 1065 4340 ANsemo,
1099 4276 1333 4331 humiles
1380 4279 1670 4333 Beccensis
1714 4281 1968 4336 Ecclesiae

375 4367 539 4432 servi,
573 4373 626 4419 et
655 4363 746 4419 ﬁlii
776 4365 854 4418 sui
889 4382 902 4418 :
960 4364 1215 4419 continua
1242 4365 1341 4419 Dei
1374 4366 1426 4418 in
1453 4366 1704 4421 omnibus
1743 4367 1968 4422 viissuis

376 4453 720 4522 proteCtione
751 4453 916 4524 dirigi
946 4469 1164 4524 semper
1188 4458 1243 4508 et
1271 4453 1484 4508 muniri.

447 4541 647 4595 Audita
676 4541 1030 4597 concessione
1078 4542 1281 4598 domini
1334 4543 1506 4598 nostri
1551 4545 1969 4603 Northmanniaa

374 4629 653 4702 principis,
704 4636 760 4684 et
805 4631 1196 4702 archiepiscopi
1259 4633 1432 4687 nostri
1497 4632 1964 4706 Rothomagensis,

373 4735 531 4791 quam
560 4719 629 4773 de
678 4719 838 4774 vobis
878 4721 944 4774 ad
1001 4720 1316 4790 petitionem
1370 4722 1515 4792 regis
1568 4724 1864 4793 Anglorum
1916 4735 1965 4780 et

372 4809 614 4862 omnium
648 4807 759 4863 fere
789 4808 1035 4876 ejusdem
1067 4809 1243 4879 gentis
1271 4811 1580 4881 principum
1615 4811 1875 4879 fecerunt,
1909 4823 1966 4869 ut

369 4897 438 4951 ad
465 4897 698 4964 culmen,
731 4897 952 4963 scilicet,
990 4900 1415 4968 promoveamini
1445 4901 1960 4972 archiepiscopatus,

366 5001 466 5056 pro
497 5001 562 5042 ea
591 4986 748 5041 etiam
780 5003 902 5058 quae
921 4986 990 5042 ad
1012 5001 1109 5042 nos
1124 4986 1191 5042 de
1213 4986 1369 5042 vobis
1386 4989 1710 5058 pertinebat,
1729 4999 1782 5045 et
1805 5006 1834 5044 a
1855 5007 1957 5048 no-

2095 1831 2218 1885 dum
2249 1832 2343 1885 ulli
2378 1835 2640 1899 majorum
2672 1851 2729 1889 se
2771 1835 2886 1890 sive
2934 1837 3203 1892 minorum
3247 1839 3688 1908 persuasionibus

2087 1920 2267 1990 aliquo
2301 1921 2463 1976 modo
2493 1923 2806 1994 acquiescit.
2854 1924 2987 1993 Quae
3029 1934 3204 1980 autem
3255 1942 3377 1997 pars
3423 1927 3678 1993 alteram,

2085 2016 2176 2062 aut
2247 2025 2472 2064 numero
2546 2019 2641 2064 aut
2707 2013 2915 2066 ratione
2982 2014 3382 2085 praeponderet,
3444 2016 3681 2071 domnus

2086 2098 2437 2166 Laufrancus,
2496 2099 2585 2168 qui
2642 2100 2899 2160 interfuit.
2944 2107 3000 2156 et
3055 2104 3236 2156 omnia
3290 2104 3378 2158 hic
3432 2104 3576 2173 apud
3633 2103 3678 2136 "

2087 2202 2184 2239 nos
2213 2195 2368 2257 gesta
2390 2188 2506 2241 sive
2537 2187 2683 2241 dicta
2728 2199 2781 2243 et
2827 2189 2962 2243 vidit
3007 2199 3062 2244 et
3106 2191 3326 2255 audivit,
3361 2191 3679 2262 plenissime

2087 2291 2185 2346 per
2206 2275 2441 2344 seipsum
2475 2282 2525 2330 et
2558 2275 2883 2331 suﬂicienter
2913 2279 3066 2333 vobis
3095 2280 3252 2333 dicet.
3277 2282 3388 2334 Nos
3416 2281 3556 2335 enim
3577 2282 3682 2335 ista.

2083 2365 2350 2419 succincte
2382 2373 2432 2419 et
2455 2365 2708 2419 celeriter
2753 2367 2982 2421 multum
3034 2367 3315 2432 dictamus,
3349 2369 3474 2440 quia
3519 2379 3685 2439 urget

2085 2469 2183 2507 nos
2220 2461 2261 2490 ιο
2303 2452 2562 2507 festinans
2606 2453 2746 2508 lator
2793 2456 3162 2524 praesentium,
3195 2465 3250 2510 ut
3293 2457 3370 2510 sic
3418 2473 3672 2530 agamus.

2084 2541 2444 2612 Omnipotens
2477 2543 2620 2596 Deus
2651 2542 2817 2596 vitam
2848 2553 3086 2597 vestram
3115 2546 3168 2598 in
3209 2546 3550 2614 beneplacito
3581 2563 3686 2602 suo

2081 2636 2228 2685 recte
2257 2631 2529 2699 disponat,
2563 2639 2612 2684 et
2664 2631 2730 2684 ad
2779 2648 3119 2687 communem
3163 2632 3410 2689 ﬁdelium
3460 2651 3682 2690 suorum

2081 2718 2366 2772 utilitatem
2399 2731 2454 2774 et
2483 2718 2762 2789 gaudium,
2795 2721 2887 2775 diu
2919 2737 3036 2775 eam
3085 2721 3140 2776 in
3190 2725 3444 2793 praesenti
3491 2734 3678 2779 custo-

2081 2807 2209 2862 diat.
2243 2809 2440 2862 Amen.

2577 2925 2921 2982 EPISTULA
2952 2927 3044 2981 VII
3074 2941 3113 2970 ιι
3129 2969 3142 2981 .

2361 3052 2600 3093 ΑΝεειΜι
2631 3056 2706 3094 AD
2731 3055 3032 3096 MONACHOS
3055 3058 3385 3100 BBCCENSES.

2078 3153 2390 3218 AEgerrime
2410 3156 2527 3222 fert
2541 3170 2596 3208 se
2618 3171 2652 3208 a
2673 3157 3035 3211 Beccensibus
3053 3174 3169 3214 esse
3191 3159 3548 3221 distractum.
3567 3178 3673 3217 nec

2147 3226 2317 3301 fugela
2338 3227 2710 3301 quorumdam
2733 3230 3134 3284 malevolorum
3171 3233 3491 3287 calumnias
3531 3233 3672 3301 ﬁcta

2150 3296 2401 3350 militate
2432 3313 2717 3351 recusasse
2739 3301 3306 3372 archiepiscopatum.

2152 3389 2274 3443 Suis
2305 3391 2674 3446 dilectissimis
2705 3393 2924 3449 domino
2956 3396 3121 3465 priori
3161 3397 3457 3463 BALDRICO,
3484 3408 3536 3454 et
3570 3400 3673 3455 alis

2079 3479 2251 3532 servis
2303 3479 2399 3534 Dei
2459 3497 2512 3534 in
2562 3483 2814 3536 Beccensi
2863 3484 3112 3539 coenobio
3166 3488 3670 3557 commanentibus;

2079 3583 2273 3622 servus
2295 3577 2345 3622 et
2375 3584 2673 3624 conservus
2703 3585 2894 3625 eorum
2924 3572 3092 3628 frater
3138 3577 3438 3630 Axsawus
3487 3577 3676 3631 divino

2080 3672 2295 3724 semper
2323 3657 2440 3728 regi
2473 3659 2725 3724 consilio,
2759 3667 2811 3713 et
2840 3663 3050 3732 protegi
3079 3661 3297 3718 auxilio.

2150 3743 2410 3812 Quamvis
2438 3745 2620 3801 divina
2648 3747 2936 3818 dispositio
2969 3766 3053 3804 me
3075 3766 3106 3804 a
3137 3752 3292 3805 vobis
3323 3754 3676 3824 corporaliter

2079 3848 2187 3887 non
2218 3833 2334 3887 sine
2363 3835 2523 3905 gravi
2569 3835 2765 3905 pioque
2811 3838 2994 3891 cordis
3049 3840 3154 3894 mei
3199 3839 3387 3895 dolore
3433 3851 3673 3911 separet,

2079 3937 2176 3976 oro
2217 3930 2400 3977 tamen
2441 3923 2634 3989 Deum,
2678 3933 2734 3978 ut
2772 3925 3010 3993 dilectio,
3071 3945 3178 3999 qua
3241 3929 3359 3998 ipso
3417 3931 3575 3985 dante
3630 3932 3675 3960 "

2078 4011 2260 4064 anima
2291 4028 2412 4066 mea
2441 4027 2538 4066 vos
2585 4013 2639 4066 in
2699 4021 2851 4068 utero
2881 4031 2980 4070 suo
3010 4017 3401 4087 complectitur,
3433 4019 3672 4074 indisso-

2080 4099 2316 4154 lubiliter
2370 4109 2730 4171 perseveret:
2782 4120 2878 4174 per
2934 4121 3117 4173 quam,
3162 4106 3275 4160 Deo
3319 4107 3670 4177 propitiante,

2078 4205 2299 4258 semper
2351 4199 2525 4244 vester
2573 4205 2664 4244 ero
2711 4206 2940 4258 servus;
2974 4193 3099 4263 quia
3140 4209 3376 4264 semper,
3410 4199 3669 4263 quantum

2078 4276 2224 4331 Deus
2256 4278 2384 4331 mihi
2417 4277 2586 4342 dabit,
2620 4294 2715 4333 ero
2763 4279 2955 4334 vestris
2999 4281 3314 4336 utilitatibus
3339 4283 3380 4310 "
3410 4283 3667 4340 intentus.

2077 4365 2216 4419 Nam
2246 4365 2346 4420 etsi
2379 4375 2526 4421 tanta
2554 4367 2623 4419 sit
2651 4367 2770 4437 ipsa
2796 4367 3035 4433 dilectio,
3058 4377 3114 4422 ut
3143 4387 3288 4441 saepe
3320 4387 3442 4425 cum
3465 4370 3670 4428 intente

1989 4453 2049 4516 D
2081 4456 2263 4523 cogito
2293 4459 2499 4509 amicos
2535 4464 2742 4510 vestras
2774 4456 2841 4512 de
2882 4465 2986 4509 tam
3033 4457 3340 4528 inseparata
3383 4467 3436 4514 et
3479 4470 3670 4517 contra

2080 4543 2411 4598 voluntatem
2445 4552 2684 4599 nostram
2718 4545 3082 4616 separatione,
3102 4549 3281 4601 statim
3313 4564 3410 4603 sua
3431 4550 3668 4619 quadam

2078 4641 2411 4703 tempestate,
2444 4633 2589 4688 velut
2619 4649 2764 4687 mare.
2795 4635 2985 4699 ventis,
3018 4635 3337 4690 intumescat
3362 4645 3413 4690 et
3439 4647 3667 4693 contur-

2074 4721 2232 4775 betur
2265 4737 2365 4776 cor
2392 4737 2591 4785 meum,
2625 4731 2678 4774 et
2707 4723 2894 4791 pluant
2922 4723 3064 4777 oculi
3095 4723 3220 4790 mei,
3246 4725 3455 4779 dulcius
3486 4735 3668 4782 tamen

2075 4811 2204 4863 milii
2236 4819 2313 4864 est
2345 4810 2446 4864 hoc
2475 4810 2544 4864 ab
2577 4810 2661 4864 illa
2700 4827 2784 4864 me
2832 4811 3079 4878 tolerare,
3111 4828 3270 4883 quam
3315 4814 3458 4868 illam
3502 4830 3535 4868 a
3579 4833 3668 4870 me

2074 4915 2348 4970 separare.
2375 4899 2538 4953 N0vit
2567 4899 2708 4952 enim
2748 4901 2909 4960 Deus.
2943 4909 3065 4955 ante
3115 4901 3269 4970 cujus
3307 4911 3665 4974 conspectum

2072 4989 2372 5044 secundum
2402 4988 2786 5043 conscientiam
2821 5005 2994 5043 meam
3028 4989 3237 5060 loquor,
3272 4991 3390 5060 quia
3423 4991 3545 5062 plus
3568 5009 3666 5049 vos

1661 5141 1893 5198 VARIE
1942 5139 2364 5200 LECTIONES.

435 5259 844 5337 t'Funduntui-i
899 5262 1036 5332 Qua;
1087 5264 1264 5332 major
1305 5279 1412 5319 ms.
1447 5263 1764 5335 funduntur,
1799 5285 1920 5337 qua}
1961 5277 2086 5322 ante
2137 5269 2239 5322 hoc
2283 5276 2496 5334 tempus
2543 5264 2593 5319 in
2645 5273 2930 5334 conspectu
2970 5267 3069 5320 Dei
3121 5266 3607 5334 praefundebantur
3634 5271 3664 5326 ?

364 5329 499 5407 Quae
531 5332 726 5407 major.
759 5329 1300 5403 “Expectamus'ms.
1335 5329 1768 5404 expectavimus.
1817 5329 2256 5395 “Festinandum
2307 5329 2407 5393 tibi
2449 5353 2558 5391 ms.
2620 5329 2996 5392 vestimentum
3050 5329 3160 5392 tibi.
3213 5337 3663 5407 "EXpectabatur

361 5401 706 5477 confessione
735 5421 838 5477 me.
875 5401 1226 5474 expetebatur
1257 5401 1624 5462 concessione.
1657 5409 2037 5477 "Exponenda
2089 5413 2306 5464 minime
2357 5427 2456 5463 ms.
2494 5411 2813 5477 exponenda
2864 5410 3018 5461 vobis
3062 5409 3283 5463 minime
3337 5401 3658 5466 “Rectioris

359 5490 466 5528 ms.
499 5475 736 5553 rectiori.
769 5476 1077 5553 "llicapud
1097 5495 1214 5553 gms.
1246 5479 1500 5553 bicepud
1551 5475 1833 5553 _‘°Urgebat
1869 5499 1966 5537 nos
1985 5499 2089 5537 ms.
2115 5492 2270 5553 urget
2295 5497 2411 5536 nos.
2445 5475 2710 5553 “Collata
2741 5496 2870 5534 cum
2901 5480 3109 5535 duobus
3139 5482 3568 5552 Exemplaribus
3590 5486 3656 5538 in

358 5558 472 5625 uno
516 5546 827 5625 Codicein§_._
854 5548 997 5625 Vict.
1029 5549 1116 5619 ΕΓ.
1178 5552 1264 5606 20.
1305 5546 1476 5620 "Ipso
1533 5546 1702 5606 dante
1752 5568 1857 5608 ms.
1896 5557 1918 5608 1
1953 5556 2074 5624 ipso
2102 5546 2363 5608 donante.
2421 5552 2908 5621 “Prospiciente...
2971 5546 3336 5607 voluntatibus
3365 5569 3469 5608 ms.
3507 5569 3642 5625 pro-

355 5615 604 5683 pitiante.
627 5658 674 5673 ..
716 5619 1053 5675 utilitatibus.
