4010 6064
310 246 386 300 21
1633 237 1760 293 LIB.
1807 240 1894 304 III,

2004 240 2161 294 PIST.
2205 240 2320 295 vn.
3066 297 3068 299 ,
3554 235 3622 314 2s

313 360 486 414 dilexi
527 359 645 414 Deo
677 365 731 414 et
774 356 948 425 vobis,
980 363 1032 411 et
1080 357 1346 427 meipsum
1389 355 1565 421 vobis,
1608 371 1764 427 quam
1815 370 1912 409 vos
1939 353 1993 413 A
2023 360 2331 416 obeiientia
2380 368 2431 415 et
2475 360 2754 426 cbaritate,
2802 374 2934 428 quas
2964 364 3195 429 propter
3243 364 3312 418 te,
3362 361 3618 426 quantum

311 449 446 503 mihi
473 451 588 502 sive
620 447 1008 518 praelationem,
1042 455 1132 500 aut
1164 445 1611 511 dominationem,
1646 457 1739 498 aut
1784 460 1916 515 pos-

310 537 617 591 sessionem
688 545 976 598 terrenam,
1046 551 1178 604 quas
1244 534 1516 588 habebam
1575 549 1673 603 pro
1732 533 1908 586 vobis.

313 625 692 694 Quamobrem
726 625 843 695 plus
877 640 961 676 me
984 630 1180 694 gravat
1223 628 1400 676 vestra
1437 621 1644 676 tristitia
1677 621 1744 675 de
1777 636 1918 692 qua-

313 714 599 783 licunque,
660 713 712 766 si
762 713 900 782 apud
956 727 1052 766 vos
1091 718 1190 778 est,
1238 710 1344 765 mei
1391 710 1708 782 indigentia,
1753 725 1915 780 quam

312 820 404 857 me
423 802 736 857 consoletur
764 802 942 870 aliqua
964 809 1183 854 terrena
1210 800 1473 854 celsitudo
1500 801 1578 853 vel
1611 798 1913 868 opulentia.

316 891 463 946 Ecce
494 906 634 946 nunc
655 890 709 943 in
740 892 843 944 hac
891 890 1011 959 ipsa
1044 888 1342 952 locutione,
1385 905 1489 960 qua
1520 889 1677 944 vobis
1715 889 1916 942 absens

317 981 510 1051 loquor
552 977 828 1043 dictando,
877 985 1036 1032 testes
1088 977 1217 1030 mihi
1274 985 1397 1031 sunt
1454 977 1725 1048 lacrymm,
1783 993 1914 1046 quas

312 1069 591 1123 continere
619 1073 893 1138 nequeunt
924 1065 1066 1120 oculi
1115 1065 1239 1134 mei,
1274 1074 1326 1120 et
1358 1067 1460 1119 vim
1495 1065 1623 1119 mihi
1659 1065 1914 1120 facientes

307 1157 579 1229 singultus
617 1155 863 1227 gutturis
914 1153 1018 1207 mei
1066 1154 1452 1208 inundantesa
1481 1153 1683 1226 gemitu
1731 1153 1913 1208 cordis

306 1248 439 1312 mei,
467 1247 785 1301 obturantes
808 1253 862 1300 et
889 1244 1334 1316 interrumpendo
1363 1244 1635 1298 tardantes
1656 1242 1909 1312 scriptori

306 1335 482 1389 verba
511 1336 622 1389 oris
653 1334 781 1389 mei.
813 1333 1074 1403 Quamvis
1110 1333 1217 1386 sint
1247 1333 1487 1403 quidam,
1525 1340 1579 1385 ut
1610 1332 1793 1396 audio,
1819 1330 1910 1402 qui

307 1433 493 1479 autem
534 1423 660 1489 sint,
705 1424 849 1477 Deus
889 1424 973 1487 sit,
1032 1423 1123 1494 qui
1171 1431 1256 1475 aut
1287 1419 1496 1492 fingunt
1538 1421 1760 1483 maiitia,
1820 1427 1910 1473 aut

307 1514 672 1583 suspicantur
699 1528 908 1577 errore,
941 1516 1033 1564 aut
1077 1519 1352 1581 coguntur
1379 1511 1563 1563 dicere
1611 1509 1907 1563 indiscreto

302 1602 520 1670 dolore,
575 1602 718 1672 quod
779 1601 955 1672 magis
1013 1601 1190 1655 trahar
1239 1599 1306 1652 ad
1367 1599 1905 1672 archiepiscopatum

2028 450 2244 517 dedisti,
2270 451 2390 504 volo
2421 449 2710 515 custodire,
2735 448 2916 517 potius
2948 447 3211 516 eligerem
3235 444 3336 498 sub
3369 444 3615 514 praelato,

2028 541 2162 593 sicut
2196 539 2511 601 monachus,
2545 539 2749 593 servire
2798 545 2849 591 et
2880 536 3120 601 obedire,
3155 541 3207 588 et
3250 534 3319 587 ab
3351 533 3440 586 illo
3473 547 3608 586 con-

2026 628 2206 681 silium
2239 628 2438 680 anima:
2471 643 2602 681 mea:
2634 635 2684 679 et
2714 625 3022 680 necessaria
3051 622 3296 692 corporis
3327 621 3432 674 mei
3466 619 3612 674 acci-

2026 733 2173 788 pere.
2208 732 2368 785 quam
2413 715 2532 769 aliis
2560 714 2866 769 hominibus
2912 711 3178 767 dominari
3230 718 3320 764 aut
3351 724 3612 774 praeesse,

2026 822 2139 861 snve
2169 806 2246 859 ad
2269 805 2562 857 animarum
2595 803 3073 876 gubernationem,
3107 800 3224 854 sive
3255 799 3324 852 ad
3354 813 3611 866 corpora-

2023 895 2128 948 lem
2161 893 2628 956 sustentationem,
2661 899 2752 945 aut
2782 899 3024 944 terrenas
3054 888 3272 942 divitias
3302 886 3604 957 possidere.

2022 985 2101 1037 Tu
2133 984 2305 1048 vides,
2355 991 2406 1036 et
2437 991 2490 1036 tu
2540 990 2652 1036 esto
2685 979 2837 1034 testis
2887 995 3058 1042 meus,
3111 977 3254 1046 quia,
3298 977 3440 1029 sicut
3477 989 3611 1028 mea

2023 1073 2151 1126 mihi
2191 1072 2527 1128 conscientia
2573 1069 2730 1135 dicit,
2781 1067 2961 1122 nescio
3007 1065 3282 1135 quomodo
3337 1079 3424 1118 me
3481 1066 3604 1117 sine

2021 1169 2243 1233 peccato
2275 1162 2478 1231 possim
2509 1159 2758 1215 evolvere
2789 1156 2857 1211 ab
2905 1157 3005 1210 hac
3033 1170 3123 1208 me
3171 1153 3488 1225 eligentium
3519 1151 3608 1204 in-

2021 1252 2365 1311 tentione;et
2413 1249 2536 1318 quia
2581 1247 2755 1302 rimor
2786 1254 2924 1310 tuus,
2958 1253 3009 1299 et
3055 1244 3310 1310 Charitas,
3366 1250 3420 1297 et
3466 1241 3608 1296 obe-

2019 1341 2239 1400 dientia.
2275 1355 2409 1409 quas
2454 1338 2548 1391 tibi
2595 1345 2649 1391 et
2677 1334 2937 1390 Ecclesiae
2983 1340 3086 1388 tua!
3117 1332 3311 1397 debeo,
3362 1346 3453 1385 me
3508 1345 3607 1384 co-

2015 1436 2167 1500 gunt,
2203 1444 2290 1481 me
2324 1427 2512 1496 ligant,
2562 1432 2618 1479 ut
2648 1440 2756 1478 non
2783 1422 3018 1477 audeam
3051 1419 3322 1491 religiosis
3352 1417 3606 1487 precibus

2015 1533 2222 1583 eorum,
2269 1524 2321 1570 et
2357 1529 2557 1587 magno
2597 1512 2736 1567 sicut
2778 1511 2908 1565 mihi
2957 1509 3271 1570 ostendunt,
3333 1505 3608 1560 desiderio

2014 1605 2361 1676 pertinaciter
2389 1602 2783 1659 contradicere.
2818 1599 3069 1663 Domine,
3103 1599 3149 1651 si
3183 1595 3319 1651 fallit
3349 1611 3434 1650 me
3473 1611 3611 1650 con-

301 1691 504 1745 vitiosa
522 1690 796 1758 cupidate,
817 1705 977 1759 quam
1009 1704 1172 1760 cogar
1200 1688 1242 1714 “
1282 1687 1540 1759 religiosa
1555 1688 1894 1742 necessitate.

2015 1694 2240 1750 scientia
2271 1709 2412 1754 mea,
2447 1692 2670 1746 ostende
2702 1689 2832 1744 mihi
2866 1688 3138 1757 meipsum
3171 1694 3223 1739 et
3253 1685 3468 1756 corrige
3499 1700 3608 1751 me,

298 1778 524 1847 Quibus
553 1779 736 1832 nescio
769 1777 1042 1849 quomodo
1085 1776 1294 1847 possim
1341 1775 1665 1846 persuadere
1688 1791 1808 1846 quae
1839 1775 1907 1827 sit

297 1867 359 1921 in
392 1867 502 1922 hac
531 1883 592 1920 re
643 1867 974 1922 conscientia
1003 1881 1143 1929 mea,
1189 1865 1234 1919 si
1266 1865 1371 1918 illis
1404 1881 1513 1918 non
1565 1864 1830 1918 satisfecit
1867 1862 1908 1890 “

297 1966 418 2018 vita
449 1974 504 2020 et
555 1955 1062 2022 3ﬁﬁconservatio
1105 1971 1240 2010 mea.
1314 1953 1399 2008 Sic
1449 1953 1592 2008 enim
1642 1953 1752 2006 vixi
1790 1953 1908 2020 jam

296 2062 402 2115 per
449 2045 671 2115 triginta
719 2049 830 2098 tres
880 2059 1053 2098 annos
1109 2043 1163 2096 in
1212 2042 1398 2095 habitu
1464 2040 1788 2096 monachico
1836 2038 1905 2105 “,

294 2125 474 2186 tribus
511 2133 716 2188 scilicet
761 2132 878 2186 sine
927 2131 1264 2200 praelatione,
1318 2129 1628 2199 quindecim
1661 2129 1713 2182 in
1755 2130 1908 2199 prio-

297 2230 446 2286 ratu,
483 2221 703 2276 totidem
757 2220 811 2274 in
843 2221 1059 2274 abbatia
1106 2219 1281 2285 annis,
1327 2227 1382 2272 ut
1429 2235 1619 2273 omnes
1664 2219 1788 2273 boni
1824 2235 1908 2272 me

303 2311 613 2379 deligerunt
648 2311 739 2380 qui
781 2325 869 2364 me
895 2316 1176 2372 noverunt,
1209 2323 1313 2362 non
1345 2324 1468 2361 mea
1498 2307 1782 2372 industria,
1809 2307 1906 2361 sed

306 2398 487 2468 gratia
523 2398 617 2452 Dei
651 2397 904 2458 faciente.
954 2405 1004 2451 et
1045 2397 1224 2466 magis
1252 2395 1328 2448 illi
1360 2395 1448 2466 qui
1484 2411 1568 2448 me
1591 2393 1815 2448 interius
1855 2403 1908 2448 et

301 2485 625 2539 familiarius
670 2493 968 2551 noverunt;
996 2500 1095 2540 nec
1136 2484 1332 2553 aliquis
1380 2482 1432 2536 in
1488 2499 1574 2537 me
1618 2482 1822 2536 videret
1863 2481 1905 2509 ‘7

293 2572 518 2643 aliquod
548 2591 704 2643 opus,
739 2573 880 2627 unde
910 2589 995 2626 me
1022 2571 1335 2642 praelatione
1381 2571 1644 2625 delectari
1680 2585 1895 2641 cogno-

294 2671 496 2714 sceret.
558 2662 698 2729 Quid
761 2677 894 2729 ergo
942 2659 1495 2728 faciam?Quomodo
1563 2659 1900 2728 propulsabo

293 2756 352 2804 et
391 2751 740 2821 exstinguam
789 2751 927 2804 hanc
975 2749 1169 2803 falsam
1219 2755 1273 2802 et
1321 2747 1579 2802 odibilem
1631 2746 1898 2815 suspicio-

290 2853 449 2905 nem,
499 2854 569 2892 ne
613 2838 895 2892 animabus
933 2854 1121 2891 eorum
1168 2844 1358 2890 noceat
1401 2836 1492 2906 qui
1539 2851 1624 2888 me
1676 2843 1897 2904 propter

287 2926 468 2980 Deum
535 2926 852 2997 diligebant,
927 2926 1240 2980 charitatem
1285 2924 1389 2978 illis
1449 2923 1895 2987 minuendo;aut

2017 1792 2070 1838 et
2100 1783 2276 1853 dirige
2306 1783 2367 1837 in
2397 1784 2699 1851 conspectu
2732 1784 2824 1834 tuo
2856 1779 3003 1834 viam
3036 1775 3407 1844 menm(Psal.
3440 1791 3492 1837 v,
3531 1774 3606 1840 9).

2018 1874 2080 1928 Et
2109 1873 2223 1926 sive
2267 1871 2394 1924 mihi
2426 1870 2652 1940 placeat,
2696 1876 2753 1922 ut
2781 1867 2925 1937 quod
2975 1865 3248 1935 inceptum
3280 1870 3361 1917 est
3411 1863 3478 1915 ab
3507 1862 3610 1916 ho-

2019 1961 2260 2016 minibus
2288 1960 2354 2013 de
2389 1962 2487 2013 hac
2516 1957 2554 1985 ⁶¹
2600 1973 2722 2011 mea
2750 1955 3010 2010 electione
3045 1953 3155 2020 fiat,
3190 1951 3302 2006 sive
3333 1951 3519 2021 potius
3556 1956 3615 2004 ut

2018 2066 2125 2105 non
2141 2048 2249 2108 fiat.
2272 2049 2456 2103 Deduc
2474 2063 2561 2102 me
2583 2047 2642 2100 in
2659 2049 2747 2101 via
2769 2049 2885 2109 tua,
2905 2048 2964 2098 et
2980 2042 3274 2110 ingrediar
3292 2042 3354 2095 in
3374 2041 3612 2095 veritate

2019 2145 2120 2195 tua
2153 2138 2326 2207 (Psal.
2362 2151 2564 2201 Lxxxv,
2603 2136 2708 2203 tl).
2742 2132 2994 2198 Domine,
3028 2141 3081 2184 tu
3111 2129 3286 2194 vides,
3319 2129 3455 2182 sicut
3477 2126 3609 2189 dixi,

2016 2226 2406 2284 conscientiam
2438 2240 2635 2290 meam,
2687 2231 2741 2276 tu
2773 2229 2890 2276 esto
2923 2219 3052 2273 mibi
3099 2219 3250 2272 testis
3282 2217 3354 2271 ad
3387 2232 3480 2270 eos
3515 2217 3608 2287 qui

2015 2318 2173 2371 aliter
2201 2315 2269 2370 de
2322 2331 2406 2368 me
2437 2311 2838 2380 suscipiantur;
2865 2317 2916 2363 et
2948 2308 3186 2363 ostende
3217 2307 3321 2360 illis
3352 2321 3492 2370 earn,
3543 2320 3616 2359 ne

2013 2405 2212 2460 lmdant
2241 2419 2368 2458 suas
2399 2409 2490 2456 aut
2519 2401 2749 2454 aliorum
2778 2398 3003 2460 animas,
3037 2395 3182 2450 male
3205 2410 3324 2449 eam
3351 2393 3606 2460 judican-

2015 2501 2114 2548 tes.
2167 2494 2331 2557 Ecce,
2398 2487 2736 2544 dilectissimi
2780 2486 2967 2541 fratres
3013 2485 3142 2550 mei,
3208 2483 3430 2537 audistis
3477 2497 3609 2537 vere

2012 2581 2400 2639 conscientiam
2435 2593 2620 2632 meam
2651 2576 2720 2630 de
2749 2574 3258 2644 archiepiscopatus
3305 2570 3603 2636 desiderio,

2012 2672 2127 2725 sive
2150 2673 2493 2738 contemptu.
2527 2667 2585 2720 Si
2608 2667 2750 2720 enim
2787 2665 2899 2718 Deo
2921 2665 3107 2717 sciens
3125 2661 3374 2729 mentior,
3423 2659 3609 2720 nescio

2008 2760 2092 2815 cui
2152 2774 2338 2813 verum
2390 2757 2585 2810 dicam.
2665 2753 2720 2808 Si
2771 2752 2892 2822 quis
2957 2752 3214 2820 deinceps
3252 2757 3434 2804 contra
3481 2749 3605 2814 hoc,

2007 2849 2149 2919 quod
2181 2848 2247 2901 de
2278 2849 2379 2901 hac
2407 2861 2465 2899 re
2496 2843 2594 2898 sub
2644 2840 2936 2896 testimonii
2971 2841 3069 2894 Dei
3109 2839 3448 2894 invocatione
3470 2838 3606 2904 dixi,

2003 2954 2089 2991 me
2126 2935 2352 2990 voluerit
2384 2940 2573 3003 aperte
2617 2930 2702 2985 vel
2750 2929 2942 2984 callide
2976 2927 3116 2981 male
3167 2927 3326 2982 alicui
3357 2925 3398 2953 “
3447 2941 3606 2981 com-

282 3031 482 3069 eorum
516 3014 712 3085 quibus
742 3015 1115 3084 qualecunque
1156 3013 1439 3068 consilium
1465 3020 1553 3065 aut
1583 3011 1889 3080 exemplum
1925 3045 1974 3108 C
2007 3025 2287 3084 mendam.
2324 3031 2452 3092 ρηιο
2474 3019 2596 3089 quia
2633 3021 2773 3072 Deus
2803 3017 2905 3071 erit,
2926 3032 3138 3072 mecum
3170 3015 3434 3070 adversus
3453 3031 3598 3079 eum,

285 3104 576 3172 parvitatis
625 3103 885 3174 prodesse
934 3110 1162 3174 poterat,
1197 3119 1282 3156 me
1316 3101 1556 3170 pejorem
1601 3116 1758 3167 quam
1792 3099 1889 3152 sim

282 3191 404 3245 illis
450 3192 866 3261 persuadendo;
909 3201 998 3245 aut
1047 3191 1205 3246 etiam
1253 3191 1445 3243 h0rum
1489 3198 1541 3244 et
1587 3188 1810 3243 aliorum
1854 3185 1894 3214 "

285 3281 385 3351 qui
432 3297 516 3334 me
564 3296 670 3334 non
703 3286 968 3334 noverunt
1018 3289 1069 3335 et
1101 3281 1204 3333 hoc
1234 3278 1475 3342 audient,
1531 3278 1730 3330 malum
1785 3277 1892 3330 illis

283 3369 605 3438 exemplum
633 3366 674 3396 "
729 3369 1091 3439 proponendo
1115 3369 1141 3420 ?
1165 3369 1327 3429 Deus,
1362 3375 1415 3419 tu
1441 3365 1530 3437 qui
1553 3366 1739 3420 omnia
1760 3365 1887 3429 scis,

280 3472 395 3509 non
429 3473 514 3511 me
538 3456 779 3525 justifico
831 3456 1126 3511 secundum
1157 3471 1384 3510 examen
1434 3455 1652 3508 districti
1696 3453 1889 3523 judicii

281 3543 384 3611 tui,
417 3546 542 3613 quia
572 3545 659 3599 ille
691 3561 921 3616 magnus
952 3543 1244 3613 Apostolus
1275 3551 1417 3609 tuus,
1453 3544 1546 3613 qui
1578 3542 1760 3595 dicere
1792 3557 1886 3610 po-

278 3634 384 3685 tuit
409 3648 422 3687 ε
445 3633 596 3687 Nihil
615 3634 756 3688 mihi
778 3633 1033 3687 conscius
1053 3648 1178 3686 sum
1209 3632 1256 3700 (Ι
1275 3630 1398 3686 Cor.
1430 3631 1585 3699 mi),
1629 3645 1750 3684 cum
1784 3629 1884 3684 hoc

278 3720 530 3787 dixisset,
563 3720 796 3774 subdidit
823 3738 836 3774 :
863 3720 967 3775 Sed
997 3737 1111 3775 non
1134 3722 1198 3775 in
1229 3720 1330 3774 hoc
1359 3719 1709 3786 iustiﬁcata:
1731 3735 1878 3782 sum,

276 3809 377 3879 qui
403 3813 598 3863 autem
623 3809 846 3882 judicat
874 3825 963 3864 me
986 3809 1262 3863 Dominus
1294 3813 1400 3862 est.
1443 3809 1508 3861 Et
1532 3808 1723 3861 virille
1755 3807 1881 3860 sim-

273 3897 403 3965 plex
436 3906 488 3951 et
515 3906 712 3962 rectus,
746 3898 943 3952 timens
970 3899 1140 3951 Deum
1172 3906 1224 3951 et
1248 3897 1506 3950 recedens
1537 3913 1566 3950 a
1599 3896 1764 3961 malo,
1791 3895 1877 3950 cui

273 3992 331 4038 te
373 3985 497 4053 ipso
545 3993 698 4052 teste,
763 4000 871 4039 non
919 3993 1034 4039 erat
1081 3985 1275 4039 similis
1337 3985 1392 4038 in
1425 3995 1588 4049 terra,
1651 3986 1878 4040 verebar

270 4075 469 4128 omnia
498 4090 660 4142 opera
693 4089 816 4128 mea
835 4071 976 4134 (Job.
1009 4090 1082 4138 ix,
1115 4075 1238 4141 28):
1273 4073 1368 4128 sed
1399 4073 1699 4127 secundum
1731 4073 1875 4142 quod

266 4162 454 4216 anima
485 4177 613 4216 mea
658 4162 1066 4232 comprehendit
1107 4162 1496 4216 conscientiam
1539 4177 1714 4230 suam,
1773 4177 1870 4216 co-

269 4265 391 4304 ram
425 4259 477 4304 te
506 4250 630 4305 dico
660 4266 802 4314 eam,
837 4260 896 4304 ut
929 4267 1120 4304 omnes
1152 4250 1241 4321 qui
1276 4251 1411 4305 hanc
1447 4265 1630 4304 meam
1660 4250 1869 4319 episto-

265 4337 377 4391 lam
413 4337 595 4408 legent
624 4346 714 4392 aut
744 4339 982 4403 audient,
1016 4341 1116 4392 sub
1151 4347 1236 4392 tuo
1269 4337 1582 4393 testimonio
1612 4338 1784 4392 sciant
1815 4347 1867 4393 et

265 4437 492 4489 credant
528 4449 668 4490 eam.
701 4435 800 4503 Tu,
851 4435 1108 4500 Domine,
1146 4434 1314 4499 vides,
1365 4442 1419 4490 et
1448 4443 1500 4489 tu
1550 4443 1662 4490 esto
1707 4437 1862 4490 testis

267 4547 450 4595 meus,
480 4532 611 4602 quia
642 4532 845 4596 nescio,
879 4534 1022 4587 sicut
1053 4547 1174 4587 mea
1205 4531 1336 4585 milii
1364 4531 1694 4587 conscientia
1716 4532 1866 4599 dicit,

262 4626 400 4698 quid
445 4643 531 4681 me
565 4627 740 4697 rapiat
770 4626 811 4654 ‘°
856 4637 946 4682 aut
975 4629 1166 4699 alliget
1214 4629 1280 4681 ad
1313 4643 1638 4682 consensum
1685 4628 1866 4682 archi-

262 4725 636 4794 episcopatus,
679 4725 746 4778 ad
796 4741 958 4796 quem
1001 4725 1182 4780 subito
1238 4733 1423 4795 raptus
1475 4725 1673 4791 trahor,
1715 4741 1868 4781 amor

258 4820 500 4889 alicujus
544 4821 620 4876 rei
671 4837 831 4892 quam
880 4837 1070 4878 servus
1120 4831 1243 4876 tuus
1281 4829 1627 4892 contemptor
1668 4821 1863 4876 mundi

257 4916 464 4971 debeat
490 4925 872 4978 contemnere;
913 4925 966 4971 et
995 4918 1138 4987 quia,
1171 4917 1215 4972 si
1271 4916 1401 4970 mihi
1435 4917 1619 4972 liceret
1648 4925 1861 4972 servata

2007 3124 2057 3168 et
2091 3129 2188 3183 pro
2220 3127 2304 3166 me
2338 3107 2692 3179 respondi-bit
2721 3107 2770 3161 ei
2795 3121 2931 3178 ;ego
2982 3121 3110 3160 vero
3159 3104 3482 3158 consolabor
3513 3118 3600 3156 me

2003 3203 2108 3257 sub
2139 3199 2444 3256 testimonio
2488 3197 2613 3252 Dei.
2674 3197 2860 3250 Certus
2889 3202 3068 3248 autem
3111 3209 3228 3248 sum
3261 3193 3385 3262 quia
3430 3191 3594 3262 quid-

2002 3292 2130 3362 quid
2182 3291 2297 3344 baec
2326 3287 2461 3342 falsa
2501 3285 2740 3356 suspicio
2780 3283 2935 3337 alicui
2985 3282 3179 3336 animae
3231 3281 3318 3334 vel
3350 3281 3587 3345 nocebit,

2001 3387 2284 3451 peccatum
2324 3377 2430 3430 hoc
2469 3391 2638 3444 super
2688 3389 2745 3426 se
2775 3371 3096 3440 suscipient,
3131 3370 3177 3424 si
3217 3371 3400 3438 plures
3447 3377 3590 3435 sunt,

1999 3477 2251 3523 auctores
2278 3468 2390 3532 ejus
2416 3480 2429 3533 ;
2451 3473 2506 3519 et
2549 3464 2667 3518 sive
2701 3478 2839 3516 unus
2886 3461 3000 3515 sive
3031 3461 3150 3530 plus
3172 3459 3295 3526 sint,
3355 3446 3589 3512 maxime

1995 3574 2160 3628 super
2190 3573 2312 3610 eum
2346 3555 2450 3610 erit
2497 3555 2589 3622 qui
2621 3552 2855 3606 maxime
2895 3557 3080 3605 auctor
3110 3549 3223 3617 ejus
3271 3555 3370 3602 est.
3407 3547 3492 3601 Ad
3523 3562 3590 3602 ea

1995 3663 2123 3701 vero
2168 3645 2360 3716 quibus
2403 3643 2626 3714 quidam
2669 3649 2908 3695 vestrum
2962 3645 3157 3709 putant
3203 3653 3288 3692 me
3343 3636 3590 3706 potuisse

1991 3734 2383 3792 rationabiliter
2428 3730 2682 3787 electioni
2713 3729 2987 3799 praedicta
3033 3727 3311 3790 resistere,
3338 3726 3576 3780 breviter

1989 3824 2314 3895 respondeo.
2376 3822 2570 3876 Dicunt
2629 3820 2771 3874 enim
2809 3817 3074 3887 :Quando
3130 3823 3347 3871 coactus
3401 3822 3478 3868 est
3525 3821 3581 3868 ut

1987 3923 2173 3970 noster
2203 3912 2372 3966 abbas
2414 3910 2588 3974 fieret,
2632 3907 2852 3962 tradidit
2882 3924 2939 3960 se
2971 3906 3129 3961 nobis
3168 3905 3221 3958 in
3273 3919 3495 3959 servum
3527 3903 3584 3958 in

1985 4003 2204 4059 nomine
2235 3998 2477 4056 Domini.
2521 3999 2682 4058 Bene.
2715 3997 2840 4069 quia
2871 3997 2973 4050 hoc
2998 3994 3102 4050 feci
3135 3994 3186 4048 in
3218 3993 3440 4048 nomine
3473 3994 3576 4048 Do-

1983 4090 2134 4146 mini.
2195 4086 2335 4155 Quid
2377 4084 2464 4138 hic
2521 4081 2960 4153 intelligunt?An
3020 4087 3203 4150 putant
3259 4096 3345 4135 me
3369 4079 3581 4148 jurasse

1980 4178 2134 4234 vobis
2179 4175 2495 4230 servitutem
2547 4187 2642 4241 per
2687 4185 2885 4224 nomen
2932 4168 3196 4223 Domini?
3227 4168 3406 4239 utique
3470 4183 3578 4221 non

1981 4269 2082 4322 hoc
2112 4265 2234 4321 feci.
2268 4267 2351 4318 An
2386 4261 2526 4331 quod
2561 4258 2822 4313 Dominus
2852 4257 3013 4312 dicit:
3039 4255 3253 4327 Siquid
3286 4256 3568 4327 petieritis

1976 4358 2037 4412 in
2069 4355 2299 4412 nomine
2320 4367 2440 4406 meo
2459 4351 2642 4416 (Joan.
2667 4363 2778 4410 xvi,
2806 4347 2895 4411 23)
2927 4345 3005 4401 sic
3029 4345 3436 4415 intelligendum
3460 4351 3562 4409 est,

1979 4461 2039 4499 ac
2069 4444 2114 4498 si
2134 4443 2336 4498 diceret
2360 4459 2371 4493 :
2398 4440 2455 4494 Si
2487 4436 2750 4506 juraverit
2782 4435 2939 4503 Patri,
2991 4433 3228 4504 petendo
3247 4432 3449 4504 aliquid
3477 4449 3577 4504 per

1979 4548 2175 4587 nomen
2230 4513 2576 4594 bmeum;aut
2622 4524 2838 4596 quando
2905 4523 3565 4594 dicimus:Adjutorium

1978 4626 2236 4678 nostrum
2258 4621 2319 4674 in
2341 4617 2570 4673 nomine
2589 4613 2814 4672 Domini
2831 4613 3002 4679 (Psal.
3025 4629 3218 4679 CXXIII,
3244 4615 3563 4684 8),autquo-

1977 4721 2077 4775 ties
2108 4719 2336 4774 facimus
2367 4712 2590 4784 aliquid,
2629 4712 2745 4767 sive
2769 4711 2996 4767 dicimus
3029 4710 3066 4738 ⁸³
3098 4711 3149 4764 in
3181 4712 3400 4767 nomine
3447 4713 3561 4767 Do-

1974 4817 2125 4882 mini,
2177 4815 2338 4871 toties
2369 4814 2622 4881 juramus
2671 4827 2769 4881 per
2816 4826 3012 4866 nomen
3050 4809 3560 4882 Domini?Nequa-

1970 4930 2129 4984 quam
2155 4933 2166 4968 :
2193 4910 2465 4982 quomodo
2495 4916 2675 4964 autem
2720 4907 2814 4962 illa
2861 4907 3209 4979 intelligatur,
3247 4907 3380 4963 nihil
3412 4925 3555 4965 nunc

1575 5065 1807 5121 VARl/E
1847 5067 2020 5123 LECT
2025 5065 2147 5122 ION
2155 5065 2260 5120 ES.

348 5187 570 5258 “Quam
597 5204 881 5263 c0gorms.
901 5205 1061 5259 quam
1075 5205 1268 5262 cogar.
1318 5186 1481 5244 “Non
1499 5189 1765 5244 satisfecit
1787 5208 1885 5247 ms.
1907 5209 2012 5247 non
2028 5188 2300 5246 satisfacit.
2358 5190 2598 5244 “Habitu
2615 5187 2980 5263 monachims.
3002 5189 3185 5245 habitu
3204 5189 3526 5263 monachico
3540 5233 3552 5245 .

267 5261 314 5292 ⁸⁷
328 5263 504 5331 Aliqui
544 5263 596 5314 in
627 5258 740 5315 me
761 5258 1030 5316 viderunt.
1047 5306 1060 5315 .
1077 5258 1467 5331 cognoscerent
1492 5277 1621 5316 mss.
1641 5263 1895 5330 aliquisin
1916 5280 2000 5318 me
2022 5264 2267 5316 videret..
2284 5258 2812 5331 cognosceret."Aut
2829 5260 3055 5315 aliorum
3075 5280 3211 5319 mss.
3234 5268 3285 5318 et
3303 5262 3557 5321 aliorum.

264 5332 460 5387 "illud
491 5332 796 5401 exemplum
829 5350 958 5387 mss.
991 5332 1097 5386 illis
1126 5336 1460 5401 exemplum.

267 5421 418 5459 mss.
465 5403 848 5457 abhomnibus
877 5406 944 5456 de
983 5404 1108 5460 hac.

270 5474 365 5530 vel
404 5473 617 5540 callide,
647 5474 794 5529 male
831 5474 992 5530 alicui
1042 5479 1096 5532 et
1123 5490 1300 5531 c.ms.
1333 5479 1364 5528 2
1405 5473 1655 5538 voluerit,
1707 5484 1891 5544 aperte
1937 5480 2021 5531 vel
2070 5476 2285 5541 callide,
2331 5475 2472 5530 male
2520 5493 2605 5532 me
2637 5478 2799 5533 alicui
2846 5483 2952 5535 etc.

1551 5331 1741 5400 "Quid
1796 5350 1881 5388 me
1935 5338 2102 5404 rapiat
2132 5349 2263 5388 mss.
2297 5331 2566 5404 quodine
2609 5336 2794 5402 rapiat.

1188 5402 1315 5458 "Me
1352 5403 1581 5457 noluerit
1621 5411 1806 5474 aperte
1853 5407 1940 5460 vel
1986 5402 2182 5460 callide
2227 5405 2365 5457 male
2408 5403 2564 5459 alicui
2604 5410 2710 5460 etc.
2753 5423 2856 5461 ms.
2906 5411 2927 5461 1
2972 5425 3057 5462 me
3097 5409 3330 5462 voluerit
3368 5417 3558 5472 aperte

2895 5333 3019 5392 “Ab
3059 5337 3313 5392 omnibus
3351 5334 3418 5388 de
3460 5334 3564 5394 hac

3050 5479 3317 5549 "Quoties
3361 5478 3566 5548 aliquid

271 5545 393 5602 sive
424 5545 662 5603 dicimus
693 5561 832 5600 mss.
873 5546 1121 5620 quotiens
1152 5545 1377 5602 facimus
1401 5545 1607 5616 aliquid
1637 5547 1748 5602 sive
1781 5547 2038 5604 dicimus.
