4010 6064
369 269 439 324 23

905 269 962 327 S.
1003 267 1313 323 ANSELMI
1350 266 1692 322 CANTUAR.
1724 263 2049 320 ARCHIEP.

2088 263 2250 320 OPP.
2297 265 2471 323 PARS
2511 269 2606 322 III.
2627 297 2698 308 --
2727 267 3103 325 EPISTOLE.
3589 269 3668 324 ‘24

379 395 446 451 ad
480 411 602 457 me;
629 393 776 464 quod
821 409 949 449 vero
996 409 1100 463 ego
1132 391 1444 446 tunc“dixi
1492 392 1542 445 in
1593 393 1811 446 nomine
1859 393 1973 446 Do-
2004 390 2058 451 A
2089 396 2142 443 et
2171 390 2291 459 quia
2323 407 2596 463 nunquam
2621 391 2782 446 aliam
2816 392 3186 462 praelationem
3220 395 3474 450 haberem
3516 411 3676 466 quam

383 484 540 550 mini,
576 482 814 538 intellexi
845 491 897 537 et
943 481 1206 551 intelligo,
1244 480 1296 533 in
1349 480 1600 542 Domino,
1655 482 1756 536 hoc
1807 488 1882 534 est
1925 481 1980 534 in

386 573 518 627 Deo.
568 571 702 639 Quae
750 572 803 624 in
843 572 958 624 Deo
1011 567 1160 628 ﬁunt.
1202 568 1498 621 secundum
1557 570 1750 633 Deum,
1784 569 1838 623 id
1877 576 1979 636 est,

386 668 536 715 recte
585 658 732 713 fiunt.
775 658 907 713 Cum
954 672 1084 728 ergo
1125 656 1315 712 tradidi
1367 673 1450 710 me
1489 657 1643 711 vobis
1678 658 1729 710 in
1760 673 1982 712 servum

391 750 449 802 in
519 747 737 802 nomine
788 745 1024 810 Domini,
1071 744 1268 798 tradidi
1318 762 1407 799 me
1453 747 1607 800 vobis
1647 746 1699 799 in
1745 762 1981 811 servum,

395 845 655 907 quantum
687 835 855 905 potui,
903 834 1203 889 secundum
1235 835 1423 890 Deum.
1465 835 1703 888 Judicate
1745 850 1906 900 nunc,
1941 833 1987 888 si

396 929 498 981 hoc
528 924 694 980 modo
735 923 1003 994 abnegavi
1029 940 1040 984 ;
1064 930 1152 976 aut
1190 923 1232 976 si
1277 923 1426 992 potui
1465 923 1760 978 secundum
1815 923 1987 977 Deum

397 1014 669 1086 abuegare
700 1013 1112 1084 dispositionem
1145 1013 1239 1067 Dei
1269 1012 1337 1067 de
1366 1028 1474 1076 me,
1507 1013 1596 1067 cui
1631 1013 1847 1081 vellem,
1876 1013 1990 1067 nol-

396 1101 526 1170 lem,
581 1107 726 1156 recte
783 1101 1283 1169 subjacebamzaut
1330 1101 1711 1168 obedientiam,
1767 1102 1852 1157 cui
1899 1120 1991 1159 me

398 1190 611 1262 penitus
639 1189 988 1244 tradideram.
1028 1190 1166 1244 Cum
1200 1189 1346 1244 enim
1391 1190 1666 1258 professus
1703 1207 1821 1244 sum
1866 1208 1988 1246 mo-

400 1277 658 1341 nachum,
690 1277 966 1348 abnegavi
988 1278 1254 1346 meipsum
1290 1277 1440 1342 mihi,
1477 1283 1534 1331 ut
1554 1278 1809 1348 deinceps
1839 1295 1994 1334 meus

401 1382 509 1422 non
539 1381 744 1429 essem,
786 1366 840 1418 id
877 1373 956 1420 est
987 1381 1094 1420 non
1124 1367 1361 1420 viverem
1392 1367 1685 1420 secundum
1713 1369 1993 1438 propriam

400 1456 754 1520 voluntatem,
801 1455 897 1508 sed
954 1458 1252 1508 secundum
1301 1455 1848 1510 obedientiamzvera
1896 1473 1993 1510 au-

403 1529 534 1598 tem.
564 1543 874 1598 obedientia
918 1550 1010 1597 aut
1046 1551 1126 1597 est
1177 1544 1311 1607 Deo,
1361 1546 1454 1597 aut
1486 1544 1744 1599 Ecclesiae
1793 1545 1908 1610 Dei,
1944 1549 1998 1600 et

404 1641 525 1704 post
554 1633 724 1686 Deum
757 1632 990 1686 maxime
1021 1631 1279 1701 praelatis.
1323 1633 1472 1686 Hanc
1518 1649 1648 1703 ergo
1679 1649 1786 1687 non
1831 1635 1996 1703 abju-

2081 479 2428 533 Becceusem.
2464 479 2568 535 Sed
2590 481 2691 534 hoc
2714 482 3009 535 secundum
3041 481 3288 537 affectum
3315 500 3452 539 meae
3483 483 3678 538 volun-

2081 568 2212 619 tatis
2243 568 2507 637 dicebam,
2541 577 2594 623 et
2625 571 2922 624 secundum
2955 572 3078 631 hoc,
3103 571 3244 641 quod
3279 577 3330 624 in
3363 572 3681 627 defensioue

2084 662 2138 708 et
2167 658 2514 725 respOusioue
2547 674 2687 725 mea,
2730 658 2774 712 si
2805 658 2872 712 ad
2904 658 3062 712 aliam
3107 661 3476 729 piseationem
3519 676 3681 716 voca—

2084 760 2189 811 rer,
2221 744 2584 800 conﬁdebam.
2625 747 2731 801 Sed
2750 747 2876 816 quid
2913 748 2955 800 si
2991 749 3136 802 Deus
3166 749 3379 804 ordinat
3424 757 3481 802 ut
3515 750 3678 804 etiam

2086 833 2205 886 aliis
2223 833 2402 888 vivam
2435 843 2486 888 et
2516 835 2788 889 serviam?
2812 838 2894 889 An
2928 837 3107 891 debeo
3138 837 3368 907 superbe
3395 837 3685 892 resistere?

2090 922 2155 976 Et
2185 937 2288 993 ego
2335 929 2386 975 et
2415 939 2511 977 vos
2543 923 2662 992 plus
2692 940 2877 977 sumus
2911 925 3006 979 Dei
3041 942 3198 996 quam
3247 942 3351 997 ego
3383 935 3586 994 vester,
3633 933 3685 981 et

2089 1027 2186 1065 vos
2218 1011 2343 1065 mei.
2377 1012 2634 1083 Princeps
2674 1012 3040 1081 apostolorum
3089 1013 3224 1068 dixit
3274 1015 3688 1070 Dominozﬁon

2095 1100 2307 1155 Iavabis
2325 1101 2465 1155 mihi
2484 1101 2652 1174 pedes
2669 1103 2730 1156 in
2761 1107 3043 1157 aeternum
3075 1103 3260 1170 (Joan.
3289 1119 3408 1170 xm,
3436 1103 3517 1176 8).
3543 1103 3692 1157 Talis

2093 1197 2211 1244 erat
2239 1188 2484 1242 voluntas
2528 1190 2660 1257 ejus.
2696 1190 2800 1244 Sed
2845 1190 2972 1260 quid
3022 1191 3411 1246 Dominus?Si
3441 1209 3555 1246 non
3601 1193 3690 1247 Ia-

2094 1294 2221 1332 vern
2247 1277 2349 1332 tibi
2369 1277 2554 1348 pedes,
2578 1295 2691 1333 non
2727 1277 2947 1333 habebis
2973 1283 3196 1351 partem
3214 1296 3434 1334 mecum
3461 1280 3682 1351 (ibid.).

2097 1366 2164 1420 Et
2195 1367 2386 1420 Petrus
2418 1366 2541 1435 quid
2564 1366 2592 1419 ‘?
2617 1369 2872 1431 Domine,
2896 1385 3007 1423 non
3033 1373 3265 1424 tantum
3293 1369 3476 1440 pedes,
3512 1371 3605 1424 sed
3635 1373 3692 1424 et

2095 1471 2301 1509 manus
2325 1459 2378 1510 et
2396 1459 2567 1525 caput
2587 1456 2764 1526 (ibid,
2789 1461 2861 1525 9).
2882 1455 3087 1511 Tamen
3111 1473 3224 1511 non
3245 1457 3364 1512 ideo
3388 1457 3533 1510 illum
3551 1459 3697 1511 Deus

2098 1545 2404 1608 damnavit,
2439 1545 2565 1613 quia
2609 1547 2928 1599 sententiam
2961 1562 3113 1600 suam
3150 1562 3249 1617 pro
3289 1546 3473 1600 divina
3516 1554 3696 1600 muta-

2098 1633 2198 1698 vit,
2248 1633 2357 1686 imo
2409 1633 2476 1687 ad
2526 1633 2692 1702 pedes
2738 1636 2856 1697 ejus
2899 1650 2959 1688 se
3009 1633 3328 1690 humiliavit.
3389 1635 3697 1690 Praesume-

408 1721 544 1786 ravi,
578 1736 678 1774 nec
718 1720 1138 1792 abnegavi;sed
1182 1723 1360 1789 potius
1398 1723 1643 1791 servavi,
1685 1738 1805 1775 cum
1861 1723 1989 1790 dixi,
2023 1735 2077 1795 Β
2106 1720 2287 1775 bam“
2323 1723 2485 1789 367
2523 1722 2587 1775 de
2628 1721 2942 1777 fortitudine
2974 1723 3276 1796 etingenio
3331 1739 3454 1777 meo
3501 1723 3566 1777 ad
3612 1739 3700 1777 me

411 1810 468 1863 In
502 1809 719 1863 nomine
753 1808 991 1862 Domini.
1041 1808 1242 1862 Discite
1292 1810 1475 1880 itaque
1507 1809 1634 1879 quid
1683 1810 1836 1865 vobis
1879 1821 2008 1868 tunc

411 1897 557 1952 dedi.
592 1899 704 1953 Hoc
733 1898 938 1966 utique,
976 1906 1032 1950 ut
1062 1913 1150 1951 me
1181 1902 1359 1952 vestro
1391 1913 1498 1951 non
1534 1915 1754 1969 possem
1787 1901 2006 1955 subtra-

411 1987 540 2041 here
589 1989 811 2056 propria
877 1985 1150 2040 voluntate
1199 1987 1580 2049 servitio;nec
1653 2005 1897 2058 quaerere
1955 1998 2012 2044 ut

413 2076 784 2142 subtraherer,
830 2073 933 2128 nisi
991 2090 1057 2129 ea
1107 2085 1336 2146 cogente
1376 2075 1728 2144 dispositione
1781 2085 1836 2132 et
1870 2078 2011 2132 obo-

416 2163 640 2220 dientia.
673 2179 904 2233 quarum
930 2163 1080 2233 prius
1110 2163 1409 2218 secundum
1438 2165 1606 2219 Deum
1637 2181 1822 2220 servus
1841 2181 2009 2222 eram-

417 2252 576 2322 Quod
607 2261 783 2307 autem
818 2251 940 2316 feci,
965 2251 1007 2305 si
1038 2251 1192 2306 aliter
1222 2251 1472 2308 fecissem
1506 2270 1665 2323 quam
1697 2255 1830 2318 dixi,
1863 2264 2013 2311 certe

415 2357 513 2398 vos
542 2340 800 2396 monachi
824 2356 931 2394 non
968 2340 1178 2405 essetis,
1220 2340 1266 2396 si
1297 2341 1445 2411 quod
1477 2351 1660 2397 contra
1691 2343 1863 2398 Deum
1915 2360 2013 2399 vo-

417 2430 503 2485 bis
555 2429 951 2499 promisissem,
1003 2428 1324 2501 exigeretis.
1377 2430 1675 2499 Nunquam
1727 2440 2012 2502 antequam

419 2518 799 2574 concederetis
854 2533 941 2572 me
989 2517 1059 2570 ad
1113 2517 1634 2588 archiepiscOpatum
1679 2521 2012 2588 promoveri,

417 2609 556 2662 hanc
587 2621 762 2660 meam
797 2605 960 2660 vobis
993 2605 1180 2659 factam
1213 2605 1546 2660 deditionem
1576 2607 1733 2662 alicui
1765 2609 2015 2676 exposui,

421 2695 517 2750 sed
549 2693 871 2762 objiciebam
903 2709 1022 2748 eam
1055 2693 1206 2764 quasi
1237 2692 1620 2748 ﬁrmissimum
1651 2695 2015 2761 obstaculum,

422 2800 490 2839 ne
542 2781 1120 2854 promoverer;donec
1163 2781 1404 2837 intellexi
1451 2799 1540 2837 me
1587 2783 1830 2838 volentes
1886 2801 2019 2855 pro-

422 2887 646 2927 m0vere
682 2871 736 2924 in
762 2877 906 2924 tanta
936 2885 1047 2924 suae
1094 2870 1382 2924 voluntatis
1421 2870 1712 2939 persistere
1756 2880 2023 2927 constan-

425 2960 519 3029 tia,
571 2968 626 3014 ut
656 2967 708 3015 et
751 2958 818 3014 ad
852 2960 952 3013 hoc
981 2956 1021 2984 "
1060 2958 1192 3012 nihil
1227 2959 1423 3014 obesse
1452 2959 1841 3031 intelligerent,
1872 2970 1920 3016 et
1953 2960 2022 3014 ab

425 3048 643 3120 incepto
673 3064 730 3103 se
765 3047 1070 3102 nullatenus
1099 3049 1138 3080 ‘°
1164 3087 1178 3114 ,
1223 3055 1313 3101 aut
1343 3047 1507 3115 velle,
1559 3055 1650 3102 aut
1678 3048 1878 3103 debere
1919 3049 2020 3103 de-

429 3139 620 3193 sistere
650 3144 967 3191 assererent.
1003 3136 1198 3191 Dicunt
1225 3135 1384 3190 etiam
1418 3136 1636 3207 quidam
1681 3137 1810 3207 quia
1840 3145 1892 3192 et
1923 3153 2022 3192 vo-

429 3227 518 3280 bis
555 3224 856 3281 seeundum
898 3225 1070 3280 Deum
1116 3226 1276 3278 datus
1319 3239 1466 3279 eram
1494 3239 1507 3291 ;
1533 3233 1586 3279 et
1641 3225 1836 3296 quibus
1882 3233 2029 3280 recte

433 3315 696 3388 praelatus
726 3330 894 3378 eram,
927 3329 1037 3368 non
1069 3321 1214 3369 recte
1254 3330 1338 3368 me
1375 3329 1538 3384 posse
1567 3313 1776 3368 auferri
1806 3313 1872 3367 ab
1905 3314 2029 3378 illis,

434 3420 537 3461 nec
567 3419 654 3459 me
682 3403 881 3459 debere
910 3402 1208 3458 concedere
1232 3395 1290 3458 ⁵⁷.
1356 3404 1550 3457 Beatus
1593 3403 1847 3457 Martinus
1873 3397 1913 3425 ⁸³
1943 3419 2032 3456 se-

443 3495 678 3550 cundum
728 3493 900 3548 Deum
932 3491 1108 3546 abbas
1149 3499 1282 3556 erat,
1316 3499 1369 3545 et
1418 3500 1602 3545 tamen
1650 3491 1928 3546 monachis
1957 3498 2038 3545 est

444 3584 674 3648 ablatus,
725 3585 780 3636 et
825 3581 1058 3646 clericis,
1101 3587 1154 3634 et
1195 3581 1475 3635 monachis
1517 3587 1571 3635 et
1607 3579 1763 3634 laicis
1803 3580 1955 3647 viris,
1989 3587 2042 3634 et

448 3671 771 3726 mulieribus
835 3677 919 3724 est
974 3668 1241 3739 praelatus.
1304 3669 1498 3723 Petrus
1550 3668 1855 3739 apostolus,
1915 3675 2042 3738 puto

451 3761 574 3832 quia
603 3759 902 3816 secundum
933 3757 1103 3812 Deum
1148 3757 1444 3813 Antiochia}
1473 3756 1782 3812 cathedram
1827 3757 2044 3827 episco-

452 3851 632 3921 palem
666 3847 918 3909 tenebat;
941 3863 1042 3902 nec
1082 3853 1264 3900 tamen
1293 3845 1419 3900 dicit
1454 3846 1650 3916 aliquis
1694 3846 1816 3915 quia
1846 3859 2046 3915 pecca-

454 3940 549 4002 vit,
591 3954 712 3994 cum
767 3936 1075 3992 deserendo
1133 3951 1280 4003 eam,
1325 3935 1503 3989 studio
1563 3934 1795 4003 majOris
1843 3934 2051 3988 fructus

457 4029 682 4084 Romam
714 4024 993 4097 migravit.
1044 4026 1124 4078 Λιι
1167 4023 1291 4078 ideo
1334 4023 1620 4077 dicendum
1653 4031 1734 4077 est
1791 4022 1917 4093 quia
1946 4036 2051 4076 non

461 4116 758 4188 diligebant
809 4115 1019 4185 priores
1064 4112 1363 4182 discipulos
1391 4127 1537 4176 suos,
1570 4119 1660 4165 aut
1706 4111 1828 4181 quia
1870 4119 2057 4180 postea

461 4206 642 4261 minus
678 4220 775 4258 eos
809 4203 1140 4268 dilexerunt;
1168 4208 1260 4254 aut
1289 4200 1411 4268 quia
1444 4201 1586 4253 Deus
1631 4199 1976 4269 comtempsit
2006 4208 2059 4252 et

464 4293 699 4350 deseruit
728 4307 845 4359 eos,
873 4292 1001 4363 quia
1031 4289 1117 4344 isti
1148 4305 1244 4344 eos
1283 4288 2059 4359 corporaliterdeseruerunt?

465 4385 647 4454 utique
674 4398 783 4437 non
803 4389 886 4436 est
917 4378 1224 4446 dicendum,
1261 4378 1474 4432 fratres.
1526 4377 1646 4430 Non
1679 4393 1766 4429 me
1796 4390 2058 4444 comparo

2114 1809 2664 1871 defendendum;sed
2705 1811 2894 1864 fortior
2949 1819 3001 1865 et
3060 1811 3376 1883 ingeniosor
3423 1827 3506 1864 me
3559 1811 3703 1865 Deus

2112 1898 2228 1964 fuit,
2261 1907 2314 1953 et
2363 1899 2485 1954 ideo
2516 1900 2860 1969 praesumptio
2892 1916 3014 1954 mea
3046 1899 3176 1953 nihil
3220 1899 3339 1953 fuit.
3377 1899 3704 1969 lnsipienter

2110 2004 2199 2041 me
2228 1987 2464 2042 locutum
2517 2003 2639 2042 esse
2691 1987 2917 2042 forsitan
2963 1987 3101 2043 dicet
3159 1987 3372 2059 aliquis,
3419 1988 3570 2058 quasi
3618 2004 3704 2042 me

2105 2065 2448 2132 lustificando
2488 2083 2540 2129 et
2591 2075 2816 2148 dignum
2868 2076 3339 2146 archiepiscopatu
3379 2075 3704 2146 probando;

2115 2165 2210 2218 sed
2246 2165 2362 2219 falsi
2411 2164 2831 2220 calumniatores
2864 2164 2966 2218 mei
3015 2181 3101 2219 me
3133 2172 3452 2235 coegerunt,
3511 2180 3580 2217 ne
3609 2179 3707 2218 vos

2116 2261 2205 2308 aut
2234 2253 2464 2323 aliquem
2490 2253 2660 2307 alium
2696 2269 2905 2310 veneno
2923 2269 3032 2307 suae
3051 2252 3292 2306 falsitatis
3323 2251 3709 2308 inﬁciant.Nec

2115 2342 2261 2396 nitor
2278 2359 2362 2396 me
2380 2341 2602 2410 dignum
2627 2342 3091 2413 archiepiscopatu
3113 2341 3370 2410 probare.
3395 2341 3488 2396 sed
3513 2340 3709 2394 falsum

2118 2432 2324 2485 crimen
2369 2447 2674 2501 expurgare
2715 2429 2778 2484 ".
2831 2431 2938 2486 Sed
2977 2431 3042 2484 de
3089 2429 3193 2496 his,
3248 2429 3393 2483 unde
3452 2429 3710 2483 hactenus

2120 2518 2332 2573 loeutus
2380 2535 2518 2583 sum,
2552 2534 2695 2574 nunc
2745 2518 2843 2572 ista
2876 2517 3164 2573 sufﬁciant.
3216 2517 3293 2572 De
3339 2517 3710 2572 consolatione

2119 2623 2246 2662 vero
2283 2615 2453 2660 vestra
2505 2623 2674 2678 pauca
2705 2607 2950 2676 subjicio.
2997 2609 3194 2662 Precor
3221 2607 3404 2677 itaque
3445 2622 3561 2671 vos,
3600 2605 3712 2660 fra-

2121 2707 2229 2751 tres
2285 2696 2392 2749 mei
2440 2695 2794 2762 dilectissimi,
2851 2705 2907 2750 ut
2963 2685 3070 2750 non
3133 2694 3516 2750 contristemini
3575 2693 3715 2748 ultra

2119 2785 2342 2840 modum
2399 2793 2617 2856 propter
2668 2785 2963 2839 abSPntiam
3029 2801 3225 2840 meam.
3280 2784 3438 2838 Certe
3504 2782 3717 2836 tristitia

2121 2883 2301 2930 vestra
2353 2890 2467 2929 mea
2519 2881 2595 2928 est
2652 2873 2861 2928 tristitia
2909 2880 2961 2928 et
3003 2873 3305 2928 consolatio
3359 2880 3530 2928 vestra
3596 2887 3718 2927 mea

2123 2964 2423 3021 consolatio
2467 2971 2565 3018 est.
2597 2963 2718 3017 Non
2759 2963 2826 3016 sit
2855 2962 2908 3015 in
2953 2961 3175 3016 homine
3205 2977 3330 3032 spes
3369 2968 3568 3026 vestra,
3618 2959 3718 3014 sed

2131 3055 2183 3107 in
2215 3051 2506 3122 Deo-,quia
2535 3051 2580 3105 si
2611 3051 2739 3121 quid
2771 3050 2922 3105 vobis
2947 3050 3148 3120 profui,
3180 3065 3287 3104 non
3321 3065 3352 3103 a
3381 3065 3466 3103 me
3486 3048 3602 3114 fuit,
3623 3047 3722 3102 sed

2130 3143 2198 3197 ab
2247 3157 2339 3196 eo.
2397 3140 2545 3194 Multi
2587 3147 2810 3210 propter
2845 3156 2954 3204 me,
2993 3148 3046 3193 et
3076 3137 3187 3194 fere
3231 3154 3440 3201 omnes,
3492 3138 3721 3191 Beccum

2130 3231 2378 3295 venistis,
2407 3229 2501 3284 sed
2535 3228 2711 3282 nullus
2733 3235 2952 3298 pr0pter
2975 3244 3057 3281 me
3094 3227 3389 3282 monachus
3414 3223 3584 3280 factus
3604 3232 3719 3285 est;

2131 3334 2232 3373 nec
2273 3325 2499 3388 proyter
2542 3333 2692 3387 spem
2734 3315 3102 3371 retributionis
3147 3331 3279 3369 meae
3318 3330 3416 3370 vos
3470 3314 3586 3367 Deo
3621 3327 3722 3366 vo-

2133 3407 2401 3472 vistis;ab
2429 3405 2521 3460 illo
2564 3403 2650 3460 cui
2680 3408 2850 3458 totum
2889 3403 3115 3458 dedistis
3143 3403 3289 3474 quod
3337 3400 3622 3465 habuistis,
3655 3399 3726 3454 ab

2136 3497 2226 3551 illo
2253 3500 2567 3565 exspectate
2597 3502 2765 3549 totum
2806 3509 2913 3564 quo
2952 3493 3225 3567 indigetis.
3273 3491 3475 3546 Jactate
3513 3489 3726 3561 cogita-

2137 3595 2246 3640 tum
2279 3592 2513 3640 vestrum
2545 3582 2600 3638 in
2631 3580 2887 3651 Domino,
2921 3589 2972 3635 et
3001 3581 3112 3652 ipse
3143 3595 3244 3635 vos
3270 3578 3524 3634 enutriet.
3576 3577 3724 3633 Con-

2144 3673 2340 3730 vertite
2395 3681 2558 3727 totam
2616 3687 2803 3726 curam
2850 3669 2917 3724 ad
2961 3669 3038 3722 illi
3086 3667 3547 3733 serviendum;et
3611 3665 3729 3735 ipse

2144 3762 2408 3831 suscipiet
2440 3770 2602 3816 totam
2635 3775 2818 3814 curam
2855 3767 3089 3813 vestram
3112 3757 3182 3814 ad
3212 3771 3311 3810 vos
3351 3753 3724 3819 nutriendum.

2146 3854 2225 3907 De
2257 3867 2343 3905 me
2372 3865 2468 3904 vos
2501 3863 2711 3919 precor,
2751 3863 2817 3901 ne
2848 3847 3026 3900 minus
3066 3861 3152 3899 me
3201 3844 3466 3914 diligatis,
3516 3841 3560 3896 si
3590 3842 3739 3896 Deus

2149 3941 2216 3996 de
2260 3955 2347 3994 me
2388 3938 2514 3993 facit
2555 3937 2888 3991 voluntatem
2940 3949 3088 3988 suam
3117 3937 3207 4000 ;et
3252 3947 3323 3986 ne
3373 3939 3593 4001 propter
3637 3931 3743 3987 hoc

2152 4028 2397 4100 perdam,
2443 4027 2489 4079 si
2531 4023 2826 4096 aliquando
2861 4022 3028 4077 voluit
3058 4021 3238 4078 facere
3276 4017 3604 4073 voluntatem
3645 4032 3744 4072 ve—

2155 4127 2343 4178 stram,
2394 4117 2518 4184 quia
2576 4129 2683 4168 non
2732 4111 2925 4176 audeo,
2978 4106 3079 4165 nec
3138 4107 3332 4174 debeo,
3381 4123 3485 4161 nec
3528 4120 3743 4176 possum

2157 4208 2271 4260 Deo
2301 4204 2577 4265 resistere,
2612 4217 2711 4255 uec
2743 4199 2927 4254 adhuc
2946 4197 3105 4252 video
3137 4194 3412 4267 quomodo
3435 4209 3520 4248 me
3540 4191 3748 4265 possim

2160 4293 2425 4350 Ecclesiae
2454 4290 2753 4361 Anglorum
2785 4287 3122 4349 subtrahere,
3158 4284 3264 4337 nisi
3297 4284 3405 4350 Deo
3429 4279 3746 4336 resistendo.

2237 4387 2502 4452 Appareat
2523 4378 2649 4450 quia
2678 4393 2783 4432 non
2813 4392 2899 4430 me
2930 4373 3084 4429 vobis
3103 4371 3443 4429 solummodo
3465 4367 3751 4430 dilexistis,

465 4445 825 4544 ωαέηὶίυσῖηί
852 4484 1036 4524 eorum
1063 4483 1076 4535 ἓ
1100 4468 1195 4522 ⁵θά
1226 4475 1404 4521 "lmen
1437 4480 1542 4520 ηοη
1573 4463 1696 4518 ideo
1731 4481 1847 4518 sum
1895 4463 2054 4517 dam-
2088 4445 2137 4504 θ
2171 4471 2268 4525 sed
2283 4445 2349 4525 et
2382 4471 2516 4533 Deo,
2543 4445 2604 4521 tet
2635 4466 2783 4520 mihi.
2819 4465 2981 4519 Orate
3013 4477 3109 4532 pro
3138 4477 3244 4517 me.
3279 4469 3334 4514 ut
3364 4456 3625 4530 quidquid
3669 4454 3760 4509 ﬁat

470 4561 704 4628 nandus,
736 4558 781 4614 si
823 4558 892 4612 de
931 4574 1015 4610 me
1059 4556 1184 4611 facit
1213 4557 1354 4610 Deus
1389 4553 1595 4624 aliquid
1638 4552 1705 4605 ad
1740 4551 2055 4605 similitudi-

473 4667 598 4706 nem
642 4663 851 4704 eorum.
903 4645 1148 4701 Forsitan
1196 4644 1328 4699 dicit
1357 4640 1727 4714 aliquis:Non
1768 4655 1827 4694 es
1872 4641 2056 4700 homo,

473 4741 561 4797 cui
591 4747 740 4794 tanta
769 4751 858 4792 res
884 4733 1172 4791 conveniat
1210 4730 1270 4785 ⁸⁸.
1306 4732 1416 4787 Ηοο
1447 4731 1622 4800 ipsum
1652 4728 1720 4782 de
1767 4743 1853 4782 me
1899 4726 2061 4782 corde

473 4837 528 4885 et
553 4845 646 4884 ore
670 4827 872 4896 judico.
906 4825 1011 4880 Sed
1039 4823 1225 4878 dicuut
1254 4821 1405 4886 mihi,
1436 4818 1818 4889 qualiscunque
1865 4819 1960 4880 sis,
2011 4823 2064 4870 te

473 4927 739 4989 volumus,
776 4933 828 4980 te
876 4939 982 4978 non
1009 4920 1342 4976 dimittimus.
1378 4915 1813 4972 Reminiscuntur
1841 4913 2063 4986 quidam

473 5023 603 5096 quia
632 5022 814 5079 dicere
840 5020 1086 5076 solebam
1117 5015 1260 5089 quod
1290 5014 1491 5071 nollem
1532 5012 1720 5069 vivere
1747 5010 1850 5068 uisi
1889 5009 2060 5078 vobis,

2167 4560 2235 4615 de
2281 4575 2387 4624 me,
2435 4558 2578 4612 bono
2620 4553 2725 4608 ﬁne
2770 4569 2867 4623 per
2901 4551 3128 4623 gratiam
3181 4548 3278 4602 Dei
3327 4553 3758 4602 consummatur.

2170 4647 2429 4703 Abbatem
2455 4653 2694 4700 vestrum
2728 4659 2790 4695 ex
2819 4643 2919 4695 hac
2951 4641 3082 4693 hora
3113 4637 3278 4691 nolite
3298 4651 3385 4690 me
3413 4641 3760 4704 exspectare;

2171 4738 2266 4792 sed
2325 4736 2638 4790 dilectorem
2686 4738 2922 4784 vestrum
2978 4736 3031 4780 et
3083 4725 3374 4779 sollicitum
3432 4737 3530 4792 pro
3585 4721 3761 4784 vobis,

2170 4825 2410 4898 quantliu
2441 4823 2638 4884 vivam,
2669 4821 2784 4874 Deo
2814 4824 3066 4872 servante
3094 4814 3422 4868 voluntatem
3451 4825 3611 4880 quam
3635 4808 3767 4863 mihi

2171 4897 2237 4969 de
2273 4913 2428 4968 vobis
2471 4911 2639 4974 dedit,
2684 4907 2891 4961 scitote.
2935 4904 3228 4972 Nunquam
3271 4909 3452 4955 tamen
3498 4897 3768 4953 dimittam

2175 5010 2494 5073 potestatem
2527 4995 2731 5068 ligandi
2773 5002 2825 5049 et
2859 4989 3126 5056 solvendi,
3159 4996 3210 5042 et
3247 4987 3400 5042 vobis
3427 4982 3764 5048 consulendi,

1750 5239 1980 5297 VARLE
2029 5232 2331 5292 LECTION
2337 5229 2440 5286 ES.

552 5458 754 5529 “Quod
797 5473 928 5512 vero
966 5462 1107 5529 tunc
1133 5471 1270 5509 mss.
1312 5450 1454 5529 quod
1494 5463 1622 5504 vero
1661 5461 1764 5529 ego
1805 5453 1956 5499 tunc.

483 5519 868 5595 mssfincepto
911 5543 969 5581 se
1000 5519 1486 5579 nullatenus."7.\ie
1516 5519 1820 5595 concedere
1856 5531 1986 5595 mss.
2021 5529 2107 5567 me

1387 5572 1481 5650 res
1505 5572 1812 5649 conveniat.
1860 5585 2231 5640 "Praesumam
2263 5593 2390 5634 mss.
2425 5572 2836 5646 praesumebam.

2003 5441 2115 5498 "Ut
2155 5439 2325 5492 ethoc
2345 5437 2453 5488 etc.
2484 5447 2589 5486 ms.
2625 5433 2645 5483 ἱ
2676 5427 2816 5482 utarl
2855 5427 2957 5480 hoc
2979 5427 3084 5498 etc.
3145 5419 3413 5498 “lacepto
3445 5417 3770 5498 nullatenus

2138 5489 2339 5562 «labere
2359 5503 2679 5559 concedere.
2719 5497 2956 5552 "Beatus
2989 5496 3196 5549 Marcus
3223 5507 3360 5546 mss.
3388 5490 3580 5543 beatus
3615 5489 3765 5542 Mar—

2869 5566 3228 5640 "EXpurgavi
3265 5577 3404 5618 mss.
3441 5573 3767 5632 expurgare.
