4010 6064
351 262 440 320 26

1676 267 1805 324 LIB.
1838 265 1932 332 III,
1963 264 2186 322 EPIST.
2219 268 2362 325 VIII.
3598 264 3669 321 26

356 403 535 460 quam
565 389 733 445 habui
761 389 817 446 in
863 392 1041 455 vobis.
1075 393 1312 465 quandiu
1360 392 1553 460 abbas,
1584 393 1674 464 qui
1716 400 1838 464 post
1885 407 1972 445 me
2004 391 2057 452 A
2086 393 2240 457 meis,
2278 395 2369 465 qui
2402 412 2487 451 me
2517 403 2742 468 pr0pter
2772 398 2942 452 Deum
2990 410 3087 451 sua
3131 392 3307 467 gratia‘
3352 389 3669 458 dilexerunt,

358 478 495 543 erit,
528 486 584 533 et
612 481 834 552 vos,qni
867 482 970 537 sub
1001 480 1095 537 illo
1125 482 1302 549 eritis,
1336 483 1439 539 hoc
1468 482 1601 537 mihi
1623 480 1969 538 concedetis:

358 565 556 622 ﬂendo
586 575 640 622 et
670 569 758 622 vix
788 569 933 625 dico.
965 571 1198 627 Domino
1243 581 1427 627 nostro
1474 572 1602 626 Jesu
1654 570 1891 636 Christo,
1922 577 1974 623 et

357 655 479 723 piae
505 656 756 726 genitrici
796 659 915 728 ejus
962 659 1169 725 Mariae,
1202 667 1255 715 et
1300 660 1465 715 Beato
1514 661 1692 725 Petro,
1725 658 1810 714 cui
1859 659 1976 726 ipse

360 744 784 800 commendavit
812 761 943 802 oves
971 763 1114 809 suas,
1150 756 1203 803 et
1230 748 1390 803 beato
1429 748 1718 803 Benedicto
1749 750 1975 816 (secun-

360 831 503 886 dum
532 832 693 902 cujus
722 834 969 906 regulam
999 836 1367 891 obedientiam
1412 835 1645 907 professi
1671 834 1716 866 “
1742 836 1895 905 estis)
1922 842 1976 889 et

363 919 497 974 aliis
526 922 731 977 sanctis
762 923 859 979 Dei
888 938 988 980 vos
1029 926 1373 991 commendo,
1403 924 1742 980 dilectissimi
1789 924 1977 978 fratres

364 1009 506 1076 mei,
537 1016 592 1065 et
618 1026 809 1065 eorum
839 1012 1042 1067 meritis
1085 1021 1137 1068 et
1185 1013 1678 1069 intercessionibus
1718 1014 1837 1083 ipse
1883 1011 1974 1083 qui

363 1112 472 1152 vos
504 1098 733 1153 redemit
777 1101 852 1153 sit
896 1109 1081 1156 vester
1126 1109 1170 1139 ⁸³
1216 1101 1406 1168 abbas,
1438 1102 1511 1156 sit
1558 1110 1735 1157 vester
1777 1108 1971 1167 custos,

360 1184 489 1257 ipse
518 1187 683 1243 faciat
711 1204 809 1243 vos
841 1197 964 1259 post
993 1190 1134 1245 hanc
1155 1190 1330 1245 vitam
1352 1191 1510 1246 beate
1531 1192 1710 1246 vivere
1728 1190 1782 1244 in
1802 1204 1975 1262 regno

361 1289 490 1331 suo.
523 1276 602 1330 Ibi
634 1291 736 1331 sua
763 1277 964 1348 pietate
993 1278 1199 1333 tribuat
1229 1279 1361 1334 mihi
1391 1294 1491 1335 vos
1532 1279 1739 1344 videre,
1772 1286 1824 1333 et
1867 1293 1973 1333 vo-

361 1362 587 1418 biscum
617 1365 739 1419 sine
767 1365 875 1421 fine
903 1368 1164 1436 gaudere,
1183 1369 1276 1440 qui
1299 1376 1381 1422 est
1408 1369 1557 1423 Deus
1580 1366 1900 1422 benedictus
1919 1365 1974 1420 in

361 1452 601 1508 saecula.
640 1456 837 1508 Amen.
871 1456 1133 1511 Mirantur
1160 1456 1315 1511 multi
1346 1472 1419 1512 ex
1474 1456 1650 1519 vobis,
1682 1470 1820 1526 quos
1862 1463 1974 1509 tam

360 1539 510 1595 dulci
543 1550 593 1596 et
626 1542 884 1597 familiari
914 1543 1210 1599 dilectione
1237 1544 1629 1615 amplectebar,
1663 1551 1720 1598 ut
1762 1542 1971 1598 unicui-

364 1645 484 1700 que
514 1630 689 1685 videri
716 1639 907 1699 posset
937 1648 1023 1687 me
1054 1633 1260 1688 nullum
1286 1634 1449 1688 alium
1472 1633 1678 1704 pariter
1696 1632 1969 1698 dilexisse,

365 1732 471 1773 cur
497 1733 604 1772 non
655 1717 760 1772 illis
814 1719 1048 1792 singulis
1105 1721 1348 1793 aliquam
1408 1727 1610 1776 nostrae
1665 1720 1972 1776 dilectionis

363 1808 939 1863 commemorationem
972 1809 1176 1865 scribo.
1204 1810 1312 1865 Sed
1343 1809 1517 1864 sciant
1546 1811 1671 1880 quia
1711 1824 1818 1863 non
1869 1810 1971 1863 hoc

364 1893 494 1949 facit
525 1895 732 1951 oblivio
761 1912 905 1961 mea,
937 1897 1033 1953 sed
1063 1898 1351 1953 multitudo
1380 1914 1597 1953 eorum.
1637 1898 1705 1952 Et
1751 1896 1968 1953 forsitan

363 1982 592 2049 faciam,
620 1999 743 2039 cum
777 1986 960 2055 magis
990 1995 1359 2056 Opportunum
1392 1985 1492 2041 erit
1519 2001 1533 2054 ;
1564 1994 1616 2040 et
1646 1985 1692 2039 si
1724 1999 1829 2040 non
1854 2000 1969 2039 om-

358 2071 546 2136 nibus,
579 2073 767 2127 saltem
802 2074 1094 2145 aliquibus.
1133 2075 1248 2130 Hoc
1272 2082 1478 2129 tantum
1508 2075 1574 2129 ad
1606 2089 1843 2144 praesens
1865 2073 1969 2127 illis

358 2158 507 2226 dico,
540 2166 600 2215 ut
646 2161 1065 2217 reminiscantnr
1094 2162 1221 2234 quia
1274 2178 1379 2218 non
1430 2163 1501 2218 ob
1548 2163 1695 2217 aliud
1746 2177 1840 2216 eos
1889 2161 1967 2217 sic

359 2247 554 2316 dilexi,
586 2248 693 2304 nisi
726 2257 782 2305 ut
810 2249 921 2322 ipsi
952 2252 1131 2306 Deum
1162 2259 1214 2308 et
1241 2252 1453 2306 animus
1478 2268 1605 2306 suas
1649 2250 1964 2321 diligerent.

362 2337 470 2406 Ipsi
496 2345 622 2392 sunt
644 2338 774 2392 mihi
806 2347 994 2409 testes,
1024 2340 1131 2395 hoc
1155 2340 1224 2396 de
1254 2340 1331 2394 illi
1359 2356 1577 2409 semper
1624 2347 1677 2395 et
1725 2340 1794 2394 de
1839 2354 1965 2394 om-

362 2425 528 2480 nibus
558 2426 717 2482 vobis
753 2427 1035 2491 desidero,
1065 2430 1169 2484 hoc
1215 2444 1428 2499 precor,
1463 2429 1566 2484 hoc
1613 2443 1830 2496 moneo,
1861 2428 1964 2483 hoc

358 2514 631 2570 consulo:
693 2516 799 2571 hoc
856 2515 1068 2581 faciant,
1103 2524 1152 2572 et
1207 2517 1286 2573 sic
1343 2533 1564 2588 semper
1617 2515 1964 2571 dilectionem

357 2618 544 2657 meam
597 2602 970 2659 inviolabilem
1028 2620 1161 2678 erga
1212 2622 1270 2660 se
1322 2605 1641 2662 servabunt.
1699 2603 1964 2659 Abbatem

355 2691 525 2746 vobis
551 2693 816 2748 sustinere
852 2691 1124 2757 festinate,
1157 2693 1378 2764 expedit
1427 2693 1573 2750 enim
1623 2692 1809 2748 vobis.
1850 2693 1964 2747 Va—

352 2779 498 2834 lete.
540 2779 688 2835 Hanc
716 2780 999 2850 epistolam
1048 2789 1310 2846 nostram,
1343 2782 1753 2852 quibuscunque
1803 2788 1963 2851 pote-

350 2867 472 2936 stis,
490 2884 593 2940 pro
613 2870 969 2926 excusatione
987 2870 1143 2926 falsa:
1163 2871 1231 2926 de
1250 2887 1336 2926 me
1354 2870 1683 2942 suspicionis
1704 2867 1746 2896 “
1776 2878 1961 2925 osten-

348 2956 505 3024 dite;
539 2964 592 3014 et
636 2957 873 3014 maxime
930 2959 1252 3015 reverendis
1307 2958 1545 3016 dominis
1602 2966 1654 3016 et
1715 2958 1959 3013 Patribus

2085 482 2367 554 episcopis
2397 494 2449 539 et
2479 485 2788 553 abbatibus,
2820 486 2885 540 de
2917 485 3110 555 quibus
3141 499 3227 537 me
3259 483 3435 553 magis
3482 483 3669 551 gravet

2083 571 2129 624 si
2159 571 2228 626 de
2258 589 2343 628 me
2373 574 2580 645 aliquid
2601 575 2935 647 suspicando
2962 572 3004 601 “
3036 587 3368 644 perversum,
3395 569 3669 623 falluntur.

2081 660 2222 715 Nolo
2251 661 2393 715 enim
2424 663 2766 718 dilectionem
2796 678 2979 718 eorum
3013 663 3278 716 ullatenus
3309 658 3553 729 perdere,
3576 655 3673 711 sed

2083 763 2321 820 semper,
2353 765 2449 805 eos
2478 753 2790 808 venerando
2819 760 2871 806 et
2899 751 3196 822 diligendo,
3230 747 3374 802 illam
3406 745 3598 801 mereri
3620 751 3673 798 et

2082 837 2377 894 custodire.

2580 928 2917 985 EPFTOLA
2957 929 3075 984 Vlll
3109 927 3176 984 “.

2365 1032 2609 1074 ΑΝεεωιι
2637 1034 2707 1073 AD
2732 1033 3031 1074 HONACHOS
3051 1031 3383 1072 BECCBNSES.

2087 1142 2153 1199 Ut
2178 1141 2540 1214 Guilletmum
2555 1143 2650 1214 qui
2665 1143 2814 1214 apud
2830 1144 3101 1197 Pexeium
3123 1142 3276 1213 prior
3290 1140 3406 1207 fuit
3422 1139 3483 1214 in
3506 1137 3667 1214 abba;

2155 1216 2270 1266 tem
2290 1213 2540 1283 eligant;
2558 1208 2614 1268 et
2636 1208 2864 1269 ut'hanc
2886 1229 3084 1268 curam
3102 1208 3392 1283 suscipiat,
3409 1210 3457 1283 ei
3475 1208 3670 1283 praeci-

2150 1281 2561 1408 ρίἏίὴΒιέιάνὶεο
2586 1287 2779 1341 autem
2808 1300 2881 1340 ne
2907 1286 3226 1356 prioratum
3252 1281 3531 1344 dimittat,
3552 1281 3670 1351 ipsa

2151 1371 2218 1409 ιη
2264 1371 2282 1409 ι
2321 1371 2349 1409 a
2386 1395 2400 1408 .

2153 1450 2489 1505 Dulcissimis
2542 1458 2596 1507 et
2651 1451 3022 1507 dilectissimis
3092 1450 3224 1515 suis,
3285 1450 3447 1504 domo
3501 1444 3671 1519 priori

2080 1541 2371 1605 BALDBICO,
2431 1547 2482 1594 et
2535 1540 2655 1594 aliis
2719 1541 3000 1595 monachis
3074 1539 3450 1601 Beccensibus,
3505 1536 3671 1592 frater

2079 1630 2398 1695 Amemus,
2430 1629 2520 1699 qui
2552 1630 2812 1685 hactenus
2840 1630 2920 1684 eis
2947 1630 3047 1684 sub
3075 1629 3289 1683 abbatis
3318 1626 3536 1681 nomine
3555 1640 3670 1680 ser-

2000 1749 2054 1812 B
2083 1716 2213 1771 vivit
2239 1729 2301 1785 07,
2329 1733 2359 1770 a
2392 1718 2505 1772 Deo
2538 1734 2754 1787 semper
2778 1718 3035 1773 custodiri
3066 1728 3115 1773 et
3148 1716 3380 1788 protegi.

2154 1806 2288 1874 Deo,
2321 1806 2389 1861 de
2420 1822 2505 1860 me
2539 1808 2680 1877 quod
2715 1808 2845 1873 vult,
2876 1819 2934 1863 ut
2960 1808 3028 1862 de
3058 1815 3302 1863 creatura
3335 1820 3448 1869 sua,
3480 1802 3664 1869 velim,

2078 1892 2265 1958 nolim,
2325 1894 2665 1965 disponente,
2735 1905 2786 1950 et
2844 1896 3147 1952 reverenda
3204 1894 3427 1950 domino
3481 1898 3666 1948 nostro

2075 1982 2325 2054 principe
2355 1984 2855 2039 Nortnmannorum
2900 1985 3134 2041 Roberto
3191 1983 3563 2047 concedente;
3613 1986 3666 2035 et

2074 2071 2492 2143 archiepiscopo
2514 2081 2699 2129 nostro
2731 2073 3021 2130 Guillelmo
3059 2073 3429 2145 praecipiente,
3462 2078 3516 2126 et
3562 2084 3665 2124 vo-

2073 2159 2161 2214 bis
2211 2176 2242 2215 a
2286 2161 2400 2216 Deo
2443 2162 2669 2231 coactis,
2704 2163 3026 2229 faventibus,
3056 2180 3087 2218 a
3132 2169 3317 2217 vestra
3364 2174 3496 2215 cura
3542 2173 3661 2212 sum

2074 2247 2442 2313 absolutus,et
2482 2251 2677 2320 majori
2718 2251 3006 2307 involutus.
3032 2251 3088 2308 Si
3127 2252 3272 2306 Deus
3306 2249 3460 2304 vobis
3490 2247 3663 2302 dede-

2071 2337 2143 2391 rit
2168 2353 2287 2392 eam
2319 2339 2553 2409 gratiam
2587 2339 2831 2409 praedicti
2862 2340 3068 2394 domini
3101 2339 3273 2395 nostri
3306 2336 3587 2408 principis,
3608 2342 3663 2390 ut

2071 2426 2142 2481 de
2172 2426 2417 2482 Ecclesia
2446 2435 2623 2481 nostra
2655 2429 2809 2483 vobis
2839 2429 2969 2483 velit
3008 2429 3140 2483 dare
3181 2427 3456 2493 abbatem,
3477 2433 3530 2480 et
3559 2440 3664 2479 no-

2073 2521 2246 2569 strum
2279 2514 2403 2569 inde
2429 2516 2683 2588 dignetur
2726 2516 2910 2572 audire
2952 2516 3256 2580 consilium,
3288 2514 3367 2569 illi
3406 2522 3459 2569 et
3507 2512 3663 2568 vobis

2072 2603 2196 2659 dico
2226 2604 2351 2673 quia
2375 2604 2448 2674 ('2)
2484 2604 2551 2661 de
2580 2605 2729 2661 nullo
2759 2606 2889 2661 mihi
2915 2606 3108 2662 melius
3138 2605 3351 2661 videtur
3384 2618 3549 2673 quam
3595 2601 3663 2656 de

2070 2692 2274 2747 domno
2305 2693 2619 2762 Guillelmo,
2644 2696 2744 2766 qui
2775 2693 2924 2765 prior
2954 2694 3051 2749 fuit
3073 2694 3214 2766 apud
3234 2692 3511 2749 Pexeium.
3532 2689 3662 2745 Etsi

2064 2780 2237 2849 jussio
2266 2781 2491 2852 gloriosi
2523 2783 2728 2837 domini
2762 2784 2928 2838 nostri
2960 2783 3219 2855 principis
3250 2782 3304 2837 in
3335 2784 3438 2837 hoc
3482 2779 3660 2846 fuerit,

2072 2870 2219 2939 quod
2249 2870 2452 2924 utinam
2485 2871 2558 2926 ita
2588 2871 2700 2939 fiat,
2737 2888 2842 2943 ego
2873 2889 3087 2945 quoque
3132 2871 3247 2936 tibi,
3285 2870 3453 2926 frater
3496 2868 3661 2923 Guil-

2072 2957 2251 3025 lelme,
2287 2959 2339 3013 in
2371 2958 2588 3015 nomine
2616 2960 2829 3016 Domini
2860 2977 2959 3034 per
3000 2968 3246 3016 sanctam
3294 2958 3661 3015 obedientiam

1680 3081 1912 3138 VARIIE
1943 3080 2338 3138 LECTIONES

425 3178 738 3260 "Regulam
769 3178 1000 3260 professi
1032 3199 1143 3260 ῃοε.
1186 3186 1226 3260 1⁸
1248 3182 1510 3254 Regulam
1542 3180 1906 3237 obedientiam
1938 3177 2187 3260 professi.
2244 3180 2417 3260 ’βιρδς
2465 3180 2554 3253 qui
2599 3198 2722 3260 eos”
2752 3182 2980 3260 τεάφηιίι
3021 3181 3283 3260 sanguine
3320 3196 3440 3246 suo.
3471 3195 3660 3260 ερτυφ

350 3245 1155 3326 meritis'etjntercessionibus
1183 3252 1264 3308 sic
1293 3245 1478 3326 vcster
1507 3270 1620 3326 ms.
1644 3261 1697 3307 et
1726 3266 1914 3307 eorum
1939 3245 2171 3326 'meritis
2220 3245 2295 3326 ειΔ
2320 3245 2828 3326 intercessionibus,
2861 3256 2978 3325 ipse
3030 3245 3150 3326 qui"
3171 3269 3267 3326 vos
3310 3245 3560 3315 redemit,
3588 3250 3658 3326 psit

353 3327 562 3394 vester.
592 3321 804 3394 “Falsa:
832 3323 1154 3394 suspicionis
1186 3342 1377 3381 mmss.
1415 3325 1562 3379 falsae
1591 3324 1659 3378 de
1690 3339 1777 3377 me
1826 3321 2175 3394 suspicionis.
2217 3321 2660 3391 “Suspicandum
2707 3342 2851 3381 mss.
2881 3321 3262 3393 'suspi'cando.
3310 3326 3493 3379 “Cum
3522 3324 3657 3394 rcis-

352 3390 490 3447 dem
515 3407 648 3448 mss.
679 3390 1218 3451 collata.""ﬂatenus
1246 3396 1349 3451 sub
1375 3396 1601 3452 Abbatis
1633 3394 1850 3448 nomine
1881 3390 2119 3447 serviunt
2152 3409 2283 3447 mss.
2320 3390 2580 3449 hactenus
2608 3395 2690 3450 eis
2722 3399 2825 3450 sub
2875 3390 3104 3450 Abbatis
3139 3395 3361 3449 nomine
3390 3393 3645 3449 servivit.

1577 3518 1604 3571 J
1612 3515 1809 3572 OANN
1813 3513 1872 3568 IS
1905 3513 2186 3568 PICARDI
2218 3514 2428 3571 NOTAE

431 3613 612 3688 (illis
631 3612 798 3670 nullo
813 3614 957 3688 mitti
975 3616 1181 3672 melius
1201 3616 1426 3673 videtur
1451 3631 1621 3688 quam
1642 3615 1706 3669 de
1728 3612 1954 3688 domino
1985 3607 2034 3670 C
2067 3609 2236 3688 illam_
2260 3622 2615 3670 converteret.
2659 3614 2801 3684 Quid
2835 3616 2991 3688 plura
3008 3616 3036 3669 ‘?
3067 3613 3276 3688 Annuit
3306 3610 3560 3688 petitioni
3602 3617 3657 3664 et

356 3683 694 3753 Guittelmo,
724 3694 828 3739 etc.
871 3687 1008 3742 Hinc
1052 3696 1205 3742 certo
1253 3683 1472 3742 certius
1500 3694 1581 3740 est
1630 3685 1953 3739 Anselmum

354 3755 499 3811 intus
526 3762 580 3808 et
609 3756 666 3809 in
696 3763 817 3811 cute
869 3758 1012 3812 hunc
1058 3773 1220 3812 nosse
1268 3757 1631 3821 Willelmum,
1666 3771 1788 3811 cum
1833 3768 1953 3822 spe-

353 3826 632 3907 cialenon
666 3832 872 3907 tantum
890 3828 970 3907 Ade
1000 3842 1066 3882 eo
1112 3829 1301 3907 in_st_1i
1351 3830 1529 3884 locum
1581 3826 1813 3907 legendo
1864 3823 1955 3878 det

356 3897 671 3975 consilium,
706 3896 805 3952 sed
851 3904 904 3952 et
945 3908 1129 3954 votum
1175 3900 1362 3975 faciat;
1389 3916 1514 3975 quae
1562 3896 1781 3975 quidem
1824 3911 1949 3975 cer-

357 3967 567 4041 tissimo
611 3975 735 4041 sunt
777 3977 1099 4041 argumento
1149 3967 1432 4041 probitatis
1475 3978 1530 4025 et
1577 3967 1952 4024 Sanctimoniae

359 4038 966 4111 Guillclmi.jAgedum,
997 4038 1277 4096 videamus
1310 4041 1458 4095 illum
1488 4042 1794 4109 pusionem,
1819 4053 1949 4111 seu-

358 4110 572 4179 simque
612 4108 1035 4177 adoléscentem,
1084 4112 1368 4166 videamus
1415 4108 1669 4170 tironem,
1703 4125 1822 4164 cum
1864 4108 1952 4179 hic

359 4177 647 4236 videamus
678 4178 912 4235 futurum
942 4198 1048 4237 non
1080 4183 1202 4238 dico
1241 4192 1560 4238 veteranum
1603 4182 1823 4235 militem
1854 4177 1951 4232 sed

360 4251 581 4323 ducem.
644 4254 959 4322 Anonymus
1014 4254 1269 4319 Beccens,
1311 4254 1365 4306 in
1423 4253 1656 4323 prologo
1703 4251 1951 4306 Historiae

364 4322 608 4393 ejusdem
669 4324 952 4388 pollicetur
999 4340 1056 4379 se
1103 4324 1223 4393 ejus
1269 4322 1712 4392 successorisque
1776 4323 1949 4376 Vitam

363 4391 596 4463 posteris
625 4392 934 4448 relicturum
969 4410 981 4446 :
1015 4391 1157 4450 unde
1187 4404 1267 4449 est
1297 4396 1441 4463 quod
1482 4391 1679 4450 certius
1725 4393 1774 4446 ei
1820 4408 1947 4447 cre-

363 4464 554 4519 damus
585 4464 952 4519 narrationem
985 4466 1088 4520 hoc
1108 4466 1399 4520 verborum
1431 4466 1665 4520 stamine
1696 4463 1946 4517 ordienti.

440 4557 463 4583 .
488 4534 823 4589 Venerabilis
839 4536 1020 4590 Abbas
1036 4536 1191 4592 Becci
1211 4536 1551 4598 Guillelmus,
1567 4536 1734 4590 nobili
1754 4535 1951 4590 North-

365 4619 688 4661 mannorum
720 4608 966 4679 prosapia
1002 4608 1537 4679 originemtrahens,
1561 4608 1614 4679 in
1649 4607 1951 4679 veteri‘ca-

362 4684 475 4729 atro
527 4691 695 4743 super
738 4676 967 4741 Rullam,
1000 4676 1143 4746 quod
1191 4678 1388 4733 dicitur
1436 4677 1766 4743 Monsfortis,
1794 4676 1954 4732 claris

363 4746 691 4818 parentibus
704 4755 797 4818 est
817 4755 1067 4803 exortus.
1109 4750 1266 4803 Pater
1296 4752 1418 4818 ejus
1448 4749 1755 4816 Turstinus,
1787 4756 1954 4802 mater

365 4817 619 4889 _Alberet_a
664 4817 969 4889 dicebatur,
1018 4818 1243 4889 Rogerii
1286 4821 1357 4875 de
1400 4820 1751 4882 Bellommste,
1788 4818 1954 4874 Patris

363 4887 590 4961 Roberti
621 4888 861 4961 comitis?
891 4906 961 4945 ex
1004 4887 1193 4946 sorore
1240 4891 1436 4959 neptis.
1469 4890 1578 4961 Qui
1636 4906 1768 4959 puer
1821 4890 1948 4944 dum

361 4958 545 5031 adhuc
570 4958 625 5012 in
655 4960 1072 5031 cunisjaceret,
1104 4962 1259 5029 gravi
1300 4958 1542 5017 molestia
1590 4958 1760 5016 tactus
1806 4977 1944 5031 pene
1970 4962 2030 5026 D

360 5028 534 5102 visum
566 5029 768 5102 amisit.
799 5030 1008 5086 Territa
1037 5041 1210 5086 mater
1237 5047 1335 5098 pro
1366 5033 1474 5087 tilio
1504 5033 1695 5102 lugens
1714 5028 1948 5088 cucurrit

361 5099 430 5154 ad
458 5100 750 5169 quamdam
781 5103 1070 5158 ecclesiam
1094 5104 1150 5159 S.
1185 5103 1439 5159 Germani
1472 5103 1525 5158 in
1552 5099 1742 5159 eodem
1774 5113 1948 5159 castro

363 5170 543 5244 sitam.
577 5180 627 5227 et
656 5170 853 5244 obtulit
883 5172 1033 5227 illum
1064 5190 1229 5243 super
1264 5174 1430 5231 altare
1463 5174 1709 5244 ejusdem
1764 5174 1947 5230 eccle-

363 5239 476 5304 siae,
508 5242 880 5315 vovenskl)eo,
910 5250 965 5300 et
992 5239 1323 5301 beatissime
1356 5245 1450 5301 Dei
1473 5239 1726 5315 genitrici
1746 5245 1950 5307 Mariae.

365 5320 666 5391 sanctoque
692 5312 991 5391 Germano.
1022 5317 1163 5385 quod
1195 5317 1238 5370 si
1283 5333 1418 5391 puer
1457 5312 1616 5391 illam
1655 5316 1951 5391 incommo-

363 5380 593 5438 ditatem'
630 5384 930 5451 oculorum,
980 5380 1166 5442 eorum
1209 5380 1416 5445 au'xilio
1485 5388 1754 5452 eraderet,
1800 5390 1951 5444 illum

362 5452 592 5528 servitio
636 5454 734 5509 Dei
790 5456 1043 5523 nutriret,
1086 5457 1391 5528 litterisque
1445 5458 1802 5514 imbuendum
1849 5468 1953 5515 tra-

365 5522 519 5578 deret
548 5524 817 5600 simulque
843 5522 1060 5600 rogavit
1101 5522 1383 5593 Deumfut
1429 5530 1473 5582 si
1520 5531 1681 5600 aliter
1724 5547 1951 5600 puerum

365 5608 558 5653 sanare
586 5596 771 5667 nollet,
803 5597 859 5652 in
888 5596 966 5669 se,
998 5598 1053 5653 id
1095 5607 1173 5655 est
1214 5601 1268 5655 in
1315 5607 1539 5657 matrem
1589 5596 1953 5659 infirmitatem

2067 3690 2192 3762 voto
2222 3681 2379 3762 bonae
2410 3688 2595 3762 matris
2621 3681 3131 3762 gratiaSalvatoris
3154 3681 3340 3751 nostri,
3360 3684 3655 3762 pictasque

2066 3754 2182 3822 ejus
2211 3756 2565 3811 sanctissimae
2614 3757 2928 3823 Genitricis,
2960 3774 3061 3813 nec
3110 3773 3216 3811 non
3260 3763 3313 3809 et
3360 3754 3656 3810 beatissimi

2065 3824 2397 3898 confessoris
2444 3828 2728 3893 Germani,
2778 3838 2832 3883 et
2877 3829 3053 3884 infans
3105 3828 3330 3898 integrae
3374 3825 3655 3898 restitutus

2067 3902 2171 3967 est
2199 3896 2437 3966 sospitati
2464 3915 2477 3960 ;
2510 3909 2733 3954 matrem
2764 3916 2891 3956 vero
2935 3896 3527 3967 infirmitas'corripuit,
3556 3909 3656 3949 nec

2069 3965 2237 4020 multo
2269 3965 2391 4038 post
2432 3969 2703 4041 exstinxit.
2737 3970 2919 4026 Crevit
2949 3986 3103 4041 puer,
3137 3978 3187 4023 et
3235 3965 3475 4041 cumulad
3518 3981 3656 4021 con—

2066 4052 2255 4108 gruam
2304 4040 2641 4107 pervenisset
2680 4050 2916 4106 etatem,
2949 4038 3173 4096 traditus
3221 4048 3303 4094 est
3352 4038 3658 4092 litterarum

2065 4108 2263 4162 studiis
2283 4110 2633 4183 imbuendus.
2658 4112 2833 4181 Ctepit
2861 4113 3039 4183 itaque
3069 4113 3245 4183 bonae,
3266 4109 3461 4183 indolis
3495 4124 3654 4183 esse,

2066 4195 2250 4235 amore
2280 4180 2376 4234 Dei
2409 4181 2642 4249 fervere,
2673 4179 2797 4238 cuin
2830 4179 3067 4239 honestis
3094 4182 3365 4244 incedere,
3397 4181 3469 4234 ab
3494 4179 3655 4233 inho-

2067 4251 2234 4305 nestis
2273 4251 2510 4306 animum
2552 4269 2833 4309 revocare.
2866 4256 2982 4309 iam
3033 4254 3217 4307 mundi
3267 4252 3449 4306 luxum
3496 4265 3655 4320 sper-

2068 4323 2251 4386 nebat,
2281 4324 2392 4389 jam
2425 4339 2694 4390 sermone,
2726 4334 2875 4380 actus
2902 4334 2952 4380 et
2985 4324 3166 4379 habitu
3194 4323 3354 4377 talem
3399 4337 3460 4375 se
3511 4320 3658 4376 exhi-

2069 4393 2231 4466 bebat
2286 4400 2338 4447 ut
2388 4393 2500 4463 jam
2560 4403 2687 4450 tunc
2737 4396 2890 4466 quasi
2945 4396 3243 4449 monachus
3289 4394 3355 4448 ab
3400 4392 3655 4466 omnibus

2068 4464 2382 4535 haberetur,
2423 4474 2683 4535 quantum
2726 4464 2794 4519 ad
2841 4468 2962 4521 vitae
3011 4481 3329 4533 morumque
3376 4464 3655 4535 spectabat

2068 4533 2528 4592 informationem.
2561 4537 2617 4591 Si
2648 4537 2866 4606 quando
2896 4552 2927 4590 a
2965 4538 3213 4604 cOgnatis
3242 4546 3293 4592 et
3338 4535 3532 4590 amicis
3585 4533 3654 4588 ad

2068 4606 2283 4662 scholas
2311 4607 2514 4678 aliquid
2562 4608 2807 4675 pecunia
2840 4607 2939 4661 sibi
2990 4608 3307 4672 mitteretur,
3339 4606 3489 4678 quasi
3536 4621 3651 4678 rem

2069 4678 2270 4733 malam
2328 4677 2897 4749 vitabat_suscipere;
2928 4680 3068 4734 sicut
3118 4676 3475 4749 condiscipuli
3532 4677 3653 4749 ejus

2066 4749 2210 4804 soliti
2274 4758 2424 4803 erant
2480 4747 2700 4815 referre,
2734 4747 2843 4803 Vita
2914 4750 3195 4805 avaritiam
3271 4747 3649 4819 perhorrebat.

2067 4820 2315 4891 Cumque
2342 4818 2653 4875 vicesimum
2686 4823 2931 4889 quintum
2977 4829 3166 4891 ageret
3209 4818 3383 4875 aetatis
3430 4834 3653 4891 annum,

2064 4889 2380 4946 desiderans
2434 4905 2620 4945 vocem
2680 4891 2894 4945 Domini
2950 4889 3174 4960 implere
3230 4890 3508 4946 dicentis:
3552 4889 3657 4956 Qui

2064 4980 2175 5019 non
2194 4978 2292 5018 ren
2302 4963 2493 5017 untiat
2505 4963 2762 5018 omnibus
2773 4980 2895 5032 quw
2905 4964 3289 5033 possidet,non
3303 4964 3485 5033 potest
3497 4976 3655 5033 meus

2059 5050 2177 5094 esse
2198 5034 2512 5104 discipulus
2531 5052 2548 5088 :
2565 5039 2620 5088 et
2641 5034 2829 5105 siquis
2845 5032 3104 5105 vultpost
3129 5049 3218 5089 me
3252 5032 3440 5088 venire
3476 5032 3651 5086 abne-

2059 5052 2177 5094 esse
2198 5052 2512 5104 atSClputuS
2531 5052 2548 5088 :
2565 5052 2620 5088 ei
2641 5052 2692 5087 st
2706 5052 2829 5159 im:
2845 5052 2969 5089 vuu
2980 5052 3104 5105 post
3129 5052 3218 5089 me
3252 5052 3440 5088 vemrc
3476 5052 3649 5086 αοηε-

2057 5109 2150 5181 get
2169 5105 2555 5181 semetipsum,
2571 5108 2629 5159 et
2647 5111 2714 5181 to_
2731 5106 3065 5181 (agnitae-tn
3098 5121 3283 5166 suam.
3303 5108 3358 5161 et
3379 5108 3649 5181 sequatur

2058 5174 2169 5243 inc,
2203 5174 2522 5230 renun’tians
2553 5176 2776 5239 mundo,
2810 5175 2966 5231 Becci
3009 5174 3180 5231 factus
3229 5184 3307 5231 est
3354 5174 3652 5231 monachus

2061 5249 2162 5304 sub
2193 5246 2538 5302 sanctissimo
2566 5246 2762 5301 abbate
2809 5247 3092 5302 Anselmo.
3128 5248 3407 5311 Ingressus
3455 5260 3651 5300 mona-

2060 5318 2286 5375 sterium
2344 5316 3008 5389 intentissimereligioni
3060 5318 3371 5374 monasticae
3424 5331 3650 5389 operam

2061 5392 2272 5446 dabat:
2316 5388 2535 5445 lectioni
2589 5396 2642 5443 et
2698 5388 2916 5443 silentio
2971 5389 3222 5444 assiduus
3281 5388 3653 5445 vitam'suam

2061 5464 2289 5518 honeste
2319 5460 2593 5516 custodire
2621 5460 2912 5515 admodum
2944 5462 3208 5515 studebat.
3243 5463 3322 5515 Ita
3375 5463 3486 5514 Deo
3531 5461 3652 5531 pla-

2059 5550 2188 5589 cere
2227 5533 2471 5601 cupiens,
2506 5531 2813 5585 hominibus
2859 5532 3077 5598 charus,
3106 5532 3157 5584 in
3202 5531 3392 5584 castris
3436 5532 3651 5587 Domini

2042 5603 2328 5673 'Sabaoth,
2361 5603 2476 5676 ejus
2505 5602 2665 5676 signa
2706 5617 2955 5679 sequens,
2987 5618 3086 5673 per
3122 5602 3429 5675 quindecim
3477 5619 3652 5667 annos
