3998 6076
331 247 401 302 27
871 245 929 302 S.
971 243 1274 300 ANSELMI
1317 243 1658 299 CANTUAR.
1700 242 2015 298 ARCHIEP.
2059 241 2218 298 OPP.
2265 243 2433 300 PARS
2472 246 2565 300 Ill.
2599 275 2667 286 —
2709 243 3086 301 EPISTOLE.
3557 249 3626 303 28

332 369 616 442 precipio,
647 377 704 423 ut
734 370 872 424 hanc
917 385 1100 425 curam
1144 371 1196 424 in
1247 385 1341 437 spe
1386 366 1568 422 auxilii
1620 367 1740 431 Dei,
1774 376 1917 420 tuam
1953 373 2003 431 A
2035 375 2139 424 tua
2165 367 2466 423 dilectionis
2499 369 2550 421 in
2596 370 2732 425 Deo.
2767 377 2822 422 ut
2871 383 2972 424 nec
3022 374 3202 438 putem
3252 387 3340 426 me
3383 371 3627 442 indigere

332 468 666 529 pestponens
711 459 978 530 requiem,
1013 475 1112 530 pro
1163 460 1384 512 fratrum
1437 465 1649 510 tuorum
1694 456 1926 510 utilitate

332 547 608 602 humiliter
637 547 925 614 suscipias.
960 549 1096 601 Istas
1129 548 1334 600 litteras
1368 560 1614 615 congruo
1658 552 1924 614 tempore,

335 644 387 690 et
411 636 634 690 domino
665 643 872 702 nostro,
904 640 958 689 et
988 634 1422 705 congregationi.
1459 642 1508 687 et
1541 633 1738 702 quibus
1768 648 1926 700 opor-

334 725 486 789 tebit,
517 725 640 778 volo
671 724 1016 794 praesentari.
1055 723 1173 776 Tibi
1206 739 1440 794 quoque,
1476 721 1720 775 Baldrice
1750 721 1920 790 prior,

333 829 432 884 per
475 820 716 867 sanctam
761 811 1124 865 obedientiam
1183 811 1462 882 praecipio,
1515 818 1571 863 ut
1619 810 1923 879 quicunque

337 902 408 956 sit
436 902 622 965 abbas,
656 900 949 970 prioratum
983 917 1091 953 non
1124 900 1372 965 deseras,
1407 897 1508 952 nisi
1540 898 1656 966 ejus
1704 905 1758 953 et
1804 913 1923 952 meo

335 1005 624 1055 consensu,
657 989 788 1043 dum
822 989 974 1043 vivo.
1010 989 1216 1042 Valete.

856 1076 1190 1131 EPISTOLA
1227 1076 1301 1130 1X
1331 1081 1390 1128 ⁸⁸.

653 1179 894 1218 ANSELMI
925 1180 995 1218 AD
1024 1179 1290 1218 BOGERUM
1321 1177 1595 1218 ABBATEM.

705 1253 1124 1308 commendatio
1153 1253 1517 1308 Beccensium
1531 1291 1544 1304 .

408 1337 640 1395 Domino
684 1341 829 1394 Patri
874 1342 1198 1406 reverendo,
1250 1339 1434 1394 abbati
1484 1340 1736 1406 Rooaao,
1769 1342 1930 1397 frater

339 1428 657 1493 Axsawus,
692 1429 745 1482 in
778 1429 878 1483 hac
904 1429 1012 1482 vita
1042 1445 1303 1499 prospere
1332 1428 1515 1484 vivere
1535 1429 1590 1483 in
1621 1431 1926 1498 sanctitate,

338 1513 390 1568 in
423 1515 598 1572 futura
631 1518 864 1573 feliciter
892 1520 948 1571 in
979 1519 1295 1575 aeternitate.

409 1605 499 1661 Sic
529 1606 688 1661 nobis
711 1606 948 1662 invicem
977 1608 1180 1663 conscii
1211 1625 1395 1663 sumus
1421 1625 1526 1681 ego
1557 1616 1610 1664 et
1656 1625 1754 1664 vos
1801 1625 1927 1665 mu-

2033 457 2307 528 precibus,
2340 462 2397 511 ut
2428 457 2545 527 ipsa
2577 474 2794 527 semper
2822 457 2872 511 in
2907 458 3082 519 nobis,
3118 460 3361 528 quandiu
3407 461 3623 527 vivetis,

2035 547 2215 608 vivat;
2250 563 2352 600 nec
2384 561 2480 600 vos
2525 547 2794 617 indigere,
2831 546 3295 616 persuasionibus,
3329 548 3474 619 quia,
3509 551 3624 604 Deo

2033 643 2324 701 annuente,
2359 635 2598 707 quandiu
2638 637 2836 702 vivam,
2870 635 2921 689 in
2974 651 3060 690 me
3111 653 3216 690 non
3265 636 3504 692 deﬁciet.
3545 639 3624 694 De

2033 724 2278 780 Ecclesia
2321 724 2475 778 Becci
2521 724 2671 792 (quia
2718 725 2850 778 nihil
2877 725 2916 754 ⁸⁸
2947 725 2999 777 in
3045 726 3147 780 hoc
3191 726 3391 780 mundo
3439 727 3626 796 purius

2031 812 2218 876 dilexi,
2255 828 2355 867 nec
2383 812 2594 883 diligo),
2629 813 2674 866 si
2705 822 2882 866 vestra
2938 813 3202 868 Sanctitas
3221 814 3628 883 supplicationi-

2031 901 2132 955 bus
2163 900 2452 974 indigeret,
2487 901 2668 970 utique
2699 901 2864 956 corde
2913 906 2966 955 et
3016 901 3226 967 litteris,
3261 903 3386 973 quia
3435 903 3628 957 verbis

2030 1005 2271 1060 praesens
2319 1005 2552 1061 nequeo,
2612 994 2874 1060 quantum
2954 1005 3170 1061 possem
3240 991 3626 1060 supplicarem,

2034 1086 2298 1148 quatenus
2331 1078 2404 1132 illi
2429 1086 2603 1132 vestra
2632 1077 2949 1143 consolatio,
2977 1087 3031 1132 et
3057 1087 3292 1133 vestrum
3341 1079 3630 1136 consilium

2035 1172 2089 1221 et
2137 1167 2397 1220 auxilium
2449 1183 2557 1221 non
2609 1167 2843 1232 deesset,
2877 1173 2930 1220 et
2981 1176 3035 1221 ut
3089 1165 3230 1222 filios
3287 1169 3432 1237 ejus,
3475 1169 3626 1223 velut

2035 1255 2425 1326 primogenitus
2454 1260 2508 1309 et
2537 1258 2713 1320 maior
2745 1254 2910 1310 frater
2952 1271 3164 1317 eorum,
3198 1265 3418 1326 paterna
3467 1256 3631 1312 solli-

2032 1343 2268 1399 citudine
2299 1352 2352 1399 et
2389 1353 2639 1399 materna
2685 1343 2968 1399 dulcedine
3015 1344 3292 1400 foveretis.
3320 1345 3432 1399 Sed
3485 1361 3629 1415 quo—

2036 1433 2185 1487 niam
2235 1441 2408 1488 vestra
2447 1433 2750 1504 prudentia,
2783 1440 2835 1486 et
2884 1441 3082 1488 vestrae
3127 1435 3406 1488 charitatis
3447 1434 3632 1489 since-

2039 1522 2172 1576 ritas
2202 1521 2310 1577 hoc
2350 1522 2506 1576 vobis
2547 1521 2877 1593 persuadere
2927 1523 3045 1577 sine
3100 1537 3223 1577 mea
3261 1522 3634 1577 exhortatione

2039 1609 2329 1678 suﬂicinnt,
2364 1619 2417 1667 et
2443 1626 2550 1683 ego
2581 1615 2802 1681 propter
2847 1610 3024 1664 cordis
3069 1611 3458 1666 abundantiam
3507 1625 3635 1666 om-

1632 1733 1860 1788 VARLE
1900 1732 2296 1790 LECTIONES
2309 1775 2321 1788 .

409 1825 591 1886 “Cum
622 1829 838 1887 duobus
863 1832 1124 1902 praefati:
1152 1847 1287 1886 mss.
1318 1831 1549 1889 collata.
1610 1829 1797 1898 "Quia
1831 1831 1966 1886 nihil
1999 1849 2142 1888 mss.
2186 1849 2293 1904 qua
2325 1832 2480 1886 nihil.

1542 1953 1834 2011 JOANNIS
1875 1955 2153 2012 PICARDI
2195 1957 2423 2013 ΝΟΤᾸΞ.

344 2051 545 2124 strenui
578 2051 761 2106 militis
790 2052 967 2108 oﬁicio
1019 2051 1258 2118 functus,
1290 2052 1418 2109 huic
1465 2053 1673 2107 militia:
1718 2054 1776 2107 Β.
1812 2057 1927 2106 An-
1963 2056 2015 2114 B
2048 2053 2131 2109 vel
2191 2055 2444 2108 vestitum
2493 2055 2849 2124 pertinentes,
2893 2053 3200 2124 ubicunque
3248 2050 3499 2124 monachi
3543 2066 3640 2104 es-

345 2123 516 2177 selmo
547 2125 688 2178 duce
720 2125 968 2177 militavit
1021 2133 1126 2177 tam
1183 2133 1399 2177 strenue
1459 2131 1514 2178 ut
1561 2139 1753 2178 omnes
1810 2139 1932 2177 eum

345 2193 653 2263 diligerent,
714 2203 764 2248 et
823 2197 999 2248 nullus
1057 2197 1125 2248 de
1182 2211 1247 2248 eo
1302 2203 1744 2264 conquereretur,
1790 2194 1938 2247 fama

349 2264 604 2318 bonitatis
633 2267 749 2332 ejus
781 2267 1206 2333 circumquaque
1235 2265 1434 2319 bonum
1485 2264 1682 2319 Christi
1714 2265 1936 2319 odorem

350 2335 416 2407 de
446 2351 510 2390 eo
543 2336 768 2391 ferebat.
803 2339 976 2407 Igitur
1003 2338 1061 2391 Β.
1096 2336 1352 2390 Anselmo
1380 2337 1433 2390 in
1455 2337 1723 2407 Angliam
1754 2344 1937 2389 trans-

350 2405 477 2462 lato.
509 2415 556 2460 et
591 2405 1000 2477 ari-liiepiscopo
1045 2408 1206 2470 facto,
1239 2407 1396 2474 cujus
1440 2405 1719 2475 fastigium
1770 2407 1940 2475 virga:

351 2478 639 2547 praedictus
682 2479 989 2533 Willelmus
1036 2486 1197 2532 antea
1243 2494 1362 2532 cum
1413 2486 1696 2533 veneratus
1733 2477 1940 2541 fuisset,

386 2558 536 2602 ostea
593 2551 869 2616 suscipere
923 2551 1141 2603 meruit.
1189 2573 1209 2595 η
1271 2550 1388 2602 Huc
1444 2565 1615 2616 usque
1673 2548 1929 2602 Chronic.

395 2635 617 2673 eccense
649 2621 715 2673 de
750 2621 1013 2673 Willelmi
1064 2620 1416 2681 incunabulis,
1453 2620 1679 2687 pueritia
1729 2627 1781 2671 et
1818 2635 1941 2670 mo-

350 2690 668 2754 nacliismo;
729 2691 1065 2758 insequentia
1118 2691 1342 2752 etenim,
1382 2691 1633 2758 quoniam
1699 2689 1823 2742 hinc
1887 2689 1941 2742 in

351 2769 596 2830 quartum
646 2761 885 2815 Anselmi
935 2761 1084 2814 fuere
1118 2769 1386 2825 traducta,
1429 2762 1666 2828 elogium
1714 2760 1938 2823 reticeo,

346 2831 562 2885 interim
596 2831 944 2885 mirabundus
975 2834 1062 2900 qui
1095 2831 1437 2900 biegraphus
1479 2831 1578 2884 iste
1621 2831 1942 2898 prartierierit

350 2903 492 2970 quod
528 2903 834 2956 Willelmus
867 2903 1024 2956 fuerit
1049 2905 1200 2970 prior
1228 2901 1537 2964 Brixiensis,
1573 2911 1632 2954 ut
1654 2901 1942 2954 Anselmus

351 2973 692 3044 peculiariter
715 2974 1044 3044 designavit.
1086 2974 1191 3028 Sed
1223 2982 1279 3026 ut
1319 2974 1609 3042 conjugam
1656 2972 1942 3044 disjuncta,

354 3043 566 3098 tandem
600 3043 974 3098 universorum
1006 3044 1200 3099 calculi
1229 3044 1280 3097 in
1314 3044 1583 3097 Willeimi
1614 3043 1943 3097 electionem

351 3115 659 3196 conglobati
702 3123 842 3196 sunt.
878 3115 999 3169 Post
1052 3117 1184 3196 haec,
1237 3115 1311 3196 ait
1355 3114 1946 3196 Chroniczgihvocatns

351 3183 519 3251 venit,
555 3194 606 3240 et
635 3186 686 3238 in
720 3186 905 3239 ordine
933 3201 1030 3239 suo
1062 3186 1216 3239 sedit.
1237 3187 1388 3238 Tunc.
1408 3184 1560 3253 prior
1580 3183 1709 3236 dixit
1731 3183 1778 3238 ei
1799 3183 1941 3252 quod

352 3256 421 3310 ad
453 3257 693 3325 regimen
729 3258 1012 3310 Beccensis
1051 3257 1306 3310 Ecclesiae
1357 3256 1502 3308 illum
1553 3257 1862 3325 eligerent;
1893 3262 1945 3307 et

351 3335 411 3381 ut
464 3328 674 3381 abbatis
731 3327 984 3389 ofliciiim,
1026 3343 1207 3382 curam
1267 3328 1580 3380 animarum
1641 3327 1944 3394 susciperet

2046 2134 2188 2188 sent,
2213 2127 2280 2180 ad
2312 2121 2540 2194 quorum
2575 2143 2710 2180 usus
2741 2125 3078 2185 emebantur,
3112 2123 3231 2176 sive
3275 2123 3330 2175 in
3360 2121 3638 2194 claustro.

2045 2199 2161 2250 sive
2191 2192 2346 2250 extra
2371 2197 2662 2250 claustrum
2697 2197 2750 2249 in
2801 2196 3031 2266 negotiis
3079 2193 3388 2266 monasterii
3412 2192 3641 2266 quietae

2047 2269 2220 2321 forent
2251 2267 2322 2321 ab
2348 2268 2496 2321 omni
2525 2263 2933 2328 consuetudine,
2963 2282 3082 2334 quae
3111 2263 3308 2318 telonei
3345 2263 3426 2317 vel
3457 2277 3640 2316 trans-

2046 2339 2152 2392 itus
2179 2339 2260 2392 vel
2281 2340 2386 2392 alio
2409 2338 2626 2392 nomine
2643 2346 3013 2405 nuncupatur.
3041 2337 3158 2390 Hoc
3180 2336 3303 2388 fecit
3323 2350 3418 2404 pro
3444 2349 3640 2388 amore

2050 2409 2148 2463 Dei
2193 2417 2246 2462 et
2289 2410 2555 2464 Willelmi
2599 2409 2810 2463 abbatis
2859 2407 3009 2462 Becci
3056 2406 3274 2477 cognati
3325 2405 3433 2459 sui.
3475 2405 3641 2477 Multa

2048 2496 2264 2549 quoque
2318 2481 2423 2534 alia
2473 2479 2738 2534 beneﬁcia
2796 2477 3043 2532 Beccensi
3101 2475 3354 2549 coenobio
3408 2475 3640 2530 contulit

2049 2548 2189 2604 dum,
2234 2551 2388 2615 vixit,
2426 2567 2585 2603 causa
2643 2550 2882 2618 ejusdem
2940 2548 3171 2603 abbatis.
3221 2548 3403 2615 Itaque
3462 2561 3638 2618 novus

2049 2623 2250 2676 electus
2280 2630 2500 2689 accepto
2531 2637 2561 2674 a
2591 2620 2727 2674 duce
2758 2620 3010 2687 Roberto,
3042 2631 3098 2671 ut
3151 2618 3351 2672 dictum
3400 2625 3500 2677 est.
3522 2617 3639 2689 fab-

2049 2693 2210 2746 batiaa
2237 2688 2481 2750 dono.'et
2526 2707 2557 2746 a
2614 2692 2892 2746 Willelmo
2943 2689 3362 2758 Bothomagensi
3421 2688 3641 2758 archie-

2047 2763 2270 2832 piscopo
2300 2764 2600 2816 animarum
2633 2778 2778 2821 cura.
2808 2778 2934 2816 cum
2966 2763 3142 2832 gratia
3174 2757 3431 2829 principis
3478 2757 3641 2810 rediit

2047 2850 2077 2887 a
2105 2835 2254 2887 curia
2307 2849 2430 2887 cum
2473 2834 2606 2886 suis.
2643 2833 2800 2886 Venit
2845 2838 3021 2886 autem
3076 2834 3308 2886 Beccum
3353 2845 3473 2884 sero
3523 2836 3642 2898 post

2049 2905 2461 2973 completorium
2512 2904 2599 2958 die
2647 2913 2772 2956 ante
2821 2903 3188 2973 festivitatem,
3225 2899 3637 2955 Dedicationis:

2051 2972 2186 3042 (ιυωί
2220 2975 2441 3028 festivas
2489 2982 2574 3028 est
2620 2991 2649 3028 χ
2701 2973 2931 3028 Kalend.
2965 2972 3258 3033 Novemb.,
3291 2979 3341 3024 et
3389 2985 3454 3024 eo
3500 2983 3642 3042 anno

2050 3040 2335 3101 Dominica
2379 3046 2467 3098 die
2497 3045 2702 3099 evenit.
2747 3045 2992 3114 Surgens
3038 3043 3125 3114 ad
3156 3041 3443 3114 matutinas
3493 3040 3640 3114 venit

2051 3133 2224 3171 novus
2255 3117 2457 3171 electus
2514 3117 2567 3169 in
2622 3112 2952 3172 chorumfet
3006 3113 3156 3167 stetit
3205 3115 3258 3166 in
3316 3112 3438 3170 limo
3484 3112 3642 3181 juxta

2052 3189 2234 3242 sedem
2269 3187 2570 3253 abbatis,et
2606 3195 2772 3239 totum
2803 3183 3032 3238 ofﬁcium
3068 3184 3393 3247 festivitatis,
3418 3192 3640 3237 noctur-

2051 3275 2178 3313 num
2211 3266 2262 3311 et
2291 3259 2541 3311 diurnum
2569 3257 2824 3310 decenter
2849 3265 2905 3308 ut
2947 3255 3120 3309 abbas
3164 3254 3458 3322 complevit
3509 3256 3641 3307 Acta

2051 3330 2307 3382 sunthaec
2325 3344 2466 3382 anno
2502 3328 2796 3382 Dominica:
2831 3328 3222 3380 Incarnationis
3255 3328 3405 3378 1093.
3432 3327 3489 3377 ln
3523 3323 3640 3392 ipsa

351 3414 418 3452 ex
451 3409 604 3468 parte
637 3399 754 3464 Dei,
787 3407 840 3453 et
868 3404 1070 3453 sanctae
1099 3399 1298 3461 Mariae,
1332 3406 1510 3469 atque,
1536 3397 1777 3469 omnium
1809 3411 1941 3448 san-
1972 3408 2021 3469 α
2050 3400 2136 3454 die
2189 3401 2491 3454 Willelinus
2532 3399 2752 3461 electus,
2805 3397 2946 3451 sedit
2989 3398 3218 3469 primum
3265 3404 3321 3450 ut
3366 3394 3537 3449 abbas
3583 3394 3640 3446 in

349 3478 573 3536 ctorum,
608 3487 705 3524 nec
735 3486 839 3523 non
869 3487 936 3523 ex
969 3478 1119 3537 parte
1151 3468 1593 3522 reverendissimi
1627 3468 1793 3521 Patris
1832 3475 1941 3520 An-

348 3541 522 3600 selmi,
557 3543 834 3609 praecepit.
869 3544 934 3594 At
979 3541 1087 3605 ille,
1123 3540 1395 3592 interram
1440 3547 1764 3607 prostratus,
1811 3554 1939 3609 pre-

349 3626 444 3664 cor
477 3607 710 3671 Doinini,
740 3607 832 3663 aut
864 3612 932 3664 de
970 3612 1072 3664 hoc
1103 3611 1246 3679 quod
1289 3609 1492 3677 jubetis
1522 3609 1743 3679 omnino
1773 3607 1938 3679 abso-

348 3679 518 3735 lutum
576 3683 824 3735 dimittite
880 3697 984 3742 me,
1044 3678 1140 3734 aut
1197 3680 1468 3748 quomodo
1524 3679 1578 3731 id
1647 3678 1942 3746 adimplere

349 3753 579 3822 possim,
613 3753 824 3805 docete.
855 3752 1020 3804 Prior
1057 3751 1124 3804 ad
1174 3753 1306 3814 haec,
1339 3760 1398 3822 ut
1443 3749 1807 3822 dimittamiiii,
1845 3749 1938 3822 ait,

349 3818 462 3876 non
495 3831 577 3876 est
605 3839 740 3891 Opus
773 3822 1038 3887 laborare,
1073 3822 1165 3875 sed
1202 3821 1462 3890 suscipite
1509 3821 1862 3891 liancruram
1887 3818 1941 3872 in

350 3893 572 3947 nomine
592 3893 828 3957 Domini,
863 3899 915 3946 et
945 3908 1044 3946 nos
1095 3891 1248 3945 vobis
1279 3909 1346 3945 ex
1393 3893 1576 3944 animo
1622 3890 1940 3944 obedientes

351 3964 585 4018 erimus.
627 3964 814 4018 Statim
844 3963 959 4030 ipsa
989 3963 1074 4016 die
1103 3962 1267 4016 abbas
1290 3963 1556 4033 Rogerius
1575 3962 1654 4030 (ιι)
1676 3969 1726 4014 et
1771 3960 1940 4030 prior,

353 4041 406 4089 et
432 4035 651 4105 quidam
697 4035 785 4088 alii
819 4036 1015 4087 fratres
1044 4049 1164 4087 cum
1197 4035 1276 4087 eis
1306 4041 1584 4105 assumpto
1629 4033 1804 4105 electo
1845 4046 1941 4085 suo

353 4105 419 4158 ad
453 4103 666 4160 curiam
726 4111 1104 4174 properarunt,
1137 4114 1182 4158 et
1225 4105 1466 4159 Roberto
1524 4103 1940 4156 Northmamio-

349 4191 463 4230 rum
521 4177 643 4231 duci
702 4184 1115 4246 praesentarunt.
1177 4174 1350 4243 Quem
1410 4175 1673 4238 alacriter,
1705 4182 1757 4226 et
1815 4187 1938 4227 cum

351 4263 550 4320 magno
583 4245 788 4302 honore
818 4247 1137 4317 suscipiens,
1163 4246 1311 4320 dedit
1355 4247 1401 4298 ei
1451 4245 1734 4320 abbatiam
1784 4259 1939 4320 more

351 4313 756 4374 antécessorum
815 4313 1059 4372 suorum.
1128 4317 1370 4371 Aderant
1426 4316 1569 4370 enim
1647 4313 1936 4383 principes,

351 4389 616 4443 Bobertus
671 4405 854 4444 comes
898 4388 1149 4451 Mellenti,
1195 4395 1249 4440 et
1306 4386 1577 4440 Robertus
1637 4383 1941 4438 Anscliitilli

350 4460 658 4516 consobrini
711 4460 955 4529 ejusdem
1002 4457 1264 4512 Willelmi
1325 4457 1491 4529 electi
1529 4455 1701 4529 Becci,
1735 4455 1823 4523 qui
1871 4456 1940 4509 de

351 4531 468 4598 ejus
499 4527 839 4600 promotione
870 4530 1027 4583 valde
1075 4534 1201 4600 sunt
1246 4527 1523 4600 gratulati.
1562 4528 1712 4600 'func
1759 4541 1942 4580 comes

350 4598 590 4656 Mellenti
623 4601 877 4668 praecepit
911 4601 1147 4654 Roberto
1179 4598 1287 4652 tilio
1318 4598 1622 4652 Anschililli
1657 4604 1711 4650 ut
1742 4612 1937 4649 novum

352 4672 579 4726 electum
612 4673 765 4725 Becci
799 4672 863 4724 ad
898 4671 1278 4724 monasterium
1311 4670 1655 4732 conduceret,
1677 4669 1940 4721 mandans

351 4743 606 4797 omnibus
637 4742 888 4795 ministris
917 4742 1028 4794 suis
1059 4757 1126 4794 ne
1158 4741 1276 4810 quis
1306 4741 1408 4809 ipsi
1438 4740 1618 4794 abbati
1651 4738 1732 4792 vel
1765 4738 1939 4810 homi-

353 4813 512 4867 nibus
533 4813 652 4882 ejus
677 4813 729 4866 in
749 4813 927 4879 aliquo
951 4809 1214 4865 molestus
1236 4828 1358 4866 esse
1390 4819 1759 4882 praesumeret.
1780 4809 1941 4882 Dedit

352 4893 478 4938 tunc
507 4880 690 4939 comes
725 4884 957 4936 Miellenti
991 4884 1245 4943 Roberto.
1281 4891 1338 4936 ut
1366 4900 1459 4936 res
1492 4898 1612 4953 qua?
1642 4881 1709 4934 ad
1743 4880 1940 4933 victum

355 4955 584 5010 fratrum
614 4954 957 5017 emebantur,
993 4955 1190 5022 quietae
1219 4963 1400 5006 essent
1430 4954 1497 5005 ab
1526 4953 1673 5007 omni
1703 4966 1956 5022 consuef-

352 5025 581 5086 tudine;
616 5041 737 5093 quae
769 5041 937 5094 usque
991 5019 1060 5077 ad
1110 5024 1241 5077 illud
1293 5031 1503 5092 tempus
1550 5024 1617 5076 de
1665 5023 1826 5076 rebus
1875 5019 1944 5074 ad

356 5098 536 5152 cibum
570 5099 955 5151 monachorum
990 5094 1383 5163 pertinentibus
1433 5094 1743 5160 ubicunque
1791 5108 1936 5146 eme-

356 5173 562 5231 rentur,
594 5171 755 5221 etiam
809 5167 859 5220 in
892 5167 1123 5235 coquina
1181 5167 1334 5220 Becci
1390 5180 1421 5217 a
1474 5164 1742 5216 ministris
1794 5163 1946 5235 Briu-

355 5240 478 5293 dum
538 5237 701 5291 castri
749 5233 1125 5306 exigebantur.
1183 5235 1460 5290 Procende
1509 5244 1748 5302 tempore
1803 5233 1948 5306 dedit

355 5311 497 5365 idem
530 5325 715 5363 comes
744 5309 974 5362 Mellenti
1015 5324 1110 5377 per
1141 5316 1304 5361 totam
1357 5317 1554 5360 terrain
1607 5321 1782 5364 suam,
1817 5305 1945 5357 ubi-

358 5398 568 5449 cunque
615 5395 769 5432 suum
819 5388 953 5440 erat,
990 5381 1090 5432 hoc
1139 5380 1384 5445 exigere,
1421 5378 1500 5430 vel
1552 5377 1845 5449 dimittere,
1880 5391 1947 5429 ne

358 5446 583 5507 omnino
613 5449 908 5506 Dominica:
925 5465 1010 5503 res
1031 5451 1420 5504 monachorum
1459 5448 1636 5510 Becci,
1659 5446 1722 5500 ad
1749 5446 1947 5500 victum

346 5621 355 5624 _
422 5575 482 5635 (θ)
502 5576 551 5623 Is
565 5590 624 5623 ex
637 5573 884 5622 monacho
897 5573 1138 5632 Beccens,
1154 5575 1321 5621 factus
1341 5573 1507 5620 fuerat
1529 5571 1690 5620 abbas
1706 5569 1948 5618 coenobii.

2049 3471 2302 3539 capitulo,
2337 3471 2402 3523 ab
2434 3471 2526 3523 illo
2555 3470 2645 3522 die
2672 3470 2966 3536 disponens
2995 3467 3178 3539 omnia
3209 3469 3430 3539 intuset
3483 3473 3638 3519 extra

2051 3536 2434 3596 convenienter
2465 3540 2777 3595 monasterii
2833 3538 3074 3607 negmia,
3108 3536 3474 3610 gaudentibus
3502 3551 3638 3610 cuu-_

2049 3613 2148 3666 ctis
2178 3615 2320 3682 quod
2353 3614 2518 3665 talem
2547 3612 2692 3666 Deus
2726 3605 2987 3663 Anselmo
3029 3605 3417 3682 successorem,
3451 3615 3502 3659 et
3534 3605 3636 3659 διδί

2051 3678 2279 3737 dederat
2313 3691 2600 3752 pastorem.
2635 3683 2836 3735 Tamen
2883 3688 3011 3733 ante
3061 3678 3490 3752 benedictionem
3531 3691 3640 3752 nec

2050 3754 2103 3806 in
2135 3748 2325 3807 sedem'
2369 3753 2578 3806 abbatis
2630 3753 2868 3821 intravit,
2903 3765 3004 3804 nec
3052 3751 3260 3821 virgam
3314 3748 3638 3821 pastoralem

2052 3825 2302 3894 p0rtavit.
2339 3823 2442 3876 Sed
2474 3830 2527 3876 et
2555 3823 2622 3876 de
2653 3820 3030 3894 benedictione
3059 3817 3642 3894 accelebranda,_nul-

2051 3887 2184 3960 lam,
2219 3904 2276 3948 ut
2325 3894 2622 3953 videbatur,
2656 3908 2835 3948 curam
2885 3893 3118 3953 habeat;
3166 3907 3284 3959 qua:
3330 3887 3640 3942 benedictio

2050 3965 2214 4019 dilata
2245 3973 2325 4018 est
2370 3980 2541 4032 usque
2571 3963 2636 4015 ad
2674 3969 2976 4034 Augustum
3025 3978 3271 4034 mensum
3317 3961 3441 4034 anni
3477 3960 3639 4034 inse-

2051 4036 2280 4105 queritis.
2319 4030 2514 4089 Verum
2557 4030 2850 4088 Anselnius
2880 4048 2986 4086 non
3030 4033 3234 4087 oblitus
3285 4031 3425 4101 quod
3474 4030 3641 4105 incoe-

2050 4100 2222 4177 perat,
2253 4106 2457 4176 rogavit
2487 4105 2843 4177 Willelmum
2880 4100 3374 4177 Rotliomagensem
3421 4100 3638 4177 archie-

2051 4173 2254 4248 piscop.
2287 4173 2354 4231 de
2389 4177 2774 4248 benedictione
2797 4175 3008 4248 abbatis
3041 4174 3214 4237 Becci,
3246 4181 3298 4226 et
3328 4174 3430 4248 hoc
3459 4173 3637 4248 ipsum

2049 4241 2148 4319 per
2193 4241 2397 4302 litteras
2439 4247 2606 4315 priori
2652 4245 2918 4305 Baldrico.
2951 4244 3342 4319 _et_conventui
3397 4241 3640 4319 notitica:

2050 4311 2142 4373 vit.
2179 4322 2416 4372 lntrante
2442 4311 2686 4388 'Augusto
2717 4332 2907 4371 mense
2950 4315 3241 4388 Baldricus
3263 4315 3428 4388 prior,
3463 4322 3518 4366 et
3539 4311 3639 4366 alii

2049 4390 2268 4462 quidam
2301 4390 2497 4462 fratres
2527 4386 2646 4462 cum
2696 4403 2761 4441 eo
2808 4395 3181 4462 perrexerunt
3214 4386 3632 4462 Rothomagum,

2048 4453 2168 4514 cum
2191 4461 2607 4527 archiepiscopo
2637 4453 2862 4513 locuturi
2885 4458 2952 4511 de
2992 4455 3366 4511 benedictione
3395 4453 3631 4527 abbatis.

2049 4531 2150 4598 Qui
2182 4532 2324 4584 diem
2369 4523 2762 4584 benedictionis
2779 4528 3049 4583 constituit
3090 4528 3142 4581 in
3189 4527 3442 4598 proxima
3480 4523 3636 4578 festi-

2049 4597 2228 4656 vitatis
2257 4603 2427 4655 sancti
2473 4600 2772 4654 Laurentii.
2809 4599 3072 4656 Reversus
3122 4597 3270 4666 prior
3316 4597 3451 4651 dixit
3497 4611 3634 4666 con-

2051 4673 2227 4727 ventui
2251 4688 2371 4740 quae
2401 4671 2469 4724 ab
2499 4672 2908 4740 archiepiscopo
2955 4665 3260 4736 acceperat.
3297 4665 3636 4740 Die_festivi-

1970 4759 2026 4822 D
2057 4745 2176 4797 tatis
2208 4738 2383 4822 sancti
2409 4738 2701 4822 Laurentii,
2732 4738 2854 4822 cum
2883 4740 3323 4822 archiepiscopus
3352 4738 3422 4793 ad
3470 4738 3640 4822 altare

2057 4823 2224 4868 staret
2255 4815 2524 4876 infulatus,
2558 4822 2722 4884 atque
2767 4815 2972 4866 electus
3014 4807 3166 4884 Becci
3209 4807 3643 4884 esset__vesti_bus

2050 4888 2221 4939 sacris
2251 4886 2487 4953 indutus,
2520 4878 2812 4937 etinstaret
2843 4886 2972 4936 hora
3009 4887 3064 4936 ut
3095 4881 3161 4936 ad
3209 4878 3641 4953 benedicendum

2051 4950 2490 5026 praesentaretur,
2515 4955 2718 5026 audivit
2771 4970 2800 5007 a
2849 4953 3209 5026 referentibus
3255 4952 3397 5026 quod
3439 4950 3645 5026 archie-

2055 5021 2311 5096 pisc0pus
2359 5041 2462 5079 non
2511 5024 2848 5096 benediceret
2896 5040 3042 5096 eum,
3085 5022 3186 5078 nisi
3240 5021 3644 5096 professionem

2057 5091 2298 5162 faceret;
2353 5096 2447 5150 sed
2480 5095 2756 5164 respondit
2813 5111 2872 5148 se
2926 5095 3077 5149 nullo
3129 5093 3290 5148 modo
3348 5091 3646 5164 facturum.

2054 5169 2205 5222 Tunc
2254 5168 2400 5236 prior
2439 5163 2591 5221 Becci
2645 5165 2921 5220 Baldricus
2965 5181 3088 5220 cum
3123 5163 3421 5236 aliquantis
3462 5176 3652 5216 mona-

2058 5240 2174 5294 chis
2202 5233 2437 5306 perrexit
2468 5238 2533 5289 ad
2565 5246 2817 5291 comitem
2867 5235 3278 5291 Northmanniae
3327 5233 3647 5306 Robertum,

2057 5304 2312 5364 intimans
2343 5309 2389 5362 ei
2419 5307 2562 5375 quod
2593 5307 3025 5378 archiepiscopus
3077 5307 3323 5377 exigeret
3351 5305 3422 5378 ab
3452 5304 3650 5358 abbate

2058 5381 2209 5436 Becci
2255 5379 2668 5448 professionem,
2721 5395 2880 5448 quam
2928 5375 3312 5432 antecessores
3372 5375 3651 5448 ejus__non

2059 5445 2316 5506 fecerant.
2344 5449 2491 5504 lllico
2551 5450 2661 5503 dux
2699 5445 2845 5503 misit
2874 5449 3216 5504 Guillelmum
3248 5448 3316 5502 de
3339 5445 3578 5511 Britolio,
3598 5452 3650 5499 et
