4010 6064
341 287 410 340 29
1691 286 1822 342 LIB.
1862 286 1924 341 Ill

2067 286 2212 342 ’IST.
2259 287 2329 341 Χ.
3582 287 3650 340 30

343 407 476 463 nino
518 415 698 463 tacere
729 423 834 462 non
866 408 1108 475 valeam,
1143 411 1278 464 hanc
1309 409 1527 465 brevem
1564 411 1946 466 commonitio-
1977 413 2034 474 Α
2064 411 2274 467 dilectio
2301 428 2488 466 eorum
2517 426 2558 459 ἠ
2589 426 2621 465 a
2654 411 2848 481 quibus
2880 411 2994 466 sine
3035 424 3234 480 magna
3293 406 3504 463 tristitia
3560 425 3654 462 se-

346 513 470 552 nem
503 495 751 552 sufﬁcere
781 513 846 551 ex
884 508 1064 553 nostra
1095 507 1248 568 parte
1279 499 1552 554 existimo.
1614 501 1941 556 Mementote
2053 501 2234 570 parari
2267 515 2373 554 non
2407 508 2670 569 poteram,
2703 509 2760 552 ut
2819 517 2941 554 cum
3003 497 3329 553 ordinationi
3386 497 3482 550 Dei
3513 497 3652 551 resi—

342 585 617 640 Dominici
649 585 799 640 verbi
828 587 893 640 ad
927 587 1229 656 principem
1259 589 1648 657 apostolorum,
1701 589 1844 642 velut
1876 589 1944 642 ad
2054 598 2197 643 stere
2229 588 2577 658 pertinaciter
2607 603 2715 642 non
2745 589 3023 652 auderem,
3060 597 3112 641 et
3143 602 3312 657 grave
3352 585 3578 654 pondus,
3604 592 3658 638 et

346 673 572 728 fratrum
631 690 846 728 suorum
899 675 1317 746 primogenitum
1354 693 1366 730 :
1400 677 1466 730 Et
1528 681 1588 730 lu
1639 676 1944 749 aliquando
2053 677 2341 731 scissuram
2373 678 2571 731 animae
2609 693 2745 731 mea:
2800 677 2870 730 ab
2930 676 3140 730 illorum
3205 674 3490 728 animabus
3521 689 3658 744 quos

342 763 956 830 conversus,conﬁrma
971 766 1356 833 fratrestuos(
1366 764 1502 820 Luc.
1525 765 1944 833 xxn).Salutate
2054 765 2192 820 sicut
2223 782 2308 818 me
2336 765 2660 836 diligebam,
2693 773 2746 819 et
2774 765 2967 836 quibus
3005 764 3137 819 solis
3168 763 3350 817 vivere
3382 762 3652 832 volebam,

342 850 596 904 dominos
623 859 676 904 et
706 850 902 905 fratres
935 860 1148 906 nostros
1177 851 1316 906 ﬁlios
1347 861 1554 907 vestros
1581 871 1594 916 ;
1629 863 1678 908 et
1710 854 1787 907 eis
1812 869 1942 922 pre-
2054 855 2218 908 nimis
2250 855 2525 908 horrerem
2559 872 2573 918 ;
2607 854 2861 923 quoniam
2906 854 2958 906 in
2992 859 3181 907 neutra
3230 861 3381 920 parte
3408 855 3449 884 ’⁷⁸
3480 853 3650 906 Deum

345 938 501 994 cibus
559 939 760 994 nostris
810 947 864 994 et
917 947 1093 994 vestra
1151 942 1569 996 commonitione
1598 942 1940 1012 persuadete,
2051 943 2300 998 volebam
2327 941 2620 1006 oﬁ‘endere,
2649 942 2872 995 omnino
2904 942 3121 996 dubium
3158 941 3292 994 mihi
3344 947 3490 994 esset
3521 940 3651 1008 quid

341 1034 612 1098 quatenus
638 1029 801 1096 368
821 1028 899 1083 sic
929 1043 1036 1084 non
1065 1027 1298 1094 deﬁciat,
1334 1030 1473 1083 sicut
1503 1045 1609 1084 non
1641 1029 1820 1085 deﬁcit
1850 1031 1943 1085 ille
2052 1031 2226 1101 magis
2256 1032 2509 1085 deberem
2543 1031 2766 1101 eligere,
2792 1035 2883 1085 aut
2912 1031 2977 1084 ad
3010 1031 3135 1101 quid
3167 1030 3351 1100 potius
3390 1029 3649 1083 auxilium

340 1119 566 1184 propter
596 1131 756 1185 quem
787 1114 940 1170 illam
1000 1117 1316 1187 inceperant
1342 1116 1408 1170 "°.
1476 1119 1555 1173 De
1612 1119 1942 1173 conscientia
2052 1121 2348 1175 amicorum
2382 1128 2655 1189 expetere.
2691 1121 2749 1172 In
2776 1135 2878 1188 qua
2911 1135 2968 1172 re
2999 1120 3100 1172 hoc
3129 1135 3294 1172 unum
3326 1125 3376 1171 et
3437 1118 3646 1172 tutissi-

338 1218 457 1258 mea
489 1204 561 1257 ad
606 1204 1131 1275 archiepiscopatum
1185 1207 1560 1261 incunctanter
1618 1208 1838 1270 credite,
1891 1217 1942 1262 et
2052 1225 2219 1273 mum,
2253 1217 2308 1262 ut
2340 1208 2468 1261 mihi
2489 1207 2663 1260 visum
2687 1215 2787 1272 est,
2812 1207 2949 1278 elegi
3005 1206 3307 1272 consilium,
3367 1210 3445 1272 ut,
3507 1206 3649 1261 sicut

338 1306 537 1345 secure
564 1291 686 1344 aliis
715 1291 940 1347 asserite
971 1293 1098 1364 quia
1128 1293 1271 1347 nulla
1295 1294 1559 1363 cupiditas
1586 1294 1796 1363 (coram
1826 1297 1939 1351 Deo
2049 1297 2314 1367 scriptum
2330 1299 2619 1353 estzlacta
2635 1298 2945 1367 cogitatum
2966 1299 3128 1350 tuum
3142 1297 3203 1350 in
3225 1295 3641 1358 Domino(Psal.

335 1379 553 1450 loquor)
583 1395 707 1449 quae
737 1382 792 1433 in
824 1381 990 1436 corde
1019 1381 1162 1436 servi
1193 1382 1289 1436 Dei
1330 1385 1720 1454 contemptoris
1751 1385 1938 1438 mundi
2048 1401 2158 1453 ιιι,
2192 1387 2302 1450 23),
2326 1387 2549 1439 omnino
2580 1401 2668 1439 me
2699 1384 3087 1438 committerem
3120 1383 3302 1438 divino
3321 1381 3645 1436 moderami-

334 1483 460 1522 esse
489 1483 597 1523 non
629 1469 846 1534 debeat,
871 1486 957 1524 me
989 1471 1162 1525 trahat
1193 1479 1282 1525 aut
1315 1470 1522 1541 alliget,
1554 1473 1649 1526 sed
1685 1471 1862 1540 timor,
1887 1481 1940 1528 et
2047 1475 2122 1540 ni,
2157 1482 2210 1528 et
2237 1473 2481 1528 consilio.
2506 1475 2583 1526 Ita
2615 1481 2792 1527 tamen
2826 1481 2879 1526 ut
2908 1473 3151 1526 facerem
3195 1471 3459 1541 quidquid
3508 1486 3643 1540 pos-

332 1555 591 1621 charitas,
623 1563 677 1610 et
701 1556 1012 1611 obedientia
1039 1555 1080 1587 ⁷¹
1112 1559 1210 1612 Dei
1242 1567 1294 1613 et
1320 1559 1578 1614 Ecclesiae
1599 1561 1935 1630 ejus.Litte-
2047 1579 2161 1617 sem
2193 1562 2307 1617 sine
2339 1570 2586 1632 peccato,
2619 1570 2676 1615 ut
2705 1561 2852 1632 quod
2897 1561 3156 1616 volebant
3213 1561 3281 1614 de
3330 1576 3416 1614 me
3458 1558 3641 1615 facere

332 1659 420 1698 ras
451 1644 600 1708 istas,
633 1649 727 1700 aut
755 1645 1071 1716 exemplum
1111 1663 1314 1715 earum,
1347 1647 1503 1703 Becci
1535 1648 1704 1703 videri
1739 1650 1924 1706 facite.
2047 1651 2138 1722 qui
2170 1667 2254 1706 me
2278 1650 2571 1720 eligebant,
2605 1666 2712 1703 non
2766 1648 2938 1714 ﬁeret,
2989 1657 3041 1703 et
3072 1648 3202 1702 nihil
3237 1648 3470 1702 facerem
3491 1647 3640 1717 quod

331 1732 546 1787 Valete.
1969 1760 2019 1823 Β
2046 1741 2165 1794 sine
2198 1748 2419 1810 peccato
2474 1738 2746 1792 dimittere
2779 1754 3014 1806 possem,
3045 1745 3098 1790 ut
3130 1735 3302 1790 ﬁeret.
3343 1735 3500 1804 Quod
3533 1751 3640 1804 quo

872 1823 1212 1879 EPISTOLA
1253 1825 1303 1878 X
1340 1824 1403 1880 "’.
2044 1827 2257 1892 aﬁcctu,
2316 1844 2419 1898 qua
2473 1826 2816 1896 simplicitate
2849 1826 3028 1882 facere
3058 1825 3224 1893 volui,
3270 1824 3356 1880 vel
3385 1825 3443 1879 in
3475 1840 3639 1896 quam

364 1923 616 1965 manu"
639 1927 710 1965 AD
741 1927 1127 1967 GISLEBBBTUM
1147 1927 1554 1967 nsonscnnsau
1572 1929 1898 1969 EPISCOPUM.
2044 1925 2250 1986 partem
2281 1933 2376 1970 eor
2425 1932 2601 1970 meum
2631 1916 2806 1986 magis
2835 1914 3111 1985 pependit,
3137 1930 3322 1970 coram
3358 1913 3477 1968 Deo
3519 1913 3638 1984 ipse

329 1999 398 2055 Se
429 2015 547 2055 non
578 1999 802 2056 honoris
831 2006 933 2056 aut
963 2002 1206 2072 alicujus
1239 2003 1323 2056 rei
1341 2005 1583 2057 terrenae
1621 2003 1936 2074 cupiditate
2044 2005 2211 2072 novit,
2269 2004 2338 2059 ad
2379 2005 2532 2074 cujus
2590 2004 2840 2074 regulam
2872 2004 3232 2058 intentionem
3264 2018 3439 2056 meam
3464 2001 3517 2055 in
3538 2003 3636 2058 hac

654 2092 966 2160 suscepisse
994 2107 1138 2147 onus
1165 2089 1598 2162 archiepiscopi.
2044 2110 2102 2148 re
2141 2109 2238 2164 pro
2262 2109 2383 2147 meo
2413 2091 2688 2147 intellectu
2727 2100 2779 2146 et
2807 2091 3169 2161 possibilitate
3190 2089 3336 2145 volui
3382 2089 3632 2161 diligere.

400 2176 511 2231 Suo
542 2176 898 2233 dilectissimo
934 2178 1094 2241 Patri,
1130 2178 1430 2232 reverenda
1483 2179 1686 2232 domno
1719 2180 1931 2236 Ebora-
2045 2181 2272 2236 Veniam
2304 2182 2369 2236 ad
2400 2181 2503 2235 hoc
2534 2181 2676 2252 quod
2710 2196 2835 2235 mox
2871 2196 2977 2234 non
3010 2195 3194 2250 parum
3243 2179 3544 2245 contristat,
3589 2177 3635 2233 si

325 2266 476 2320 censi
508 2265 771 2336 episcopo
804 2267 1179 2334 GiSLnaaa'ro,
1215 2265 1374 2322 frater
1405 2267 1726 2334 ANSELMUS,
1788 2271 1934 2341 quod
2042 2287 2227 2325 verum
2259 2277 2360 2324 est.
2394 2269 2554 2324 Novit
2602 2269 2741 2323 enim
2800 2267 3086 2337 prudentia
3123 2275 3322 2334 vestra,
3371 2268 3445 2320 mi
3478 2268 3638 2321 Pater

326 2352 502 2408 ﬁdelis
530 2370 718 2409 servus
737 2363 790 2410 et
815 2353 984 2410 ﬁlius.
2041 2357 2387 2423 charissima,
2422 2357 2675 2426 quoniam
2707 2364 2908 2426 quanto
2939 2355 3202 2410 sincerius
3233 2355 3426 2423 aliquis
3457 2354 3636 2424 diligit

399 2443 459 2496 In
484 2444 763 2513 principio
788 2460 926 2499 meae
955 2443 1197 2514 epistolae
1223 2445 1366 2514 apud
1408 2448 1767 2502 reverendam
1795 2447 1930 2503 mihi
2040 2459 2095 2501 et
2145 2464 2176 2501 a
2233 2447 2430 2500 dilecto
2464 2445 2729 2517 diligitur,
2762 2452 2906 2499 tanto
2939 2443 3222 2499 molestius
3249 2443 3324 2496 illi
3354 2450 3435 2497 est
3465 2443 3509 2496 si
3539 2442 3632 2496 di-

325 2531 716 2587 Paternitatem
747 2541 986 2588 vestram
1044 2549 1130 2587 me
1161 2550 1421 2589 excusare
1479 2536 1774 2605 desiderio,
1809 2538 1931 2609 quia
2039 2535 2284 2590 lectionis
2315 2534 2432 2604 ejus
2464 2533 2683 2588 dilectio
2714 2533 2895 2604 aliquo
2945 2532 3108 2586 modo
3154 2531 3430 2586 minuitur.
3475 2530 3634 2599 Quod

327 2620 476 2690 quod
507 2621 658 2675 tarde
688 2619 764 2674 illi
796 2622 998 2687 scribo,
1059 2630 1346 2694 postquam
1378 2639 1501 2678 sors
1551 2627 1738 2697 gravis
1800 2627 1930 2680 mihi
2041 2631 2219 2679 autem
2268 2631 2445 2678 vestra
2477 2621 2752 2677 Celsitudo
2784 2621 3098 2691 parvitatem
3154 2635 3330 2673 meam
3386 2618 3636 2674 dilexerit

327 2708 835 2779 archiepiseOpatus
888 2726 1057 2781 super
1114 2727 1200 2766 me
1225 2712 1441 2777 cecidit,
1480 2729 1590 2767 non
1648 2715 1748 2770 hoc
1807 2715 1932 2770 fecit
2039 2712 2270 2777 sincere,
2304 2711 2558 2765 dubitare
2589 2726 2695 2764 non
2729 2725 2972 2779 possum,
3005 2708 3130 2779 quia
3173 2709 3276 2763 hoc
3317 2707 3637 2762 certissimis

327 2797 668 2867 negligentia
699 2799 784 2853 vel
815 2799 1164 2867 oblivio,sed
1206 2815 1403 2870 magna
1426 2801 1584 2856 valde
1632 2804 1933 2871 perturbati
2040 2801 2381 2874 argumentis
2429 2798 2841 2863 beneﬁciorum,
2903 2813 3023 2867 qua:
3091 2796 3221 2850 mihi
3270 2803 3321 2850 et
3379 2796 3635 2851 Ecclesiae

328 2885 510 2941 cordis
539 2885 649 2940 mei
677 2886 966 2942 dubitatio.
1006 2887 1094 2942 Sic
1124 2887 1266 2943 enim
1300 2889 1440 2943 intra
1473 2906 1558 2944 me
1591 2889 1934 2946 luctabantur
2044 2889 2320 2954 Beccensi,
2345 2888 2432 2943 cui
2461 2888 2723 2942 hactenus
2752 2886 2853 2940 sub
2884 2885 3108 2940 nomine
3166 2884 3379 2939 abbatis
3419 2883 3633 2954 praefui,

332 2974 500 3029 timor
527 2975 631 3029 Dei
662 2982 714 3030 et
744 2976 905 3030 timor
933 2975 1131 3042 oneris,
1184 2977 1328 3048 quod
1359 2977 1542 3033 subire
1585 2980 1845 3051 cogebar,
1880 2989 1932 3036 et
1963 2972 2012 3035 C
2042 2981 2096 3033 in
2146 2978 2303 3034 dictis
2350 2984 2403 3032 et
2463 2975 2619 3032 factis
2646 2983 2699 3030 et
2746 2974 2801 3028 in
2857 2972 3026 3028 multa
3053 2972 3390 3046 benignitate
3411 2979 3464 3027 et
3493 2972 3638 3032 dulci

1634 3094 1864 3149 VARIIE
1906 3093 2321 3150 LECTIONES.

405 3184 632 3261 "Quem
665 3187 1146 3261 inceperammss.
1184 3205 1344 3261 quem
1378 3188 1527 3244 illam
1560 3189 1894 3261 incepirunt.
1926 3193 2327 3260 =.-n]‘imor,.iaut
2352 3189 2600 3261 charitas.
2625 3185 3042 3261 ant-obedientja
3059 3202 3164 3261 ius.
3201 3186 3224 3239 1
3261 3184 3636 3261 tim9r_e_tcha-

333 3256 467 3358 :itas
486 3266 539 3311 et
570 3260 898 3358 ebed'ientia.
928 3256 1229 3358 ζ’σοιιαιίςῐ
1252 3277 1378 3315 cum
1412 3278 1524 3358 uno
1575 3256 1902 3343 Exemplar;
1929 3280 2018 3341 ρας
2043 3256 2346 3356 ιρίράξρξὶξ
2374 3260 2585 3358 duobus
2628 3261 2706 3348 tin.
2726 3256 2916 3350 {tradent
2968 3259 3161 3314 Codice
3192 3272 3295 3312 ms.
3358 3256 3632 3312 "Dilectiu

331 3343 521 3383 earum
550 3345 656 3385 ms.
683 3329 897 3385 dilectio
928 3340 1134 3385 eorum.
1163 3329 1270 3384 "In
1303 3334 1502 3386 mentis
1535 3344 1685 3402 parte
1710 3329 1812 3388 ms.
1847 3329 1898 3387 ir'.
1929 3329 2322 3403 heat'ia'parté.

1536 3447 1848 3525 temnis,
1873 3449 2152 3528 PICARDI
2171 3445 2446 3519 ,ΝοΤιΕη
2589 3487 2605 3528 τ

335 3539 694 3617 Guillelmum
741 3541 908 3617 ﬁlium
951 3543 1165 3598 Ricardi
1207 3543 1274 3598 de
1315 3520 1774 3610 Bardivilla'cum
1828 3525 2000 3606 Erat»
2043 3526 2526 3617 bdnisrmorjbug
2826 3520 3159 3617 magnorum
3209 3539 3442 3594 virorum
3484 3552 3632 3617 _pro-

331 3612 545 3686 n_u_lpho
595 3613 915 3686 cancellario
990 3630 1114 3677 suo,
1174 3616 1439 3669 mandans
1491 3625 1541 3669 ct
1602 3618 1938 3685 praecipiens
2045 3617 2298 3686 pinquus,
2363 3611 3148 3686 regietprimoribus—regni
3176 3618 3452 3686 acceptus,
3483 3611 3635 3686 itase

335 3682 626 3754 Willelmo
653 3685 1062 3754 archiepiscOpo
1087 3693 1139 3738 ut
1171 3686 1423 3740 abbatem
1458 3679 1613 3740 Becci
1642 3688 1756 3742 sine
1785 3679 1937 3742 mora
2047 3679 2312 3750 modeste,
2373 3679 2649 3739 humiliter
2695 3693 2748 3737 et
2799 3679 3085 3754 mansuete
3118 3679 3366 3754 habebat
3416 3689 3489 3754 ut_
3528 3679 3634 3733 ali-

335 3752 707 3828 benedice_ret,
743 3751 1475 3828 nihilque—abeoexigeret,
1511 3759 1616 3811 nisi
1648 3775 1769 3828 qua:
1798 3774 1934 3813 con-
2047 3758 2263 3828 quando
2289 3757 2504 3810 nescius
2535 3766 2581 3828 et
2617 3771 2752 3822 pene
2782 3754 2948 3828 idiota
2977 3751 3585 3828 videreturquibusdam
3620 3764 3633 3816 ;

337 3832 506 3900 staret
538 3841 568 3878 a
601 3821 962 3900 Bercensibgus
1009 3821 1760 3900 abbatibusfantecessoribus
1810 3829 1936 3900 ejus
2045 3821 2258 3900 verum,
2294 3829 2338 3881 si
2397 3821 2624 3900 prOpius
2649 3826 2961 3900 accederes,
2988 3833 3049 3900 et_
3071 3825 3214 3878 velut
3233 3821 3623 3900 perscrutando

338 3894 548 3970 factum
579 3912 725 3970 esse.
763 3896 1004 3970 Audiens
1051 3897 1625 3970 hecfarchiepiscopus
1656 3899 1824 3953 iratus
1843 3893 1937 3954 'est
2047 3899 2172 3970 ejus
2217 3893 2435 3952 sensum
2488 3893 2573 3970 de_
2591 3896 2755 3970 rebus
2811 3896 2997 3970 dubiis
3037 3894 3428 3970 interrogares,
3472 3893 3636 3970 altam

338 3965 497 4039 valde
532 3966 798 4039 ;_perfeeit
830 3977 1010 4022 tamen
1038 3969 1178 4039 quod
1207 3965 1499 4039 inemptum
1526 3965 1668 4024 'erat
1704 3984 1716 4036 ;
1751 3979 1803 4023 et
1831 3971 1934 4023 ab-
2044 3965 2405 4038 prudentiam,
2449 3966 2772 4039 profundum
2805 3966 3194 4039 c0n_silium._et
3219 3966 3468 4018 maximae
3523 3965 3632 4039 ho-

339 4035 522 4110 batem
549 4034 825 4110 benedixit
854 4038 992 4110 sine
1027 4034 1382 4106 professione,
1416 4041 1545 4105 quia
1600 4034 1932 4110 praeceptum
2043 4034 2263 4094 aestatis
2294 4034 2676 4110 documentum
2734 4037 3029 4110 invenires.
3100 4037 3488 4110 Eratquoque
3521 4034 3635 4087 Deo

335 4107 602 4176 principis
660 4109 811 4161 illum
841 4105 1089 4179 cogebat.
1144 4111 1332 4164 Postea
1384 4110 1555 4164 abbas
1601 4105 1811 4165 locutus
1851 4120 1935 4165 est
2042 4113 2289 4172 devotus,
2336 4109 2634 4176 majOribus
2717 4109 3042 4179 submissus,
3089 4105 3321 4179 subditis
3370 4105 3640 4174 benignus

337 4193 464 4231 cum
492 4178 926 4250 archiepiscopo,
953 4186 1115 4249 atque
1161 4179 1212 4233 in
1249 4189 1443 4234 tantam
1497 4183 1726 4250 gratiam
1785 4182 1934 4235 illum
2047 4181 2349 4235 mansuetis
2407 4181 2600 4243 bonus,
2687 4195 2878 4250 servus
2933 4178 3405 4250 indisciplinatis;
3468 4190 3637 4250 supra

336 4249 538 4318 pra-sul
567 4250 778 4317 accepit
798 4247 854 4304 ut
883 4247 1086 4304 nullum
1136 4249 1189 4304 in
1238 4247 1630 4306 Northmannia
1681 4253 1934 4308 abbatem
1969 4293 2018 4318 η
2050 4267 2362 4306 mensuram
2425 4266 2577 4304 suam
2658 4249 2792 4302 nihil
2850 4249 3167 4318 usurpabat,
3221 4247 3424 4318 divinis
3474 4247 3634 4318 rebus

337 4293 646 4373 chariorem
674 4293 756 4374 vrel
817 4321 1216 4376 familiariorem
1269 4324 1509 4376 haberet.
1572 4293 2229 4378 Posterat‘dieDomem
2305 4321 2663 4376 reverentiam
2774 4293 3040 4383 exhibezit,
3119 4293 3292 4372 Deum
3393 4315 3631 4379 timebat,

338 4389 501 4463 rediit
529 4390 626 4463 ad
639 4392 1026 4463 monasterium
1063 4412 1077 4456 ;
1111 4393 1554 4463 archiepiscOpus
1610 4409 1737 4448 vero
1795 4410 1938 4462 prae-
2050 4403 2330 4463 peccatum
2361 4391 2517 4463 quasi
2541 4392 2695 4463 virus
2723 4391 2952 4463 mortale
2973 4389 3097 4443 odio
3144 4385 3633 4463 habens_fugicba_t.

339 4461 489 4528 cepit
524 4460 817 4535 Guillelmo
873 4463 1227 4535 Cormeliensi
1260 4457 1470 4518 abbati'
1497 4470 1558 4519 ut
1613 4464 1770 4518 simul
1797 4457 1939 4519 'cum
2050 4457 2251 4535 Siquis
2282 4457 2713 4535 benedictionem
2747 4462 2821 4535 ab
2854 4477 2918 4514 eo
2935 4467 3208 4535 posceret,
3258 4457 3431 4512 verbo
3460 4457 3637 4526 magis

341 4546 410 4585 eo
436 4541 706 4600 pergeret,
730 4541 784 4586 et
804 4533 856 4586 in
887 4533 1077 4587 sedem
1127 4535 1335 4588 abbatis
1393 4536 1512 4589 vice
1558 4535 1639 4588 sui
1689 4536 1936 4589 introdu-
2049 4531 2210 4603 quam
2265 4550 2427 4587 manu
2476 4531 2859 4598 benedicebat,
2918 4531 3105 4585 dicens
3163 4545 3421 4603 nonesse
3475 4543 3632 4603 suum

340 4599 506 4675 ceret.
542 4599 702 4675 Venit
727 4612 906 4675 autem
953 4618 1073 4658 cum
1127 4605 1340 4674 majori,
1388 4622 1488 4674 qua
1551 4606 1941 4675 potuit,humi-
2049 4599 2210 4659 manu
2243 4605 2587 4666 benedicere,
2621 4604 3152 4675 sedgepiscoporum.
3195 4599 3386 4654 Nullus
3443 4601 3636 4675 abbas,

341 4673 515 4735 litate,
549 4673 1006 4756 nudis‘pedibns,
1036 4682 1089 4728 et
1135 4669 1418 4756 susceptus
1463 4669 1622 4756 estia
1679 4669 1942 4756 fratribus
2048 4693 2138 4756 qui
2170 4678 2445 4756 majorem“
2465 4669 2878 4756 sollicitudinem
2905 4681 3130 4756 gereret
3167 4677 3481 4756 conventus
3533 4669 3655 4732 sui,

338 4759 460 4796 cum
493 4759 697 4814 magno
718 4740 929 4798 honore
957 4747 1236 4810 etgaudio
1295 4740 1344 4798 in
1371 4747 1665 4800 Ecclesium
1725 4749 1935 4801 ductus.
2050 4740 2210 4800 talem
2245 4740 2392 4799 illum
2421 4746 2585 4798 fuisse
2617 4745 2794 4798 sciunt
2827 4744 2918 4814 qui
2949 4743 3022 4796 illi
3051 4741 3373 4796 familiarius
3395 4740 3640 4814 adhaese-

339 4814 496 4867 Tunc
526 4811 698 4868 abbas
741 4815 1142 4876 Coi-meliensis,
1165 4826 1220 4869 ut
1249 4817 1350 4870 sibi
1377 4819 1591 4885 jussum
1649 4827 1784 4879 erat,
1819 4834 1937 4873 eum
2050 4826 2191 4871 runt.
2217 4817 2429 4886 Quippe
2462 4816 2532 4869 ita
2558 4811 2891 4884 compositus
2947 4815 3135 4886 homo
3166 4822 3223 4867 ut
3252 4827 3354 4866 nec
3411 4811 3639 4880 turpilo-

339 4885 396 4938 in
427 4886 613 4958 sedem
645 4886 810 4949 misit,
859 4895 910 4939 et
931 4887 1196 4954 incipiens
1261 4889 1324 4942 Te
1380 4883 1558 4943 Deum
1614 4890 1936 4950 laudamus,
2049 4883 2260 4958 quium'
2312 4883 2408 4942 ore
2491 4883 2782 4955 proferret.
2839 4883 3171 4958 scurrilitatis
3257 4897 3416 4938 omne
3462 4895 3638 4958 genus

337 4955 617 5028 osculatus
644 4965 726 5010 est
753 4972 969 5028 omnem
1001 4953 1350 5028 conventum.
1387 4982 1408 5005 η
1443 4961 1559 5012 Huc
1589 4975 1770 5028 usque
1801 4960 1934 5014 Cod.
2047 4953 2345 5024 aborreret,
2405 4953 2806 5011 immunditiam
2842 4955 3076 5028 Amentis
3132 4965 3184 5008 et
3252 4953 3522 5028 corporis,
3582 4959 3640 5005 ut

339 5027 1022 5100 BeccenstdegGuillelmi
1065 5027 1346 5100 electione.
1395 5046 1577 5099 quem,
1630 5025 1697 5083 ut'
1735 5030 1940 5098 posteri
2047 5030 2205 5100 virgo
2263 5029 2330 5082 ab
2380 5037 2530 5081 utero
2579 5028 2786 5090 matris,
2839 5026 3154 5100 ignoraret,_
3215 5025 3340 5100 cibo
3401 5032 3641 5100 potaque

340 5101 542 5159 norint,
573 5097 959 5171 dignissimum
992 5099 1226 5152 Anselmi
1252 5094 1642 5165 successorem,
1672 5094 1939 5171 dignum-
2051 5094 2397 5168 temperatus,
2461 5099 2683 5171 honeste
2714 5094 3096 5171 verecundus,
3136 5095 3325 5171 indole
3376 5094 3642 5171 religiosa

339 5183 447 5237 que
475 5164 728 5236 patellam
771 5169 1048 5223 invenisse
1079 5171 1396 5238 operculum
1427 5174 1560 5224 citra
1595 5171 1666 5235 pii
1697 5164 1934 5236 le'ctoris,
2046 5164 2297 5234 decorus,
2351 5170 2492 5240 bono
2542 5168 2762 5240 ingenio
2831 5184 2956 5221 sane
3015 5165 3379 5240 intelligebat,
3439 5164 3640 5218 blando

338 5235 398 5292 tit
426 5235 934 5311 spero.ifa5tidium.
971 5235 1129 5311 (Nam
1175 5241 1242 5294 de
1285 5242 1466 5311 probis
1517 5242 1732 5295 habitus
1761 5235 1938 5298 sermo
2047 5257 2293 5296 sermone
2324 5235 2876 5311 placebatfdoctrina
2907 5247 2959 5293 et
2987 5238 3236 5311 exemplo
3269 5235 3578 5311 utili_s_erat,
3612 5257 3633 5281 ιι

339 5307 508 5363 etiam
541 5310 894 5378 pullulantem
951 5310 1175 5364 suﬁocat
1207 5307 1540 5376 nauseolam,
1603 5322 1807 5367 tantum
1848 5314 1937 5367 ab-
2047 5322 2149 5366 etc.
2189 5307 2356 5380 Prope
2409 5311 2532 5363 mihi
2565 5311 2835 5364 ceciderat
2865 5310 3018 5363 locus
3049 5309 3316 5362 Gemmet.
3378 5307 3480 5359 lib.
3539 5319 3637 5358 vnl

337 5387 442 5438 est.
500 5391 557 5456 ut
607 5383 848 5456 excitet.)
893 5381 1237 5456 Subpingam
1287 5382 1536 5437 breviora
1593 5386 1841 5454 quaedam
1887 5392 1939 5436 et
2047 5401 2158 5437 suae
2190 5379 2592 5456 historiamcap.
2627 5382 2792 5448 6,ubi
2826 5379 3173 5434 Guillelmnm
3207 5386 3446 5431 nostrum
3472 5392 3640 5456 agno-

337 5451 608 5506 crassiora
670 5446 930 5505 virtutum
1000 5446 1141 5518 ejus"
1176 5453 1496 5508 lineamenta
1555 5446 1624 5508 ex.
1677 5456 1932 5509 Beccens.
2048 5457 2215 5507 minat
2247 5446 2708 5506 Bellomont'anum
2741 5469 2804 5506 ex
2837 5467 3037 5518 genere
3071 5459 3335 5513 materno,
3368 5457 3423 5501 ut
3454 5446 3638 5500 videre

337 5522 535 5594 eadem
557 5520 749 5594 tabula
782 5539 795 5578 :
827 5546 850 5570 α
874 5525 999 5588 Iste,
1027 5523 1224 5594 inquit,
1279 5525 1362 5578 vir
1406 5525 1581 5579 bonus
1610 5525 1678 5579 de
1718 5541 1822 5594 quo
1850 5526 1935 5579 lu-
2047 5534 2129 5580 est
2158 5526 2214 5578 in
2231 5524 2456 5578 exordio
2489 5523 2648 5592 hujus
2680 5523 3016 5577 narrationis.

339 5593 576 5663 quimur,
611 5593 779 5650 abbas
798 5595 1004 5651 scilicet
1029 5593 1355 5652 Guillelmus
1379 5612 1598 5668 magna:
1630 5593 1931 5667 sapientiae,
