4010 6064
285 235 344 298 31
803 235 856 293 S.
902 236 1212 293 ANSELMI
1252 237 1606 294 CANTUAR.
1654 236 1982 292 ARCHIEP.
2028 236 2180 294 OPP.
2217 238 2390 294 PARS
2431 239 2533 292 Ill.
2578 268 2650 278 —
2698 236 3072 294 EPISTOL/E.
3519 233 3588 292 32

287 363 482 433 pietate
513 361 878 433 impendistis,
914 364 1141 434 probare
1178 379 1424 432 possum.
1449 362 1604 430 Quod
1628 361 1881 432 quoniam
1912 361 1968 426 Α
2000 361 2167 416 multo
2237 363 2391 434 plura

291 452 452 506 nullis
502 453 779 522 obsequiis
838 458 931 507 aut
968 451 1242 506 beneficiis
1297 467 1384 506 me
1441 451 1590 520 prius
1634 452 1888 504 metuisse

292 549 384 595 aut
439 550 629 610 postea
668 541 979 595 retribuisse
1030 540 1338 604 considero,
1393 538 1551 593 valde
1599 555 1684 592 me
1709 555 1889 608 repre-

293 630 616 684 hensibilem
666 645 770 699 ego
831 631 946 700 ipse
991 629 1216 698 ju'licio,
1254 629 1300 680 si
1344 636 1618 698 paternam
1653 636 1888 682 vestram

294 719 630 773 sanctitatem
677 719 910 773 fideliter
953 734 1060 771 non
1089 715 1278 786 diligo.
1334 715 1546 783 Quanto
1603 732 1739 788 ergo
1798 731 1895 770 vos

296 807 784 878 diligosincerius;
822 815 968 860 tanto
1026 805 1067 858 si
1124 815 1301 859 vestra
1359 804 1576 859 dilectio
1634 821 1762 876 erga
1807 821 1894 859 me

297 896 648 966 aliquatenus
679 894 1032 950 olinubilatur
1073 894 1205 947 mihi
1249 901 1330 947 est
1361 893 1614 947 amarius.
1651 895 1768 948 Hoc
1816 893 1896 946 id-

297 984 440 1038 circo
469 984 615 1047 dico,
669 984 972 1037 reverende
1002 983 1075 1036 mi
1127 984 1281 1037 Pater
1303 978 1342 1007 ⁷⁵
1375 992 1421 1036 et
1453 983 1702 1046 Domine,
1755 997 1894 1052 quo-

296 1072 437 1126 niam
471 1072 654 1125 audivi
689 1071 836 1141 quod
873 1080 1099 1141 paterna
1141 1077 1316 1124 vestra
1341 1070 1609 1126 Sanctitas
1639 1072 1895 1140 suspice-

301 1168 383 1215 tur
412 1176 496 1214 me
521 1160 871 1230 aliquatenus
893 1159 1193 1228 cupiditate
1250 1159 1764 1228 archiepiscOpatus,
1827 1157 1898 1212 ad

302 1265 462 1319 quem
497 1247 705 1313 dolens,
730 1247 892 1301 tristis
925 1257 976 1302 et
1010 1248 1226 1314 timens,
1287 1246 1470 1301 multis
1529 1247 1782 1317 lacrymis
1826 1255 1902 1301 te-

304 1337 584 1402 stantibus,
611 1339 790 1390 trahor
818 1336 1128 1406 illaqueari,
1161 1336 1304 1390 unde
1336 1336 1493 1390 valde
1551 1336 1712 1390 timeo
1740 1351 1900 1388 men-

300 1426 369 1480 tis
420 1435 622 1479 vestra:
680 1425 1066 1496 benignitatem
1116 1441 1250 1495 erga
1305 1423 1668 1480 humilitatem
1702 1440 1898 1486 meam,

305 1512 554 1584 quamvis
587 1530 921 1584 nequaquam
955 1514 1060 1567 hoc
1093 1529 1316 1578 merear,
1370 1512 1696 1567 decolorari.
1729 1514 1900 1567 Deum

305 1603 447 1658 enim
478 1602 674 1656 invoco
707 1609 917 1666 testem,
943 1603 994 1656 in
1027 1602 1185 1670 cujus
1217 1610 1512 1672 conspectu
1547 1601 1760 1655 mentiri
1792 1617 1902 1656 non

304 1692 500 1756 debeo,
532 1700 586 1745 et
615 1708 777 1764 quem
810 1691 1073 1745 mendacii
1107 1686 1294 1744 testem
1330 1691 1584 1745 invocare
1607 1691 1761 1744 nefas
1778 1706 1900 1745 esse

305 1781 438 1842 scio,
473 1781 617 1851 quia,
650 1781 948 1834 secundum
1000 1780 1146 1850 quod
1182 1795 1353 1834 meam
1394 1795 1573 1834 coram
1616 1779 1708 1834 illo
1740 1794 1895 1834 com-

304 1869 585 1941 prehendo
632 1869 1044 1933 conscientiam,
1106 1869 1344 1933 mallem,
1413 1868 1456 1921 si
1517 1869 1618 1923 hoc
1674 1875 1898 1922 servata

305 1958 558 2013 charitate
590 1965 642 2012 et
678 1957 987 2012 obedientia
1013 1973 1147 2029 quas
1179 1958 1292 2011 Deo
1315 1957 1508 2020 debeo,
1556 1965 1607 2011 et
1640 1956 1899 2012 Ecclesiae

305 2047 405 2124 Dei
461 2054 683 2116 propter
739 2048 910 2101 Deum
963 2062 1180 2116 possem
1239 2046 1557 2100 monachica
1588 2053 1899 2114 paupertate

309 2131 600 2188 serviendo
629 2137 686 2185 et
707 2131 1014 2185 obediendo
1057 2130 1240 2184 abbati
1273 2130 1602 2200 regulariter
1651 2129 1898 2195 subesse,

311 2237 472 2291 quam
505 2220 616 2284 uni,
642 2221 725 2274 vel
766 2220 970 2283 multis,
1005 2221 1088 2274 vel
1119 2219 1701 2274 omnibushominibus
1732 2219 1902 2272 domi-

307 2309 490 2364 nando
547 2310 602 2362 in
653 2317 866 2363 terrena
899 2309 1219 2364 celsitudine
1252 2317 1302 2363 et
1331 2308 1608 2378 opulentia
1658 2317 1901 2362 terrena-

309 2414 434 2453 rum
483 2414 663 2451 rerum
713 2413 963 2468 prmessc.
1016 2398 1192 2464 Certe,
1255 2398 1328 2450 mi
1381 2397 1678 2452 reverende
1719 2398 1899 2463 Pater,

310 2503 495 2542 coram
554 2488 668 2541 Deo
726 2487 976 2540 similiter
1009 2487 1218 2556 loquor,
1290 2502 1393 2538 non
1448 2495 1681 2539 mentem
1726 2501 1901 2538 meum

309 2576 473 2630 trahit
499 2584 590 2628 aut
623 2575 805 2646 alligat
837 2576 903 2628 ad
962 2573 1493 2644 archiepiscotiatum
1543 2581 1768 2628 terrena:
1800 2573 1904 2626 ali-

311 2663 468 2733 cujus
499 2663 599 2730 rei,
633 2679 790 2734 quam
813 2679 1006 2717 servus
1037 2663 1133 2716 Dei
1159 2669 1505 2731 contemptor
1534 2661 1721 2715 mundi
1767 2676 1904 2716 con—

313 2754 553 2806 temnere
584 2751 802 2817 debeat,
851 2750 1138 2818 cupiditas,
1196 2750 1290 2804 sed
1350 2749 1554 2804 timoris
1589 2749 1683 2804 Dei
1739 2749 1902 2820 cogit,

317 2855 479 2909 quam
531 2840 710 2895 adhuc
768 2855 877 2892 non
919 2839 1076 2894 video
1107 2839 1382 2907 quomodo
1426 2854 1677 2908 rumpere
1707 2837 1906 2907 possim

315 2928 431 2983 sine
453 2937 694 2999 peccato,
729 2928 1041 2983 necessitas.
1071 2927 1233 2996 Quod
1263 2936 1441 2982 autem
1474 2927 1693 2981 domino
1727 2934 1909 2980 nostro

316 3016 496 3073 comiti
555 3017 1050 3071 Northmannorum
1109 3017 1362 3077 Roberto,
1415 3023 1467 3069 et
1526 3015 1668 3068 Patri
1726 3023 1909 3068 nostro

320 3105 618 3160 reverendo
675 3105 1084 3174 archiepiscopo
1162 3103 1471 3165 Guillelmo,
1533 3111 1586 3157 et
1659 3102 1912 3156 fratribus

321 3195 518 3248 nostris
551 3194 913 3250 Beccensibus
947 3190 1221 3264 mandas’gi,
1241 3191 1516 3275 ξηξςξυςιξίο
1543 3191 1918 3280 ξῐτιςεξάέτροὲξθ

321 3282 552 3352 amplius
584 3282 706 3336 sine
734 3292 957 3353 peccato
994 3279 1917 3351 residt‘bidtetiquta..votcmaiiﬁd

318 3371 628 3427 nullatenus
657 3387 871 3440 possem
902 3371 1190 3437 obsistere,
1225 3379 1275 3425 et
1306 3370 1506 3424 idcirco
1527 3369 1760 3423 consilio
1780 3369 1919 3422 viro-

318 3475 438 3512 rum
497 3461 854 3529 spiritualium
913 3468 961 3513 et
1017 3458 1917 3537 phitrimqutynnDeym'qnagi

321 3525 567 3602 homines
599 3558 781 3619 ageret
803 3525 1518 3616 idemeécbéépisebpuisptﬂ
1544 3529 1689 3607 «inihi
1719 3525 1955 3614 prisci-5

325 3645 478 3706 peret
506 3637 641 3690 sicut
672 3637 958 3696 monacho,
995 3637 1084 3704 qui
1116 3652 1225 3689 non
1260 3635 1358 3688 nisi
1397 3651 1494 3703 per
1551 3633 1917 3688 obedientiam

320 3724 502 3780 vivere
536 3727 646 3778 vult
675 3723 735 3790 ⁷⁸,
762 3725 892 3796 quid
933 3724 1064 3778 mihi
1090 3725 1266 3793 potius
1295 3723 1602 3779 faciendum
1644 3729 1785 3775 esset
1817 3739 1831 3786 ;
1867 3725 1921 3774 et

324 3815 474 3883 quod
508 3814 696 3882 scripsi
730 3813 1001 3882 przedictis
1025 3813 1278 3866 fratribus
1309 3829 1422 3867 rem
1463 3812 1531 3866 ad
1567 3811 1670 3865 hoc
1701 3809 1919 3878 perduci

322 3901 725 3966 inevitabiliter,
760 3910 816 3956 ut
871 3907 962 3955 aut
992 3901 1098 3956 illis
1129 3911 1178 3956 et
1221 3902 1340 3955 aliis
1398 3900 1731 3970 prodessem,
1766 3899 1815 3951 si
1834 3913 1920 3951 or-

328 3989 590 4044 dinationi
623 3990 718 4045 Dei
752 3990 1158 4059 acquiescerent
1189 4005 1201 4056 ;
1233 3998 1324 4044 aut
1355 4005 1454 4044 nec
1496 3988 1620 4052 illis,
1679 4003 1778 4042 nec
1797 3986 1920 4040 aliis

327 4079 667 4148 prodessem,
701 4079 792 4133 sed
828 4080 882 4132 in
914 4077 1131 4132 tristitia
1164 4079 1400 4133 viverem
1431 4078 1708 4146 deinceps,
1731 4075 1773 4129 si
1794 4091 1917 4145 per-

325 4166 572 4222 tinaciter
599 4174 858 4237 agerent,
878 4174 929 4219 et
957 4165 1158 4220 idcirco
1189 4165 1294 4219 illis
1323 4165 1592 4226 consului,
1637 4161 1918 4217 sicutmihi

324 4254 630 4310 commissis
683 4255 749 4308 ad
805 4253 1219 4320 consulendum,
1277 4258 1334 4307 ut
1363 4253 1497 4306 nihil
1538 4251 1637 4305 nisi
1695 4251 1918 4306 consilio

323 4343 683 4412 spiritualium
705 4343 771 4397 de
803 4343 1152 4398 concessione
1183 4343 1309 4404 mei,
1345 4358 1462 4410 quae
1493 4341 1561 4395 ab
1592 4339 1697 4394 illis
1725 4339 1916 4410 exige-

2501 370 2554 418 et
2632 364 2884 431 graviora
2949 361 3241 425 nascitura,
3293 359 3339 415 si
3386 359 3587 416 diutius

1996 451 2353 518 differrentur,
2409 469 2530 522 quze
2577 467 2719 506 nunc
2749 467 2854 505 non
2912 459 2990 505 est
3046 467 3184 520 Opus
3212 451 3408 504 dicere.
3441 451 3590 505 Inter

1998 557 2120 611 quae
2175 541 2317 594 mala
2365 549 2479 594 erat
2526 541 2821 594 destructio
2871 539 3152 594 Beccensis
3210 538 3251 569 ⁷⁷
3306 538 3588 603 Ecclesite,

1999 637 2052 683 et
2117 637 2171 682 ut
2287 629 2676 701 intelligebam,
2790 627 3173 698 irreparabilis,
3262 627 3398 681 sicut
3475 634 3592 681 erat

2000 717 2345 771 inevitabilis.
2407 717 2581 782 Quam
2659 716 2704 770 si
2765 717 3004 771 viderem
3063 717 3117 770 in
3167 723 3318 770 tanta
3376 715 3594 769 tristitia

2001 805 2259 874 deinceps
2283 806 2545 868 viverem,
2579 813 2636 858 ut
2660 819 2760 860 nec
2792 806 2923 858 mihi
2957 821 3056 859 nec
3081 804 3173 858 ulli
3214 820 3415 858 essem.
3440 803 3594 858 Scie-

2001 893 2124 948 bam
2157 895 2315 948 etiam
2345 894 2471 964 quia
2504 902 2730 964 propter
2757 893 3164 948 concessionem
3197 892 3284 948 vel
3317 892 3596 948 contradi-

2003 984 2234 1036 ctionem
2268 982 2586 1036 eorumdem
2612 983 2837 1036 fratrum
2873 991 3204 1049 nostrorum,
3266 996 3366 1035 nec
3419 980 3597 1047 majus

2005 1088 2104 1125 nec
2157 1072 2334 1125 minus
2390 1071 2532 1140 quod
2583 1071 2854 1141 inceptum
2909 1078 3023 1125 erat
3075 1069 3223 1124 fieret
3257 1088 3272 1136 ;
3309 1077 3363 1125 et
3392 1069 3598 1125 idcirco

2006 1159 2256 1214 volebam
2298 1167 2353 1213 ut
2383 1159 2462 1213 illi
2519 1159 2638 1213 sine
2667 1159 2826 1228 culpa
2873 1167 2926 1213 et
2953 1158 3077 1213 sine
3113 1159 3259 1212 omni
3308 1157 3599 1214 occasione

2007 1247 2336 1324 imminentis
2395 1247 2620 1316 periculi
2677 1255 2886 1313 essent,
2945 1246 3206 1317 quidquid
3236 1245 3407 1301 ﬁeret.
3443 1245 3599 1314 Quod

2008 1351 2142 1391 vero
2173 1335 2476 1406 significavi
2510 1335 2785 1391 voluntate
2818 1335 2952 1402 fieri,
2987 1335 3130 1405 quod
3161 1333 3338 1401 fiebat,
3372 1335 3460 1389 cui
3491 1350 3598 1389 non

2008 1441 2227 1496 possem
2259 1425 2537 1490 obsistere,
2573 1441 2680 1478 non
2712 1426 2784 1478 ita
2816 1425 3074 1492 intellexi,
3109 1424 3261 1494 quasi
3283 1433 3467 1479 certus
3514 1441 3602 1478 es.

2008 1529 2120 1568 sem
2155 1514 2282 1584 quia
2330 1515 2444 1568 Deo
2477 1514 2734 1583 placeret,
2767 1514 2859 1566 sed
2894 1513 3019 1584 quia
3039 1513 3151 1568 sive
3208 1512 3602 1577 misericordia,

2011 1603 2124 1657 sive
2148 1603 2310 1669 irata,
2335 1603 2608 1656 voluntate
2641 1611 2817 1657 tamen
2834 1601 2930 1656 Dei
2961 1602 3078 1671 (Cui
3094 1602 3265 1656 resisti
3289 1617 3394 1655 non
3410 1603 3606 1670 potest)

1930 1716 1983 1775 Β
2014 1690 2191 1746 fieret.
2233 1691 2480 1745 Solemus
2508 1691 2648 1744 enim
2681 1691 2881 1756 dicere,
2916 1691 3075 1744 etiam
3111 1707 3234 1743 cum
3266 1690 3394 1745 certi
3419 1705 3606 1744 sumus

2014 1781 2137 1852 quia
2170 1779 2337 1834 iratus
2368 1779 2568 1849 aliquid
2599 1778 2724 1833 facit
2746 1780 2912 1836 Deus.
2948 1779 3151 1832 nullum
3210 1794 3372 1848 posse
3402 1779 3600 1833 volun-

2005 1869 2101 1922 tati
2133 1868 2249 1937 ejus
2285 1869 2553 1923 resistere.
2573 1868 2816 1939 Denique
2831 1867 3099 1940 quidquid
3114 1866 3308 1938 aliquis
3338 1866 3604 1937 intelligat

2008 1959 2063 2012 in
2086 1959 2276 2012 litteris
2304 1958 2444 2012 meis
2473 1957 2541 2012 de
2572 1957 3058 2026 archiepiscopatu,
3114 1971 3217 2027 ego
3273 1963 3455 2010 certus
3484 1971 3604 2010 sum

2009 2048 2131 2116 quia
2187 2046 2240 2100 in
2288 2045 2632 2116 simplicitate
2681 2045 2861 2100 cordis
2918 2045 3046 2112 mei,
3097 2045 3150 2099 in
3182 2053 3439 2114 quantum
3484 2059 3601 2099 eam

2009 2151 2191 2191 coram
2227 2135 2339 2190 Deo
2371 2151 2586 2189 servare
2619 2134 2786 2204 potui,
2819 2134 3028 2189 locutus
3059 2150 3205 2187 sum.
3232 2132 3605 2204 Precorigitur

2011 2225 2263 2280 dilectam
2305 2225 2432 2278 mihi
2466 2223 2844 2278 Paternitatem
2879 2231 3132 2288 vestram,
3166 2229 3225 2276 ut
3272 2223 3452 2292 potius
3480 2237 3608 2276 scn-

2015 2317 2140 2370 tiam
2174 2315 2224 2368 in
2257 2313 2443 2368 dolore
2475 2320 2528 2368 et
2568 2313 2760 2366 timore
2819 2326 2939 2366 meo
2997 2311 3352 2371 miserationis
3408 2315 3606 2365 vestrae

2012 2403 2454 2463 consolationem,
2490 2418 2647 2472 quam
2678 2401 2746 2456 ad
2783 2409 3132 2470 augmentum
3187 2415 3324 2454 mea:
3383 2398 3610 2454 tristitiaa

2012 2501 2251 2548 vestram
2280 2491 2731 2561 indignationem.
2784 2488 2939 2556 Quod
2953 2488 2994 2516 τ’
3014 2505 3118 2542 non
3175 2489 3345 2542 solum
3369 2503 3397 2542 a
3429 2496 3610 2542 vestra

2014 2583 2237 2652 pietate,
2271 2580 2368 2633 sed
2397 2580 2538 2633 etab
2559 2578 2886 2638 omnibus",
2922 2577 3014 2647 qui
3044 2593 3128 2631 me
3173 2585 3393 2646 propter
3440 2577 3611 2631 Deum

2017 2671 2276 2724 hactenus
2295 2665 2904 2730 dilexerunt,desiderio
2955 2666 3266 2734 impetrare,
3309 2680 3379 2720 ne
3409 2663 3612 2733 aliquid

2015 2773 2238 2828 pravum
2271 2760 2310 2788 '°
2339 2757 2407 2810 de
2433 2771 2518 2810 me
2539 2755 2737 2824 injuste
2767 2753 3111 2823 suspicantes
3159 2753 3408 2808 eamdem
3460 2752 3604 2807 dile-

2016 2848 2248 2902 ctionem
2283 2845 2474 2900 malint
2504 2843 2744 2913 abjicere
2765 2859 2929 2911 quam
2944 2857 3181 2897 servare.
3211 2841 3323 2896 Sed
3347 2841 3616 2913 quidquid

2017 2935 2093 2990 illi
2153 2935 2372 2996 faciant,
2407 2949 2506 2988 oro
2567 2933 2756 2994 Deum,
2804 2940 2857 2986 et
2886 2946 3044 3000 spero
3075 2931 3128 2984 in
3175 2931 3288 2986 Deo
3339 2929 3464 2999 quia
3509 2945 3615 3000 ego

2021 3041 2238 3095 semper
2267 3039 2361 3078 eos
2382 3022 2634 3092 diligam.
2668 3022 2912 3074 Vestram
2956 3027 3134 3073 autem
3169 3034 3302 3090 rogo
3360 3019 3615 3073 Paterni-

2029 3123 2213 3178 tatem,
2236 3112 2372 3167 sicut
2403 3111 2471 3165 de
2503 3111 2621 3180 ejus
2650 3109 2873 3164 consilio
2916 3107 3229 3172 dilectione,
3290 3116 3347 3161 ut
3403 3111 3616 3180 quoties

2192 3200 2367 3282 fuerit,
2400 3199 2540 3270 apud
2565 3198 2701 3252 alios
2759 3195 3076 3251 ﬁducialiter
3104 3213 3190 3250 me
3248 3195 3556 3250 defendatis
3583 3210 3617 3250 α

1963 3274 2295 3362 ,ξρῐξὲἆίἐιξε
2325 3289 2362 3318 ⁸¹
2394 3287 2704 3358 cupiditatis
2741 3284 3070 3355 suspicione.
3130 3285 3421 3340 Ecclesiam
3481 3285 3619 3339 Bec-

2027 3395 2267 3443 Censem,
2300 3393 2462 3449 quam
2487 3377 2768 3445 plusquam
2799 3374 2964 3429 vitam
2994 3373 3237 3442 corporis
3296 3374 3401 3427 mei
3431 3373 3617 3440 dilexi,

2310 3476 2553 3551 eryuam
2582 3464 2749 3517 tristis
2778 3463 2980 3517 tristem
3035 3462 3103 3517 de
3133 3463 3242 3515 mei
3303 3461 3620 3515 amissione.

1978 3549 2290 3626 :-'rpt:tn'uini
2315 3549 2414 3612 ἐΗ
2461 3553 2805 3621 corporalem
2830 3552 3192 3620 praesentiam,
3245 3565 3350 3603 non
3408 3549 3615 3617 dubito,

2029 3654 2219 3699 vestrae
2243 3643 2454 3713 pietatis
2483 3642 2708 3698 c0nsilio
2766 3649 2821 3695 et
2883 3639 3102 3701 auxilio,
3175 3638 3336 3692 veluti
3383 3637 3623 3694 animam

2028 3749 2227 3796 meam,
2264 3741 2372 3786 toto
2404 3731 2581 3785 cordis
2613 3728 2839 3790 affectu,
2873 3727 3118 3799 lacrymis
3145 3727 3453 3789 ﬂuentibus,
3477 3742 3623 3781 cum-

2029 3821 2247 3875 mendo.
2282 3819 2559 3888 Quatenus
2591 3818 2736 3872 illam
2764 3832 2869 3870 non
2903 3816 3083 3869 solum
3141 3831 3238 3886 per
3265 3831 3382 3877 vos,
3442 3815 3539 3870 sed
3569 3824 3620 3869 et

2029 3927 2124 3980 per
2154 3923 2503 3980 quoscunque
2535 3907 2779 3977 potestis,
2813 3905 2936 3958 illos
2967 3904 3036 3959 ad
3085 3903 3328 3973 ejusdem
3363 3903 3621 3959 Ecclesiae

2030 3998 2438 4054 miserationem
2473 4001 2518 4061 3
2537 3998 2638 4062 69
2663 3996 2752 4064 pia
2767 4001 2946 4050 vestra
2971 3994 3318 4048 miseratione
3333 3993 3373 4021 "
3394 4008 3621 4048 conver-

2028 4088 2210 4152 tendo,
2243 4085 2571 4140 sustentetis.
2604 4083 2961 4152 Omnipotens
2988 4082 3134 4136 Deus
3154 4081 3244 4135 diu
3275 4088 3507 4136 vestram
3530 4083 3621 4135 Pa-

2031 4177 2338 4230 ternitatem
2373 4175 2424 4226 in
2455 4174 2558 4227 hac
2581 4171 2688 4224 vita
2719 4170 2821 4224 sub
2849 4187 2961 4224 suae
2991 4169 3178 4242 gratim
3208 4171 3463 4224 continua
3483 4185 3616 4240 pro-

2027 4264 2258 4320 tectione
2287 4262 2570 4322 custodiat,
2594 4268 2647 4314 et
2678 4260 2744 4313 ad
2806 4259 2968 4313 vitam
3026 4266 3277 4313 teternam
3338 4259 3612 4328 perducat.

2029 4353 2281 4425 Sigillum
2316 4353 2431 4406 haec
2459 4350 2690 4420 epistola
2744 4363 2850 4402 non
2904 4346 3088 4410 habet,
3122 4346 3249 4416 quia
3305 4346 3476 4401 abbas
3506 4361 3614 4401 non

327 4431 502 4496 batur,
538 4431 775 4486 facerent
809 4447 822 4499 ;
856 4431 1085 4502 quidam
1115 4446 1220 4484 nou
1253 4430 1619 4501 intelligentes
1649 4428 1776 4499 quid
1829 4443 1915 4482 me
1947 4419 1994 4478 D
2025 4419 2166 4504 εαξη,
2198 4447 2250 4494 et
2270 4419 2712 4507 archiepiscopus
2733 4435 2974 4491 nondum
3005 4451 3146 4501 sum,
3207 4449 3307 4490 nec
3337 4450 3424 4490 me
3454 4435 3608 4490 dele-

325 4531 567 4591 cogeret,
602 4527 919 4588 putaverunt
946 4535 1066 4573 cum
1099 4521 1212 4573 haec
1233 4519 1499 4590 legerent,
1521 4533 1604 4571 me
1621 4516 1916 4587 cupiditate

325 4608 822 4678 archiepiscopatus
865 4623 984 4661 esse
1043 4608 1332 4661 devictum.
1366 4607 1472 4661 Sed
1529 4613 1677 4661 certe
1717 4603 1918 4658 nonita

327 4695 449 4759 fuit,
505 4711 604 4751 nec
631 4705 748 4750 est:
783 4695 878 4750 sed
912 4696 1160 4749 videbam
1220 4712 1287 4750 ex
1322 4694 1440 4766 ipsa
1471 4695 1584 4748 sola
1643 4692 1916 4759 dilatione,

331 4784 463 4856 quia
511 4800 616 4839 non
687 4784 1146 4839 determinabatur
1195 4784 1333 4855 quid
1367 4783 1602 4838 futurum
1653 4789 1797 4836 esset
1853 4780 1920 4835 de

329 4888 437 4941 me,
491 4872 607 4942 jam
641 4874 926 4942 praisvntia
984 4873 1151 4926 multa
1187 4881 1239 4926 et
1285 4872 1470 4943 gravia
1528 4871 1666 4924 mala
1722 4884 1922 4938 corpo-

327 4961 474 5016 ribus
523 4967 579 5016 et
633 4961 918 5016 animabus
976 4961 1264 5016 multorum
1327 4960 1576 5015 nocentia
1655 4957 1822 5025 nasci,
1873 4963 1925 5011 et

2025 4538 2131 4586 ctat
2153 4529 2300 4602 pingi
2324 4528 2468 4600 quod
2499 4543 2604 4582 non
2635 4541 2770 4580 sum.

2539 4649 2874 4706 EPISTOLA
2913 4649 2987 4703 XI
3026 4655 3086 4704 ⁸³.

2099 4771 2338 4812 ANSELMI
2369 4771 2438 4808 AD
2468 4768 2760 4809 FULCONEM
2791 4765 3094 4806 EPISCOPUI
3127 4767 3544 4810 ΒεινΑσεΝεεΜ.

2243 4853 2502 4923 Ejusdem
2525 4856 2610 4907 est
2637 4850 2962 4919 argumenti
2982 4863 3049 4902 ac
3062 4850 3405 4919 precariam.

2103 4953 2426 5008 Dulcissimo
2470 4958 2524 5004 et
2553 4947 2902 5004 dilectissimo
2932 4961 3032 5001 suo
3063 4947 3328 5014 ditcctori,
3361 4948 3620 5021 episcopo

1595 5133 1828 5188 νΑΒυΕ
1867 5129 2171 5186 LECTION
2179 5127 2292 5182 ES.

401 5285 572 5346 “Mihi
607 5298 757 5356 pater
789 5306 892 5346 ms.
928 5289 998 5342 mi
1031 5295 1209 5358 pater.
1268 5279 1515 5358 "Venire
1549 5283 1656 5336 vult
1687 5299 1793 5358 (ns.
1830 5283 2019 5335 vivere
2069 5279 2198 5334 vult.
2232 5276 2558 5358 "’fDistinctio
2614 5273 2908 5358 Beccensis
2941 5289 3072 5358 pas.
3120 5267 3620 5358 destructioniie?

333 5339 572 5418 censi—sf
593 5339 1323 5424 Vzt—Io‘nsolatinnetrn.‘Quod
1373 5339 1482 5410 ins.
1517 5355 1975 5424 consolationem.
2010 5368 2171 5420 quam
2202 5351 2268 5404 ad
2290 5359 2642 5420 augmentum
2675 5364 2810 5424 mea;
2840 5344 3066 5424 tristitiae
3098 5352 3331 5396 vestram
3356 5339 3619 5424 indigna-

328 5412 548 5489 68615.6.
605 5412 977 5499 Quodt7'ikd
1003 5412 1315 5484 hominibus
1349 5444 1450 5481 ms.
1485 5426 1555 5480 ab
1584 5426 1857 5499 omnibus.
1889 5412 2182 5499 _'°Parvum
2213 5438 2329 5499 gms.
2363 5412 2768 5499 “pravum..'_‘A
2801 5414 3054 5499 pivefdnicta‘
3095 5430 3202 5468 ms.
3244 5428 3276 5465 a
3308 5412 3610 5499 praedictae;

339 5483 728 5557 H’vliti'seratione
762 5519 862 5556 ms.
893 5483 1258 5567 persuasione.
1318 5499 1583 5553 ωεοιιαια
1613 5513 1741 5551 cum
1769 5496 1979 5567 duobus
2013 5495 2268 5567 prrtfatis
2299 5483 2430 5548 mss.
2469 5490 2532 5547 in
2566 5489 2761 5547 Codice
2804 5483 2969 5559 15/20
2999 5490 3054 5542 ει
3086 5501 3216 5542 cum
3271 5500 3378 5540 ms.
3414 5483 3515 5539 Bri.
3555 5483 3621 5536 18

335 5575 586 5646 ejusdem
620 5565 972 5630 Bibliothetme
1012 5572 1323 5628 Victorinus.
1363 5570 1427 5624 Et
1459 5567 1608 5626 Edit.
1643 5568 1800 5625 Goth.
1835 5571 1890 5622 et
1923 5565 2036 5622 Col.
2074 5565 2230 5623 1573.
