4010 6064
355 275 425 330 33
937 242 949 250 ’
1759 272 1767 279 ·
1806 234 2078 328 usuin,
2112 254 2332 317 EPIST.
2367 256 2462 317 XI.
3593 272 3662 328 34

355 397 672 454 Belvacensi
707 395 970 460 FULCONI,
1005 389 1170 446 frater
1214 391 1536 443 ANsaLMtis
1571 405 1584 441 :
1618 394 1823 443 aeterna
1866 386 1968 442 Dei
1996 395 2048 454 Α
2079 386 2309 440 bitanler
2336 386 2525 441 didicit
2547 379 2605 442 'et
2631 388 2858 444 credidit
2886 388 2953 446 de
2981 391 3262 446 saecularis
3291 393 3512 450 honoris
3543 407 3665 452 am-

355 487 704 560 protectione
734 494 782 539 et
815 482 1184 540 consolatione
1208 478 1466 550 gaudere.

430 577 574 641 Scio,
604 575 676 629 mi
705 572 877 629 dulcis
906 572 1096 636 amice,
1129 576 1386 640 quantum
1426 565 1644 622 dilectio
1675 572 1853 620 vestra
1885 565 1952 618 de

355 665 502 720 illius
533 668 716 735 (quem
749 677 911 731 super
938 674 1128 715 omnes
1175 656 1419 712 homines
1457 654 1636 727 diligit
1663 651 1725 725 “)
1772 654 1954 724 inspe-

356 761 477 810 rata
505 750 776 822 corporali
799 748 1098 804 omissione
1147 746 1574 811 constritaretur,
1607 743 1709 798 nisi
1758 760 1814 796 se
1865 758 1958 796 sa-

355 845 572 915 pienter
599 840 796 895 divinae
824 835 1194 908 dispositionis
1223 833 1661 890 consideratione
1694 830 1955 888 consola-

358 939 540 988 retur.
579 930 730 985 Sicut
759 927 899 982 enim
932 927 988 980 in
1017 923 1278 980 cordibus
1308 922 1652 994 diligentium
1675 936 1796 975 esse
1821 919 1959 974 invi-

358 1037 478 1077 cem
509 1015 548 1044 ⁸⁵
577 1035 703 1089 spes
748 1026 800 1072 et
855 1013 1233 1086 Opportunitas
1280 1009 1604 1067 confruendi
1665 1027 1722 1063 se
1780 1007 1952 1062 nutrit

357 1108 651 1181 quamdam
682 1104 1056 1161 delectabilem
1088 1100 1456 1164 dulcedinem,
1485 1099 1556 1152 ita
1599 1097 1849 1167 ejusdem
1885 1094 1960 1151 rei

357 1197 671 1269 desperatio
702 1192 898 1265 ingerit
926 1192 1216 1246 molestam
1247 1188 1693 1243 amaritudinem.
1737 1186 1821 1241 De
1854 1200 1962 1256 qua

361 1303 427 1342 re
458 1293 639 1342 vestra
667 1279 708 1307 ⁸⁸
739 1280 1027 1337 Prudentia
1054 1294 1233 1332 meam
1258 1284 1436 1348 potest
1461 1290 1793 1346 cognoscere
1823 1289 1961 1330 con-

365 1374 670 1430 scientiam.
703 1371 792 1427 Sic
822 1368 971 1424 enim
999 1381 1276 1438 cognosco
1295 1373 1483 1420 vestrae
1503 1362 1809 1418 dilectionis
1833 1377 1966 1433 erga

371 1480 460 1519 me
491 1462 878 1524 sinceritatem,
912 1462 969 1512 ut
1016 1471 1198 1511 certus
1244 1453 1348 1508 sim
1398 1468 1494 1509 vos
1542 1466 1650 1506 non
1698 1451 1960 1522 ignorare

371 1568 512 1608 meae
554 1547 862 1605 dilectionis
903 1560 1040 1618 erga
1083 1559 1180 1598 vos
1229 1550 1280 1597 et
1323 1556 1456 1614 erga
1501 1540 1627 1594 illos
1677 1537 1737 1605 ⁸⁷,
1770 1539 1970 1608 quibus

372 1644 520 1699 illam
552 1636 930 1703 ostendebam,
961 1642 1014 1689 et
1044 1633 1281 1687 maxime
1311 1646 1448 1701 erga
1497 1629 1791 1683 monachos
1842 1628 1971 1681 Bee-

2061 476 2267 530 bitione
2315 476 2720 532 conscientiam.
2767 476 2940 546 Quam
2990 488 3102 534 toto
3155 481 3341 536 verius
3388 487 3660 556 cognovi-

2062 565 2177 634 stis,
2210 572 2408 633 quanto
2455 566 2698 619 securius
2748 583 2844 621 vos
2889 576 2940 622 et
2995 576 3158 623 totam
3207 571 3368 625 vitam
3423 583 3663 628 vestram

2065 655 2247 709 sensui
2280 667 2400 707 meo
2426 653 2742 724 judicioque
2790 672 2912 711 meo
2961 659 3334 715 commisistis.
3366 652 3473 716 Sed
3520 663 3666 733 apud

2065 757 2160 798 eos
2190 759 2274 796 me
2305 758 2523 809 excuso,
2559 744 2871 816 quicunque
2897 747 3036 802 hanc
3064 747 3258 803 lecturi
3287 755 3412 804 sunt
3467 753 3669 822 episto-

2064 832 2195 896 lam,
2227 840 2282 884 ut
2313 831 2480 884 sciant
2514 832 2641 901 quid
2672 835 2799 886 mihi
2841 834 2986 889 dii-at
3028 837 3360 892 conscientia
3401 855 3526 895 mea
3568 857 3666 897 co-

2066 935 2184 974 ram
2244 920 2390 987 Deo;
2453 928 2503 975 et
2559 920 2682 974 aliis
2739 922 3143 992 ignorantibus,
3188 941 3311 981 cum
3363 943 3504 997 Opus
3545 931 3662 996 erit,

2069 1008 2437 1079 respondeant
2467 1024 2563 1078 pro
2596 1025 2701 1075 me,
2733 1010 2776 1064 si
2803 1027 2908 1066 non
2939 1023 3164 1082 prOpter
3194 1031 3299 1084 me,
3331 1017 3418 1070 vel
3447 1029 3670 1088 propter

2071 1097 2263 1152 Deum.
2297 1097 2516 1151 Multum
2551 1098 2695 1153 enim
2726 1108 2881 1154 nocet
2916 1099 3145 1156 inﬁrmis
3175 1102 3229 1156 in
3277 1104 3521 1160 Ecclesia
3570 1107 3670 1162 Dei

2072 1186 2253 1256 opinio
2281 1185 2504 1253 alicujus
2540 1187 2674 1255 vitii,
2707 1189 2826 1242 sive
2858 1205 3007 1256 vera,
3042 1191 3155 1245 sive
3185 1190 3324 1247 falsa
3359 1193 3448 1259 sit,
3482 1195 3551 1252 de
3575 1196 3671 1251 ali-

2072 1290 2178 1346 quo
2209 1274 2430 1328 homine
2459 1289 2471 1343 ;
2509 1285 2561 1330 et
2595 1276 2833 1330 maxime
2864 1277 2931 1331 de
2961 1293 3025 1332 eo
3057 1281 3150 1348 qui
3181 1279 3258 1334 sic
3288 1290 3373 1336 est
3401 1283 3454 1337 in
3490 1285 3671 1341 Eccle-

2074 1363 2156 1416 sia
2203 1363 2470 1417 catholica
2515 1365 2861 1428 constitutus,
2905 1375 2961 1420 ut
3011 1375 3063 1422 et
3113 1369 3279 1424 verbo
3325 1379 3375 1424 et
3417 1375 3672 1444 exemplo

2074 1452 2202 1507 vitm
2231 1451 2350 1506 aliis
2382 1452 2582 1507 debeat
2611 1463 2658 1508 et
2692 1454 2863 1521 possit
2893 1455 3174 1525 prodesse.
3195 1458 3378 1512 Sciant
3393 1477 3525 1532 ergo
3546 1478 3670 1517 om-

2075 1555 2194 1605 nes,
2224 1542 2362 1594 sicut
2404 1556 2525 1594 mea
2575 1543 2913 1598 conscientia
2957 1544 3090 1598 mihi
3124 1545 3254 1601 dicit
3299 1563 3484 1602 coram
3531 1549 3668 1617 Deo,

2077 1644 2236 1698 quem
2269 1631 2522 1684 invocare
2567 1637 2754 1685 testem
2799 1631 3072 1688 mendacii
3100 1633 3140 1664 ⁹¹
3171 1634 3323 1690 nefas
3371 1653 3492 1692 esse
3537 1638 3671 1706 scio,

371 1747 562 1792 censes
590 1728 650 1794 “,
683 1727 982 1782 veritatem.
1014 1722 1151 1776 Nam
1184 1721 1362 1774 nullus
1377 1719 1460 1772 sic
1480 1718 1766 1790 cognoscit
1792 1715 1969 1770 animi
1999 1755 2051 1815 Β
2083 1718 2209 1790 quia
2241 1733 2348 1772 non
2381 1735 2468 1772 me
2515 1718 2650 1789 rapit
2688 1728 2777 1774 aut
2826 1721 3013 1792 alligat
3044 1723 3112 1776 ad
3160 1724 3674 1797 archiepiscopatum

371 1822 486 1878 veri
512 1815 922 1877 conscientiam,
954 1812 1086 1866 sicut
1116 1810 1205 1864 ille
1238 1809 1328 1880 qui
1362 1823 1540 1862 veram
1586 1805 1730 1875 gerit
1775 1804 1968 1860 amici-

372 1913 528 1967 tiam.
559 1905 921 1963 Considerate
947 1915 1078 1972 ergo
1110 1915 1230 1969 quae
1261 1897 1425 1967 possit
1455 1895 1645 1950 essein
1668 1894 1831 1950 corde
1850 1908 1969 1948 meo

368 2003 590 2070 integra
609 1993 815 2060 laetitia,
831 2006 988 2062 quem
1013 1996 1084 2043 tot
1101 1987 1398 2042 amicorum
1430 2001 1515 2039 me
1539 1983 1969 2039 desiderantium

367 2099 425 2145 et
491 2103 522 2141 a
579 2100 665 2139 me
735 2079 1161 2136 desideratorum
1211 2075 1497 2130 contristat
1551 2070 1974 2142 irreparabilitcr

372 2176 592 2250 perdita
619 2174 676 2227 in
704 2173 810 2226 hac
841 2170 948 2224 vita
991 2164 1294 2238 praesentia.
1349 2161 1734 2232 Unusquisque
1783 2175 1972 2215 eorum

375 2267 446 2322 de
476 2264 581 2319 mei
624 2261 794 2317 solius
840 2257 1137 2312 amissione
1187 2253 1448 2323 corporali
1495 2252 1663 2315 dolet,
1697 2257 1748 2304 et
1795 2250 1975 2303 anima

373 2371 498 2412 mea
531 2353 599 2408 de
642 2348 915 2413 omnibus,
949 2345 1079 2414 quia
1119 2342 1188 2397 ab
1239 2357 1423 2396 eorum
1473 2338 1761 2410 praesentia
1809 2337 1975 2390 invita

377 2450 486 2499 tam
518 2443 796 2511 inopinate
825 2434 1107 2497 scinditur,
1138 2431 1309 2486 dolet.
1341 2430 1482 2483 Nam
1513 2430 1614 2482 etsi
1646 2425 1976 2494 majormul-

377 2531 550 2586 titudo
607 2526 840 2582 similem
889 2519 1266 2577 exhibendum
1299 2518 1645 2572 dilectionem
1676 2515 1728 2568 in
1785 2512 1976 2585 Anglia

382 2637 471 2674 me
502 2617 746 2672 videatur
774 2611 1072 2674 laetiﬁcarc,
1106 2608 1408 2662 nullatenus
1448 2613 1628 2658 tamen
1661 2612 1769 2656 tam
1813 2602 1977 2672 longo

381 2719 628 2776 tempore
658 2703 948 2758 radicatam
976 2708 1029 2754 et
1059 2698 1313 2752 nutritam
1346 2693 1580 2764 priorem
1629 2691 1978 2747 dilectionem

383 2798 454 2852 d3
485 2795 652 2852 corde
683 2807 807 2847 meo
847 2789 992 2844 valet
1040 2786 1340 2842 eradicare.
1372 2783 1518 2837 Vera
1564 2782 1707 2835 enim
1752 2780 1980 2834 charitas

383 2902 493 2941 non
541 2883 719 2954 diligit
753 2880 932 2934 minus
973 2877 1181 2948 priores
1224 2873 1432 2928 amicos
1485 2870 1734 2936 interius,
1771 2867 1980 2922 etiamsi

381 2974 622 3031 exterius
651 2971 850 3042 pariter
883 2973 1111 3038 nequeat
1148 2962 1389 3034 Operari,
1420 2976 1536 3016 cum
1570 2959 1637 3014 ad
1668 2962 1853 3029 plures
1879 2972 1980 3011 ex-

381 3062 662 3126 tenditur;
693 3061 832 3113 sicut
861 3073 960 3110 nec
988 3070 1023 3109 a
1053 3051 1342 3124 prioribus,
1373 3049 1417 3103 si
1465 3049 1584 3103 veri
1633 3046 1793 3100 amici
1837 3052 1978 3114 sunt,

379 3153 566 3205 minus
596 3164 702 3202 non
736 3147 887 3200 timet
911 3143 1085 3212 diligi,
1119 3156 1242 3196 cum
1274 3156 1304 3192 a
1343 3137 1592 3209 pluribus
1626 3135 1885 3206 diligitur.
1915 3134 1982 3186 Et

379 3239 603 3312 quidem
638 3237 687 3290 si
715 3251 821 3306 qua
852 3233 985 3286 mihi
1015 3229 1312 3286 consolatio
1344 3235 1426 3281 est
1453 3223 1810 3279 multitudinis
1841 3222 1982 3276 ami-

381 3311 573 3385 corum
605 3322 955 3396 praesentium
987 3319 1054 3375 ad
1085 3332 1345 3388 anorem
1379 3330 1537 3386 quem
1569 3327 1704 3384 gero
1733 3313 1802 3366 de
1832 3311 1984 3380 prio-

380 3433 511 3472 rum
554 3412 824 3477 absentia,
856 3409 991 3464 illud
1044 3408 1232 3476 utique
1279 3403 1493 3459 efficere
1536 3401 1740 3471 nequit,
1774 3409 1832 3454 ut
1879 3415 2003 3454 non.

383 3503 683 3562 contrister
711 3503 779 3555 de
811 3499 1019 3553 illorum
1053 3496 1143 3566 qui
1174 3501 1376 3565 quanto
1407 3508 1494 3546 me
1523 3491 1702 3563 magis
1733 3489 1982 3560 diligunt,

388 3598 543 3648 tanto
569 3590 747 3661 magis
776 3589 1164 3644 constritantur
1194 3585 1262 3638 de
1291 3581 1539 3636 absentia
1585 3579 1770 3633 dilecti
1819 3585 1870 3632 et
1914 3576 1988 3629 di-

391 3680 622 3738 lectoris
650 3674 688 3705 ”
745 3677 828 3731 sui
885 3672 1125 3729 tristitia.
1165 3672 1410 3726 Delectat
1466 3686 1572 3736 me,
1605 3684 1726 3722 cum
1756 3663 1798 3692 ’°
1845 3665 1990 3719 dulci

396 3772 573 3826 amico
604 3783 727 3823 meo
766 3764 946 3820 scribo
988 3763 1056 3817 de
1112 3760 1391 3815 charitiitis
1445 3757 1779 3820 sinceritate,
1812 3759 1867 3810 et
1922 3754 1990 3808 de

392 3861 512 3928 ejus
543 3856 786 3912 efficacia
817 3855 909 3908 diu
947 3860 1222 3915 tractare;
1257 3848 1356 3903 sed
1388 3848 1641 3918 quoniam
1685 3841 1992 3916 epistolaris

391 3948 640 4004 brevitas
667 3947 772 4000 hoc
801 3959 910 3996 non
940 3943 1158 4011 patitur,
1189 3954 1316 3991 cum
1349 3945 1401 3990 et
1429 3935 1576 3990 aliud
1600 3933 1758 3988 velim
1789 3933 1988 3996 dicere,

394 4051 623 4092 necesse
652 4041 732 4090 est
776 4048 866 4087 me
900 4031 1009 4098 jam
1053 4026 1336 4082 materiam
1382 4032 1618 4078 mutare.
1651 4020 1906 4089 Quidam,
1938 4027 1995 4072 ut

391 4126 580 4183 audivi
633 4122 973 4193 suspicantur
1029 4132 1116 4172 me
1172 4115 1672 4184 archiepiscOpatus
1727 4107 1994 4177 concupi-

394 4213 628 4279 scentia,
661 4213 729 4267 ad
762 4225 922 4282 quem
951 4206 1143 4261 dolens
1173 4206 1222 4260 ei
1261 4203 1457 4258 timens
1502 4201 1702 4262 trahor,
1738 4198 1992 4252 detineri.

2012 3106 2061 3168 C

2081 1806 2385 1877 Anglorum
2419 1806 2685 1876 cupiditas
2714 1808 2942 1877 alicujus
2993 1811 3096 1878 rei,
3122 1827 3289 1881 quam
3336 1829 3528 1868 servus
3578 1815 3675 1871 Dei

2079 1903 2422 1964 contemptor
2465 1896 2654 1951 mundi
2699 1905 3044 1953 contemnere
3091 1898 3307 1966 debeat,
3360 1901 3457 1956 sed
3520 1903 3678 1958 timor

2081 1985 2176 2038 Dei
2211 2000 2295 2038 me
2322 1983 2469 2055 cogit
2499 1987 2626 2054 pati,
2661 1994 2714 2038 ut
2744 1987 2991 2056 quamvis
3027 1988 3216 2042 dolens
3261 1997 3314 2043 et
3359 1989 3552 2046 timens
3604 1991 3674 2046 ab

2083 2071 2328 2127 Ecclesia
2361 2073 2456 2126 Dei
2487 2073 2664 2126 trahar
2689 2067 2763 2135 ";
2797 2082 2847 2128 et
2878 2076 3004 2144 quia
3028 2075 3074 2128 si
3104 2076 3234 2130 mihi
3267 2078 3451 2132 liceret
3477 2083 3518 2112 "
3548 2097 3671 2134 ser—

2083 2169 2206 2216 vata
2238 2161 2546 2216 obedientia
2575 2170 2627 2216 et
2657 2161 2932 2226 cliaritate,
2966 2180 3103 2235 quas
3134 2165 3246 2220 Deo
3276 2166 3450 2222 debeo
3482 2176 3532 2222 et
3561 2168 3677 2225 Ec-

2084 2249 2265 2304 clesia:
2295 2249 2416 2317 ejus
2446 2250 2600 2304 matri
2632 2267 2767 2307 meae
2788 2262 3010 2322 propter
3040 2269 3182 2318 eum,
3205 2256 3384 2323 potius
3413 2263 3470 2312 et
3491 2256 3676 2313 liben-

2086 2340 2187 2392 tius
2218 2338 2475 2409 eligerem
2507 2339 2609 2393 sub
2637 2340 2836 2394 abbate
2869 2349 2920 2394 et
2947 2341 3048 2394 sub
3066 2343 3299 2412 regulari
3316 2344 3597 2415 disciplina
3623 2347 3678 2400 in

2084 2427 2401 2482 monachica
2434 2438 2759 2498 pauperpate
2781 2436 2835 2483 et
2855 2430 3152 2484 humilitate
3186 2447 3328 2500 esse,
3353 2442 3405 2487 et
3429 2433 3675 2502 obedire,

2085 2525 2138 2570 et
2166 2518 2393 2583 servire,
2425 2533 2584 2587 quam
2618 2533 2850 2588 regnare
2875 2518 2931 2571 in
2956 2520 3057 2573 hoc
3088 2521 3287 2574 mundo
3327 2522 3678 2593 saeculariter,

2086 2613 2174 2660 aut
2207 2605 2498 2670 dominari,
2533 2613 2627 2659 aut
2657 2607 3185 2677 archiepiscOpatum
3235 2609 3349 2664 sive
3395 2611 3682 2682 episcopa-

2088 2701 2194 2747 tum
2227 2693 2530 2764 possidere,
2565 2694 2648 2748 vel
2678 2694 2953 2761 abbatem,
2976 2704 3066 2750 aut
3106 2697 3413 2752 hominibus
3451 2702 3682 2771 quibus-

2088 2783 2219 2836 libet
2249 2798 2485 2852 praeesse
2510 2778 2550 2807 "
2582 2783 2652 2836 ad
2702 2783 3009 2838 animarum
3054 2785 3531 2856 gubernationem,
3567 2791 3682 2846 sive

2088 2872 2157 2926 ad
2189 2887 2477 2941 corporum
2509 2873 2981 2937 sustentationem,
3015 2875 3068 2926 in
3101 2890 3300 2946 magna
3336 2886 3601 2932 terrarum
3631 2886 3685 2934 et

2091 2976 2268 3057 rerum
2301 2968 2641 3014 terrenarum
2690 2961 3037 3030 possessione
3081 2969 3137 3016 et
3177 2965 3486 3034 opulentia.
3522 2966 3682 3036 Quod

2093 3065 2196 3119 ego
2254 3049 2371 3118 ipse
2426 3064 2535 3102 non
2586 3049 2790 3119 imputo
2845 3050 2975 3104 mihi
3028 3059 3226 3105 tantum
3279 3055 3348 3108 ad
3408 3056 3683 3126 virtutem,

2090 3145 2344 3208 quantum
2390 3137 2460 3190 ad
2502 3137 2625 3202 hoc,
2657 3138 2787 3208 quia
2831 3139 2995 3192 talem
3045 3157 3131 3194 me
3179 3143 3294 3196 scio
3346 3152 3456 3197 tam
3498 3161 3686 3213 parum

2091 3226 2296 3290 utilem,
2357 3242 2545 3295 parum
2605 3225 2823 3293 fortem,
2882 3244 3069 3297 parum
3138 3238 3437 3301 strenuum,
3495 3249 3686 3303 parum

2093 3316 2436 3388 prudentem,
2465 3331 2662 3384 parum
2689 3316 2917 3384 justum,
2951 3326 3005 3371 ut
3037 3319 3215 3388 potius
3264 3322 3396 3375 mihi
3424 3333 3691 3395 congruat

2094 3413 2150 3459 et
2193 3403 2449 3474 expediat
2495 3405 2697 3473 eligere
2734 3404 2958 3460 subesse
3000 3404 3042 3433 "
3088 3409 3328 3477 prtelato,
3364 3427 3529 3480 quam
3567 3413 3692 3467 aliis

2095 3508 2350 3563 praeesse,
2402 3492 2622 3546 obedire
2681 3508 2840 3563 quam
2897 3495 3218 3565 prtecipere,
3268 3499 3473 3554 servire
3529 3516 3692 3571 quam

2095 3581 2380 3646 dominari,
2413 3581 2717 3635 ministrare
2761 3597 2920 3650 quam
2963 3584 3515 3658 ministrari._Cogor
3569 3589 3691 3645 haec

2098 3671 2167 3725 de
2197 3686 2284 3725 me
2313 3669 2593 3737 confiteri;
2625 3669 2721 3724 sed
2755 3671 2898 3724 malo
2928 3673 3044 3726 hac
3074 3673 3130 3726 in
3167 3674 3518 3744 simplicitate
3547 3694 3689 3746 mea,

2099 3768 2152 3813 ut
2185 3767 2333 3829 puto,
2368 3758 2485 3812 sine
2514 3758 2660 3813 omni
2699 3759 3008 3828 duplicitate
3057 3759 3127 3814 de
3172 3777 3258 3816 me
3298 3763 3498 3833 dicere,
3535 3781 3696 3835 quam

2101 3851 2206 3922 pati
2238 3859 2294 3903 ut
2321 3849 2412 3903 alii
2457 3849 2708 3902 homines
2753 3859 2977 3919 peccent
3019 3851 3076 3904 in
3111 3869 3215 3919 me,
3249 3861 3340 3908 aut
3388 3865 3444 3908 ut
3491 3857 3692 3910 malum

2101 3937 2407 4008 exemplum
2441 3946 2655 3991 sumant
2686 3953 2785 4006 per
2814 3940 3175 4010 ignorantiam
3206 3939 3246 3968 "
3275 3958 3427 3997 suam
3459 3952 3512 3998 et
3542 3961 3698 4001 erro-

2103 4045 2220 4082 rem
2252 4043 2404 4080 suum
2437 4027 2504 4080 de
2547 4043 2654 4080 me.
2688 4026 2791 4095 Qui
2835 4028 2966 4082 mihi
3017 4031 3130 4085 haec
3177 4031 3244 4084 de
3294 4048 3382 4087 me
3423 4032 3700 4089 confitenti

2102 4117 2275 4173 credit
2303 4116 2364 4181 '7,
2388 4123 2564 4170 certus
2595 4116 2664 4168 sit
2693 4116 2821 4185 quia
2867 4117 2972 4172 hoc
3016 4119 3287 4174 credendo
3333 4137 3437 4175 non
3484 4121 3700 4188 fallitur,

2104 4205 2146 4260 si
2178 4220 2298 4258 mea
2323 4220 2410 4258 me
2439 4203 2771 4258 conscientia
2800 4203 2838 4231 "
2868 4221 3048 4261 coram
3085 4208 3197 4262 Deo
3227 4223 3331 4262 non
3366 4209 3522 4272 fallit.
3543 4210 3706 4281 etqui

395 4303 578 4373 Quod,
609 4302 722 4356 sive
752 4315 852 4354 suo
879 4311 1088 4360 errore,
1117 4293 1231 4347 sive
1281 4291 1461 4346 aliena
1507 4286 1863 4360 persuasione
1911 4285 1997 4340 fa-

393 4393 566 4458 ciant,
596 4393 785 4460 parcat
825 4386 930 4440 illis
974 4385 1142 4447 Deus,
1175 4381 1266 4450 qui
1304 4379 1452 4435 videt
1473 4378 1600 4449 quia
1646 4376 1902 4430 falluntur
1944 4381 1998 4429 et

2103 4310 2210 4349 non
2235 4292 2427 4358 credit,
2458 4308 2646 4346 verum
2677 4299 2758 4346 est
2786 4290 2826 4319 ”
2857 4295 2979 4364 quia
3006 4296 3121 4364 ipse
3151 4295 3288 4350 falso
3319 4305 3372 4350 et
3426 4300 3709 4355 temerarie

2105 4382 2173 4438 de
2205 4400 2288 4436 me
2313 4381 2609 4451 judicando
2641 4397 2700 4436 se
2729 4381 2887 4436 fallit.
2919 4383 3278 4454 Omnipotens
3316 4385 3585 4441 Dominus
3616 4387 3705 4443 fa-

396 4487 646 4553 peccant.
677 4478 802 4532 Non
835 4490 922 4530 me
969 4485 1172 4528 excuso
1211 4468 1352 4540 apud
1401 4475 1635 4523 vestram
1685 4464 1994 4553 fraternita-
2024 4462 2076 4522 D
2107 4471 2342 4528 οῑαινοε
2370 4471 2423 4524 in
2454 4471 2557 4525 hac
2605 4469 2714 4525 vita
2771 4477 2822 4524 ει
2879 4470 2932 4523 in
2987 4470 3162 4526 Iulum
3219 4471 3549 4530 indeﬁciemi
3607 4491 3707 4533 sua

396 4552 507 4626 tem
539 4567 672 4623 mihi
705 4563 1131 4629 dilectissimam,
1172 4575 1291 4630 quae
1339 4573 1408 4612 ex
1450 4571 1559 4626 quo
1608 4570 1695 4609 me
1744 4552 1976 4624 cognovi

2113 4559 2444 4632 protectione
2474 4563 2530 4614 et
2555 4555 2924 4613 consolatione
2945 4558 3186 4630 gaudere
3216 4553 3296 4615 ‘°°.
3329 4564 3531 4618 Amen.

402 4655 833 4715 iamiliarissima
869 4660 925 4709 et
952 4651 1117 4721 longa
1165 4645 1604 4715 conversatione,
1628 4659 1806 4699 meam
1855 4641 2008 4696 indu-

1717 4889 1951 4948 VARLE
1990 4889 2402 4948 LECTIONES.

479 5106 770 5163 “Omnem
820 5102 1004 5175 diligit
1037 5099 1322 5158 hominem
1353 5102 1583 5175 τηεμ-εξ
1603 5099 1766 5175 Εᾴίέ.
1805 5113 2004 5152 omnes
2031 5093 2507 5175 honiines_diligit.
2541 5089 3078 5175 «Se‘invicemmss.
3100 5093 3199 5150 Bd.
3236 5098 3301 5150 18
3331 5101 3388 5153 et
3423 5096 3568 5154 Edit.
3593 5115 3713 5156 sese

479 5137 770 5163 "uulua":
820 5137 913 5159 mu
964 5137 1004 5156 ιι
1037 5137 1322 5158 ιιυιιιιυυιυ
1356 5137 1490 5154 uno.
1524 5137 1579 5154 ιν
1610 5137 1766 5155 nu...
1805 5137 2004 5152 νιιιυυυ
2031 5137 2280 5150 "vnn"-..
2311 5137 2404 5147 ν...-
2451 5137 2507 5147 ...
2585 5137 2655 5148 νς.
2677 5137 2912 5150 -..τηαν-ι.
2947 5137 3078 5150 συννυι
3100 5137 3199 5150 υ...
3242 5137 3301 5150 ιν

409 5179 666 5236 invicem.
708 5175 837 5231 "De
869 5137 979 5249 qtra
1007 5183 1186 5230 vestra
1215 5187 1356 5249 mss.
1393 5170 1630 5249 et_Edit.
1664 5173 1732 5249 de
1762 5186 1865 5239 qua
1905 5175 2218 5249 renvestra.
2287 5137 2573 5249 "Etrerga
2612 5165 2734 5219 illos
2781 5182 2887 5220 ms.
2922 5167 3018 5220 Bd.
3059 5171 3118 5219 18
3167 5137 3718 5228 οωὶι.ν’⁸⁸ῖ1ᾌ⁶[ἶξιὲὖὲζ

408 5253 714 5307 Beccenses
745 5263 854 5303 ms.
887 5236 982 5300 Bd.
1020 5249 1084 5298 18
1116 5246 1417 5298 mOnactios
1467 5242 1552 5295 hic
1599 5236 1913 5296 existentes.
1969 5236 2203 5293 "Dilecti
2255 5245 2307 5290 et
2349 5237 2626 5291 dileCtoris
2670 5252 2806 5291 mss.
2847 5237 3029 5292 dilecti
3076 5237 3370 5293 dilectoris.
3470 5242 3716 5296 Delectat

407 5339 500 5377 me
529 5337 650 5375 cum
683 5335 788 5373 ms.
825 5322 846 5370 1
885 5317 1120 5371 delectat
1141 5330 1284 5368 cum.
1315 5311 1576 5366 “Testem
1636 5311 1903 5366 mendacii
1957 5325 2066 5364 ms.
2103 5313 2127 5361 1
2187 5315 2372 5360 testem
2435 5307 2736 5361 monachis.
2770 5309 3012 5362 "Traliat
3070 5326 3204 5364 mss.
3238 5315 3294 5366 et
3348 5311 3497 5366 Edit.
3533 5315 3716 5367 trahar

416 5389 596 5448 "Alibi
629 5389 808 5444 licebit
837 5405 972 5442 mss.
1023 5393 1079 5442 et
1112 5387 1258 5440 Edit.
1305 5384 1436 5436 mihi
1467 5385 1678 5438 liceret.
1733 5382 2142 5450 "Quibustibet‘
2182 5393 2417 5450 praeesse
2467 5394 2577 5432 ms.
2609 5378 2707 5432 Bd.
2744 5382 2806 5431 18
2866 5380 3186 5450 quibusdam
3245 5398 3502 5448 mensae.
3560 5382 3714 5439 “Et-

485 5447 601 5518 diat
628 5463 853 5516 subesse
880 5474 1017 5513 mss.
1050 5461 1106 5512 et
1137 5456 1283 5510 Edit.
1317 5455 1569 5524 expediat
1598 5447 2074 5524 eligere—subesse.
2105 5447 2534 5524 "ignorantiam,
2567 5461 2618 5503 et
2658 5465 2768 5524 pas.
2791 5447 2898 5524 Bd.‘
2931 5454 2994 5504 18
3020 5447 3410 5524 ignorantiam
3438 5468 3594 5508 suam
3635 5463 3684 5510 et

431 5496 601 5519 κυιαι
628 5496 852 5516 Onusam—
883 5496 1017 5513 "uno
1050 5496 1106 5512 νυ
1137 5496 1283 5510 μυννό
1319 5496 1569 5524 warm-un
1599 5496 1802 5524 v.-.v-v
1833 5496 2074 5506 ν--ιν-συν.
2151 5496 2534 5520 -θ------------,
2571 5496 2618 5503 ν-
2667 5496 2768 5504 -.πη
2799 5496 2893 5505 ν...
2935 5496 2993 5504 ,ν
3046 5496 3059 5504 ,
3108 5496 3193 5506 ην,
3208 5496 3410 5506 ,ηηηηκ
3438 5496 3594 5508 ,Νη-η,

431 5527 714 5589 ὐοηιὶίρη
762 5531 937 5586 credit
967 5545 1100 5602 mss.
1124 5533 1180 5583 et
1210 5526 1360 5602 fidit.
1379 5521 1667 5602 _conﬁtenti
1694 5525 1884 5602 credit.
1936 5519 2115 5602 fabrica
2136 5521 2469 5602 conscientia
2497 5536 2615 5602 _m_s.
2648 5521 2746 5575 Bd.
2785 5523 2845 5602 l8
2866 5527 2922 5576 et
2951 5496 3206 5579 [Ἀληθῆ
3243 5540 3332 5579 me
3362 5496 3706 5582 conscientia:

459 5567 714 5589 υυιιιιιυ..
762 5567 937 5586 mu...
967 5567 1100 5584 μνον.
1124 5567 1180 5583 υ.
1214 5567 1360 5581 μυ...-
1394 5567 1667 5580 ........-....
1695 5567 1884 5578 ,ην-η.
1989 5567 2108 5576 ...η
2140 5567 2469 5576 -------------
2513 5567 2615 5574 ..--.
2648 5567 2746 5575 η-
2785 5567 2842 5574 --

411 5604 663 5663 "Verum
692 5609 791 5671 est,
825 5611 878 5656 et
906 5601 1033 5670 quia
1061 5614 1166 5654 ms.
1201 5596 1297 5652 Bd.
1335 5597 1399 5649 18
1433 5611 1621 5654 verum
1651 5603 1729 5650 est
1756 5597 1901 5666 quia.
1935 5575 2259 5648 10°Gaudere
2286 5607 2390 5648 ms.
2425 5592 2530 5648 Bd.
2565 5595 2630 5646 18
2658 5567 2922 5662 gaudere:
2951 5567 3206 5649 ﬁcii?"
3243 5567 3332 5579 Μ
3363 5567 3712 5582 vnn-ww.
