3998 6076
418 224 489 280 39
960 216 1023 272 S.
1072 214 1376 270 ANSELMI
1415 208 1759 267 CANTUAR.
1800 204 2114 262 ARCHIEP.
2157 205 2308 264 OPP.
2351 210 2522 268 PARS
2561 215 2652 269 III.
2685 246 2757 256 —
2784 218 3171 279 EPISTOLzE.
3713 237 3789 294 ιο

494 345 596 400 Diu
624 351 705 398 est
735 341 875 412 quod
908 339 1108 394 litteris
1140 337 1336 392 vestris
1391 334 1457 388 de
1489 333 1781 403 elingendo
1813 331 2010 386 abbate
2035 332 2090 392 Α
2124 339 2327 398 testate,
2363 335 2598 402 quandiu
2655 355 2777 394 meo
2838 345 3074 400 consilio
3133 349 3321 419 agetis
3358 359 3416 406 et
3451 355 3684 412 vivetis.
3722 360 3779 415 Si

423 434 479 488 in
510 431 766 488 Beccensi
809 428 1051 484 Ecclesia
1100 424 1366 496 respondi
1415 441 1430 488 ;
1477 421 1594 488 sed,
1643 423 1780 474 sicut
1827 420 2007 484 audio,

423 522 563 576 lator
609 534 848 574 mearum
896 517 1197 570 litterarum
1249 512 1302 565 in
1355 511 1500 563 mari
1544 517 1749 578 captus,
1795 509 1863 562 ad
1911 524 2009 562 vos

423 610 610 665 venire
641 604 946 677 prohibitus
995 610 1094 656 est.
1155 599 1312 668 Quod
1371 599 1526 652 tarde
1583 598 1758 651 sciens
1813 597 2008 650 iterum

422 696 625 752 mando
655 693 873 748 domino
904 699 1090 744 nostro
1119 687 1300 742 comiti
1331 693 1383 741 et
1413 685 1572 740 vobis
1596 685 1662 738 de
1697 700 1761 739 ea
1792 700 1851 738 re
1881 700 2012 754 prae-

420 785 560 840 dicta
591 793 850 844 nostrum,
874 776 1172 832 secundum
1201 775 1502 843 jussionem
1533 774 1668 840 ejus,
1694 773 2007 828 coasilium.

421 873 500 928 De
530 869 677 925 nullo
700 869 917 922 fratrum
949 865 1203 934 ejusdem
1236 861 1493 917 Ecclesiae
1526 861 1646 916 volo
1677 870 1765 915 aut
1786 860 2009 915 consulo

421 968 626 1016 tantum
657 965 712 1011 ut
742 955 912 1010 abbas
958 953 1048 1008 ﬁat
1079 953 1130 1006 in
1187 952 1303 1018 illa,
1365 957 1625 1021 quantum
1683 950 1752 1004 de
1807 949 2009 1003 domno

419 1047 704 1110 Wilelmo,
740 1044 829 1115 qui
854 1043 1000 1113 prior
1021 1040 1121 1095 fuit
1143 1039 1284 1111 apud
1310 1038 1585 1102 Pexeium,
1619 1037 1861 1108 quamvis
1887 1037 2009 1107 plu—

419 1153 510 1192 res
539 1133 601 1163 "‘
645 1135 733 1190 alii
763 1134 870 1186 sint
899 1132 1037 1186 inter
1065 1144 1179 1193 eos,
1214 1128 1311 1182 Dei
1329 1127 1522 1199 gratia,
1551 1127 1652 1180 hac
1690 1125 2008 1195 praelatione

419 1243 528 1281 non
563 1221 789 1294 indigni.
824 1219 994 1275 Vobis
1023 1229 1201 1272 autem
1219 1217 1428 1288 gratias
1449 1231 1574 1286 ago,
1609 1221 1863 1286 quamtas
1886 1229 2008 1283 pos-

419 1331 557 1380 sum,
631 1319 689 1366 ut
729 1308 1008 1366 verissimo
1051 1306 1247 1370 amico,
1296 1319 1393 1374 pro
1432 1304 1778 1373 eleemosyna
1808 1311 2004 1368 vestra,

417 1411 471 1459 et
497 1400 717 1472 propria
737 1413 865 1454 cura
887 1411 1046 1464 quam
1067 1393 1283 1448 habetis
1299 1393 1369 1446 de
1386 1391 1630 1447 Ecclesia
1647 1390 1821 1456 Becci,
1845 1406 2006 1462 quam

417 1490 575 1546 vobis
605 1484 939 1543 commendo
956 1483 1350 1539 sicutanimam
1377 1495 1558 1534 meam
1592 1480 1718 1549 quia
1749 1478 1868 1549 plus
1884 1494 2006 1533 eam

419 1579 588 1648 diligo
629 1591 794 1647 quam
839 1580 1156 1644 praesentem
1221 1571 1394 1624 vitam
1439 1583 1639 1623 meam.
1686 1566 1829 1621 Nulli
1859 1568 2005 1622 enim

2118 428 2293 473 autem
2327 421 2457 476 illud
2497 428 2830 494 spreveritis,
2880 431 2935 484 in
2979 434 3078 488 illo
3140 437 3467 504 proﬁcuum
3512 460 3631 500 non
3669 449 3777 502 ha-

2119 507 2336 562 bebitis.
2370 510 2501 564 Cum
2533 528 2598 565 ex
2628 522 2812 570 vestra
2869 530 3024 585 parte
3084 523 3282 595 aliqua
3345 529 3489 583 mihi
3527 535 3776 591 mittitur

2120 595 2371 665 epistola,
2405 607 2610 654 secrete
2640 607 2694 655 et
2725 604 2853 658 mihi
2886 607 2988 660 soli
3020 608 3290 681 legenda,
3326 631 3448 670 non
3480 619 3660 676 nimis
3711 623 3773 653 ω

2118 683 2187 736 sit
2213 685 2429 781 gracilis
2457 688 2739 757 scriptura.
2785 692 3084 764 Postquam
3119 700 3272 754 enim
3305 702 3471 770 illud,
3509 711 3669 779 quod
3699 713 3774 770 de

2120 787 2207 865 me
2236 782 2508 843 inceptum
2561 792 2682 832 esse
2717 795 2933 835 mecum
2967 785 3193 853 doletis,
3247 793 3519 865 contigit,
3571 801 3764 858 multa

2117 859 2332 916 diurnae
2366 871 2418 916 et
2450 872 2722 921 nocturnae
2765 867 3022 940 lacrymae
3053 875 3197 929 visui
3244 894 3380 934 meo
3412 859 3606 941 bimis
3652 904 3763 944 no-

2118 957 2364 1004 cuerunt.
2396 951 2514 1005 Non
2565 954 2708 1008 enim
2739 956 3004 1015 celsitudo
3035 971 3135 1018 aut
3182 969 3486 1035 opulentia
3534 977 3762 1032 archie-

2117 1037 2425 1108 piscopatus
2454 1056 2548 1094 eas
2579 1046 2785 1096 tantum
2822 1047 3114 1104 valuerunt
3137 1069 3241 1108 sua
3257 1059 3662 1118 consolatione
3697 1065 3759 1095 1“

2117 1125 2431 1195 reprimere,
2456 1140 2710 1220 quantum
2742 1132 2906 1188 timor
2928 1140 2986 1190 et
3019 1139 3244 1195 taedium
3264 1145 3398 1213 ejus
3429 1163 3532 1203 eas
3561 1160 3760 1220 potue-

2117 1221 2241 1267 runt
2270 1230 2367 1268 sua
2398 1216 2803 1285 perturbatione
2835 1224 3174 1292 exprimere.
3210 1233 3393 1288 Amici
3427 1216 3578 1307 mei,
3599 1257 3755 1297 com-

2116 1301 2361 1400 patimini
2393 1304 2546 1368 mihi,
2582 1305 2706 1400 quia
2737 1323 2844 1380 ego
2875 1315 3194 1383 compatior
3223 1321 3408 1376 vobis.
3445 1301 3621 1383 Orate
3652 1346 3755 1400 pro

417 1664 770 1723 confidentius
799 1661 1121 1718 commendo
1143 1675 1260 1714 rem
1292 1667 1397 1712 tam
1428 1657 1651 1712 charam
1680 1655 1832 1712 cordi
1863 1671 2004 1724 meo,
2028 1672 2085 1736 Β
2116 1656 2367 1711 cembris.
2402 1659 2702 1716 Praevenite
2732 1678 2851 1717 eam
2884 1667 3077 1724 vestris
3106 1651 3482 1748 orationibus,
3504 1690 3563 1736 et
3582 1699 3748 1740 man-

418 1771 578 1828 quam
609 1768 739 1807 vere
769 1751 972 1805 dilecto
1001 1747 1246 1803 dilectori
1277 1761 1420 1801 meo.
1455 1744 2004 1812 Precor,obsecro,ut

417 1861 524 1900 non
553 1842 724 1897 solum
758 1855 855 1910 per
886 1853 985 1892 vos
1042 1852 1162 1892 eam
1225 1843 1402 1890 vestro
1458 1834 1690 1890 consilio
1721 1841 1773 1888 et
1801 1833 2004 1888 auxilio

415 1930 703 2000 adjuvetis,
737 1928 833 1982 sed
864 1934 914 1981 et
942 1927 1080 1979 alios
1109 1923 1169 1952 ³³⁵
1216 1924 1284 1977 ad
1331 1924 1447 1991 ejus
1495 1923 1910 1977 miserationem
1951 1924 2006 1976 et

415 2018 862 2075 sustentationem
927 2023 980 2068 et
1027 2014 1392 2076 dilectionem,
1463 2019 1722 2082 quantum
1754 2012 2003 2080 potestis,

412 2107 799 2169 convertenda,
851 2119 968 2158 eam
1027 2101 1351 2156 sustentetis.
1397 2100 1463 2153 Et
1520 2099 1565 2153 si
1617 2100 1906 2171 contigerit
1948 2106 2006 2152 ut

412 2195 707 2268 aliquando
738 2193 893 2248 aliter
921 2191 1106 2261 aliquo
1136 2189 1300 2244 modo
1328 2204 1450 2243 sese
1481 2187 1696 2252 habeat,
1723 2203 1828 2257 quo
1860 2189 2003 2243 Deus

412 2292 638 2349 avertat,
689 2297 850 2353 quam
898 2286 1128 2349 oportet,
1180 2276 1516 2332 conﬁdenter
1561 2292 1698 2342 eam,
1747 2283 1806 2331 ut
1847 2292 2005 2331 verus

410 2375 640 2436 amicus,
675 2369 932 2440 corripite
961 2375 1015 2423 et
1072 2367 1306 2438 arguite,
1364 2373 1416 2419 et
1471 2365 1646 2421 donec
1675 2364 1999 2437 corrigatur,

408 2461 726 2520 charitative
743 2458 990 2513 insistite.
1012 2456 1373 2510 Dilectionem
1396 2469 1571 2509 meam
1597 2461 1649 2508 et
1669 2453 1997 2519 ﬁdelitatem,

409 2568 544 2620 quas
574 2565 702 2620 erga
733 2562 837 2602 vos
875 2543 1060 2609 habui,
1097 2560 1159 2598 ex
1211 2558 1315 2614 quo
1367 2559 1466 2596 vos
1512 2542 1765 2613 cognovi,
1800 2550 1852 2596 et
1882 2559 2001 2611 quae

407 2649 558 2696 tanto
590 2637 764 2708 magis
792 2636 850 2688 in
880 2635 1047 2688 corde
1088 2647 1208 2686 meo
1255 2638 1562 2696 creverunt,
1595 2638 1797 2701 quanto
1828 2631 2000 2701 magis

405 2733 644 2786 vestram
674 2740 801 2794 erga
831 2739 917 2776 me
946 2720 1293 2776 dilectionem
1325 2719 1588 2774 veriorem
1616 2719 1863 2789 probavi,
1899 2720 1998 2774 sci-

410 2826 537 2874 tote.
573 2817 687 2869 Deo
718 2818 1014 2873 annuente,
1039 2809 1276 2878 quandiu
1301 2809 1500 2873 vivam,
1533 2815 1993 2878 perseveraturas.

409 2906 764 2974 Omnipotens
794 2898 1056 2954 Dominus
1086 2914 1186 2952 vos
1233 2898 1336 2951 sub
1381 2913 1474 2951 sua
1524 2897 1779 2952 continua
1810 2907 1996 2966 prote-

407 2995 585 3051 ctione
613 2991 688 3046 sic
716 2991 768 3044 in
801 2990 902 3044 hac
934 2987 1044 3042 vita
1062 2988 1350 3054 custodiat,
1370 2995 1427 3041 ut
1446 2986 1517 3041 ad
1546 2987 1706 3040 vitam
1738 2996 1993 3042 aeternam
2032 3031 2078 3056 η

2030 3031 2079 3093 C

403 3081 685 3157 perducat.
719 3082 888 3135 Amen
901 3118 917 3132 .

909 3198 1246 3255 EPISTOLA
1276 3197 1375 3254 XV
1420 3195 1496 3239 ³³⁸·

679 3306 923 3372 ΑΝεειιίι
953 3332 1026 3369 an
1056 3329 1356 3368 MONACHOS
1387 3328 1724 3368 succenses.

402 3445 480 3502 De
526 3441 878 3500 suavissimis
923 3441 1136 3495 litteris
1205 3439 1424 3494 Roberti
1465 3437 1990 3493 Northmannorum

473 3517 632 3572 ducis
662 3513 733 3569 ad
764 3528 820 3566 se
853 3512 1073 3572 missis,-
1105 3509 1324 3580 etquod
1357 3512 1476 3570 eius
1507 3512 1853 3564 consecratio
1888 3517 1989 3579 [ιι-

476 3592 602 3642 tura
626 3587 768 3638 esset
797 3581 982 3653 pridie
1017 3597 1198 3634 nonas
1230 3581 1561 3634 Decembris.

470 3695 849 3754 Dilectissimis
905 3693 1017 3747 suis
1082 3693 1283 3747 domno
1353 3692 1517 3763 priori
1575 3694 1877 3757 BALnatco,
1941 3702 1991 3748 et

399 3789 522 3846 aliis
576 3783 854 3840 monachis
910 3782 1084 3850 Becci,
1156 3780 1318 3835 frater
1371 3784 1714 3836 AnssLuus:
1776 3798 1991 3852 semper

396 3872 558 3937 velle,
591 3878 644 3927 et
675 3869 850 3924 facere
881 3883 1000 3938 qua:
1030 3867 1145 3920 Deo
1176 3866 1415 3934 placent,
1448 3875 1500 3921 et
1531 3882 1650 3936 quae
1679 3866 1780 3920 sibi
1812 3882 1987 3937 expe-

393 3962 550 4019 diunt
593 3954 673 4014 "".

468 4051 659 4105 Gratia
675 4045 772 4102 Dei
789 4044 1037 4108 faciente,
1063 4042 1313 4098 dominus
1331 4051 1513 4099 noster
1531 4043 1786 4114 princeps
1799 4045 1991 4101 North-

393 4153 718 4196 mannorum
751 4135 895 4188 misit
940 4133 1069 4187 mihi
1116 4134 1321 4188 litteras
1375 4133 1563 4203 plenas
1597 4149 1796 4205 magna
1826 4135 1984 4190 beni-

393 4230 599 4304 gnitate
631 4235 682 4283 et
711 4222 1056 4280 excusatione
1084 4224 1190 4286 sui,
1236 4222 1283 4276 si
1326 4222 1452 4292 quid
1501 4232 1595 4277 aut
1637 4225 1868 4279 credidit
1897 4233 1987 4280 aut

393 4319 521 4374 dixit
552 4319 619 4373 de
652 4331 738 4370 me
769 4314 926 4370 aliter
943 4328 1105 4385 quam
1127 4311 1324 4377 decuit,
1342 4327 1528 4367 amore
1551 4328 1690 4378 meo,
1711 4321 1765 4368 et
1793 4314 1983 4371 dolore

393 4410 461 4463 de
492 4387 785 4462 amissione
816 4419 954 4469 mea,
997 4409 1248 4474 cogente,
1299 4400 1369 4454 ab
1401 4415 1579 4455 meam
1611 4402 1675 4455 ad
1706 4403 1981 4474 archiepi-

391 4503 672 4566 scopatum
704 4493 1044 4547 electionem.
1074 4491 1131 4545 In
1149 4488 1347 4561 quibus
1363 4488 1553 4543 litteris
1582 4490 1650 4544 de
1700 4488 1761 4518 ²⁸⁸
1786 4491 1982 4549 abbate

393 4584 547 4654 vobis
577 4579 948 4638 constituenda
989 4579 1140 4650 petiit
1183 4579 1419 4648 benigne
1448 4594 1626 4632 meum
1658 4581 1938 4636 consilium
1966 4599 1980 4649 ;

393 4672 536 4744 quod
567 4686 674 4726 non
706 4669 881 4724 solum
914 4667 968 4721 in
1011 4669 1111 4722 hac
1169 4684 1227 4722 re
1259 4667 1356 4722 sed
1387 4675 1438 4721 et
1468 4666 1520 4720 in
1579 4667 1700 4722 aliis
1731 4669 1891 4724 rebus
1921 4687 1980 4726 se

390 4763 619 4818 libenter
635 4768 979 4828 accepturum
999 4756 1272 4826 promisit.
1296 4755 1587 4812 Consilium
1602 4767 1784 4812 autem
1802 4776 1978 4815 meum
1999 4803 2002 4805 λ

390 4852 458 4906 de
489 4854 588 4905 hac
608 4847 671 4878 "’
707 4863 764 4902 re
795 4846 870 4900 illi
888 4845 1087 4900 mando
1109 4853 1160 4898 et
1190 4845 1347 4899 vobis
1377 4848 1640 4902 remando
1659 4848 1800 4916 quod
1819 4864 1977 4902 man-

387 4941 509 4996 davi
542 4955 638 5010 per
666 4937 927 4991 domuum
977 4933 1268 4988 Girardum
1316 4933 1535 4989 fratrem
1568 4946 1829 4991 nostrum.
1863 4937 1979 4994 Rex

386 5030 691 5100 Anglorum
725 5024 879 5080 vobis
910 5021 1128 5076 mandat
1158 5021 1403 5089 salutem,
1424 5032 1476 5078 et
1505 5023 1764 5080 auxilium
1797 5042 1976 5097 suum,

385 5127 436 5175 et
465 5115 762 5173 custodiam
801 5128 979 5169 rerum
1025 5118 1323 5167 vestrarum
1374 5127 1495 5182 quae
1524 5121 1648 5168 sunt
1675 5115 1731 5169 in
1759 5132 1852 5170 sua
1884 5133 1978 5187 po-

2115 1745 2239 1798 date
2272 1745 2373 1837 hoc
2420 1748 2702 1837 monachis
2747 1759 2801 1806 et
2845 1757 3358 1818 sanctimonialibus
3387 1745 3492 1837 per
3520 1771 3742 1828 North-

2115 1833 2386 1888 manniam
2418 1834 2661 1907 inclusis,
2685 1846 2739 1893 et
2757 1840 3178 1917 claustralibus,
3210 1857 3267 1906 et
3296 1833 3495 1912 amicis
3527 1861 3740 1917 nostris

2113 1920 2165 1974 in
2195 1921 2435 1978 Francia.
2470 1924 2676 1981 Valete.

2605 2051 2939 2110 EPISTOLA
2970 2057 3099 2116 XVI
3149 2059 3231 2119 ³⁸⁸.

2382 2165 2625 2211 ANSELMI
2656 2171 2732 2211 AD
2761 2174 3073 2221 MONACHOS
3105 2182 3449 2230 BECCENSRS.

2113 2274 2513 2376 Ipsi-abfnfi‘q
2534 2281 2898 2376 Becce‘i‘isibm
2921 2289 2994 2376 in.
3013 2306 3182 2348 suum
3205 2297 3390 2376 lacum
3421 2303 3730 2376 subrogan

2183 2350 2540 2444 Qﬁaff‘l‘ji‘if;
2564 2355 2900 2444 ξναῖείηίεξὲε
2931 2364 2997 2444 ’ξι
3027 2350 3326 2444 προφαίίέ
3337 2350 3728 2444 autem:

2185 2425 2253 2473 ut
2282 2422 2544 2476 monachi
2571 2423 2679 2494 ipsi
2708 2422 2976 2486 οὗεάίαηί
3006 2439 3068 2487 ut
3097 2436 3230 2503 ﬁlii.

2180 2545 2480 2600 Assawus
2513 2561 2708 2602 servus
2755 2567 3041 2609 servorum
3084 2557 3204 2625 Dei,
3251 2572 3480 2622 vocatus
3505 2572 3727 2628 archie-

2111 2630 2387 2717 piscOpus,
2422 2634 2790 2693 dilectissimis
2831 2641 2888 2695 in
2947 2643 3164 2701 Christo
3219 2649 3343 2705 ﬁliis
3370 2654 3700 2717 WtLLEqu

2109 2715 2293 2768 abbati
2317 2721 2371 2770 et
2402 2720 2608 2774 cateris
2635 2722 2919 2780 Beccensis
2961 2728 3225 2787 Ecclesia:
3280 2705 3719 2809 monachiszus:

2107 2802 2270 2858 lutem
2285 2846 2300 2860 .

2177 2892 2365 2948 Gloria
2394 2895 2447 2948 in
2480 2898 2710 2954 excelsis
2741 2901 2875 2970 Deo,
2901 2912 2955 2959 et
2973 2905 3025 2960 in
3043 2907 3284 2966 Ecclesia
3314 2914 3580 2974 Beccensi
3604 2937 3715 2993 pax

2109 2980 2357 3038 fratribus
2389 2985 2543 3040 bonae
2574 2989 2882 3046 voluntatis.
2917 2994 3115 3050 Grates
3161 3001 3443 3061 immensae
3472 2980 3712 3067 clemen-

2111 3072 2197 3127 tiae
2228 3073 2348 3137 Dei,
2382 3089 2502 3145 quae
2527 3076 2662 3131 sicut
2692 3080 2846 3135 vobis
2887 3086 3180 3151 pastoralis
3208 3090 3400 3148 solatio
3428 3096 3711 3157 destitutis

2106 3161 2433 3216 visitationis
2463 3180 2574 3219 suae
2601 3170 2833 3237 gratiam
2853 3171 3016 3226 voluit
3033 3174 3333 3246 impertire,
3356 3182 3427 3237 ita
3445 3189 3707 3245 eamdem

2108 3248 2274 3320 longa
2304 3267 2482 3305 rerum
2515 3257 2920 3324 exspectatione
2976 3261 3149 3317 noluit
3179 3268 3468 3335 protelare.
3503 3276 3705 3335 lterum

2105 3353 2211 3409 ago
2240 3347 2424 3410 grates
2453 3341 2758 3400 clementiae
2799 3347 2965 3416 illius,
3000 3353 3147 3422 quod
3178 3354 3306 3411 licet
3335 3374 3445 3414 non
3475 3366 3703 3424 omnino

2105 3427 2242 3482 sicut
2273 3429 2488 3493 vellem,
2507 3430 2688 3502 aliquo
2706 3441 2885 3490 tamen
2904 3439 3067 3493 modo
3097 3443 3262 3498 amici
3293 3449 3405 3502 mei
3425 3449 3708 3510 desiderio

2104 3513 2324 3587 dignata
2355 3525 2434 3573 est
2461 3534 2764 3585 occurrere,
2804 3523 2953 3593 dum,
2987 3543 3075 3582 me
3104 3535 3416 3602 superstite,
3450 3540 3617 3595 alium
3649 3544 3705 3598 in

2101 3605 2325 3674 praefata
2359 3608 2595 3663 Ecclesia
2625 3609 2900 3679 abbatem,
2934 3618 3226 3674 secundum
3270 3623 3406 3695 juge
3472 3629 3699 3686 deside-

2103 3695 2246 3747 rium
2279 3711 2479 3764 meum,
2503 3699 2857 3755 constituerit.
2884 3702 2992 3758 Sed
3011 3720 3133 3760 cum
3165 3707 3298 3763 illud
3329 3712 3701 3774 indesinenter

2101 3783 2212 3846 ejus
2241 3784 2549 3839 intentionis
2580 3789 2951 3856 speculatione
2995 3794 3381 3866 desiderarem,
3427 3812 3484 3858 ut
3513 3811 3570 3861 et
3600 3824 3692 3864 vo-

2100 3870 2183 3924 bis
2212 3880 2336 3927 ante
2367 3881 2592 3928 mortem
2643 3892 2816 3932 meam
2875 3883 3158 3953 consultis,
3213 3885 3376 3942 finem
3410 3893 3536 3948 vitae
3567 3911 3693 3952 cum

2097 3959 2297 4032 gaudio
2327 3969 2659 4032 exspectare,
2693 3970 2748 4019 et
2777 3966 2847 4020 ab
2903 3972 3049 4024 omni
3082 3976 3476 4034 mundanarum
3507 3986 3694 4052 specie

2099 4065 2277 4104 rerum
2309 4061 2630 4123 segregatus
2673 4054 2908 4123 quietam
2957 4059 3098 4115 inter
3128 4077 3226 4117 vos
3275 4065 3437 4121 vitam
3473 4086 3692 4139 possem

2096 4155 2282 4210 agere,
2319 4140 2485 4194 noluit
2509 4141 2561 4194 in
2593 4143 2693 4197 hac
2747 4154 2898 4214 parte
2950 4165 3188 4217 superna
3221 4153 3569 4215 Providentia
3595 4162 3691 4218 de-

2093 4228 2358 4282 siderium
2389 4245 2566 4285 meum
2583 4232 2904 4303 adimplere,
2926 4237 3021 4291 sed
3045 4238 3112 4291 ad
3131 4257 3409 4311 magnum,
3442 4255 3497 4301 at
3527 4251 3689 4308 valde

2093 4317 2438 4387 pertimesco,
2491 4319 2690 4375 animae
2746 4339 2882 4379 meas
2957 4327 3335 4386 detrimentum
3385 4338 3689 4404 majoribus

2096 4421 2255 4475 quam
2287 4415 2413 4462 ante
2443 4423 2618 4463 rerum
2649 4411 2968 4466 tumultibus
3000 4415 3176 4471 voluit
3204 4417 3506 4490 implicare.
3545 4427 3681 4484 Pro-

2092 4494 2220 4549 inde
2248 4504 2502 4565 quantum
2528 4498 2582 4551 in
2625 4513 2753 4564 uno,
2799 4502 2942 4570 quod
2973 4518 3006 4557 ο.
3061 4505 3176 4561 Deo
3231 4510 3514 4568 exauditus
3540 4532 3683 4587 sum,

2091 4584 2324 4674 gaudeo,
2361 4589 2565 4640 tantum
2596 4587 2651 4641 in
2699 4587 2824 4657 alio,
2859 4591 3002 4662 quod
3058 4596 3316 4652 exaudire
3364 4615 3454 4655 me
3485 4584 3678 4674 noluit,

2089 4673 2269 4729 doleo.
2328 4674 2610 4729 Paternam
2645 4685 2824 4731 tamen
2853 4695 3020 4746 nunc,
3071 4683 3209 4738 sicut
3257 4701 3494 4758 semper,
3527 4673 3682 4750 solli;

2087 4761 2383 4818 citudinem
2413 4780 2512 4835 pro
2544 4765 2696 4820 vobis
2733 4783 2952 4839 gerens,
2984 4786 3180 4827 moneo
3237 4791 3334 4830 vos
3365 4777 3505 4834 sicut
3538 4779 3681 4839 ﬁlios

2088 4867 2239 4905 meos
2268 4852 2634 4921 charissimos,
2666 4863 2718 4908 et
2767 4856 2902 4911 sicut
2958 4874 3054 4914 eos
3085 4877 3220 4932 quos
3274 4863 3329 4918 in
3377 4867 3680 4929 visceribus

2089 4939 2288 5031 Christi
2317 4941 2608 4996 tenerrimo
2653 4959 2872 5014 semper
2919 4945 3114 5002 affectu
3145 4949 3332 5020 dilexi,
3363 4963 3415 5009 et
3444 4957 3678 5031 diligere

2086 5029 2229 5091 volo,
2261 5037 2316 5082 ut
2347 5031 2644 5084 secundum
2677 5032 2735 5086 B.
2769 5035 3013 5103 Apostoli
3045 5051 3230 5093 vocem
3261 5039 3494 5112 idipsum
3527 5029 3676 5104 invi-

2086 5135 2202 5174 cem
2233 5117 2492 5186 sentiatis,
2525 5119 2854 5192 propositum
2877 5124 3040 5180 animi
3073 5127 3142 5182 ad
3174 5129 3402 5188 meliora
3431 5136 3680 5205 quotidie

1679 5254 1907 5313 VARhE
1946 5258 2364 5316 LECTIONES.

451 5383 809 5465 :“Quatenus
825 5375 1005 5465 plures
1023 5395 1126 5435 ms.
1147 5376 1395 5465 quamvis
1418 5379 1615 5465 plures.
1657 5379 1870 5465 ‘f‘ti‘ltad
1887 5384 2022 5465 alios
2038 5403 2144 5440 ms.
2162 5392 2230 5465 _et
2258 5381 2649 5465 alios..."‘C~.um
2666 5386 2933 5465 pra-edicta
2954 5387 3283 5465 Exemplari
3305 5415 3410 5454 ms.
3430 5399 3664 5463 collata.

381 5451 580 5526 ιιτρυέε
611 5453 1055 5534 ἐχρράίιιζὶλὶληε.
1088 5469 1210 5533 quae
1254 5452 1358 5506 sibi
1399 5452 1711 5534 exnediunt.
1744 5451 2020 5534 "mitteris
2049 5466 2101 5511 et
2143 5457 2212 5511 de
2249 5471 2367 5534 ms.
2407 5457 2595 5534 litteris
2629 5451 2731 5534 de:
2760 5456 3010 5534 “’Auteﬁm
3051 5451 3141 5518 de.
3169 5451 3274 5522 hac?
3317 5451 3664 5534 MfEﬁiéE

380 5521 561 5584 meum
592 5529 660 5582 de
691 5521 812 5581 hac.
862 5521 1047 5578 “°Non
1077 5521 1258 5578 minus
1287 5540 1392 5589 ms,
1424 5539 1533 5578 non
1562 5524 1744 5580 nimis.
1791 5523 2024 5599 mCopia
2051 5544 2158 5598 ms,
2183 5529 2577 5585 consolatione.
2629 5527 2833 5585 “’Cum
2866 5533 3054 5589 eodem
3086 5552 3195 5592 τηε.
3235 5521 3474 5600 collata.
