4010 6064
243 263 309 319 II
1490 248 1623 305 LIB.
1671 247 1766 316 III,
1807 244 2027 304 EPIST.
2067 246 2265 303 XVIII.
3481 261 3550 315 ιε

245 386 499 458 dirigatis
531 405 544 451 ;
578 391 630 439 et
660 383 708 437 ei
740 397 901 453 quem
940 378 1123 433 divina
1179 378 1351 446 pietas
1391 375 1549 430 vobis
1607 388 1844 444 prmesse
1870 371 1924 430 A
1955 371 2035 426 las
2069 392 2080 426 :
2119 372 2232 438 Dei,
2266 380 2322 426 et
2352 388 2526 441 suam,
2559 386 2818 443 quantum
2852 375 3008 441 valet,
3043 375 3089 431 si
3111 377 3242 449 quid
3272 378 3434 445 valet,
3455 381 3550 436 be-

245 478 438 541 voluit,
473 474 729 529 humilem
758 472 811 524 in
840 472 1095 525 omnibus
1122 465 1489 522 obedientiam
1522 463 1842 526 exhibeatis,

244 581 524 622 memores
547 564 696 617 illius
726 559 1008 631 praecepti,
1063 572 1168 627 quo
1202 572 1304 608 nos
1352 555 1495 609 idem
1555 551 1848 621 Apostolus

244 658 526 714 admonet,
556 653 772 708 dicens:
799 650 1024 705 Obedite
1053 645 1373 718 praepositis
1403 643 1606 699 vestris
1638 646 1693 697 et
1725 640 1851 696 sub-

245 746 416 815 jicite
437 759 526 798 vos
556 739 615 770 ³⁸⁸
647 742 726 795 eis
747 739 928 808 (Hebr.
962 751 1079 797 xm.
1103 735 1208 804 l7).
1242 733 1365 788 Tibi
1390 739 1592 797 autem,
1643 729 1850 786 charis-

242 835 389 888 sime
419 831 582 885 frater
610 827 912 891 Willelme,
947 832 1000 879 et
1032 823 1181 878 omni
1211 829 1410 876 sancta:
1440 819 1717 891 religionis
1744 818 1850 872 ob-

245 921 522 978 servantia
555 916 737 972 animo
770 931 897 970 meo
929 914 1175 985 probate,
1209 927 1366 980 quem
1402 909 1494 964 Dci
1535 908 1713 978 gratia
1739 916 1847 960 tam

249 1018 436 1067 sancto
492 1007 879 1062 monachorum
940 1001 1098 1074 gregi
1130 1008 1390 1055 rectorem
1444 1006 1564 1067 post
1595 1012 1685 1050 me
1734 994 1849 1049 lieri

253 1085 558 1158 constituit,
598 1097 737 1150 hanc
775 1092 910 1148 facio
941 1089 1373 1162 suggestionem,
1428 1095 1485 1140 ut
1523 1087 1599 1139 ita
1637 1085 1705 1139 de
1735 1085 1849 1138 ani-

255 1189 448 1243 mabus
473 1186 697 1240 fratrum
726 1183 940 1237 subtuo
971 1177 1233 1251 regimine
1284 1175 1687 1231 consistentium
1733 1173 1847 1227 sol-

254 1277 443 1334 licitus
474 1275 692 1336 existas,
722 1279 988 1342 quatenus
1033 1268 1216 1323 callidi
1262 1266 1427 1320 hostis
1458 1263 1666 1317 insidiae
1705 1261 1848 1315 nulla

253 1369 338 1422 eis
363 1373 498 1428 arte,
533 1369 852 1433 protegente
882 1360 1017 1423 Deo,
1050 1371 1247 1411 nocere
1281 1354 1507 1410 valeant
1541 1370 1553 1415 ;
1586 1351 1682 1408 sed
1706 1350 1852 1404 solli-

251 1455 511 1510 citudinis
538 1460 640 1506 tua:
660 1447 906 1505 custodia
938 1445 1133 1500 vallata
1162 1443 1288 1499 boni
1320 1441 1555 1514 pastoris
1595 1440 1852 1494 tutamina

251 1561 310 1600 se
340 1542 616 1599 invenisse
644 1539 946 1611 gaudeant.
990 1535 1190 1605 Sicque
1241 1540 1293 1587 te
1323 1530 1375 1584 in
1428 1529 1682 1585 omnibus
1729 1543 1852 1599 quae

252 1634 396 1705 agis,
431 1630 770 1685 moderatum
801 1623 1060 1680 exhibere
1092 1621 1338 1687 festines,
1370 1627 1427 1674 ut
1483 1634 1658 1689 neque
1683 1616 1850 1686 justi-

253 1699 382 1776 tiam
413 1719 615 1791 gratia,
643 1732 818 1785 neque
848 1712 1080 1785 gratiam
1109 1710 1314 1779 justitia
1342 1708 1580 1779 qualibet
1609 1721 1844 1776 unquam
1878 1707 1932 1770 Β
1962 1699 2278 1770 signiﬁcatis

254 1811 469 1881 privata
493 1805 848 1874 subreptione
877 1800 1150 1857 excludat.
1187 1797 1296 1853 Sed
1322 1797 1396 1851 ita
1438 1796 1606 1850 altero
1635 1808 1851 1864 semper

252 1899 481 1953 alterum
505 1897 826 1965 conjungas,
877 1890 1017 1945 utin
1071 1895 1298 1958 utroque
1358 1883 1672 1940 monasterii
1715 1883 1850 1937 ordo

256 1989 362 2056 37
384 1993 421 2048 2
456 1984 714 2040 inviolata
735 1979 1057 2036 rectitudine
1087 1975 1298 2030 servari
1331 1974 1525 2028 valeat.
1559 1973 1846 2042 Nunquam

252 2079 321 2130 ab
349 2076 534 2129 animo
565 2082 653 2128 tuo
675 2069 890 2126 excidat
915 2067 1060 2137 quod
1109 2063 1379 2120 Dominus
1414 2061 1711 2133 negligenti
1752 2076 1816 2130 pa
1839 2089 1852 2100 ο

255 2165 386 2219 stori
414 2179 516 2234 per
545 2161 896 2216 Salomonem
918 2156 1077 2210 dicit:
1115 2155 1222 2209 Fili
1250 2153 1350 2216 mi.
1393 2152 1442 2207 si
1486 2149 1852 2222 epaponderis

252 2270 359 2325 pro
399 2252 718 2312 amicotuo,
758 2245 1009 2315 deﬁxisti
1049 2243 1199 2315 apud
1229 2246 1572 2297 extraneum
1615 2255 1848 2294 manum

258 2348 421 2399 tuam
441 2361 458 2407 ;
475 2342 824 2408 illaqueatus
836 2352 894 2391 es
905 2334 1083 2390 verbis
1095 2332 1595 2401 oristui,etcaptus
1612 2328 1855 2400 propriis

255 2427 943 2493 sermonibustuis(Prov.
973 2438 1047 2487 v1,
1083 2423 1154 2489 1).
1190 2421 1350 2474 Plura
1381 2433 1467 2472 me
1501 2417 1644 2486 loqui
1666 2416 1856 2471 delec-

256 2518 484 2581 taret,si
517 2524 607 2572 aut
626 2513 932 2586 epistolaris
954 2510 1193 2566 brevitas
1241 2506 1597 2579 permitteret,
1647 2514 1739 2559 aut
1768 2515 1857 2560 tua

262 2609 534 2665 Sanctitas
581 2605 775 2660 melius
825 2603 1003 2656 facere
1038 2615 1198 2670 quam
1239 2612 1344 2667 ego
1374 2596 1558 2651 dicere
1607 2594 1854 2650 nesciret.

261 2698 368 2753 Om
381 2713 476 2750 nes
492 2703 673 2750 tamen
688 2709 785 2747 vos
805 2693 910 2746 hac
927 2698 1202 2760 postrema
1226 2685 1620 2756 supplicatione
1652 2699 1855 2738 conve-

257 2787 740 2854 nio,utexpertum
785 2795 1004 2849 semper
1045 2775 1347 2832 dulcedinis
1384 2781 1582 2828 vestrae
1618 2787 1858 2826 amorem

259 2889 392 2944 erga
414 2879 788 2942 metepescere
800 2883 906 2922 non
920 2866 1135 2930 sinatis,
1152 2862 1405 2933 quoniam
1445 2876 1597 2932 ergo,
1614 2860 1712 2914 etsi
1731 2873 1857 2913 cor-

261 2961 440 3035 porali
457 2959 752 3030 praesentia
773 2956 1048 3011 vobiscum
1067 2968 1190 3008 esse
1203 2967 1433 3021 nequeo,
1469 2949 1650 3004 cordis
1682 2956 1860 3001 tamen

1955 460 2334 515 nedictionem.

2028 549 2156 618 Legi
2186 549 2238 602 in
2282 550 2512 606 litterais
2568 553 2758 607 vestris
2781 553 3193 609 dilectissimum
3229 564 3280 610 et
3307 556 3551 612 dulcissi-

1957 653 2105 692 mum
2142 636 2390 693 affectum
2436 648 2680 694 vestrum
2756 658 2884 713 erga
2941 643 3199 699 dilectum
3241 645 3550 702 dilecterem

1959 734 2202 781 vestrum
2239 745 2250 780 :
2285 744 2421 798 quas
2445 745 2590 797 saepe
2620 729 2727 800 legi
2761 739 2808 784 et
2838 747 2980 802 strpe
3003 732 3262 787 interiora
3284 733 3342 762 ³⁸⁸
3374 736 3554 790 col-dis

1960 815 2085 877 mei,
2120 823 2309 870 vestrae
2331 816 2635 870 dilectionis
2664 819 3119 884 conside'alione,
3152 823 3239 892 pie
3292 840 3549 879 commo-

1957 911 2168 970 verunt,
2192 912 2242 957 et
2275 904 2464 958 faciem
2499 921 2675 959 meam
2719 908 2976 978 lacrymis
3030 910 3318 964 fluentibus
3339 909 3401 940 ¹⁴⁷
3429 929 3552 980 per-

1959 992 2232 1047 fuderunt.
2268 993 2345 1046 Ad
2379 993 2521 1062 quod
2544 1010 2667 1048 cum
2700 996 2860 1049 unius
2893 1006 3125 1052 vestrum
3159 1000 3273 1052 sola
3290 999 3554 1057 suﬂiceret

1957 1079 2191 1146 dilectio,
2254 1089 2398 1135 tanto
2434 1083 2645 1151 plenius
2701 1091 2878 1138 tamen
2924 1098 2977 1140 et
3034 1088 3410 1143 vehementius
3449 1093 3551 1145 hoc

1958 1166 2214 1232 fecerunt,
2250 1178 2450 1240 quanto
2483 1170 2536 1224 in
2555 1172 2746 1225 vestris
2793 1174 2952 1228 dictis
3010 1176 3244 1230 similem
3300 1180 3550 1232 animum

1958 1256 2278 1312 etaﬂ'ectum
2300 1257 2531 1313 aliorum
2563 1260 2891 1330 cogitabam.
2932 1264 3020 1334 qui
3049 1264 3251 1319 litteras
3297 1283 3404 1320 non
3438 1269 3546 1320 mi-

1958 1354 2168 1400 serunt.
2211 1346 2302 1401 Sic
2333 1347 2470 1400 enim
2504 1348 2709 1403 Dilecto
2727 1359 2910 1405 vestra
2930 1354 3309 1424 conglutinata
3326 1365 3407 1410 est
3427 1358 3549 1410 ani—

1958 1451 2062 1488 ma:
2088 1451 2244 1504 meae,
2275 1443 2332 1489 ut
2363 1452 2480 1490 eam
2511 1436 2713 1493 intente
2734 1439 2983 1510 cogitare
3013 1451 3245 1511 nequeat
3275 1444 3391 1498 sine
3407 1462 3550 1516 qua-

1957 1522 2079 1576 dam
2103 1538 2304 1594 magna
2334 1525 2416 1577 sui
2448 1525 2838 1593 vulneratione,
2871 1528 2938 1584 de
2968 1529 3286 1585 dilectorum
3322 1532 3549 1588 filiorum

1956 1627 2172 1666 suorum
2192 1611 2426 1667 violenta
2454 1613 2732 1669 ablatione
2744 1621 3175 1688 etseparatione.
3201 1619 3359 1688 Quod
3371 1632 3550 1678 autem

2298 1701 2356 1728 “'
2385 1718 2482 1758 vos
2515 1720 2737 1758 mecum
2783 1705 3099 1764 desiderare
3137 1726 3352 1780 semper
3403 1728 3547 1781 esse,

1957 1796 2104 1843 certe
2134 1795 2188 1842 et
2225 1805 2327 1859 ego
2371 1789 2639 1845 desidero.
2677 1792 2784 1847 Sed
2811 1795 3063 1863 quoniam
3121 1797 3276 1852 aliter
3312 1798 3553 1870 disponit

1959 1876 2108 1930 Deus
2137 1893 2302 1946 quam
2333 1877 2724 1946 desideremus,
2744 1898 2843 1937 nec
2871 1882 3030 1940 video
3056 1895 3416 1956 opportunum
3429 1905 3554 1946 esse

1959 1965 2243 2020 animabus
2295 1966 2509 2031 vestris,
2563 1984 2698 2040 quas
2749 1970 2884 2024 sicut
2939 1988 3142 2041 meam,
3203 1984 3340 2032 teste
3371 1986 3554 2034 vestra

1960 2053 2310 2121 conscientia,
2344 2054 2534 2127 diligo,
2583 2064 2640 2110 ut
2669 2073 2880 2114 mecum
2923 2061 3139 2130 possitis
3194 2067 3503 2121 conversari
3536 2085 3548 2121 :

1963 2157 2169 2212 precor,
2205 2159 2419 2213 moneo,
2453 2148 2699 2211 consulo,
2731 2155 2989 2217 quatenus
3010 2166 3221 2206 mecum
3253 2170 3552 2224 supernam

1963 2231 2368 2300 dispositionem
2395 2233 2658 2302 patienter
2689 2235 2950 2303 toleretis,
2985 2248 3041 2294 et
3102 2252 3341 2296 vestram
3383 2244 3552 2299 tristi-

1964 2320 2093 2373 tiam
2124 2320 2402 2374 tolerando
2442 2320 2766 2392 mitigantes,
2803 2341 2985 2380 meam
3015 2344 3227 2399 quoque
3255 2331 3514 2403 mitigetis
3540 2352 3552 2387 :

1965 2417 2147 2462 vestra
2196 2424 2428 2480 namque
2482 2410 2699 2465 tristitia
2761 2429 2881 2467 mea
2936 2425 3036 2487 est,
3097 2425 3148 2472 et
3187 2427 3366 2474 vestra
3425 2437 3555 2477 con-

1965 2496 2156 2552 solatio
2186 2513 2307 2552 mea
2338 2505 2438 2551 est.
2492 2496 2656 2566 Quod
2715 2516 2825 2556 non
2853 2503 3028 2558 solum
3081 2509 3236 2562 vobis
3289 2509 3428 2579 dico,
3462 2512 3558 2569 filii

1965 2585 2264 2640 dulcissimi
2346 2585 2426 2648 κ’,
2511 2588 2608 2642 sed
2693 2597 2746 2643 et
2841 2593 3090 2648 omnibus
3161 2598 3252 2668 qui
3309 2602 3559 2658 eamdem

1967 2673 2273 2728 molestiam
2305 2674 2590 2730 vobiscum
2623 2677 2799 2733 ferunt
2845 2697 2945 2750 pro
2997 2683 3240 2740 absentia
3286 2689 3563 2746 dilectoris

1967 2763 2048 2816 sui
2099 2764 2462 2818 dilectissimi.
2501 2765 2624 2819 Scio
2679 2767 2805 2836 quia
2860 2769 2906 2822 si
2928 2775 3223 2840 speraretis
3261 2791 3358 2831 vos
3384 2779 3562 2836 adhuc

1969 2851 2021 2906 in
2073 2854 2170 2906 hac
2225 2853 2334 2906 vita
2393 2853 2674 2925 aliquanto
2759 2863 3001 2928 tempore
3056 2878 3267 2918 mecum
3326 2882 3560 2924 conver-

1971 2949 2444 3012 saturos.magnaa
2495 2943 2882 2999 consolationis
2930 2948 3085 3003 vobis
3133 2961 3291 3008 esset.
3352 2955 3563 3024 Quanto

261 3066 448 3106 amore
469 3047 749 3103 vobiscum
768 3055 1278 3110 manerenunquam
1322 3038 1548 3093 desisto.
1590 3038 1861 3090 Memores
1893 3064 1942 3129 Ο
1973 3045 2103 3101 ergo
2173 3031 2435 3099 majorem
2519 3033 2938 3089 consolationem
3008 3038 3208 3096 habere
3280 3043 3562 3116 debemus,

262 3140 428 3196 etiam
451 3145 626 3193 estote
656 3149 762 3206 qua
800 3132 1009 3187 ratione
1049 3145 1266 3199 semper
1306 3125 1570 3182 Ecclesiae
1607 3125 1864 3180 Beccensi

263 3229 471 3284 amicos
485 3224 766 3297 acquirere
784 3219 1063 3287 consuevi,
1087 3227 1137 3272 et
1157 3220 1258 3272 hoc
1279 3215 1537 3285 exemplo
1550 3214 1760 3269 amicos
1772 3227 1866 3267 vo—

263 3317 350 3372 bis
393 3315 751 3382 undecunque
796 3309 1080 3382 acquirere
1147 3304 1415 3370 festinate,
1477 3301 1865 3372 hospitalitatis

263 3408 467 3462 bonum
481 3403 764 3470 sectando,
779 3398 1170 3469 benignitatem
1203 3393 1456 3449 omnibus
1479 3390 1862 3462 impendendo,

263 3500 338 3560 et,
361 3493 455 3548 ubi
475 3491 702 3546 facultas
717 3487 900 3559 operis
917 3483 1166 3549 defuerit,
1186 3480 1417 3537 affabilis
1432 3481 1706 3535 sermonis
1733 3495 1866 3548 gra-

266 3584 394 3638 tiam
413 3577 765 3652 porrigendo.
784 3577 900 3631 Nec
917 3588 1150 3646 unquam
1166 3571 1296 3626 satis
1318 3585 1415 3626 vos
1441 3569 1640 3622 habere
1663 3567 1866 3622 amicos

265 3670 517 3733 credatis,
537 3669 630 3724 sed
648 3667 760 3721 sive
777 3666 991 3728 divites,
1024 3662 1137 3716 sive
1176 3676 1465 3731 pauperes,
1490 3674 1679 3712 omnes
1713 3655 1867 3710 vobis

265 3762 318 3816 in
349 3773 538 3814 amore
570 3754 917 3812 fraternitatis
945 3751 1332 3822 conglutinate,
1381 3756 1646 3819 quatenus
1685 3746 1788 3800 hoc
1816 3752 1870 3799 et

267 3851 335 3905 ad
369 3855 566 3902 vestrae
593 3843 855 3900 Ecclesia
885 3841 1163 3894 utilitatem
1187 3836 1476 3908 proﬁcere,
1501 3843 1555 3890 et
1583 3834 1651 3889 ad
1681 3850 1866 3889 eorum

267 3954 405 4011 quos
434 3933 668 4007 diligitis
697 3931 928 3986 salutem
947 3928 1123 3983 valeat
1144 3926 1473 3997 pertingere.
1517 3925 1594 3978 De
1637 3922 1866 3978 benedi-

266 4028 448 4084 ctione
480 4035 595 4087 tua,
629 4022 799 4076 frater
829 4017 1131 4084 Willelme,
1154 4014 1356 4081 comiti,
1376 4021 1428 4067 et
1457 4012 1868 4081 archiepiscopo

267 4114 524 4171 mandavi
555 4120 714 4182 atque
765 4116 825 4163 ut
850 4107 1034 4162 omnia
1089 4104 1347 4159 decenter
1392 4100 1603 4167 ﬁerent,
1653 4099 1865 4172 rogavi.

267 4202 481 4260 Litteris
514 4201 634 4265 luis,
669 4214 805 4269 quas
827 4211 925 4267 per
962 4195 1222 4249 domnum
1257 4189 1870 4255 Gislebertum,etdom-

265 4311 398 4350 num
427 4289 715 4347 Joﬁ'ridum
741 4286 961 4350 misisti,
995 4283 1119 4338 ideo
1165 4297 1274 4336 non
1330 4278 1606 4350 respondi,
1648 4279 1772 4348 quia
1819 4285 1870 4332 et

262 4384 382 4438 istae
412 4380 614 4434 litterae
651 4385 812 4432 antea
840 4373 1054 4445 scriptae
1095 4370 1328 4439 fuerunt,
1345 4377 1394 4424 et
1422 4369 1651 4440 portitor
1679 4382 1865 4423 earum

267 4470 498 4527 multum
522 4464 822 4522 festinavit.

735 4563 1073 4622 EPISTOLA
1111 4561 1261 4618 XVII
1300 4559 1388 4616 1“.

487 4665 490 4670 '
555 4672 794 4714 ΑΝεεωιι
823 4672 894 4710 an
922 4665 1223 4710 MONACHOS
1253 4663 1583 4704 BECCENSES.

271 4765 482 4824 Horum
505 4764 714 4818 litteris
732 4758 1075 4831 respondens
1108 4771 1198 4811 eos
1225 4753 1550 4809 consolatur
1572 4753 1638 4808 de
1654 4767 1758 4808 sua
1778 4753 1872 4809 ab-

349 4855 539 4910 sentia
558 4872 575 4915 ;
592 4865 788 4920 eosque
809 4847 1046 4904 absolvit
1064 4863 1098 4900 a
1113 4843 1382 4916 peccatis,
1397 4845 1462 4895 ut
1489 4843 1799 4912 petierant.

353 4947 650 4998 ANSBLMUS
681 4945 906 4993 vocatus
946 4931 1406 5002 archiepiscopus,
1447 4929 1772 4984 dulcissimis
1824 4939 1877 4986 et

277 5029 587 5088 dilectionis
609 5028 732 5082 filiis
750 5027 864 5080 suis
873 5023 1171 5093 juvenibus
1202 5028 1254 5074 et
1274 5018 1711 5074 adolescentibus
1740 5021 1877 5076 Bec-

283 5115 560 5185 censibus,
584 5115 679 5185 qui
708 5111 756 5168 ei
777 5127 904 5166 suas
932 5107 992 5137 1“
1014 5110 1070 5163 in
1099 5105 1352 5178 Angliam
1380 5103 1641 5159 miserunt
1669 5105 1879 5176 episto-

1970 3119 2014 3174 si
2062 3119 2118 3173 in
2158 3118 2333 3174 futura
2390 3119 2496 3174 vita
2544 3136 2642 3176 nos
2698 3122 2754 3176 in
2833 3132 3096 3182 aeternum
3161 3130 3321 3186 simul
3391 3134 3566 3190 victu-

1971 3223 2066 3262 ros
2097 3214 2150 3262 et
2178 3208 2657 3279 congratulaturos
2675 3226 2957 3280 speramus
2985 3216 3013 3267 ‘?
3045 3217 3412 3275 Consolamini
3465 3224 3568 3280 igi-

1972 3304 2076 3361 tur,
2107 3296 2202 3349 lilii
2234 3296 2360 3360 mei,
2389 3298 2769 3366 consolamini,
2795 3308 2845 3354 et
2876 3317 2974 3357 vos
3002 3305 3250 3374 subjicite
3307 3269 3568 3368 voluntati

1974 3385 2092 3451 Dei,
2126 3384 2216 3454 qui
2247 3385 2441 3439 melius
2471 3385 2572 3439 scit
2601 3388 2730 3457 quid
2761 3389 2914 3444 vobis
2960 3394 3233 3462 expediat,
3280 3414 3442 3466 quam
3475 3417 3568 3456 vos

1973 3473 2078 3544 ipsi
2111 3480 2413 3544 ;quatenus
2450 3474 2657 3543 aliquid
2705 3477 2878 3544 major
2911 3480 3071 3536 vobis
3114 3485 3374 3542 retribuat
3420 3490 3569 3546 Deus

1975 3577 2072 3632 pro
2105 3563 2205 3616 hac
2223 3562 2501 3632 patientia,
2528 3579 2696 3634 quam
2724 3566 2878 3620 vobis
2926 3571 3212 3638 provenire
3261 3587 3446 3644 posset
3501 3596 3570 3635 ex

1976 3666 2096 3705 mea
2127 3651 2431 3721 praesentia.
2456 3651 2604 3706 Certi
2637 3661 2804 3709 estote
2844 3658 2968 3726 quia
2999 3660 3143 3716 nulla
3185 3664 3426 3722 locorum
3481 3670 3570 3725 di-

1974 3741 2190 3837 stantia,
2258 3740 2400 3837 nulloa
2475 3748 2782 3812 temporum
2839 3746 3164 3805 diuturnitas
3225 3754 3570 3814 dulcedinem

1977 3828 2172 3926 amoris
2210 3828 2426 3926 vestri,—
2430 3830 2563 3926 sicut
2593 3847 2754 3900 spero
2784 3833 2836 3887 in
2869 3836 3001 3906 Deo,
3027 3853 3059 3892 a
3089 3844 3255 3898 corde
3285 3862 3407 3901 meo
3423 3857 3570 3917 pote-

1976 3917 2044 4010 rit
2072 3933 2342 4011 separare.
2386 3917 2449 3970 Et
2495 3918 2604 3973 illis
2653 3922 2742 3991 qui
2802 3939 2975 3980 meam
3029 3927 3081 3981 in
3127 3930 3320 3986 litteris
3369 3936 3478 3990 suis
3511 3955 3568 3994 se

1978 4000 2423 4091 signiﬁcaverunt
2445 4004 2586 4057 velle
2615 4005 3038 4079 absolutionem,
3061 4023 3111 4068 et
3129 4015 3236 4069 illis
3254 4020 3364 4086 qui,
3384 4038 3568 4091 quam-

1977 4090 2059 4144 vis
2090 4105 2213 4144 eam
2244 4107 2343 4160 per
2374 4091 2576 4145 litteras
2605 4109 2712 4147 non
2736 4096 3018 4167 petierunt,
3051 4109 3162 4156 tam
3209 4121 3328 4160 eam
3361 4090 3543 4165 volunt

1977 4176 2173 4228 mando
2204 4191 2380 4228 meam
2409 4191 2589 4230 coram
2609 4178 2724 4233 Deo
2741 4154 3136 4241 absolutionem
3155 4197 3207 4243 et
3224 4154 3569 4251 benedictio:

1975 4274 2121 4321 nem,
2185 4267 2237 4312 et
2257 4274 2352 4313 oro
2385 4267 2441 4312 ut
2471 4261 2616 4314 Deus
2645 4264 2988 4334 omnipotens
3015 4270 3137 4325 illos
3192 4275 3260 4328 ab
3309 4279 3568 4335 omnibus

1975 4342 2212 4412 peccatis
2234 4343 2503 4415 absolvat,
2537 4352 2589 4400 et
2634 4346 2689 4400 in
2737 4349 2899 4405 vitam
2943 4361 3201 4412 aeternam
3259 4359 3562 4419 benedicat.

1897 4419 1948 4478 D
1977 4433 2166 4486 Amen.

2439 4505 2775 4564 EPISTOLA
2811 4511 2988 4568 XVIII
3026 4513 3104 4574 1”.

2323 4609 2563 4650 ANSBLMI
2591 4612 2664 4651 AD
2694 4615 3027 4660 COMITISSAM
3055 4623 3215 4665 IDAM.

1977 4677 2254 4734 Hortatur
2289 4681 2640 4737 comitissam
2676 4685 3160 4768 adsanctimonia:
3192 4713 3568 4768 ρενεευεναη..

2689 4764 2848 4821 tiam.

2053 4849 2376 4913 ANSELMUS,
2412 4865 2604 4905 servus
2629 4869 2906 4910 servorum
2927 4859 3043 4924 Dei,
3059 4875 3280 4921 vocatus
3300 4871 3566 4942 archiepi-

1983 4941 2533 5008 scopus,reverenda2
2564 4948 2614 4996 et
2643 4943 2934 5013 diligenda:
2952 4950 3073 5006 vitae
3107 4958 3301 5013 merito
3325 4941 3573 5019 comitis-

1987 5039 2062 5077 sm
2083 5024 2195 5077 tua:
2225 5041 2239 5077 :
2272 5023 2419 5077 sicin
2452 5026 2554 5080 hac
2610 5029 2716 5080 vita
2750 5029 2862 5086 Deo
2918 5036 3143 5107 servire,
3178 5050 3234 5096 ut
3289 5042 3342 5098 in
3392 5043 3572 5106 futura

1990 5116 2254 5164 mercatur
2280 5124 2400 5162 cum
2432 5109 2545 5164 Deo
2560 5127 2811 5184 regnare.

1594 5309 1823 5367 vanus
1862 5269 2280 5372 LECTIONES.

286 5547 301 5561 .
345 5475 683 5561 ,ωξιιιηιοιιε
707 5485 954 5561 ῖρξῖηεςι
989 5464 1438 5561 aluissem
1486 5458 2338 5561 ἰέζρξιῑτξ..ξ9.άεῖῖτ,ῖῖιε;,ἐρ’,ιξξέτξε
2376 5468 2559 5561 ’i‘Qui.
2601 5482 2654 5529 ει
2701 5492 2826 5558 suas
2859 5496 2979 5561 zm-
3012 5484 3099 5561 ei
3131 5486 3180 5541 ei
3379 5488 3574 5561 "'Legi

286 5547 301 5561 ο
357 5495 683 5560 κσὲῑιιῃιωιε
707 5495 928 5553 vastius.
989 5495 1272 5548 δυυμιυξςισ
1316 5495 1428 5545 vva.
1487 5495 1690 5563 “7qu”
1747 5495 1936 5547 ctlua'lu
1962 5495 2324 5550 runcantem.
2376 5495 2544 5540 mum
2601 5495 2654 5529 8t
2701 5495 2826 5532 suas
2873 5496 2979 5535 ms.
3012 5499 3099 5552 qui
3131 5495 3180 5541 ei
3208 5505 3331 5544 suas
3379 5495 3574 5548 mLed.

282 5557 565 5630 micuere.
591 5545 869 5630 "ti-.1931:
902 5545 1521 5630 25393933292912.
1551 5536 1835 5630 Iertes
1873 5554 2018 5630 res.
2050 5540 2342 5630 “96:1:th
2398 5559 2506 5630 ηιξ·
2547 5543 2795 5614 lacrimis
2855 5551 3168 5614 ﬂuentibus.
3221 5513 3578 5630 κιείέηίηοὲἷ

284 5581 544 5603 ³¹¹⁸σ¹⁸υ¹¹³
594 5581 771 5600 """V
815 5581 828 5596 '
855 5585 868 5597 ο
902 5581 957 5596 ν*
1002 5581 1074 5593 νυν
1120 5581 1149 5592 ν
1189 5581 1462 5591 --ην---ηη
1551 5581 1673 5590 -ν-ν-
1723 5581 1822 5591 vn...
1873 5581 2008 5592 ...ν..,
2050 5581 2342 5596 ..ιημηηηω
2401 5581 2480 5598 um
2547 5581 2593 5597 ια
3136 5581 3144 5584 _

281 5620 354 5676 uti
382 5635 490 5675 ms.
523 5581 890 5688 signiﬁcagtis.
923 5581 1201 5666 “’F’ra'tres
1217 5605 1531 5663 dulcissimi.
1551 5623 1657 5664 ms.
1684 5581 1784 5662 lilii
1805 5609 2120 5666 dulcissimi.
2152 5611 2356 5670 moCum
2385 5585 2576 5671 eodem
2595 5581 3168 5678 523'?£§11éi§i"""""
3221 5581 3579 5634 “'mgmnca'

501 5743 738 5798 Paraon.
777 5737 968 5797 CLIX.
