  <div class='ocr_page' id='page_1' title='image "/cluster/home/n/w/nwhite01/storage/ocr_20150623/159/hvd.32044054760178/028.png"; bbox 0 0 4010 6064; ppageno 0'>
   <div class='ocr_carea' id='block_1_1' title="bbox 2732 52 2777 99">
    <p class='ocr_par' dir='ltr' id='par_1_1' title="bbox 2732 52 2777 99">
     <span class='ocr_line' id='line_1_1' title="bbox 2732 52 2777 99; baseline 0 0"><span class='ocrx_word' id='word_1_1' title='bbox 2732 52 2777 99; x_wconf 48' lang='lat' dir='ltr'><strong>ll‘</strong></span> 
     </span>
    </p>
   </div>
   <div class='ocr_carea' id='block_1_2' title="bbox 348 140 3657 220">
    <p class='ocr_par' dir='ltr' id='par_1_2' title="bbox 348 140 3657 220">
     <span class='ocr_line' id='line_1_2' title="bbox 348 140 3657 220; baseline -0.004 -6"><span class='ocrx_word' id='word_1_2' title='bbox 348 154 422 214; x_wconf 68' lang='grc'><strong>45</strong></span> <span class='ocrx_word' id='word_1_3' title='bbox 1660 148 1786 208; x_wconf 86' lang='lat' dir='ltr'><strong>LIB.</strong></span> <span class='ocrx_word' id='word_1_4' title='bbox 1817 154 1910 220; x_wconf 82' lang='lat' dir='ltr'><strong>III,</strong></span> <span class='ocrx_word' id='word_1_5' title='bbox 1946 150 2161 207; x_wconf 86' lang='lat' dir='ltr'><strong>EPIST.</strong></span> <span class='ocrx_word' id='word_1_6' title='bbox 2185 140 2335 206; x_wconf 79' lang='lat' dir='ltr'><strong>XIX.</strong></span> <span class='ocrx_word' id='word_1_7' title='bbox 3587 143 3657 212; x_wconf 68' lang='grc'><strong>46</strong></span> 
     </span>
    </p>
   </div>
   <div class='ocr_carea' id='block_1_3' title="bbox 422 276 3658 353">
    <p class='ocr_par' dir='ltr' id='par_1_3' title="bbox 422 276 3658 353">
     <span class='ocr_line' id='line_1_3' title="bbox 422 276 3658 353; baseline -0 -17"><span class='ocrx_word' id='word_1_8' title='bbox 422 280 691 336; x_wconf 73' lang='lat' dir='ltr'><strong>Sanctitas</strong></span> <span class='ocrx_word' id='word_1_9' title='bbox 746 287 800 335; x_wconf 92' lang='lat' dir='ltr'><strong>et</strong></span> <span class='ocrx_word' id='word_1_10' title='bbox 848 279 1115 349; x_wconf 87' lang='lat' dir='ltr'><strong>sapientia</strong></span> <span class='ocrx_word' id='word_1_11' title='bbox 1171 286 1374 345; x_wconf 87' lang='lat' dir='ltr'><strong>vestra,</strong></span> <span class='ocrx_word' id='word_1_12' title='bbox 1408 293 1529 350; x_wconf 67' lang='lat' dir='ltr'><strong>quae</strong></span> <span class='ocrx_word' id='word_1_13' title='bbox 1588 278 1642 332; x_wconf 87' lang='lat' dir='ltr'><strong>in</strong></span> <span class='ocrx_word' id='word_1_14' title='bbox 1700 278 1946 333; x_wconf 87' lang='lat' dir='ltr'><strong>diuturna</strong></span> <span class='ocrx_word' id='word_1_15' title='bbox 1974 280 2033 341; x_wconf 84' lang='grc' dir='ltr'><strong>Α</strong></span> <span class='ocrx_word' id='word_1_16' title='bbox 2062 278 2162 333; x_wconf 70' lang='grc' dir='ltr'><strong>τίω</strong></span> <span class='ocrx_word' id='word_1_17' title='bbox 2190 276 2375 331; x_wconf 86' lang='lat' dir='ltr'><strong>villam</strong></span> <span class='ocrx_word' id='word_1_18' title='bbox 2406 284 2494 332; x_wconf 89' lang='lat' dir='ltr'><strong>aut</strong></span> <span class='ocrx_word' id='word_1_19' title='bbox 2524 276 2825 333; x_wconf 90' lang='lat' dir='ltr'><strong>Ecclesiam</strong></span> <span class='ocrx_word' id='word_1_20' title='bbox 2858 294 2977 348; x_wconf 75' lang='lat' dir='ltr'><strong>qua:</strong></span> <span class='ocrx_word' id='word_1_21' title='bbox 3006 277 3252 347; x_wconf 82' lang='lat' dir='ltr'><strong>ejusdem</strong></span> <span class='ocrx_word' id='word_1_22' title='bbox 3270 280 3658 353; x_wconf 81' lang='lat' dir='ltr'><strong>archiepiscopi</strong></span> 
     </span>
    </p>
   </div>
   <div class='ocr_carea' id='block_1_4' title="bbox 351 364 1951 436">
    <p class='ocr_par' dir='ltr' id='par_1_4' title="bbox 351 364 1951 436">
     <span class='ocr_line' id='line_1_4' title="bbox 351 364 1951 436; baseline -0.004 -14"><span class='ocrx_word' id='word_1_23' title='bbox 351 372 514 422; x_wconf 67' lang='lat' dir='ltr'><strong>mtate</strong></span> <span class='ocrx_word' id='word_1_24' title='bbox 546 382 642 436; x_wconf 89' lang='lat' dir='ltr'><strong>per</strong></span> <span class='ocrx_word' id='word_1_25' title='bbox 670 366 766 419; x_wconf 91' lang='lat' dir='ltr'><strong>Dei</strong></span> <span class='ocrx_word' id='word_1_26' title='bbox 798 365 1029 433; x_wconf 78' lang='lat' dir='ltr'><strong>gratiam</strong></span> <span class='ocrx_word' id='word_1_27' title='bbox 1063 365 1116 418; x_wconf 92' lang='lat' dir='ltr'><strong>in</strong></span> <span class='ocrx_word' id='word_1_28' title='bbox 1164 364 1323 418; x_wconf 86' lang='lat' dir='ltr'><strong>vobis</strong></span> <span class='ocrx_word' id='word_1_29' title='bbox 1369 364 1601 416; x_wconf 89' lang='lat' dir='ltr'><strong>multum</strong></span> <span class='ocrx_word' id='word_1_30' title='bbox 1647 371 1951 426; x_wconf 87' lang='lat' dir='ltr'><strong>creverunt,</strong></span> 
     </span>
    </p>
   </div>
   <div class='ocr_carea' id='block_1_5' title="bbox 349 451 1956 522">
    <p class='ocr_par' dir='ltr' id='par_1_5' title="bbox 349 451 1956 522">
     <span class='ocr_line' id='line_1_5' title="bbox 349 451 1956 522; baseline -0.004 -12"><span class='ocrx_word' id='word_1_31' title='bbox 349 463 405 510; x_wconf 81' lang='lat' dir='ltr'><strong>et</strong></span> <span class='ocrx_word' id='word_1_32' title='bbox 434 453 698 511; x_wconf 87' lang='lat' dir='ltr'><strong>certitudo</strong></span> <span class='ocrx_word' id='word_1_33' title='bbox 727 453 1042 507; x_wconf 79' lang='lat' dir='ltr'><strong>dilectionis</strong></span> <span class='ocrx_word' id='word_1_34' title='bbox 1072 461 1285 520; x_wconf 65' lang='lat' dir='ltr'><strong>vestrae,</strong></span> <span class='ocrx_word' id='word_1_35' title='bbox 1320 468 1480 522; x_wconf 89' lang='lat' dir='ltr'><strong>quam</strong></span> <span class='ocrx_word' id='word_1_36' title='bbox 1513 467 1650 522; x_wconf 84' lang='lat' dir='ltr'><strong>erga</strong></span> <span class='ocrx_word' id='word_1_37' title='bbox 1681 467 1767 505; x_wconf 92' lang='lat' dir='ltr'><strong>me</strong></span> <span class='ocrx_word' id='word_1_38' title='bbox 1798 451 1956 505; x_wconf 90' lang='lat' dir='ltr'><strong>indu-</strong></span> 
     </span>
    </p>
   </div>
   <div class='ocr_carea' id='block_1_6' title="bbox 351 540 1955 614">
    <p class='ocr_par' dir='ltr' id='par_1_6' title="bbox 351 540 1955 614">
     <span class='ocr_line' id='line_1_6' title="bbox 351 540 1955 614; baseline -0.003 -16"><span class='ocrx_word' id='word_1_39' title='bbox 351 545 594 598; x_wconf 78' lang='lat' dir='ltr'><strong>bitanter</strong></span> <span class='ocrx_word' id='word_1_40' title='bbox 622 542 881 614; x_wconf 81' lang='lat' dir='ltr'><strong>cognovi,</strong></span> <span class='ocrx_word' id='word_1_41' title='bbox 916 544 1198 597; x_wconf 79' lang='lat' dir='ltr'><strong>hortantur</strong></span> <span class='ocrx_word' id='word_1_42' title='bbox 1229 558 1313 595; x_wconf 90' lang='lat' dir='ltr'><strong>me</strong></span> <span class='ocrx_word' id='word_1_43' title='bbox 1346 551 1402 594; x_wconf 93' lang='lat' dir='ltr'><strong>ut</strong></span> <span class='ocrx_word' id='word_1_44' title='bbox 1432 541 1483 594; x_wconf 92' lang='lat' dir='ltr'><strong>in</strong></span> <span class='ocrx_word' id='word_1_45' title='bbox 1506 540 1738 611; x_wconf 83' lang='lat' dir='ltr'><strong>negotiis</strong></span> <span class='ocrx_word' id='word_1_46' title='bbox 1758 540 1955 593; x_wconf 81' lang='lat' dir='ltr'><strong>nostris</strong></span> 
     </span>
    </p>
   </div>
   <div class='ocr_carea' id='block_1_7' title="bbox 352 629 1954 701">
    <p class='ocr_par' dir='ltr' id='par_1_7' title="bbox 352 629 1954 701">
     <span class='ocr_line' id='line_1_7' title="bbox 352 629 1954 701; baseline -0.003 -15"><span class='ocrx_word' id='word_1_47' title='bbox 352 634 503 701; x_wconf 87' lang='lat' dir='ltr'><strong>(cum</strong></span> <span class='ocrx_word' id='word_1_48' title='bbox 535 647 625 686; x_wconf 88' lang='lat' dir='ltr'><strong>res</strong></span> <span class='ocrx_word' id='word_1_49' title='bbox 653 630 843 700; x_wconf 80' lang='lat' dir='ltr'><strong>exigit)</strong></span> <span class='ocrx_word' id='word_1_50' title='bbox 875 629 946 684; x_wconf 87' lang='lat' dir='ltr'><strong>ad</strong></span> <span class='ocrx_word' id='word_1_51' title='bbox 967 638 1161 685; x_wconf 67' lang='lat' dir='ltr'><strong>vestrm</strong></span> <span class='ocrx_word' id='word_1_52' title='bbox 1179 630 1496 695; x_wconf 67' lang='lat' dir='ltr'><strong>reverentiae</strong></span> <span class='ocrx_word' id='word_1_53' title='bbox 1513 643 1795 683; x_wconf 80' lang='lat' dir='ltr'><strong>recurram</strong></span> <span class='ocrx_word' id='word_1_54' title='bbox 1818 643 1954 682; x_wconf 87' lang='lat' dir='ltr'><strong>con-</strong></span> 
     </span>
    </p>
   </div>
   <div class='ocr_carea' id='block_1_8' title="bbox 352 715 1958 789">
    <p class='ocr_par' dir='ltr' id='par_1_8' title="bbox 352 715 1958 789">
     <span class='ocr_line' id='line_1_8' title="bbox 352 715 1958 789; baseline -0.004 -14"><span class='ocrx_word' id='word_1_55' title='bbox 352 720 559 776; x_wconf 83' lang='lat' dir='ltr'><strong>silium.</strong></span> <span class='ocrx_word' id='word_1_56' title='bbox 594 719 942 789; x_wconf 84' lang='lat' dir='ltr'><strong>Quapropter</strong></span> <span class='ocrx_word' id='word_1_57' title='bbox 971 718 1040 773; x_wconf 91' lang='lat' dir='ltr'><strong>de</strong></span> <span class='ocrx_word' id='word_1_58' title='bbox 1072 718 1305 789; x_wconf 87' lang='lat' dir='ltr'><strong>quadam</strong></span> <span class='ocrx_word' id='word_1_59' title='bbox 1337 716 1631 779; x_wconf 86' lang='lat' dir='ltr'><strong>calumnia,</strong></span> <span class='ocrx_word' id='word_1_60' title='bbox 1649 731 1817 788; x_wconf 88' lang='lat' dir='ltr'><strong>quam</strong></span> <span class='ocrx_word' id='word_1_61' title='bbox 1840 715 1958 785; x_wconf 84' lang='lat' dir='ltr'><strong>qui-</strong></span> 
     </span>
    </p>
   </div>
   <div class='ocr_carea' id='block_1_9' title="bbox 354 805 1959 879">
    <p class='ocr_par' dir='ltr' id='par_1_9' title="bbox 354 805 1959 879">
     <span class='ocr_line' id='line_1_9' title="bbox 354 805 1959 879; baseline -0.003 -16"><span class='ocrx_word' id='word_1_62' title='bbox 354 809 485 864; x_wconf 87' lang='lat' dir='ltr'><strong>dam</strong></span> <span class='ocrx_word' id='word_1_63' title='bbox 516 810 873 879; x_wconf 81' lang='lat' dir='ltr'><strong>coepiscOpus</strong></span> <span class='ocrx_word' id='word_1_64' title='bbox 895 806 1482 869; x_wconf 82' lang='lat' dir='ltr'><strong>noster,Londinensis</strong></span> <span class='ocrx_word' id='word_1_65' title='bbox 1516 805 1748 870; x_wconf 80' lang='lat' dir='ltr'>scilicet,</span> <span class='ocrx_word' id='word_1_66' title='bbox 1770 813 1959 860; x_wconf 85' lang='lat' dir='ltr'><strong>contra</strong></span> 
     </span>
    </p>
   </div>
   <div class='ocr_carea' id='block_1_10' title="bbox 349 892 1956 967">
    <p class='ocr_par' dir='ltr' id='par_1_10' title="bbox 349 892 1956 967">
     <span class='ocr_line' id='line_1_10' title="bbox 349 892 1956 967; baseline -0.004 -13"><span class='ocrx_word' id='word_1_67' title='bbox 349 898 628 967; x_wconf 85' lang='lat' dir='ltr'><strong>antiquam</strong></span> <span class='ocrx_word' id='word_1_68' title='bbox 646 895 1098 952; x_wconf 74' lang='lat' dir='ltr'><strong>consuetudinem</strong></span> <span class='ocrx_word' id='word_1_69' title='bbox 1121 911 1281 964; x_wconf 88' lang='lat' dir='ltr'><strong>quam</strong></span> <span class='ocrx_word' id='word_1_70' title='bbox 1314 892 1562 949; x_wconf 80' lang='lat' dir='ltr'><strong>Ecclesia</strong></span> <span class='ocrx_word' id='word_1_71' title='bbox 1602 900 1785 948; x_wconf 90' lang='lat' dir='ltr'><strong>nostra</strong></span> <span class='ocrx_word' id='word_1_72' title='bbox 1816 893 1956 947; x_wconf 88' lang='lat' dir='ltr'><strong>libe-</strong></span> 
     </span>
    </p>
   </div>
   <div class='ocr_carea' id='block_1_11' title="bbox 345 981 1958 1055">
    <p class='ocr_par' dir='ltr' id='par_1_11' title="bbox 345 981 1958 1055">
     <span class='ocr_line' id='line_1_11' title="bbox 345 981 1958 1055; baseline -0.004 -14"><span class='ocrx_word' id='word_1_73' title='bbox 345 1003 407 1041; x_wconf 87' lang='lat' dir='ltr'><strong>re</strong></span> <span class='ocrx_word' id='word_1_74' title='bbox 438 994 489 1040; x_wconf 93' lang='lat' dir='ltr'><strong>et</strong></span> <span class='ocrx_word' id='word_1_75' title='bbox 520 986 698 1055; x_wconf 78' lang='lat' dir='ltr'><strong>quiete</strong></span> <span class='ocrx_word' id='word_1_76' title='bbox 729 984 975 1054; x_wconf 80' lang='lat' dir='ltr'><strong>possedit</strong></span> <span class='ocrx_word' id='word_1_77' title='bbox 1005 983 1059 1036; x_wconf 89' lang='lat' dir='ltr'><strong>in</strong></span> <span class='ocrx_word' id='word_1_78' title='bbox 1094 982 1381 1053; x_wconf 77' lang='lat' dir='ltr'><strong>praeteritis</strong></span> <span class='ocrx_word' id='word_1_79' title='bbox 1414 989 1467 1037; x_wconf 89' lang='lat' dir='ltr'><strong>et</strong></span> <span class='ocrx_word' id='word_1_80' title='bbox 1519 981 1763 1052; x_wconf 84' lang='lat' dir='ltr'><strong>antiquis</strong></span> <span class='ocrx_word' id='word_1_81' title='bbox 1811 986 1958 1034; x_wconf 89' lang='lat' dir='ltr'><strong>tem-</strong></span> 
     </span>
    </p>
   </div>
   <div class='ocr_carea' id='block_1_12' title="bbox 354 1069 1957 1146">
    <p class='ocr_par' dir='ltr' id='par_1_12' title="bbox 354 1069 1957 1146">
     <span class='ocr_line' id='line_1_12' title="bbox 354 1069 1957 1146; baseline -0.004 -18"><span class='ocrx_word' id='word_1_82' title='bbox 354 1075 585 1146; x_wconf 84' lang='lat' dir='ltr'><strong>poribus</strong></span> <span class='ocrx_word' id='word_1_83' title='bbox 640 1090 811 1143; x_wconf 89' lang='lat' dir='ltr'><strong>usque</strong></span> <span class='ocrx_word' id='word_1_84' title='bbox 857 1072 925 1127; x_wconf 91' lang='lat' dir='ltr'><strong>ad</strong></span> <span class='ocrx_word' id='word_1_85' title='bbox 983 1087 1230 1142; x_wconf 64' lang='lat' dir='ltr'><strong>praesens</strong></span> <span class='ocrx_word' id='word_1_86' title='bbox 1288 1079 1519 1141; x_wconf 90' lang='lat' dir='ltr'><strong>tempus,</strong></span> <span class='ocrx_word' id='word_1_87' title='bbox 1552 1069 1770 1142; x_wconf 82' lang='lat' dir='ltr'><strong>ingerit,</strong></span> <span class='ocrx_word' id='word_1_88' title='bbox 1801 1070 1957 1136; x_wconf 88' lang='lat' dir='ltr'><strong>mihi,</strong></span> 
     </span>
    </p>
   </div>
   <div class='ocr_carea' id='block_1_13' title="bbox 355 1150 1957 1232">
    <p class='ocr_par' dir='ltr' id='par_1_13' title="bbox 355 1150 1957 1232">
     <span class='ocr_line' id='line_1_13' title="bbox 355 1150 1957 1232; baseline -0.004 -14"><span class='ocrx_word' id='word_1_89' title='bbox 355 1173 596 1218; x_wconf 86' lang='lat' dir='ltr'><strong>vestrum</strong></span> <span class='ocrx_word' id='word_1_90' title='bbox 643 1177 826 1232; x_wconf 61' lang='lat' dir='ltr'><strong>quaaro</strong></span> <span class='ocrx_word' id='word_1_91' title='bbox 875 1160 1186 1215; x_wconf 86' lang='lat' dir='ltr'><strong>consilium.</strong></span> <span class='ocrx_word' id='word_1_92' title='bbox 1239 1150 1470 1228; x_wconf 83' lang='lat' dir='ltr'><strong>Quippe,</strong></span> <span class='ocrx_word' id='word_1_93' title='bbox 1522 1166 1750 1214; x_wconf 86' lang='lat' dir='ltr'><strong>testante</strong></span> <span class='ocrx_word' id='word_1_94' title='bbox 1809 1158 1957 1212; x_wconf 89' lang='lat' dir='ltr'><strong>omni</strong></span> 
     </span>
    </p>
   </div>
   <div class='ocr_carea' id='block_1_14' title="bbox 356 1246 1957 1322">
    <p class='ocr_par' dir='ltr' id='par_1_14' title="bbox 356 1246 1957 1322">
     <span class='ocr_line' id='line_1_14' title="bbox 356 1246 1957 1322; baseline -0.003 -17"><span class='ocrx_word' id='word_1_95' title='bbox 356 1267 566 1322; x_wconf 76' lang='lat' dir='ltr'><strong>genere</strong></span> <span class='ocrx_word' id='word_1_96' title='bbox 594 1250 874 1304; x_wconf 86' lang='lat' dir='ltr'><strong>hominum</strong></span> <span class='ocrx_word' id='word_1_97' title='bbox 905 1248 996 1319; x_wconf 90' lang='lat' dir='ltr'><strong>qui</strong></span> <span class='ocrx_word' id='word_1_98' title='bbox 1024 1256 1147 1301; x_wconf 88' lang='lat' dir='ltr'><strong>sunt</strong></span> <span class='ocrx_word' id='word_1_99' title='bbox 1178 1248 1234 1300; x_wconf 92' lang='lat' dir='ltr'><strong>in</strong></span> <span class='ocrx_word' id='word_1_100' title='bbox 1288 1247 1667 1303; x_wconf 87' lang='lat' dir='ltr'><strong>Cautuariensi</strong></span> <span class='ocrx_word' id='word_1_101' title='bbox 1713 1246 1957 1314; x_wconf 84' lang='lat' dir='ltr'><strong>dioecesi,</strong></span> 
     </span>
    </p>
   </div>
   <div class='ocr_carea' id='block_1_15' title="bbox 360 1335 1962 1406">
    <p class='ocr_par' dir='ltr' id='par_1_15' title="bbox 360 1335 1962 1406">
     <span class='ocr_line' id='line_1_15' title="bbox 360 1335 1962 1406; baseline -0.003 -12"><span class='ocrx_word' id='word_1_102' title='bbox 360 1348 416 1395; x_wconf 88' lang='lat' dir='ltr'><strong>et</strong></span> <span class='ocrx_word' id='word_1_103' title='bbox 447 1340 501 1394; x_wconf 93' lang='lat' dir='ltr'><strong>in</strong></span> <span class='ocrx_word' id='word_1_104' title='bbox 560 1338 683 1393; x_wconf 90' lang='lat' dir='ltr'><strong>aliis</strong></span> <span class='ocrx_word' id='word_1_105' title='bbox 727 1336 1149 1406; x_wconf 85' lang='lat' dir='ltr'><strong>episcopalibus,</strong></span> <span class='ocrx_word' id='word_1_106' title='bbox 1182 1335 1272 1406; x_wconf 92' lang='lat' dir='ltr'><strong>qui</strong></span> <span class='ocrx_word' id='word_1_107' title='bbox 1333 1341 1458 1389; x_wconf 84' lang='lat' dir='ltr'><strong>sunt</strong></span> <span class='ocrx_word' id='word_1_108' title='bbox 1517 1336 1659 1390; x_wconf 90' lang='lat' dir='ltr'><strong>circa</strong></span> <span class='ocrx_word' id='word_1_109' title='bbox 1714 1336 1962 1389; x_wconf 86' lang='lat' dir='ltr'><strong>eamdem</strong></span> 
     </span>
    </p>
   </div>
   <div class='ocr_carea' id='block_1_16' title="bbox 359 1423 1961 1495">
    <p class='ocr_par' dir='ltr' id='par_1_16' title="bbox 359 1423 1961 1495">
     <span class='ocr_line' id='line_1_16' title="bbox 359 1423 1961 1495; baseline -0.002 -14"><span class='ocrx_word' id='word_1_110' title='bbox 359 1427 667 1491; x_wconf 69' lang='lat' dir='ltr'><strong>dioecesim,</strong></span> <span class='ocrx_word' id='word_1_111' title='bbox 720 1440 939 1495; x_wconf 89' lang='lat' dir='ltr'><strong>semper</strong></span> <span class='ocrx_word' id='word_1_112' title='bbox 983 1425 1427 1493; x_wconf 85' lang='lat' dir='ltr'><strong>archiepiscopus</strong></span> <span class='ocrx_word' id='word_1_113' title='bbox 1475 1423 1775 1479; x_wconf 75' lang='lat' dir='ltr'><strong>Cantuarize</strong></span> <span class='ocrx_word' id='word_1_114' title='bbox 1820 1425 1961 1478; x_wconf 89' lang='lat' dir='ltr'><strong>hanc</strong></span> 
     </span>
    </p>
   </div>
   <div class='ocr_carea' id='block_1_17' title="bbox 361 1511 1962 1585">
    <p class='ocr_par' dir='ltr' id='par_1_17' title="bbox 361 1511 1962 1585">
     <span class='ocr_line' id='line_1_17' title="bbox 361 1511 1962 1585; baseline -0.004 -15"><span class='ocrx_word' id='word_1_115' title='bbox 361 1516 553 1571; x_wconf 86' lang='lat' dir='ltr'><strong>habuit</strong></span> <span class='ocrx_word' id='word_1_116' title='bbox 584 1522 905 1585; x_wconf 88' lang='lat' dir='ltr'><strong>potestatem</strong></span> <span class='ocrx_word' id='word_1_117' title='bbox 935 1520 987 1567; x_wconf 90' lang='lat' dir='ltr'><strong>et</strong></span> <span class='ocrx_word' id='word_1_118' title='bbox 1018 1511 1487 1576; x_wconf 85' lang='lat' dir='ltr'><strong>consuetudinem,</strong></span> <span class='ocrx_word' id='word_1_119' title='bbox 1521 1513 1573 1565; x_wconf 92' lang='lat' dir='ltr'><strong>in</strong></span> <span class='ocrx_word' id='word_1_120' title='bbox 1604 1512 1746 1565; x_wconf 89' lang='lat' dir='ltr'><strong>intra</strong></span> <span class='ocrx_word' id='word_1_121' title='bbox 1775 1511 1962 1581; x_wconf 90' lang='lat' dir='ltr'><strong>cujus-</strong></span> 
     </span>
    </p>
   </div>
   <div class='ocr_carea' id='block_1_18' title="bbox 357 1599 1964 1676">
    <p class='ocr_par' dir='ltr' id='par_1_18' title="bbox 357 1599 1964 1676">
     <span class='ocr_line' id='line_1_18' title="bbox 357 1599 1964 1676; baseline -0.002 -17"><span class='ocrx_word' id='word_1_122' title='bbox 357 1620 597 1676; x_wconf 88' lang='lat' dir='ltr'><strong>cumque</strong></span> <span class='ocrx_word' id='word_1_123' title='bbox 639 1602 884 1673; x_wconf 88' lang='lat' dir='ltr'><strong>episcopi</strong></span> <span class='ocrx_word' id='word_1_124' title='bbox 914 1599 1192 1656; x_wconf 65' lang='lat' dir='ltr'><strong>dioecesim</strong></span> <span class='ocrx_word' id='word_1_125' title='bbox 1225 1600 1450 1656; x_wconf 89' lang='lat' dir='ltr'><strong>haberet</strong></span> <span class='ocrx_word' id='word_1_126' title='bbox 1472 1599 1716 1656; x_wconf 85' lang='lat' dir='ltr'><strong>Ecclesia</strong></span> <span class='ocrx_word' id='word_1_127' title='bbox 1734 1601 1964 1655; x_wconf 89' lang='lat' dir='ltr'><strong>Cantua-</strong></span> 
     </span>
    </p>
   </div>
   <div class='ocr_carea' id='block_1_19' title="bbox 2062 364 3660 439">
    <p class='ocr_par' dir='ltr' id='par_1_19' title="bbox 2062 364 3660 439">
     <span class='ocr_line' id='line_1_19' title="bbox 2062 364 3660 439; baseline 0.006 -22"><span class='ocrx_word' id='word_1_128' title='bbox 2062 364 2268 435; x_wconf 88' lang='lat' dir='ltr'><strong>proprii</strong></span> <span class='ocrx_word' id='word_1_129' title='bbox 2305 364 2440 433; x_wconf 89' lang='lat' dir='ltr'><strong>juris</strong></span> <span class='ocrx_word' id='word_1_130' title='bbox 2495 373 2670 421; x_wconf 89' lang='lat' dir='ltr'><strong>essent</strong></span> <span class='ocrx_word' id='word_1_131' title='bbox 2717 367 2977 439; x_wconf 86' lang='lat' dir='ltr'><strong>quidquid</strong></span> <span class='ocrx_word' id='word_1_132' title='bbox 3046 367 3115 423; x_wconf 90' lang='lat' dir='ltr'><strong>de</strong></span> <span class='ocrx_word' id='word_1_133' title='bbox 3165 368 3357 423; x_wconf 90' lang='lat' dir='ltr'><strong>eadem</strong></span> <span class='ocrx_word' id='word_1_134' title='bbox 3401 369 3529 424; x_wconf 88' lang='lat' dir='ltr'><strong>villa</strong></span> <span class='ocrx_word' id='word_1_135' title='bbox 3572 371 3660 426; x_wconf 88' lang='lat' dir='ltr'><strong>vel</strong></span> 
     </span>
    </p>
   </div>
   <div class='ocr_carea' id='block_1_20' title="bbox 2063 452 3660 524">
    <p class='ocr_par' dir='ltr' id='par_1_20' title="bbox 2063 452 3660 524">
     <span class='ocr_line' id='line_1_20' title="bbox 2063 452 3660 524; baseline 0.004 -19"><span class='ocrx_word' id='word_1_136' title='bbox 2063 452 2291 507; x_wconf 85' lang='lat' dir='ltr'><strong>ecclesia</strong></span> <span class='ocrx_word' id='word_1_137' title='bbox 2321 454 2615 523; x_wconf 85' lang='lat' dir='ltr'><strong>pertineret</strong></span> <span class='ocrx_word' id='word_1_138' title='bbox 2645 454 2711 508; x_wconf 84' lang='lat' dir='ltr'><strong>ad</strong></span> <span class='ocrx_word' id='word_1_139' title='bbox 2743 455 3058 524; x_wconf 88' lang='lat' dir='ltr'><strong>episcopale</strong></span> <span class='ocrx_word' id='word_1_140' title='bbox 3088 454 3346 522; x_wconf 81' lang='lat' dir='ltr'><strong>officium,</strong></span> <span class='ocrx_word' id='word_1_141' title='bbox 3365 457 3480 512; x_wconf 86' lang='lat' dir='ltr'><strong>sive</strong></span> <span class='ocrx_word' id='word_1_142' title='bbox 3512 457 3660 512; x_wconf 89' lang='lat' dir='ltr'><strong>dedi-</strong></span> 
     </span>
    </p>
   </div>
   <div class='ocr_carea' id='block_1_21' title="bbox 2064 540 3661 612">
    <p class='ocr_par' dir='ltr' id='par_1_21' title="bbox 2064 540 3661 612">
     <span class='ocr_line' id='line_1_21' title="bbox 2064 540 3661 612; baseline 0.002 -17"><span class='ocrx_word' id='word_1_143' title='bbox 2064 541 2225 608; x_wconf 87' lang='lat' dir='ltr'><strong>catio,</strong></span> <span class='ocrx_word' id='word_1_144' title='bbox 2254 541 2369 596; x_wconf 72' lang='lat' dir='ltr'><strong>sive</strong></span> <span class='ocrx_word' id='word_1_145' title='bbox 2398 540 2606 612; x_wconf 91' lang='lat' dir='ltr'><strong>aliquid</strong></span> <span class='ocrx_word' id='word_1_146' title='bbox 2638 542 2802 597; x_wconf 90' lang='lat' dir='ltr'><strong>aliud.</strong></span> <span class='ocrx_word' id='word_1_147' title='bbox 2834 543 3020 598; x_wconf 79' lang='lat' dir='ltr'><strong>Adhuc</strong></span> <span class='ocrx_word' id='word_1_148' title='bbox 3070 544 3257 598; x_wconf 88' lang='lat' dir='ltr'><strong>vivunt</strong></span> <span class='ocrx_word' id='word_1_149' title='bbox 3286 545 3661 600; x_wconf 89' lang='lat' dir='ltr'><strong>innumerabi-</strong></span> 
     </span>
    </p>
   </div>
   <div class='ocr_carea' id='block_1_22' title="bbox 2065 630 3658 700">
    <p class='ocr_par' dir='ltr' id='par_1_22' title="bbox 2065 630 3658 700">
     <span class='ocr_line' id='line_1_22' title="bbox 2065 630 3658 700; baseline 0.003 -18"><span class='ocrx_word' id='word_1_150' title='bbox 2065 630 2142 684; x_wconf 90' lang='lat' dir='ltr'><strong>les</strong></span> <span class='ocrx_word' id='word_1_151' title='bbox 2171 630 2421 684; x_wconf 88' lang='lat' dir='ltr'><strong>homines</strong></span> <span class='ocrx_word' id='word_1_152' title='bbox 2450 633 2527 700; x_wconf 86' lang='lat'><strong>(6)</strong></span> <span class='ocrx_word' id='word_1_153' title='bbox 2558 631 2648 699; x_wconf 90' lang='lat' dir='ltr'><strong>qui</strong></span> <span class='ocrx_word' id='word_1_154' title='bbox 2694 630 2945 685; x_wconf 90' lang='lat' dir='ltr'><strong>viderunt</strong></span> <span class='ocrx_word' id='word_1_155' title='bbox 2990 637 3397 687; x_wconf 88' lang='lat' dir='ltr'><strong>antecessorem</strong></span> <span class='ocrx_word' id='word_1_156' title='bbox 3455 649 3658 700; x_wconf 88' lang='lat' dir='ltr'><strong>meum,</strong></span> 
     </span>
    </p>
   </div>
   <div class='ocr_carea' id='block_1_23' title="bbox 2066 716 3662 792">
    <p class='ocr_par' dir='ltr' id='par_1_23' title="bbox 2066 716 3662 792">
     <span class='ocr_line' id='line_1_23' title="bbox 2066 716 3662 792; baseline 0.003 -21"><span class='ocrx_word' id='word_1_157' title='bbox 2066 716 2397 772; x_wconf 84' lang='lat' dir='ltr'><strong>venerabilis</strong></span> <span class='ocrx_word' id='word_1_158' title='bbox 2453 718 2733 774; x_wconf 75' lang='lat' dir='ltr'><strong>memoriae</strong></span> <span class='ocrx_word' id='word_1_159' title='bbox 2787 719 3158 775; x_wconf 88' lang='lat' dir='ltr'><strong>Lanfrancum</strong></span> <span class='ocrx_word' id='word_1_160' title='bbox 3188 721 3662 792; x_wconf 85' lang='lat' dir='ltr'><strong>archiepiscopum</strong></span> 
     </span>
    </p>
   </div>
   <div class='ocr_carea' id='block_1_24' title="bbox 2064 804 3656 866">
    <p class='ocr_par' dir='ltr' id='par_1_24' title="bbox 2064 804 3656 866">
     <span class='ocr_line' id='line_1_24' title="bbox 2064 804 3656 866; baseline 0.005 -9"><span class='ocrx_word' id='word_1_161' title='bbox 2064 804 2318 860; x_wconf 85' lang='lat' dir='ltr'><strong>dedicare</strong></span> <span class='ocrx_word' id='word_1_162' title='bbox 2347 806 2603 861; x_wconf 86' lang='lat' dir='ltr'><strong>ecclesias</strong></span> <span class='ocrx_word' id='word_1_163' title='bbox 2635 807 2884 862; x_wconf 86' lang='lat' dir='ltr'><strong>villarum</strong></span> <span class='ocrx_word' id='word_1_164' title='bbox 2930 824 3149 863; x_wconf 89' lang='lat' dir='ltr'><strong>suarum</strong></span> <span class='ocrx_word' id='word_1_165' title='bbox 3195 809 3337 864; x_wconf 90' lang='lat' dir='ltr'><strong>intra</strong></span> <span class='ocrx_word' id='word_1_166' title='bbox 3384 810 3656 866; x_wconf 74' lang='lat' dir='ltr'><strong>dimceses</strong></span> 
     </span>
    </p>
   </div>
   <div class='ocr_carea' id='block_1_25' title="bbox 2066 894 3658 965">
    <p class='ocr_par' dir='ltr' id='par_1_25' title="bbox 2066 894 3658 965">
     <span class='ocr_line' id='line_1_25' title="bbox 2066 894 3658 965; baseline 0.004 -19"><span class='ocrx_word' id='word_1_167' title='bbox 2066 894 2296 947; x_wconf 88' lang='lat' dir='ltr'><strong>aliorum</strong></span> <span class='ocrx_word' id='word_1_168' title='bbox 2331 894 2730 964; x_wconf 85' lang='lat' dir='ltr'><strong>episcoporum,</strong></span> <span class='ocrx_word' id='word_1_169' title='bbox 2758 896 2887 965; x_wconf 92' lang='lat' dir='ltr'><strong>ipsis</strong></span> <span class='ocrx_word' id='word_1_170' title='bbox 2906 897 3204 951; x_wconf 87' lang='lat' dir='ltr'><strong>scientibus</strong></span> <span class='ocrx_word' id='word_1_171' title='bbox 3227 898 3351 952; x_wconf 89' lang='lat' dir='ltr'><strong>sine</strong></span> <span class='ocrx_word' id='word_1_172' title='bbox 3368 897 3658 953; x_wconf 87' lang='lat' dir='ltr'><strong>calumnia.</strong></span> 
     </span>
    </p>
   </div>
   <div class='ocr_carea' id='block_1_26' title="bbox 2065 980 3656 1056">
    <p class='ocr_par' dir='ltr' id='par_1_26' title="bbox 2065 980 3656 1056">
     <span class='ocr_line' id='line_1_26' title="bbox 2065 980 3656 1056; baseline 0.005 -21"><span class='ocrx_word' id='word_1_173' title='bbox 2065 980 2221 1050; x_wconf 88' lang='lat' dir='ltr'><strong>Quod</strong></span> <span class='ocrx_word' id='word_1_174' title='bbox 2252 982 2413 1037; x_wconf 88' lang='lat' dir='ltr'><strong>etiam</strong></span> <span class='ocrx_word' id='word_1_175' title='bbox 2442 991 2661 1038; x_wconf 88' lang='lat' dir='ltr'><strong>sanctus</strong></span> <span class='ocrx_word' id='word_1_176' title='bbox 2701 983 3032 1051; x_wconf 88' lang='lat' dir='ltr'><strong>Dunstanus,</strong></span> <span class='ocrx_word' id='word_1_177' title='bbox 3066 993 3119 1039; x_wconf 91' lang='lat' dir='ltr'><strong>et</strong></span> <span class='ocrx_word' id='word_1_178' title='bbox 3147 986 3236 1040; x_wconf 92' lang='lat' dir='ltr'><strong>alii</strong></span> <span class='ocrx_word' id='word_1_179' title='bbox 3266 988 3656 1056; x_wconf 76' lang='lat' dir='ltr'><strong>praedecesso-</strong></span> 
     </span>
    </p>
   </div>
   <div class='ocr_carea' id='block_1_27' title="bbox 2068 1070 3666 1146">
    <p class='ocr_par' dir='ltr' id='par_1_27' title="bbox 2068 1070 3666 1146">
     <span class='ocr_line' id='line_1_27' title="bbox 2068 1070 3666 1146; baseline 0.004 -23"><span class='ocrx_word' id='word_1_180' title='bbox 2068 1087 2155 1124; x_wconf 92' lang='lat' dir='ltr'><strong>res</strong></span> <span class='ocrx_word' id='word_1_181' title='bbox 2185 1070 2291 1124; x_wconf 85' lang='lat' dir='ltr'><strong>mei</strong></span> <span class='ocrx_word' id='word_1_182' title='bbox 2321 1071 2510 1125; x_wconf 85' lang='lat' dir='ltr'><strong>fecisse</strong></span> <span class='ocrx_word' id='word_1_183' title='bbox 2540 1072 2852 1141; x_wconf 88' lang='lat' dir='ltr'><strong>probantur,</strong></span> <span class='ocrx_word' id='word_1_184' title='bbox 2886 1072 3022 1142; x_wconf 82' lang='lat' dir='ltr'><strong>ipsis</strong></span> <span class='ocrx_word' id='word_1_185' title='bbox 3053 1073 3317 1140; x_wconf 88' lang='lat' dir='ltr'><strong>ecclesiis,</strong></span> <span class='ocrx_word' id='word_1_186' title='bbox 3350 1092 3487 1146; x_wconf 88' lang='lat' dir='ltr'><strong>quas</strong></span> <span class='ocrx_word' id='word_1_187' title='bbox 3516 1075 3666 1129; x_wconf 88' lang='lat' dir='ltr'><strong>dedi-</strong></span> 
     </span>
    </p>
   </div>
   <div class='ocr_carea' id='block_1_28' title="bbox 2067 1159 3666 1235">
    <p class='ocr_par' dir='ltr' id='par_1_28' title="bbox 2067 1159 3666 1235">
     <span class='ocr_line' id='line_1_28' title="bbox 2067 1159 3666 1235; baseline 0.003 -22"><span class='ocrx_word' id='word_1_188' title='bbox 2067 1167 2353 1224; x_wconf 88' lang='lat' dir='ltr'><strong>caverunt,</strong></span> <span class='ocrx_word' id='word_1_189' title='bbox 2385 1159 2564 1214; x_wconf 89' lang='lat' dir='ltr'><strong>adhuc</strong></span> <span class='ocrx_word' id='word_1_190' title='bbox 2593 1160 2875 1214; x_wconf 82' lang='lat' dir='ltr'><strong>stantibus.</strong></span> <span class='ocrx_word' id='word_1_191' title='bbox 2910 1161 3059 1216; x_wconf 86' lang='lat' dir='ltr'><strong>Hanc</strong></span> <span class='ocrx_word' id='word_1_192' title='bbox 3084 1161 3404 1233; x_wconf 85' lang='lat' dir='ltr'><strong>dignitatem</strong></span> <span class='ocrx_word' id='word_1_193' title='bbox 3452 1172 3505 1219; x_wconf 90' lang='lat' dir='ltr'><strong>et</strong></span> <span class='ocrx_word' id='word_1_194' title='bbox 3557 1180 3666 1235; x_wconf 86' lang='lat' dir='ltr'><strong>po-</strong></span> 
     </span>
    </p>
   </div>
   <div class='ocr_carea' id='block_1_29' title="bbox 2067 1248 3664 1307">
    <p class='ocr_par' dir='ltr' id='par_1_29' title="bbox 2067 1248 3664 1307">
     <span class='ocr_line' id='line_1_29' title="bbox 2067 1248 3664 1307; baseline 0.004 -7"><span class='ocrx_word' id='word_1_195' title='bbox 2067 1254 2313 1301; x_wconf 89' lang='lat' dir='ltr'><strong>testatem</strong></span> <span class='ocrx_word' id='word_1_196' title='bbox 2346 1248 2532 1301; x_wconf 86' lang='lat' dir='ltr'><strong>tandiu</strong></span> <span class='ocrx_word' id='word_1_197' title='bbox 2560 1248 2883 1304; x_wconf 90' lang='lat' dir='ltr'><strong>inconcusse</strong></span> <span class='ocrx_word' id='word_1_198' title='bbox 2912 1250 2982 1303; x_wconf 91' lang='lat' dir='ltr'><strong>ab</strong></span> <span class='ocrx_word' id='word_1_199' title='bbox 3014 1250 3249 1305; x_wconf 84' lang='lat' dir='ltr'><strong>Ecclesia</strong></span> <span class='ocrx_word' id='word_1_200' title='bbox 3297 1252 3664 1307; x_wconf 88' lang='lat' dir='ltr'><strong>Cantuariensi</strong></span> 
     </span>
    </p>
   </div>
   <div class='ocr_carea' id='block_1_30' title="bbox 2067 1339 3665 1410">
    <p class='ocr_par' dir='ltr' id='par_1_30' title="bbox 2067 1339 3665 1410">
     <span class='ocr_line' id='line_1_30' title="bbox 2067 1339 3665 1410; baseline 0.004 -22"><span class='ocrx_word' id='word_1_201' title='bbox 2067 1351 2375 1405; x_wconf 80' lang='lat' dir='ltr'><strong>possessam</strong></span> <span class='ocrx_word' id='word_1_202' title='bbox 2414 1345 2642 1392; x_wconf 88' lang='lat' dir='ltr'><strong>conatur</strong></span> <span class='ocrx_word' id='word_1_203' title='bbox 2688 1339 2791 1393; x_wconf 91' lang='lat' dir='ltr'><strong>hoc</strong></span> <span class='ocrx_word' id='word_1_204' title='bbox 2838 1346 3024 1393; x_wconf 89' lang='lat' dir='ltr'><strong>nostro</strong></span> <span class='ocrx_word' id='word_1_205' title='bbox 3073 1346 3321 1409; x_wconf 90' lang='lat' dir='ltr'><strong>tempore</strong></span> <span class='ocrx_word' id='word_1_206' title='bbox 3369 1340 3665 1410; x_wconf 72' lang='lat' dir='ltr'><strong>praedictus</strong></span> 
     </span>
    </p>
   </div>
   <div class='ocr_carea' id='block_1_31' title="bbox 2068 1422 3666 1499">
    <p class='ocr_par' dir='ltr' id='par_1_31' title="bbox 2068 1422 3666 1499">
     <span class='ocr_line' id='line_1_31' title="bbox 2068 1422 3666 1499; baseline 0.003 -20"><span class='ocrx_word' id='word_1_207' title='bbox 2068 1424 2408 1494; x_wconf 86' lang='lat' dir='ltr'><strong>espiscopus,</strong></span> <span class='ocrx_word' id='word_1_208' title='bbox 2456 1422 2827 1497; x_wconf 72' lang='lat' dir='ltr'><strong>suﬁ‘raganeus</strong></span> <span class='ocrx_word' id='word_1_209' title='bbox 2871 1426 3094 1494; x_wconf 87' lang='lat' dir='ltr'><strong>scilicet,</strong></span> <span class='ocrx_word' id='word_1_210' title='bbox 3151 1427 3563 1499; x_wconf 89' lang='lat' dir='ltr'><strong>archiepiscopo</strong></span> <span class='ocrx_word' id='word_1_211' title='bbox 3612 1437 3666 1484; x_wconf 88' lang='lat' dir='ltr'><strong>et</strong></span> 
     </span>
    </p>
   </div>
   <div class='ocr_carea' id='block_1_32' title="bbox 2069 1510 3662 1583">
    <p class='ocr_par' dir='ltr' id='par_1_32' title="bbox 2069 1510 3662 1583">
     <span class='ocr_line' id='line_1_32' title="bbox 2069 1510 3662 1583; baseline 0.004 -18"><span class='ocrx_word' id='word_1_212' title='bbox 2069 1512 2282 1583; x_wconf 89' lang='lat' dir='ltr'><strong>primati</strong></span> <span class='ocrx_word' id='word_1_213' title='bbox 2311 1529 2430 1580; x_wconf 89' lang='lat' dir='ltr'><strong>suo,</strong></span> <span class='ocrx_word' id='word_1_214' title='bbox 2464 1510 2605 1567; x_wconf 85' lang='lat' dir='ltr'><strong>ﬁlius</strong></span> <span class='ocrx_word' id='word_1_215' title='bbox 2634 1514 2796 1568; x_wconf 87' lang='lat' dir='ltr'><strong>matri</strong></span> <span class='ocrx_word' id='word_1_216' title='bbox 2845 1531 2957 1570; x_wconf 73' lang='lat' dir='ltr'><strong>suae</strong></span> <span class='ocrx_word' id='word_1_217' title='bbox 2988 1514 3048 1542; x_wconf 70' lang='grc'><strong>³⁸⁸</strong></span> <span class='ocrx_word' id='word_1_218' title='bbox 3080 1516 3315 1583; x_wconf 85' lang='lat' dir='ltr'><strong>auferre,</strong></span> <span class='ocrx_word' id='word_1_219' title='bbox 3347 1525 3401 1571; x_wconf 86' lang='lat' dir='ltr'><strong>et</strong></span> <span class='ocrx_word' id='word_1_220' title='bbox 3441 1517 3662 1571; x_wconf 88' lang='lat' dir='ltr'><strong>annihi-</strong></span> 
     </span>
    </p>
   </div>
   <div class='ocr_carea' id='block_1_33' title="bbox 2070 1599 3663 1677">
    <p class='ocr_par' dir='ltr' id='par_1_33' title="bbox 2070 1599 3663 1677">
     <span class='ocr_line' id='line_1_33' title="bbox 2070 1599 3663 1677; baseline 0.004 -23"><span class='ocrx_word' id='word_1_221' title='bbox 2070 1600 2199 1655; x_wconf 83' lang='lat' dir='ltr'><strong>lare.</strong></span> <span class='ocrx_word' id='word_1_222' title='bbox 2233 1599 2603 1669; x_wconf 87' lang='lat' dir='ltr'><strong>Quamobrem</strong></span> <span class='ocrx_word' id='word_1_223' title='bbox 2633 1602 2688 1657; x_wconf 92' lang='lat' dir='ltr'><strong>in</strong></span> <span class='ocrx_word' id='word_1_224' title='bbox 2719 1603 2820 1659; x_wconf 88' lang='lat' dir='ltr'><strong>hac</strong></span> <span class='ocrx_word' id='word_1_225' title='bbox 2848 1619 2910 1659; x_wconf 92' lang='lat' dir='ltr'><strong>re</strong></span> <span class='ocrx_word' id='word_1_226' title='bbox 2938 1612 3177 1661; x_wconf 89' lang='lat' dir='ltr'><strong>vestrum</strong></span> <span class='ocrx_word' id='word_1_227' title='bbox 3206 1613 3332 1677; x_wconf 91' lang='lat' dir='ltr'><strong>peto</strong></span> <span class='ocrx_word' id='word_1_228' title='bbox 3381 1605 3663 1662; x_wconf 88' lang='lat' dir='ltr'><strong>consilium</strong></span> 
     </span>
    </p>
   </div>
   <div class='ocr_carea' id='block_1_34' title="bbox 1672 1697 2351 1755">
    <p class='ocr_par' dir='ltr' id='par_1_34' title="bbox 1672 1697 2351 1755">
     <span class='ocr_line' id='line_1_34' title="bbox 1672 1697 2351 1755; baseline 0.001 -3"><span class='ocrx_word' id='word_1_229' title='bbox 1672 1698 1903 1753; x_wconf 63' lang='lat' dir='ltr'><strong>VARIZE</strong></span> <span class='ocrx_word' id='word_1_230' title='bbox 1942 1697 2243 1754; x_wconf 85' lang='lat' dir='ltr'><strong>LECTION</strong></span> <span class='ocrx_word' id='word_1_231' title='bbox 2250 1699 2351 1755; x_wconf 90' lang='lat' dir='ltr'><strong>ES.</strong></span> 
     </span>
    </p>
   </div>
   <div class='ocr_carea' id='block_1_35' title="bbox 1495 1837 2372 1896">
    <p class='ocr_par' dir='ltr' id='par_1_35' title="bbox 1495 1837 2372 1896">
     <span class='ocr_line' id='line_1_35' title="bbox 1495 1837 2372 1896; baseline 0.003 -4"><span class='ocrx_word' id='word_1_232' title='bbox 1495 1837 1789 1895; x_wconf 83' lang='lat' dir='ltr'><strong>JOANNIS</strong></span> <span class='ocrx_word' id='word_1_233' title='bbox 1829 1839 2108 1895; x_wconf 78' lang='lat' dir='ltr'><strong>PICARDI</strong></span> <span class='ocrx_word' id='word_1_234' title='bbox 2144 1839 2372 1896; x_wconf 72' lang='lat' dir='ltr'><strong>NOTAE.</strong></span> 
     </span>
    </p>
   </div>
   <div class='ocr_carea' id='block_1_36' title="bbox 359 1935 3668 2007">
    <p class='ocr_par' dir='ltr' id='par_1_36' title="bbox 359 1935 3668 2007">
     <span class='ocr_line' id='line_1_36' title="bbox 359 1935 3668 2007; baseline 0.001 -14"><span class='ocrx_word' id='word_1_235' title='bbox 359 1935 668 1994; x_wconf 86' lang='lat' dir='ltr'><strong>arctissime</strong></span> <span class='ocrx_word' id='word_1_236' title='bbox 695 1935 901 1991; x_wconf 91' lang='lat' dir='ltr'><strong>bonum</strong></span> <span class='ocrx_word' id='word_1_237' title='bbox 931 1938 1192 2007; x_wconf 77' lang='lat' dir='ltr'><strong>angelum</strong></span> <span class='ocrx_word' id='word_1_238' title='bbox 1222 1936 1617 2007; x_wconf 71' lang='lat' dir='ltr'><strong>constringere.</strong></span> <span class='ocrx_word' id='word_1_239' title='bbox 1653 1936 1733 1991; x_wconf 81' lang='lat' dir='ltr'><strong>Ad</strong></span> <span class='ocrx_word' id='word_1_240' title='bbox 1769 1936 1974 1990; x_wconf 87' lang='lat' dir='ltr'><strong>Vulsta-</strong></span> <span class='ocrx_word' id='word_1_241' title='bbox 1998 1938 2051 1997; x_wconf 88' lang='grc' dir='ltr'>Β</span> <span class='ocrx_word' id='word_1_242' title='bbox 2074 1938 2342 2007; x_wconf 88' lang='lat' dir='ltr'><strong>poderem</strong></span> <span class='ocrx_word' id='word_1_243' title='bbox 2377 1938 2666 1995; x_wconf 90' lang='lat' dir='ltr'><strong>reinduens</strong></span> <span class='ocrx_word' id='word_1_244' title='bbox 2705 1940 3010 1996; x_wconf 91' lang='lat' dir='ltr'><strong>sacerdotio</strong></span> <span class='ocrx_word' id='word_1_245' title='bbox 3054 1941 3123 1996; x_wconf 90' lang='lat' dir='ltr'><strong>ab</strong></span> <span class='ocrx_word' id='word_1_246' title='bbox 3167 1941 3422 1997; x_wconf 86' lang='lat' dir='ltr'><strong>Eduardo</strong></span> <span class='ocrx_word' id='word_1_247' title='bbox 3468 1941 3668 1998; x_wconf 90' lang='lat' dir='ltr'><strong>collata</strong></span> 
     </span>
    </p>
   </div>
   <div class='ocr_carea' id='block_1_37' title="bbox 427 1767 1322 1825">
    <p class='ocr_par' dir='ltr' id='par_1_37' title="bbox 427 1767 1322 1825">
     <span class='ocr_line' id='line_1_37' title="bbox 427 1767 1322 1825; baseline -0.003 -1"><span class='ocrx_word' id='word_1_248' title='bbox 427 1768 681 1824; x_wconf 75' lang='lat' dir='ltr'><strong>1“Matris</strong></span> <span class='ocrx_word' id='word_1_249' title='bbox 712 1785 828 1824; x_wconf 61' lang='lat' dir='ltr'><strong>suae</strong></span> <span class='ocrx_word' id='word_1_250' title='bbox 855 1785 964 1824; x_wconf 72' lang='lat' dir='ltr'><strong>ms.</strong></span> <span class='ocrx_word' id='word_1_251' title='bbox 998 1767 1156 1825; x_wconf 88' lang='lat' dir='ltr'><strong>matri</strong></span> <span class='ocrx_word' id='word_1_252' title='bbox 1187 1784 1322 1823; x_wconf 80' lang='lat' dir='ltr'><strong>suae.</strong></span> 
     </span>
    </p>
   </div>
   <div class='ocr_carea' id='block_1_38' title="bbox 363 2008 1967 2077">
    <p class='ocr_par' dir='ltr' id='par_1_38' title="bbox 363 2008 1967 2077">
     <span class='ocr_line' id='line_1_38' title="bbox 363 2008 1967 2077; baseline -0.001 -13"><span class='ocrx_word' id='word_1_253' title='bbox 363 2026 498 2064; x_wconf 90' lang='lat' dir='ltr'><strong>num</strong></span> <span class='ocrx_word' id='word_1_254' title='bbox 528 2009 746 2072; x_wconf 83' lang='lat' dir='ltr'><strong>festino,</strong></span> <span class='ocrx_word' id='word_1_255' title='bbox 794 2008 956 2077; x_wconf 87' lang='lat' dir='ltr'><strong>cujus</strong></span> <span class='ocrx_word' id='word_1_256' title='bbox 1002 2018 1323 2077; x_wconf 73' lang='lat' dir='ltr'><strong>praeclarum</strong></span> <span class='ocrx_word' id='word_1_257' title='bbox 1356 2008 1579 2073; x_wconf 87' lang='lat' dir='ltr'><strong>facinus,</strong></span> <span class='ocrx_word' id='word_1_258' title='bbox 1600 2008 1701 2062; x_wconf 88' lang='lat' dir='ltr'><strong>etsi</strong></span> <span class='ocrx_word' id='word_1_259' title='bbox 1724 2022 1846 2062; x_wconf 86' lang='lat' dir='ltr'><strong>meo</strong></span> <span class='ocrx_word' id='word_1_260' title='bbox 1869 2023 1967 2063; x_wconf 89' lang='lat' dir='ltr'><strong>nec</strong></span> 
     </span>
    </p>
   </div>
   <div class='ocr_carea' id='block_1_39' title="bbox 362 2078 1966 2152">
    <p class='ocr_par' dir='ltr' id='par_1_39' title="bbox 362 2078 1966 2152">
     <span class='ocr_line' id='line_1_39' title="bbox 362 2078 1966 2152; baseline -0.002 -17"><span class='ocrx_word' id='word_1_261' title='bbox 362 2080 641 2152; x_wconf 73' lang='lat' dir='ltr'><strong>praeconio</strong></span> <span class='ocrx_word' id='word_1_262' title='bbox 695 2095 796 2132; x_wconf 90' lang='lat' dir='ltr'><strong>nec</strong></span> <span class='ocrx_word' id='word_1_263' title='bbox 828 2081 1142 2149; x_wconf 88' lang='lat' dir='ltr'><strong>patrocinio</strong></span> <span class='ocrx_word' id='word_1_264' title='bbox 1201 2079 1476 2151; x_wconf 77' lang='lat' dir='ltr'><strong>indigeat;</strong></span> <span class='ocrx_word' id='word_1_265' title='bbox 1509 2080 1703 2133; x_wconf 86' lang='lat' dir='ltr'><strong>saltem</strong></span> <span class='ocrx_word' id='word_1_266' title='bbox 1755 2078 1966 2152; x_wconf 71' lang='lat' dir='ltr'><strong>illatam</strong></span> 
     </span>
    </p>
   </div>
   <div class='ocr_carea' id='block_1_40' title="bbox 365 2149 1969 2221">
    <p class='ocr_par' dir='ltr' id='par_1_40' title="bbox 365 2149 1969 2221">
     <span class='ocr_line' id='line_1_40' title="bbox 365 2149 1969 2221; baseline -0.001 -15"><span class='ocrx_word' id='word_1_267' title='bbox 365 2149 603 2206; x_wconf 85' lang='lat' dir='ltr'><strong>breviter</strong></span> <span class='ocrx_word' id='word_1_268' title='bbox 645 2156 976 2218; x_wconf 87' lang='lat' dir='ltr'><strong>retorquebo</strong></span> <span class='ocrx_word' id='word_1_269' title='bbox 1040 2149 1394 2215; x_wconf 79' lang='lat' dir='ltr'><strong>calumniam,</strong></span> <span class='ocrx_word' id='word_1_270' title='bbox 1446 2166 1476 2204; x_wconf 89' lang='lat' dir='ltr'><strong>a</strong></span> <span class='ocrx_word' id='word_1_271' title='bbox 1530 2165 1640 2221; x_wconf 92' lang='lat' dir='ltr'><strong>qua</strong></span> <span class='ocrx_word' id='word_1_272' title='bbox 1685 2149 1969 2221; x_wconf 87' lang='lat' dir='ltr'><strong>inferenda</strong></span> 
     </span>
    </p>
   </div>
   <div class='ocr_carea' id='block_1_41' title="bbox 362 2220 1964 2293">
    <p class='ocr_par' dir='ltr' id='par_1_41' title="bbox 362 2220 1964 2293">
     <span class='ocr_line' id='line_1_41' title="bbox 362 2220 1964 2293; baseline -0.002 -16"><span class='ocrx_word' id='word_1_273' title='bbox 362 2238 475 2277; x_wconf 91' lang='lat' dir='ltr'><strong>non</strong></span> <span class='ocrx_word' id='word_1_274' title='bbox 512 2222 671 2293; x_wconf 86' lang='lat' dir='ltr'><strong>potui</strong></span> <span class='ocrx_word' id='word_1_275' title='bbox 709 2222 1033 2293; x_wconf 79' lang='lat' dir='ltr'><strong>sacrilegam</strong></span> <span class='ocrx_word' id='word_1_276' title='bbox 1083 2223 1338 2277; x_wconf 77' lang='lat' dir='ltr'><strong>haeretico</strong></span> <span class='ocrx_word' id='word_1_277' title='bbox 1390 2220 1606 2275; x_wconf 84' lang='lat' dir='ltr'><strong>manum</strong></span> <span class='ocrx_word' id='word_1_278' title='bbox 1655 2220 1964 2293; x_wconf 75' lang='lat' dir='ltr'><strong>prohibere.</strong></span> 
     </span>
    </p>
   </div>
   <div class='ocr_carea' id='block_1_42' title="bbox 370 2291 1966 2373">
    <p class='ocr_par' dir='ltr' id='par_1_42' title="bbox 370 2291 1966 2373">
     <span class='ocr_line' id='line_1_42' title="bbox 370 2291 1966 2373; baseline -0.001 -26"><span class='ocrx_word' id='word_1_279' title='bbox 370 2296 435 2373; x_wconf 76' lang='lat' dir='ltr'><strong>ln</strong></span> <span class='ocrx_word' id='word_1_280' title='bbox 465 2291 570 2373; x_wconf 63' lang='lat' dir='ltr'><strong>hoc</strong></span> <span class='ocrx_word' id='word_1_281' title='bbox 601 2291 980 2373; x_wconf 69' lang='lat' dir='ltr'><strong>igiturdiviuo</strong></span> <span class='ocrx_word' id='word_1_282' title='bbox 1009 2292 1336 2373; x_wconf 65' lang='lat' dir='ltr'><strong>caelestique</strong></span> <span class='ocrx_word' id='word_1_283' title='bbox 1375 2307 1543 2362; x_wconf 85' lang='lat' dir='ltr'><strong>opere</strong></span> <span class='ocrx_word' id='word_1_284' title='bbox 1589 2292 1715 2373; x_wconf 71' lang='lat' dir='ltr'><strong>quid</strong></span> <span class='ocrx_word' id='word_1_285' title='bbox 1765 2291 1966 2362; x_wconf 82' lang='lat' dir='ltr'><strong>depre-</strong></span> 
     </span>
    </p>
   </div>
   <div class='ocr_carea' id='block_1_43' title="bbox 373 2361 1970 2433">
    <p class='ocr_par' dir='ltr' id='par_1_43' title="bbox 373 2361 1970 2433">
     <span class='ocr_line' id='line_1_43' title="bbox 373 2361 1970 2433; baseline -0.002 -15"><span class='ocrx_word' id='word_1_286' title='bbox 373 2363 540 2418; x_wconf 90' lang='lat' dir='ltr'><strong>hendi</strong></span> <span class='ocrx_word' id='word_1_287' title='bbox 569 2361 660 2417; x_wconf 80' lang='lat' dir='ltr'><strong>aut</strong></span> <span class='ocrx_word' id='word_1_288' title='bbox 688 2361 867 2417; x_wconf 91' lang='lat' dir='ltr'><strong>delirii</strong></span> <span class='ocrx_word' id='word_1_289' title='bbox 894 2374 987 2417; x_wconf 87' lang='lat' dir='ltr'><strong>aut</strong></span> <span class='ocrx_word' id='word_1_290' title='bbox 1015 2361 1278 2432; x_wconf 72' lang='lat' dir='ltr'><strong>prestigii,</strong></span> <span class='ocrx_word' id='word_1_291' title='bbox 1310 2361 1497 2417; x_wconf 82' lang='lat' dir='ltr'><strong>forsan</strong></span> <span class='ocrx_word' id='word_1_292' title='bbox 1542 2362 1694 2433; x_wconf 85' lang='lat' dir='ltr'><strong>quod</strong></span> <span class='ocrx_word' id='word_1_293' title='bbox 1729 2361 1970 2417; x_wconf 88' lang='lat' dir='ltr'><strong>marmor</strong></span> 
     </span>
    </p>
   </div>
   <div class='ocr_carea' id='block_1_44' title="bbox 373 2431 1970 2503">
    <p class='ocr_par' dir='ltr' id='par_1_44' title="bbox 373 2431 1970 2503">
     <span class='ocr_line' id='line_1_44' title="bbox 373 2431 1970 2503; baseline -0.001 -14"><span class='ocrx_word' id='word_1_294' title='bbox 373 2435 567 2489; x_wconf 72' lang='lat' dir='ltr'><strong>eodem</strong></span> <span class='ocrx_word' id='word_1_295' title='bbox 601 2450 741 2503; x_wconf 87' lang='lat' dir='ltr'><strong>pene</strong></span> <span class='ocrx_word' id='word_1_296' title='bbox 770 2431 1026 2502; x_wconf 82' lang='lat' dir='ltr'><strong>tempore</strong></span> <span class='ocrx_word' id='word_1_297' title='bbox 1043 2442 1095 2487; x_wconf 90' lang='lat' dir='ltr'><strong>et</strong></span> <span class='ocrx_word' id='word_1_298' title='bbox 1125 2431 1289 2488; x_wconf 81' lang='lat' dir='ltr'><strong>melle</strong></span> <span class='ocrx_word' id='word_1_299' title='bbox 1338 2442 1390 2489; x_wconf 89' lang='lat' dir='ltr'><strong>et</strong></span> <span class='ocrx_word' id='word_1_300' title='bbox 1433 2431 1630 2487; x_wconf 82' lang='lat' dir='ltr'><strong>durum</strong></span> <span class='ocrx_word' id='word_1_301' title='bbox 1674 2431 1856 2487; x_wconf 87' lang='lat' dir='ltr'><strong>fuerit.</strong></span> <span class='ocrx_word' id='word_1_302' title='bbox 1895 2436 1970 2487; x_wconf 81' lang='lat' dir='ltr'><strong>At</strong></span> 
     </span>
    </p>
   </div>
   <div class='ocr_carea' id='block_1_45' title="bbox 368 2504 1969 2575">
    <p class='ocr_par' dir='ltr' id='par_1_45' title="bbox 368 2504 1969 2575">
     <span class='ocr_line' id='line_1_45' title="bbox 368 2504 1969 2575; baseline -0.001 -16"><span class='ocrx_word' id='word_1_303' title='bbox 368 2505 515 2575; x_wconf 90' lang='lat' dir='ltr'><strong>quis,</strong></span> <span class='ocrx_word' id='word_1_304' title='bbox 549 2504 653 2558; x_wconf 88' lang='lat' dir='ltr'><strong>nisi</strong></span> <span class='ocrx_word' id='word_1_305' title='bbox 683 2504 993 2559; x_wconf 90' lang='lat' dir='ltr'><strong>divinarum</strong></span> <span class='ocrx_word' id='word_1_306' title='bbox 1036 2505 1336 2558; x_wconf 88' lang='lat' dir='ltr'><strong>litterarum</strong></span> <span class='ocrx_word' id='word_1_307' title='bbox 1386 2519 1604 2573; x_wconf 83' lang='lat' dir='ltr'><strong>expers,</strong></span> <span class='ocrx_word' id='word_1_308' title='bbox 1638 2519 1743 2558; x_wconf 91' lang='lat' dir='ltr'><strong>non</strong></span> <span class='ocrx_word' id='word_1_309' title='bbox 1788 2504 1969 2558; x_wconf 88' lang='lat' dir='ltr'><strong>videat</strong></span> 
     </span>
    </p>
   </div>
   <div class='ocr_carea' id='block_1_46' title="bbox 370 2575 1966 2631">
    <p class='ocr_par' dir='ltr' id='par_1_46' title="bbox 370 2575 1966 2631">
     <span class='ocr_line' id='line_1_46' title="bbox 370 2575 1966 2631; baseline -0.003 0"><span class='ocrx_word' id='word_1_310' title='bbox 370 2592 497 2631; x_wconf 89' lang='lat' dir='ltr'><strong>esse</strong></span> <span class='ocrx_word' id='word_1_311' title='bbox 527 2576 695 2631; x_wconf 88' lang='lat' dir='ltr'><strong>sacris</strong></span> <span class='ocrx_word' id='word_1_312' title='bbox 714 2575 956 2629; x_wconf 88' lang='lat' dir='ltr'><strong>historiis</strong></span> <span class='ocrx_word' id='word_1_313' title='bbox 974 2575 1305 2629; x_wconf 88' lang='lat' dir='ltr'><strong>simillimum</strong></span> <span class='ocrx_word' id='word_1_314' title='bbox 1321 2576 1348 2628; x_wconf 84' lang='lat'><strong>?</strong></span> <span class='ocrx_word' id='word_1_315' title='bbox 1370 2575 1539 2628; x_wconf 83' lang='lat' dir='ltr'><strong>Exodi</strong></span> <span class='ocrx_word' id='word_1_316' title='bbox 1558 2592 1606 2628; x_wconf 83' lang='lat' dir='ltr'><strong>ix</strong></span> <span class='ocrx_word' id='word_1_317' title='bbox 1626 2590 1966 2629; x_wconf 90' lang='lat' dir='ltr'><strong>enumeran-</strong></span> 
     </span>
    </p>
   </div>
   <div class='ocr_carea' id='block_1_47' title="bbox 370 2645 1971 2727">
    <p class='ocr_par' dir='ltr' id='par_1_47' title="bbox 370 2645 1971 2727">
     <span class='ocr_line' id='line_1_47' title="bbox 370 2645 1971 2727; baseline -0.001 -26"><span class='ocrx_word' id='word_1_318' title='bbox 370 2656 461 2727; x_wconf 58' lang='lat' dir='ltr'><strong>tur</strong></span> <span class='ocrx_word' id='word_1_319' title='bbox 489 2646 693 2718; x_wconf 85' lang='lat' dir='ltr'><strong>aliquot</strong></span> <span class='ocrx_word' id='word_1_320' title='bbox 733 2647 931 2727; x_wconf 68' lang='lat' dir='ltr'><strong>plagae,</strong></span> <span class='ocrx_word' id='word_1_321' title='bbox 962 2646 1155 2727; x_wconf 66' lang='lat' dir='ltr'><strong>quibus</strong></span> <span class='ocrx_word' id='word_1_322' title='bbox 1199 2645 1663 2727; x_wconf 34' lang='lat' dir='ltr'><strong>ultiopumJDeus.</strong></span> <span class='ocrx_word' id='word_1_323' title='bbox 1703 2646 1971 2727; x_wconf 72' lang='lat' dir='ltr'><strong>percussit</strong></span> 
     </span>
    </p>
   </div>
   <div class='ocr_carea' id='block_1_48' title="bbox 368 2716 1969 2788">
    <p class='ocr_par' dir='ltr' id='par_1_48' title="bbox 368 2716 1969 2788">
     <span class='ocr_line' id='line_1_48' title="bbox 368 2716 1969 2788; baseline -0.002 -15"><span class='ocrx_word' id='word_1_324' title='bbox 368 2716 661 2788; x_wconf 74' lang='lat' dir='ltr'><strong>Egyptum</strong></span> <span class='ocrx_word' id='word_1_325' title='bbox 688 2736 703 2782; x_wconf 85' lang='lat'><strong>;</strong></span> <span class='ocrx_word' id='word_1_326' title='bbox 737 2716 801 2770; x_wconf 89' lang='lat' dir='ltr'><strong>iis</strong></span> <span class='ocrx_word' id='word_1_327' title='bbox 831 2716 1006 2771; x_wconf 79' lang='lat' dir='ltr'><strong>tamen</strong></span> <span class='ocrx_word' id='word_1_328' title='bbox 1031 2718 1246 2788; x_wconf 11' lang='lat' dir='ltr'><strong>,Gessen</strong></span> <span class='ocrx_word' id='word_1_329' title='bbox 1284 2716 1500 2787; x_wconf 70' lang='lat' dir='ltr'><strong>Egypti</strong></span> <span class='ocrx_word' id='word_1_330' title='bbox 1546 2716 1702 2787; x_wconf 82' lang='lat' dir='ltr'><strong>regio</strong></span> <span class='ocrx_word' id='word_1_331' title='bbox 1733 2716 1833 2770; x_wconf 89' lang='lat' dir='ltr'><strong>fuit</strong></span> <span class='ocrx_word' id='word_1_332' title='bbox 1860 2716 1969 2769; x_wconf 91' lang='lat' dir='ltr'><strong>im—</strong></span> 
     </span>
    </p>
   </div>
   <div class='ocr_carea' id='block_1_49' title="bbox 363 2787 1970 2860">
    <p class='ocr_par' dir='ltr' id='par_1_49' title="bbox 363 2787 1970 2860">
     <span class='ocr_line' id='line_1_49' title="bbox 363 2787 1970 2860; baseline 0 -18"><span class='ocrx_word' id='word_1_333' title='bbox 363 2787 575 2842; x_wconf 86' lang='lat' dir='ltr'><strong>munis.</strong></span> <span class='ocrx_word' id='word_1_334' title='bbox 616 2788 681 2842; x_wconf 82' lang='lat' dir='ltr'><strong>IV</strong></span> <span class='ocrx_word' id='word_1_335' title='bbox 716 2789 851 2860; x_wconf 72' lang='lat' dir='ltr'><strong>Reg.</strong></span> <span class='ocrx_word' id='word_1_336' title='bbox 884 2804 955 2848; x_wconf 77' lang='lat' dir='ltr'><strong>v1.</strong></span> <span class='ocrx_word' id='word_1_337' title='bbox 988 2787 1130 2842; x_wconf 90' lang='lat' dir='ltr'><strong>idem</strong></span> <span class='ocrx_word' id='word_1_338' title='bbox 1163 2788 1366 2860; x_wconf 81' lang='lat' dir='ltr'><strong>ferrum</strong></span> <span class='ocrx_word' id='word_1_339' title='bbox 1385 2787 1577 2860; x_wconf 85' lang='lat' dir='ltr'><strong>eodem</strong></span> <span class='ocrx_word' id='word_1_340' title='bbox 1598 2803 1736 2860; x_wconf 79' lang='lat' dir='ltr'><strong>pene</strong></span> <span class='ocrx_word' id='word_1_341' title='bbox 1764 2795 1970 2858; x_wconf 88' lang='lat' dir='ltr'><strong>tempo-</strong></span> 
     </span>
    </p>
   </div>
   <div class='ocr_carea' id='block_1_50' title="bbox 367 2858 1972 2931">
    <p class='ocr_par' dir='ltr' id='par_1_50' title="bbox 367 2858 1972 2931">
     <span class='ocr_line' id='line_1_50' title="bbox 367 2858 1972 2931; baseline -0.001 -17"><span class='ocrx_word' id='word_1_342' title='bbox 367 2861 449 2914; x_wconf 84' lang='lat' dir='ltr'><strong>ris</strong></span> <span class='ocrx_word' id='word_1_343' title='bbox 476 2868 752 2914; x_wconf 86' lang='lat' dir='ltr'><strong>momento</strong></span> <span class='ocrx_word' id='word_1_344' title='bbox 783 2858 882 2912; x_wconf 83' lang='lat' dir='ltr'><strong>fuit</strong></span> <span class='ocrx_word' id='word_1_345' title='bbox 907 2875 1071 2931; x_wconf 79' lang='lat' dir='ltr'><strong>grave</strong></span> <span class='ocrx_word' id='word_1_346' title='bbox 1102 2866 1157 2913; x_wconf 89' lang='lat' dir='ltr'><strong>ut</strong></span> <span class='ocrx_word' id='word_1_347' title='bbox 1189 2859 1407 2931; x_wconf 84' lang='lat' dir='ltr'><strong>caderet</strong></span> <span class='ocrx_word' id='word_1_348' title='bbox 1437 2859 1490 2912; x_wconf 92' lang='lat' dir='ltr'><strong>in</strong></span> <span class='ocrx_word' id='word_1_349' title='bbox 1524 2858 1758 2931; x_wconf 78' lang='lat' dir='ltr'><strong>fundum</strong></span> <span class='ocrx_word' id='word_1_350' title='bbox 1779 2875 1972 2931; x_wconf 65' lang='lat' dir='ltr'><strong>aqua};</strong></span> 
     </span>
    </p>
   </div>
   <div class='ocr_carea' id='block_1_51' title="bbox 366 2929 1968 2995">
    <p class='ocr_par' dir='ltr' id='par_1_51' title="bbox 366 2929 1968 2995">
     <span class='ocr_line' id='line_1_51' title="bbox 366 2929 1968 2995; baseline -0.002 -10"><span class='ocrx_word' id='word_1_351' title='bbox 366 2932 509 2995; x_wconf 88' lang='lat' dir='ltr'><strong>leve,</strong></span> <span class='ocrx_word' id='word_1_352' title='bbox 542 2941 600 2984; x_wconf 89' lang='lat' dir='ltr'><strong>ut</strong></span> <span class='ocrx_word' id='word_1_353' title='bbox 655 2937 882 2984; x_wconf 86' lang='lat' dir='ltr'><strong>enatans</strong></span> <span class='ocrx_word' id='word_1_354' title='bbox 916 2929 1154 2983; x_wconf 47' lang='lat' dir='ltr'><strong>&#39;sursum</strong></span> <span class='ocrx_word' id='word_1_355' title='bbox 1211 2929 1558 2983; x_wconf 84' lang='lat' dir='ltr'><strong>ascenderet.</strong></span> <span class='ocrx_word' id='word_1_356' title='bbox 1628 2929 1819 2983; x_wconf 88' lang='lat' dir='ltr'><strong>Daniel</strong></span> <span class='ocrx_word' id='word_1_357' title='bbox 1879 2945 1968 2995; x_wconf 79' lang='grc' dir='ltr'><strong>ιιι,</strong></span> 
     </span>
    </p>
   </div>
   <div class='ocr_carea' id='block_1_52' title="bbox 364 2999 1973 3072">
    <p class='ocr_par' dir='ltr' id='par_1_52' title="bbox 364 2999 1973 3072">
     <span class='ocr_line' id='line_1_52' title="bbox 364 2999 1973 3072; baseline -0.002 -15"><span class='ocrx_word' id='word_1_358' title='bbox 364 3003 518 3057; x_wconf 88' lang='lat' dir='ltr'><strong>idem</strong></span> <span class='ocrx_word' id='word_1_359' title='bbox 542 3002 705 3072; x_wconf 82' lang='lat' dir='ltr'><strong>ignis,</strong></span> <span class='ocrx_word' id='word_1_360' title='bbox 724 3001 918 3055; x_wconf 87' lang='lat' dir='ltr'><strong>eodem</strong></span> <span class='ocrx_word' id='word_1_361' title='bbox 938 3006 1207 3070; x_wconf 88' lang='lat' dir='ltr'><strong>tempore,</strong></span> <span class='ocrx_word' id='word_1_362' title='bbox 1228 3008 1279 3053; x_wconf 88' lang='lat' dir='ltr'><strong>et</strong></span> <span class='ocrx_word' id='word_1_363' title='bbox 1299 2999 1847 3072; x_wconf 83' lang='lat' dir='ltr'><strong>Nabucliodonosoris</strong></span> <span class='ocrx_word' id='word_1_364' title='bbox 1868 3008 1973 3054; x_wconf 89' lang='lat' dir='ltr'><strong>tor-</strong></span> 
     </span>
    </p>
   </div>
   <div class='ocr_carea' id='block_1_53' title="bbox 365 3071 1971 3140">
    <p class='ocr_par' dir='ltr' id='par_1_53' title="bbox 365 3071 1971 3140">
     <span class='ocr_line' id='line_1_53' title="bbox 365 3071 1971 3140; baseline -0.002 -13"><span class='ocrx_word' id='word_1_365' title='bbox 365 3082 514 3128; x_wconf 87' lang='lat' dir='ltr'><strong>tores</strong></span> <span class='ocrx_word' id='word_1_366' title='bbox 547 3071 808 3137; x_wconf 86' lang='lat' dir='ltr'><strong>incendit,</strong></span> <span class='ocrx_word' id='word_1_367' title='bbox 844 3079 897 3126; x_wconf 89' lang='lat' dir='ltr'><strong>et</strong></span> <span class='ocrx_word' id='word_1_368' title='bbox 919 3080 1137 3125; x_wconf 89' lang='lat' dir='ltr'><strong>sanctos</strong></span> <span class='ocrx_word' id='word_1_369' title='bbox 1169 3086 1365 3140; x_wconf 89' lang='lat' dir='ltr'><strong>pueros</strong></span> <span class='ocrx_word' id='word_1_370' title='bbox 1406 3071 1459 3124; x_wconf 89' lang='lat' dir='ltr'><strong>in</strong></span> <span class='ocrx_word' id='word_1_371' title='bbox 1506 3073 1783 3125; x_wconf 87' lang='lat' dir='ltr'><strong>tornacem</strong></span> <span class='ocrx_word' id='word_1_372' title='bbox 1832 3086 1971 3125; x_wconf 93' lang='lat' dir='ltr'><strong>con-</strong></span> 
     </span>
    </p>
   </div>
   <div class='ocr_carea' id='block_1_54' title="bbox 361 3141 1970 3213">
    <p class='ocr_par' dir='ltr' id='par_1_54' title="bbox 361 3141 1970 3213">
     <span class='ocr_line' id='line_1_54' title="bbox 361 3141 1970 3213; baseline -0.001 -16"><span class='ocrx_word' id='word_1_373' title='bbox 361 3144 544 3213; x_wconf 88' lang='lat' dir='ltr'><strong>jectos</strong></span> <span class='ocrx_word' id='word_1_374' title='bbox 574 3144 852 3212; x_wconf 84' lang='lat' dir='ltr'><strong>levissime</strong></span> <span class='ocrx_word' id='word_1_375' title='bbox 880 3141 1103 3212; x_wconf 86' lang='lat' dir='ltr'><strong>quidem</strong></span> <span class='ocrx_word' id='word_1_376' title='bbox 1132 3142 1327 3211; x_wconf 78' lang='lat' dir='ltr'><strong>attigit.</strong></span> <span class='ocrx_word' id='word_1_377' title='bbox 1360 3141 1470 3195; x_wconf 93' lang='lat' dir='ltr'><strong>imo</strong></span> <span class='ocrx_word' id='word_1_378' title='bbox 1518 3141 1666 3196; x_wconf 89' lang='lat' dir='ltr'><strong>velut</strong></span> <span class='ocrx_word' id='word_1_379' title='bbox 1710 3157 1798 3196; x_wconf 90' lang='lat' dir='ltr'><strong>ros</strong></span> <span class='ocrx_word' id='word_1_380' title='bbox 1848 3157 1970 3195; x_wconf 87' lang='lat' dir='ltr'><strong>ma-</strong></span> 
     </span>
    </p>
   </div>
   <div class='ocr_carea' id='block_1_55' title="bbox 366 3213 1971 3283">
    <p class='ocr_par' dir='ltr' id='par_1_55' title="bbox 366 3213 1971 3283">
     <span class='ocr_line' id='line_1_55' title="bbox 366 3213 1971 3283; baseline -0.002 -15"><span class='ocrx_word' id='word_1_381' title='bbox 366 3215 574 3268; x_wconf 86' lang='lat' dir='ltr'><strong>tutinus</strong></span> <span class='ocrx_word' id='word_1_382' title='bbox 621 3213 815 3267; x_wconf 88' lang='lat' dir='ltr'><strong>leviter</strong></span> <span class='ocrx_word' id='word_1_383' title='bbox 861 3213 1123 3283; x_wconf 89' lang='lat' dir='ltr'><strong>perfudit.</strong></span> <span class='ocrx_word' id='word_1_384' title='bbox 1161 3213 1415 3280; x_wconf 86' lang='lat' dir='ltr'><strong>Ejusdem</strong></span> <span class='ocrx_word' id='word_1_385' title='bbox 1463 3213 1627 3266; x_wconf 86' lang='lat' dir='ltr'><strong>maris</strong></span> <span class='ocrx_word' id='word_1_386' title='bbox 1675 3228 1869 3283; x_wconf 90' lang='lat' dir='ltr'><strong>aquam</strong></span> <span class='ocrx_word' id='word_1_387' title='bbox 1918 3220 1971 3265; x_wconf 90' lang='lat' dir='ltr'><strong>et</strong></span> 
     </span>
    </p>
   </div>
   <div class='ocr_carea' id='block_1_56' title="bbox 370 3284 2705 3353">
    <p class='ocr_par' dir='ltr' id='par_1_56' title="bbox 370 3284 2705 3353">
     <span class='ocr_line' id='line_1_56' title="bbox 370 3284 2705 3353; baseline -0.002 -13"><span class='ocrx_word' id='word_1_388' title='bbox 370 3285 628 3340; x_wconf 86' lang='lat' dir='ltr'><strong>stabilem</strong></span> <span class='ocrx_word' id='word_1_389' title='bbox 661 3284 900 3347; x_wconf 84' lang='lat' dir='ltr'><strong>Christo,</strong></span> <span class='ocrx_word' id='word_1_390' title='bbox 936 3292 983 3338; x_wconf 89' lang='lat' dir='ltr'><strong>et</strong></span> <span class='ocrx_word' id='word_1_391' title='bbox 1020 3285 1173 3337; x_wconf 77' lang='lat' dir='ltr'><strong>Petro</strong></span> <span class='ocrx_word' id='word_1_392' title='bbox 1203 3284 1505 3337; x_wconf 78' lang='lat' dir='ltr'><strong>instabilem</strong></span> <span class='ocrx_word' id='word_1_393' title='bbox 1549 3293 1732 3337; x_wconf 91' lang='lat' dir='ltr'><strong>narrat</strong></span> <span class='ocrx_word' id='word_1_394' title='bbox 1783 3284 1968 3338; x_wconf 78' lang='lat' dir='ltr'><strong>Matth.</strong></span> <span class='ocrx_word' id='word_1_395' title='bbox 2002 3285 2052 3350; x_wconf 74' lang='grc' dir='ltr'>Ο</span> <span class='ocrx_word' id='word_1_396' title='bbox 2080 3284 2312 3352; x_wconf 83' lang='lat' dir='ltr'><strong>amplius</strong></span> <span class='ocrx_word' id='word_1_397' title='bbox 2355 3286 2458 3339; x_wconf 91' lang='lat' dir='ltr'><strong>deo</strong></span> <span class='ocrx_word' id='word_1_398' title='bbox 2503 3284 2705 3353; x_wconf 83' lang='lat' dir='ltr'><strong>scribit)</strong></span> 
     </span>
    </p>
   </div>
   <div class='ocr_carea' id='block_1_57' title="bbox 370 3354 1968 3425">
    <p class='ocr_par' dir='ltr' id='par_1_57' title="bbox 370 3354 1968 3425">
     <span class='ocr_line' id='line_1_57' title="bbox 370 3354 1968 3425; baseline -0.001 -16"><span class='ocrx_word' id='word_1_399' title='bbox 370 3371 493 3409; x_wconf 81' lang='lat' dir='ltr'><strong>xiv.</strong></span> <span class='ocrx_word' id='word_1_400' title='bbox 529 3354 672 3422; x_wconf 83' lang='lat' dir='ltr'><strong>Quid</strong></span> <span class='ocrx_word' id='word_1_401' title='bbox 703 3370 838 3425; x_wconf 78' lang='lat' dir='ltr'><strong>ergo</strong></span> <span class='ocrx_word' id='word_1_402' title='bbox 878 3356 961 3408; x_wconf 89' lang='lat' dir='ltr'><strong>his</strong></span> <span class='ocrx_word' id='word_1_403' title='bbox 1001 3362 1204 3410; x_wconf 71' lang='lat' dir='ltr'><strong>sancta:</strong></span> <span class='ocrx_word' id='word_1_404' title='bbox 1252 3354 1547 3423; x_wconf 84' lang='lat' dir='ltr'><strong>Scripturae</strong></span> <span class='ocrx_word' id='word_1_405' title='bbox 1595 3355 1729 3409; x_wconf 89' lang='lat' dir='ltr'><strong>locis</strong></span> <span class='ocrx_word' id='word_1_406' title='bbox 1772 3355 1968 3418; x_wconf 89' lang='lat' dir='ltr'><strong>obstat,</strong></span> 
     </span>
    </p>
   </div>
   <div class='ocr_carea' id='block_1_58' title="bbox 369 3424 1969 3495">
    <p class='ocr_par' dir='ltr' id='par_1_58' title="bbox 369 3424 1969 3495">
     <span class='ocr_line' id='line_1_58' title="bbox 369 3424 1969 3495; baseline -0.001 -14"><span class='ocrx_word' id='word_1_407' title='bbox 369 3441 616 3481; x_wconf 89' lang='lat' dir='ltr'><strong>marmor</strong></span> <span class='ocrx_word' id='word_1_408' title='bbox 642 3424 944 3495; x_wconf 86' lang='lat' dir='ltr'><strong>sepulcrale</strong></span> <span class='ocrx_word' id='word_1_409' title='bbox 991 3434 1044 3480; x_wconf 90' lang='lat' dir='ltr'><strong>et</strong></span> <span class='ocrx_word' id='word_1_410' title='bbox 1082 3424 1363 3479; x_wconf 88' lang='lat' dir='ltr'><strong>mollitiem</strong></span> <span class='ocrx_word' id='word_1_411' title='bbox 1412 3425 1588 3495; x_wconf 16' lang='lat' dir='ltr'><strong>simul;</strong></span> <span class='ocrx_word' id='word_1_412' title='bbox 1622 3433 1672 3479; x_wconf 92' lang='lat' dir='ltr'><strong>et</strong></span> <span class='ocrx_word' id='word_1_413' title='bbox 1720 3425 1969 3495; x_wconf 82' lang='lat' dir='ltr'><strong>duritiem</strong></span> 
     </span>
    </p>
   </div>
   <div class='ocr_carea' id='block_1_59' title="bbox 371 3493 1970 3568">
    <p class='ocr_par' dir='ltr' id='par_1_59' title="bbox 371 3493 1970 3568">
     <span class='ocr_line' id='line_1_59' title="bbox 371 3493 1970 3568; baseline -0.002 -15"><span class='ocrx_word' id='word_1_414' title='bbox 371 3498 675 3568; x_wconf 64' lang='lat' dir='ltr'><strong>praebuisse</strong></span> <span class='ocrx_word' id='word_1_415' title='bbox 705 3493 1010 3559; x_wconf 83' lang='lat' dir='ltr'><strong>mollitiem,</strong></span> <span class='ocrx_word' id='word_1_416' title='bbox 1040 3512 1162 3551; x_wconf 89' lang='lat' dir='ltr'><strong>cum</strong></span> <span class='ocrx_word' id='word_1_417' title='bbox 1204 3498 1363 3550; x_wconf 77' lang='lat' dir='ltr'><strong>lituus</strong></span> <span class='ocrx_word' id='word_1_418' title='bbox 1411 3493 1713 3566; x_wconf 78' lang='lat' dir='ltr'><strong>pontificius</strong></span> <span class='ocrx_word' id='word_1_419' title='bbox 1758 3494 1970 3550; x_wconf 80' lang='lat' dir='ltr'><strong>defixus</strong></span> 
     </span>
    </p>
   </div>
   <div class='ocr_carea' id='block_1_60' title="bbox 372 3568 1969 3638">
    <p class='ocr_par' dir='ltr' id='par_1_60' title="bbox 372 3568 1969 3638">
     <span class='ocr_line' id='line_1_60' title="bbox 372 3568 1969 3638; baseline -0.003 -15"><span class='ocrx_word' id='word_1_420' title='bbox 372 3578 474 3635; x_wconf 91' lang='lat' dir='ltr'><strong>est,</strong></span> <span class='ocrx_word' id='word_1_421' title='bbox 507 3568 781 3634; x_wconf 80' lang='lat' dir='ltr'><strong>duritiem,</strong></span> <span class='ocrx_word' id='word_1_422' title='bbox 812 3582 935 3623; x_wconf 89' lang='lat' dir='ltr'><strong>cum</strong></span> <span class='ocrx_word' id='word_1_423' title='bbox 966 3568 1158 3638; x_wconf 85' lang='lat' dir='ltr'><strong>aliquis</strong></span> <span class='ocrx_word' id='word_1_424' title='bbox 1188 3576 1383 3636; x_wconf 77' lang='lat' dir='ltr'><strong>praeter</strong></span> <span class='ocrx_word' id='word_1_425' title='bbox 1427 3568 1741 3638; x_wconf 87' lang='lat' dir='ltr'><strong>Vulstanum</strong></span> <span class='ocrx_word' id='word_1_426' title='bbox 1794 3577 1969 3638; x_wconf 81' lang='lat' dir='ltr'><strong>tenta-</strong></span> 
     </span>
    </p>
   </div>
   <div class='ocr_carea' id='block_1_61' title="bbox 374 3637 1969 3693">
    <p class='ocr_par' dir='ltr' id='par_1_61' title="bbox 374 3637 1969 3693">
     <span class='ocr_line' id='line_1_61' title="bbox 374 3637 1969 3693; baseline -0.001 -1"><span class='ocrx_word' id='word_1_427' title='bbox 374 3640 454 3693; x_wconf 88' lang='lat' dir='ltr'><strong>vit</strong></span> <span class='ocrx_word' id='word_1_428' title='bbox 482 3639 747 3693; x_wconf 88' lang='lat' dir='ltr'><strong>revellere</strong></span> <span class='ocrx_word' id='word_1_429' title='bbox 767 3639 795 3691; x_wconf 74' lang='lat'><strong>?</strong></span> <span class='ocrx_word' id='word_1_430' title='bbox 826 3639 932 3692; x_wconf 83' lang='lat' dir='ltr'><strong>Has</strong></span> <span class='ocrx_word' id='word_1_431' title='bbox 960 3654 1087 3692; x_wconf 89' lang='lat' dir='ltr'><strong>vero</strong></span> <span class='ocrx_word' id='word_1_432' title='bbox 1115 3638 1557 3692; x_wconf 84' lang='lat' dir='ltr'><strong>rel’utatiunculas</strong></span> <span class='ocrx_word' id='word_1_433' title='bbox 1587 3645 1643 3689; x_wconf 93' lang='lat' dir='ltr'><strong>ut</strong></span> <span class='ocrx_word' id='word_1_434' title='bbox 1674 3637 1843 3691; x_wconf 91' lang='lat' dir='ltr'><strong>lector</strong></span> <span class='ocrx_word' id='word_1_435' title='bbox 1889 3637 1969 3691; x_wconf 85' lang='lat' dir='ltr'><strong>fa-</strong></span> 
     </span>
    </p>
   </div>
   <div class='ocr_carea' id='block_1_62' title="bbox 375 3708 1970 3779">
    <p class='ocr_par' dir='ltr' id='par_1_62' title="bbox 375 3708 1970 3779">
     <span class='ocr_line' id='line_1_62' title="bbox 375 3708 1970 3779; baseline -0.004 -12"><span class='ocrx_word' id='word_1_436' title='bbox 375 3710 540 3767; x_wconf 81' lang='lat' dir='ltr'><strong>eilius</strong></span> <span class='ocrx_word' id='word_1_437' title='bbox 568 3709 818 3779; x_wconf 88' lang='lat' dir='ltr'><strong>accipiat.</strong></span> <span class='ocrx_word' id='word_1_438' title='bbox 845 3708 990 3763; x_wconf 90' lang='lat' dir='ltr'><strong>brevi</strong></span> <span class='ocrx_word' id='word_1_439' title='bbox 1011 3709 1286 3777; x_wconf 86' lang='lat' dir='ltr'><strong>utriusque</strong></span> <span class='ocrx_word' id='word_1_440' title='bbox 1322 3724 1538 3763; x_wconf 90' lang='lat' dir='ltr'><strong>causam</strong></span> <span class='ocrx_word' id='word_1_441' title='bbox 1558 3708 1711 3779; x_wconf 92' lang='lat' dir='ltr'><strong>_dico</strong></span> <span class='ocrx_word' id='word_1_442' title='bbox 1735 3725 1748 3762; x_wconf 89' lang='lat'>:</span> <span class='ocrx_word' id='word_1_443' title='bbox 1782 3709 1970 3762; x_wconf 85' lang='lat' dir='ltr'><strong>Beatus</strong></span> 
     </span>
    </p>
   </div>
   <div class='ocr_carea' id='block_1_63' title="bbox 374 3777 1971 3849">
    <p class='ocr_par' dir='ltr' id='par_1_63' title="bbox 374 3777 1971 3849">
     <span class='ocr_line' id='line_1_63' title="bbox 374 3777 1971 3849; baseline -0.002 -13"><span class='ocrx_word' id='word_1_444' title='bbox 374 3777 704 3836; x_wconf 72' lang='lat' dir='ltr'><strong>Dunstanus</strong></span> <span class='ocrx_word' id='word_1_445' title='bbox 748 3780 1043 3849; x_wconf 89' lang='lat' dir='ltr'><strong>aliquando</strong></span> <span class='ocrx_word' id='word_1_446' title='bbox 1090 3779 1367 3849; x_wconf 88' lang='lat' dir='ltr'><strong>quidpiam</strong></span> <span class='ocrx_word' id='word_1_447' title='bbox 1444 3777 1719 3833; x_wconf 86' lang='lat' dir='ltr'><strong>artiﬁciosi</strong></span> <span class='ocrx_word' id='word_1_448' title='bbox 1788 3779 1971 3849; x_wconf 90' lang='lat' dir='ltr'><strong>operis</strong></span> 
     </span>
    </p>
   </div>
   <div class='ocr_carea' id='block_1_64' title="bbox 373 3849 1967 3920">
    <p class='ocr_par' dir='ltr' id='par_1_64' title="bbox 373 3849 1967 3920">
     <span class='ocr_line' id='line_1_64' title="bbox 373 3849 1967 3920; baseline -0.004 -11"><span class='ocrx_word' id='word_1_449' title='bbox 373 3853 605 3915; x_wconf 84' lang='lat' dir='ltr'><strong>cadens,</strong></span> <span class='ocrx_word' id='word_1_450' title='bbox 620 3852 758 3905; x_wconf 88' lang='lat' dir='ltr'><strong>vidit</strong></span> <span class='ocrx_word' id='word_1_451' title='bbox 774 3867 841 3906; x_wconf 89' lang='lat' dir='ltr'><strong>ex</strong></span> <span class='ocrx_word' id='word_1_452' title='bbox 860 3850 1174 3920; x_wconf 87' lang='lat' dir='ltr'><strong>imprevisio</strong></span> <span class='ocrx_word' id='word_1_453' title='bbox 1195 3850 1487 3904; x_wconf 85' lang='lat' dir='ltr'><strong>diaboNum</strong></span> <span class='ocrx_word' id='word_1_454' title='bbox 1507 3849 1736 3919; x_wconf 90' lang='lat' dir='ltr'><strong>puellari</strong></span> <span class='ocrx_word' id='word_1_455' title='bbox 1755 3850 1967 3919; x_wconf 88' lang='lat' dir='ltr'><strong>specie;</strong></span> 
     </span>
    </p>
   </div>
   <div class='ocr_carea' id='block_1_65' title="bbox 372 3920 1970 3995">
    <p class='ocr_par' dir='ltr' id='par_1_65' title="bbox 372 3920 1970 3995">
     <span class='ocr_line' id='line_1_65' title="bbox 372 3920 1970 3995; baseline -0.003 -17"><span class='ocrx_word' id='word_1_456' title='bbox 372 3923 476 3995; x_wconf 87' lang='lat' dir='ltr'><strong>qui</strong></span> <span class='ocrx_word' id='word_1_457' title='bbox 505 3932 558 3977; x_wconf 90' lang='lat' dir='ltr'><strong>et</strong></span> <span class='ocrx_word' id='word_1_458' title='bbox 590 3922 842 3995; x_wconf 84' lang='lat' dir='ltr'><strong>muliebri</strong></span> <span class='ocrx_word' id='word_1_459' title='bbox 876 3923 985 3975; x_wconf 91' lang='lat' dir='ltr'><strong>risu</strong></span> <span class='ocrx_word' id='word_1_460' title='bbox 1002 3934 1070 3995; x_wconf 87' lang='lat' dir='ltr'><strong>et</strong></span> <span class='ocrx_word' id='word_1_461' title='bbox 1092 3921 1412 3992; x_wconf 68' lang='lat' dir='ltr'><strong>pronacibus</strong></span> <span class='ocrx_word' id='word_1_462' title='bbox 1435 3920 1619 3995; x_wconf 82' lang='lat' dir='ltr'><strong>verbis</strong></span> <span class='ocrx_word' id='word_1_463' title='bbox 1641 3921 1867 3995; x_wconf 86' lang='lat' dir='ltr'><strong>adorsus</strong></span> <span class='ocrx_word' id='word_1_464' title='bbox 1888 3924 1970 3995; x_wconf 79' lang='lat' dir='ltr'><strong>est</strong></span> 
     </span>
    </p>
   </div>
   <div class='ocr_carea' id='block_1_66' title="bbox 372 3990 1968 4051">
    <p class='ocr_par' dir='ltr' id='par_1_66' title="bbox 372 3990 1968 4051">
     <span class='ocr_line' id='line_1_66' title="bbox 372 3990 1968 4051; baseline -0.004 -2"><span class='ocrx_word' id='word_1_465' title='bbox 372 3990 556 4051; x_wconf 77' lang='lat' dir='ltr'><strong>virum</strong></span> <span class='ocrx_word' id='word_1_466' title='bbox 593 3994 712 4047; x_wconf 90' lang='lat' dir='ltr'><strong>Dei.</strong></span> <span class='ocrx_word' id='word_1_467' title='bbox 748 3990 1293 4047; x_wconf 49' lang='lat' dir='ltr'><strong>Petulantior&#39;autem</strong></span> <span class='ocrx_word' id='word_1_468' title='bbox 1323 4008 1506 4045; x_wconf 90' lang='lat' dir='ltr'><strong>sermo</strong></span> <span class='ocrx_word' id='word_1_469' title='bbox 1557 3993 1771 4045; x_wconf 85' lang='lat' dir='ltr'><strong>hostam</strong></span> <span class='ocrx_word' id='word_1_470' title='bbox 1821 3990 1968 4044; x_wconf 89' lang='lat' dir='ltr'><strong>indi-</strong></span> 
     </span>
    </p>
   </div>
   <div class='ocr_carea' id='block_1_67' title="bbox 369 4061 1972 4132">
    <p class='ocr_par' dir='ltr' id='par_1_67' title="bbox 369 4061 1972 4132">
     <span class='ocr_line' id='line_1_67' title="bbox 369 4061 1972 4132; baseline -0.005 -10"><span class='ocrx_word' id='word_1_471' title='bbox 369 4066 537 4122; x_wconf 84' lang='lat' dir='ltr'><strong>cavit.</strong></span> <span class='ocrx_word' id='word_1_472' title='bbox 568 4063 937 4132; x_wconf 85' lang='lat' dir='ltr'><strong>Quamobrem</strong></span> <span class='ocrx_word' id='word_1_473' title='bbox 965 4064 1034 4118; x_wconf 91' lang='lat' dir='ltr'><strong>de</strong></span> <span class='ocrx_word' id='word_1_474' title='bbox 1064 4073 1284 4132; x_wconf 85' lang='lat' dir='ltr'><strong>repente</strong></span> <span class='ocrx_word' id='word_1_475' title='bbox 1314 4063 1517 4130; x_wconf 75' lang='lat' dir='ltr'><strong>ignitus</strong></span> <span class='ocrx_word' id='word_1_476' title='bbox 1548 4061 1844 4131; x_wconf 83' lang='lat' dir='ltr'><strong>forcipibus</strong></span> <span class='ocrx_word' id='word_1_477' title='bbox 1878 4077 1972 4114; x_wconf 81' lang='lat' dir='ltr'><strong>na-</strong></span> 
     </span>
    </p>
   </div>
   <div class='ocr_carea' id='block_1_68' title="bbox 372 4133 1969 4203">
    <p class='ocr_par' dir='ltr' id='par_1_68' title="bbox 372 4133 1969 4203">
     <span class='ocr_line' id='line_1_68' title="bbox 372 4133 1969 4203; baseline -0.004 -11"><span class='ocrx_word' id='word_1_478' title='bbox 372 4153 498 4192; x_wconf 88' lang='lat' dir='ltr'><strong>sum</strong></span> <span class='ocrx_word' id='word_1_479' title='bbox 557 4135 888 4203; x_wconf 89' lang='lat' dir='ltr'><strong>crispantem</strong></span> <span class='ocrx_word' id='word_1_480' title='bbox 946 4136 1240 4189; x_wconf 87' lang='lat' dir='ltr'><strong>cachinnos</strong></span> <span class='ocrx_word' id='word_1_481' title='bbox 1290 4140 1397 4188; x_wconf 90' lang='lat' dir='ltr'><strong>tam</strong></span> <span class='ocrx_word' id='word_1_482' title='bbox 1453 4133 1659 4187; x_wconf 83' lang='lat' dir='ltr'><strong>fortiter</strong></span> <span class='ocrx_word' id='word_1_483' title='bbox 1711 4133 1969 4198; x_wconf 86' lang='lat' dir='ltr'><strong>corripuit</strong></span> 
     </span>
    </p>
   </div>
   <div class='ocr_carea' id='block_1_69' title="bbox 372 4203 1968 4274">
    <p class='ocr_par' dir='ltr' id='par_1_69' title="bbox 372 4203 1968 4274">
     <span class='ocr_line' id='line_1_69' title="bbox 372 4203 1968 4274; baseline -0.004 -11"><span class='ocrx_word' id='word_1_484' title='bbox 372 4209 694 4263; x_wconf 88' lang='lat' dir='ltr'><strong>Dunstanus</strong></span> <span class='ocrx_word' id='word_1_485' title='bbox 725 4213 783 4259; x_wconf 87' lang='lat' dir='ltr'><strong>ut</strong></span> <span class='ocrx_word' id='word_1_486' title='bbox 838 4205 1153 4260; x_wconf 89' lang='lat' dir='ltr'><strong>horribilem</strong></span> <span class='ocrx_word' id='word_1_487' title='bbox 1210 4205 1469 4274; x_wconf 86' lang='lat' dir='ltr'><strong>ejulatum</strong></span> <span class='ocrx_word' id='word_1_488' title='bbox 1527 4204 1728 4258; x_wconf 90' lang='lat' dir='ltr'><strong>doloris</strong></span> <span class='ocrx_word' id='word_1_489' title='bbox 1781 4203 1968 4258; x_wconf 76' lang='lat' dir='ltr'><strong>inflicti</strong></span> 
     </span>
    </p>
   </div>
   <div class='ocr_carea' id='block_1_70' title="bbox 373 4274 1969 4342">
    <p class='ocr_par' dir='ltr' id='par_1_70' title="bbox 373 4274 1969 4342">
     <span class='ocr_line' id='line_1_70' title="bbox 373 4274 1969 4342; baseline -0.004 -9"><span class='ocrx_word' id='word_1_490' title='bbox 373 4285 572 4333; x_wconf 66' lang='lat' dir='ltr'><strong>testem</strong></span> <span class='ocrx_word' id='word_1_491' title='bbox 605 4277 854 4342; x_wconf 86' lang='lat' dir='ltr'><strong>diabolus</strong></span> <span class='ocrx_word' id='word_1_492' title='bbox 906 4276 1076 4331; x_wconf 88' lang='lat' dir='ltr'><strong>daret.</strong></span> <span class='ocrx_word' id='word_1_493' title='bbox 1108 4278 1174 4329; x_wconf 82' lang='lat' dir='ltr'><strong>At</strong></span> <span class='ocrx_word' id='word_1_494' title='bbox 1229 4274 1274 4329; x_wconf 90' lang='lat' dir='ltr'><strong>si</strong></span> <span class='ocrx_word' id='word_1_495' title='bbox 1329 4275 1555 4330; x_wconf 82' lang='lat' dir='ltr'><strong>Parkero</strong></span> <span class='ocrx_word' id='word_1_496' title='bbox 1613 4274 1859 4328; x_wconf 82' lang='lat' dir='ltr'><strong>videatur</strong></span> <span class='ocrx_word' id='word_1_497' title='bbox 1914 4274 1969 4328; x_wconf 89' lang='lat' dir='ltr'><strong>id</strong></span> 
     </span>
    </p>
   </div>
   <div class='ocr_carea' id='block_1_71' title="bbox 374 4345 1968 4418">
    <p class='ocr_par' dir='ltr' id='par_1_71' title="bbox 374 4345 1968 4418">
     <span class='ocr_line' id='line_1_71' title="bbox 374 4345 1968 4418; baseline -0.004 -14"><span class='ocrx_word' id='word_1_498' title='bbox 374 4349 563 4418; x_wconf 87' lang='lat' dir='ltr'><strong>operis</strong></span> <span class='ocrx_word' id='word_1_499' title='bbox 607 4348 888 4401; x_wconf 88' lang='lat' dir='ltr'><strong>ridiculum</strong></span> <span class='ocrx_word' id='word_1_500' title='bbox 932 4355 1152 4416; x_wconf 91' lang='lat' dir='ltr'><strong>propter</strong></span> <span class='ocrx_word' id='word_1_501' title='bbox 1196 4346 1512 4409; x_wconf 79' lang='lat' dir='ltr'><strong>novitatem,</strong></span> <span class='ocrx_word' id='word_1_502' title='bbox 1541 4345 1732 4418; x_wconf 79' lang='lat' dir='ltr'><strong>saltem</strong></span> <span class='ocrx_word' id='word_1_503' title='bbox 1790 4350 1968 4418; x_wconf 77' lang='lat' dir='ltr'><strong>persi-</strong></span> 
     </span>
    </p>
   </div>
   <div class='ocr_carea' id='block_1_72' title="bbox 376 4415 1967 4487">
    <p class='ocr_par' dir='ltr' id='par_1_72' title="bbox 376 4415 1967 4487">
     <span class='ocr_line' id='line_1_72' title="bbox 376 4415 1967 4487; baseline -0.004 -12"><span class='ocrx_word' id='word_1_504' title='bbox 376 4415 512 4475; x_wconf 75' lang='lat' dir='ltr'><strong>mile</strong></span> <span class='ocrx_word' id='word_1_505' title='bbox 541 4419 711 4472; x_wconf 91' lang='lat' dir='ltr'><strong>multa</strong></span> <span class='ocrx_word' id='word_1_506' title='bbox 740 4415 941 4473; x_wconf 83' lang='lat' dir='ltr'><strong>canitie</strong></span> <span class='ocrx_word' id='word_1_507' title='bbox 966 4417 1333 4473; x_wconf 76' lang='lat' dir='ltr'><strong>Venerandam</strong></span> <span class='ocrx_word' id='word_1_508' title='bbox 1357 4416 1642 4487; x_wconf 89' lang='lat' dir='ltr'><strong>quamdam</strong></span> <span class='ocrx_word' id='word_1_509' title='bbox 1661 4415 1967 4487; x_wconf 85' lang='lat' dir='ltr'><strong>conciliavit</strong></span> 
     </span>
    </p>
   </div>
   <div class='ocr_carea' id='block_1_73' title="bbox 380 4486 1968 4557">
    <p class='ocr_par' dir='ltr' id='par_1_73' title="bbox 380 4486 1968 4557">
     <span class='ocr_line' id='line_1_73' title="bbox 380 4486 1968 4557; baseline -0.003 -12"><span class='ocrx_word' id='word_1_510' title='bbox 380 4490 765 4546; x_wconf 85' lang='lat' dir='ltr'><strong>reverentiam.</strong></span> <span class='ocrx_word' id='word_1_511' title='bbox 802 4487 937 4542; x_wconf 70' lang='lat' dir='ltr'><strong>Illud</strong></span> <span class='ocrx_word' id='word_1_512' title='bbox 984 4488 1157 4557; x_wconf 85' lang='lat' dir='ltr'><strong>ipsum</strong></span> <span class='ocrx_word' id='word_1_513' title='bbox 1203 4488 1270 4541; x_wconf 91' lang='lat' dir='ltr'><strong>de</strong></span> <span class='ocrx_word' id='word_1_514' title='bbox 1321 4486 1514 4555; x_wconf 81' lang='lat' dir='ltr'><strong>Apelle</strong></span> <span class='ocrx_word' id='word_1_515' title='bbox 1557 4486 1714 4541; x_wconf 87' lang='lat' dir='ltr'><strong>fabro</strong></span> <span class='ocrx_word' id='word_1_516' title='bbox 1751 4486 1968 4541; x_wconf 87' lang='lat' dir='ltr'><strong>ferrario</strong></span> 
     </span>
    </p>
   </div>
   <div class='ocr_carea' id='block_1_74' title="bbox 380 4557 1969 4630">
    <p class='ocr_par' dir='ltr' id='par_1_74' title="bbox 380 4557 1969 4630">
     <span class='ocr_line' id='line_1_74' title="bbox 380 4557 1969 4630; baseline -0.003 -13"><span class='ocrx_word' id='word_1_517' title='bbox 380 4561 788 4630; x_wconf 85' lang='lat' dir='ltr'><strong>Nitriensisque</strong></span> <span class='ocrx_word' id='word_1_518' title='bbox 815 4559 986 4614; x_wconf 84' lang='lat' dir='ltr'><strong>eremi</strong></span> <span class='ocrx_word' id='word_1_519' title='bbox 1017 4560 1188 4614; x_wconf 88' lang='lat' dir='ltr'><strong>incola</strong></span> <span class='ocrx_word' id='word_1_520' title='bbox 1222 4558 1458 4613; x_wconf 87' lang='lat' dir='ltr'><strong>referunt</strong></span> <span class='ocrx_word' id='word_1_521' title='bbox 1480 4559 1681 4612; x_wconf 86' lang='lat' dir='ltr'><strong>Histor.</strong></span> <span class='ocrx_word' id='word_1_522' title='bbox 1708 4557 1969 4612; x_wconf 89' lang='lat' dir='ltr'><strong>Lausiaca</strong></span> 
     </span>
    </p>
   </div>
   <div class='ocr_carea' id='block_1_75' title="bbox 2074 2010 3667 2134">
    <p class='ocr_par' dir='ltr' id='par_1_75' title="bbox 2074 2010 3667 2134">
     <span class='ocr_line' id='line_1_75' title="bbox 2074 2010 3667 2134; baseline 0.003 -70"><span class='ocrx_word' id='word_1_523' title='bbox 2074 2010 2359 2134; x_wconf 71' lang='lat' dir='ltr'><strong>potiretur.</strong></span> <span class='ocrx_word' id='word_1_524' title='bbox 2398 2010 2541 2066; x_wconf 88' lang='lat' dir='ltr'><strong>Ecce</strong></span> <span class='ocrx_word' id='word_1_525' title='bbox 2590 2012 2868 2081; x_wconf 88' lang='lat' dir='ltr'><strong>utriusque</strong></span> <span class='ocrx_word' id='word_1_526' title='bbox 2912 2013 2992 2066; x_wconf 90' lang='lat' dir='ltr'><strong>rei</strong></span> <span class='ocrx_word' id='word_1_527' title='bbox 3036 2012 3429 2079; x_wconf 84' lang='lat' dir='ltr'><strong>summarium;</strong></span> <span class='ocrx_word' id='word_1_528' title='bbox 3458 2013 3667 2082; x_wconf 90' lang='lat' dir='ltr'><strong>judicet</strong></span> 
     </span>
     <span class='ocr_line' id='line_1_76' title="bbox 2095 2081 3664 2134; baseline 0 0"><span class='ocrx_word' id='word_1_529' title='bbox 2095 2090 2242 2134; x_wconf 86' lang='lat' dir='ltr'><strong>ector</strong></span> <span class='ocrx_word' id='word_1_530' title='bbox 2269 2081 2396 2134; x_wconf 77' lang='lat' dir='ltr'><strong>quid</strong></span> <span class='ocrx_word' id='word_1_531' title='bbox 2427 2082 2554 2134; x_wconf 88' lang='lat' dir='ltr'><strong>insit</strong></span> <span class='ocrx_word' id='word_1_532' title='bbox 2582 2082 2780 2134; x_wconf 88' lang='lat' dir='ltr'><strong>delirii.</strong></span> <span class='ocrx_word' id='word_1_533' title='bbox 2814 2082 3026 2134; x_wconf 83' lang='lat' dir='ltr'><strong>Liberet</strong></span> <span class='ocrx_word' id='word_1_534' title='bbox 3067 2084 3289 2134; x_wconf 86' lang='lat' dir='ltr'><strong>uuidem</strong></span> <span class='ocrx_word' id='word_1_535' title='bbox 3323 2084 3664 2134; x_wconf 83' lang='lat' dir='ltr'><strong>manifestius</strong></span> 
     </span>
    </p>
   </div>
   <div class='ocr_carea' id='block_1_76' title="bbox 2095 2081 3664 2155">
    <p class='ocr_par' dir='ltr' id='par_1_76' title="bbox 2095 2081 3664 2155">
     <span class='ocr_line' id='line_1_77' title="bbox 2095 2081 3664 2155; baseline 0.003 -21"><span class='ocrx_word' id='word_1_536' title='bbox 2095 2081 2554 2155; x_wconf 74' lang='lat' dir='ltr'><strong>ector_quid_insit</strong></span> <span class='ocrx_word' id='word_1_537' title='bbox 2582 2082 2780 2155; x_wconf 85' lang='lat' dir='ltr'><strong>delirii.</strong></span> <span class='ocrx_word' id='word_1_538' title='bbox 2814 2082 3026 2155; x_wconf 82' lang='lat' dir='ltr'><strong>Liberet</strong></span> <span class='ocrx_word' id='word_1_539' title='bbox 3067 2084 3664 2155; x_wconf 12' lang='lat' dir='ltr'><strong>quidemimanifestius</strong></span> 
     </span>
    </p>
   </div>
   <div class='ocr_carea' id='block_1_77' title="bbox 2074 2152 3672 2223">
    <p class='ocr_par' dir='ltr' id='par_1_77' title="bbox 2074 2152 3672 2223">
     <span class='ocr_line' id='line_1_78' title="bbox 2074 2152 3672 2223; baseline 0.004 -18"><span class='ocrx_word' id='word_1_540' title='bbox 2074 2152 2363 2206; x_wconf 83' lang='lat' dir='ltr'><strong>ostendere</strong></span> <span class='ocrx_word' id='word_1_541' title='bbox 2391 2153 2588 2208; x_wconf 79' lang='lat' dir='ltr'><strong>deliria</strong></span> <span class='ocrx_word' id='word_1_542' title='bbox 2634 2154 2775 2207; x_wconf 90' lang='lat' dir='ltr'><strong>illius</strong></span> <span class='ocrx_word' id='word_1_543' title='bbox 2820 2152 3101 2223; x_wconf 81' lang='lat' dir='ltr'><strong>scriptoris</strong></span> <span class='ocrx_word' id='word_1_544' title='bbox 3150 2155 3237 2208; x_wconf 81' lang='lat' dir='ltr'><strong>sic</strong></span> <span class='ocrx_word' id='word_1_545' title='bbox 3283 2154 3581 2221; x_wconf 85' lang='lat' dir='ltr'><strong>delirantis,</strong></span> <span class='ocrx_word' id='word_1_546' title='bbox 3614 2163 3672 2211; x_wconf 88' lang='lat' dir='ltr'><strong>ut</strong></span> 
     </span>
    </p>
   </div>
   <div class='ocr_carea' id='block_1_78' title="bbox 2075 2224 3667 2296">
    <p class='ocr_par' dir='ltr' id='par_1_78' title="bbox 2075 2224 3667 2296">
     <span class='ocr_line' id='line_1_79' title="bbox 2075 2224 3667 2296; baseline 0.002 -19"><span class='ocrx_word' id='word_1_547' title='bbox 2075 2231 2275 2277; x_wconf 70' lang='lat' dir='ltr'><strong>caetera</strong></span> <span class='ocrx_word' id='word_1_548' title='bbox 2306 2224 2850 2296; x_wconf 69' lang='lat' dir='ltr'><strong>quzelibetprseclare</strong></span> <span class='ocrx_word' id='word_1_549' title='bbox 2878 2233 3091 2296; x_wconf 80' lang='lat' dir='ltr'><strong>gestata</strong></span> <span class='ocrx_word' id='word_1_550' title='bbox 3133 2225 3407 2280; x_wconf 82' lang='lat' dir='ltr'><strong>existimet</strong></span> <span class='ocrx_word' id='word_1_551' title='bbox 3436 2226 3628 2280; x_wconf 88' lang='lat' dir='ltr'><strong>deliria</strong></span> <span class='ocrx_word' id='word_1_552' title='bbox 3652 2243 3667 2288; x_wconf 91' lang='lat'><strong>;</strong></span> 
     </span>
    </p>
   </div>
   <div class='ocr_carea' id='block_1_79' title="bbox 2075 2295 3671 2351">
    <p class='ocr_par' dir='ltr' id='par_1_79' title="bbox 2075 2295 3671 2351">
     <span class='ocr_line' id='line_1_80' title="bbox 2075 2295 3671 2351; baseline 0.003 -4"><span class='ocrx_word' id='word_1_553' title='bbox 2075 2310 2263 2347; x_wconf 89' lang='lat' dir='ltr'><strong>verum</strong></span> <span class='ocrx_word' id='word_1_554' title='bbox 2295 2295 2517 2349; x_wconf 91' lang='lat' dir='ltr'><strong>minime</strong></span> <span class='ocrx_word' id='word_1_555' title='bbox 2548 2295 2689 2349; x_wconf 91' lang='lat' dir='ltr'><strong>licet.</strong></span> <span class='ocrx_word' id='word_1_556' title='bbox 2723 2296 2861 2349; x_wconf 87' lang='lat' dir='ltr'><strong>Nam</strong></span> <span class='ocrx_word' id='word_1_557' title='bbox 2888 2295 3039 2350; x_wconf 84' lang='lat' dir='ltr'><strong>extra</strong></span> <span class='ocrx_word' id='word_1_558' title='bbox 3084 2298 3312 2351; x_wconf 91' lang='lat' dir='ltr'><strong>chorum</strong></span> <span class='ocrx_word' id='word_1_559' title='bbox 3360 2296 3671 2351; x_wconf 89' lang='lat' dir='ltr'><strong>saltandum</strong></span> 
     </span>
    </p>
   </div>
   <div class='ocr_carea' id='block_1_80' title="bbox 2078 2363 3674 2437">
    <p class='ocr_par' dir='ltr' id='par_1_80' title="bbox 2078 2363 3674 2437">
     <span class='ocr_line' id='line_1_81' title="bbox 2078 2363 3674 2437; baseline 0.001 -20"><span class='ocrx_word' id='word_1_560' title='bbox 2078 2363 2234 2418; x_wconf 86' lang='lat' dir='ltr'><strong>foret.</strong></span> <span class='ocrx_word' id='word_1_561' title='bbox 2288 2366 2655 2437; x_wconf 66' lang='lat' dir='ltr'><strong>Praeterquam</strong></span> <span class='ocrx_word' id='word_1_562' title='bbox 2702 2367 2848 2436; x_wconf 91' lang='lat' dir='ltr'><strong>quod</strong></span> <span class='ocrx_word' id='word_1_563' title='bbox 2891 2366 3034 2421; x_wconf 91' lang='lat' dir='ltr'><strong>idem</strong></span> <span class='ocrx_word' id='word_1_564' title='bbox 3077 2366 3190 2421; x_wconf 89' lang='lat' dir='ltr'><strong>illic</strong></span> <span class='ocrx_word' id='word_1_565' title='bbox 3254 2366 3513 2437; x_wconf 84' lang='lat' dir='ltr'><strong>pleraque</strong></span> <span class='ocrx_word' id='word_1_566' title='bbox 3563 2368 3674 2422; x_wconf 88' lang='lat' dir='ltr'><strong>alia</strong></span> 
     </span>
    </p>
   </div>
   <div class='ocr_carea' id='block_1_81' title="bbox 2076 2436 3672 2506">
    <p class='ocr_par' dir='ltr' id='par_1_81' title="bbox 2076 2436 3672 2506">
     <span class='ocr_line' id='line_1_82' title="bbox 2076 2436 3672 2506; baseline 0.003 -18"><span class='ocrx_word' id='word_1_567' title='bbox 2076 2444 2292 2489; x_wconf 88' lang='lat' dir='ltr'><strong>enarret</strong></span> <span class='ocrx_word' id='word_1_568' title='bbox 2334 2436 2546 2490; x_wconf 87' lang='lat' dir='ltr'><strong>somnia</strong></span> <span class='ocrx_word' id='word_1_569' title='bbox 2593 2439 2669 2504; x_wconf 93' lang='lat' dir='ltr'><strong>(ut</strong></span> <span class='ocrx_word' id='word_1_570' title='bbox 2719 2440 2890 2506; x_wconf 88' lang='lat' dir='ltr'><strong>vocat)</strong></span> <span class='ocrx_word' id='word_1_571' title='bbox 2941 2437 3009 2492; x_wconf 91' lang='lat' dir='ltr'><strong>ad</strong></span> <span class='ocrx_word' id='word_1_572' title='bbox 3054 2453 3175 2505; x_wconf 64' lang='lat' dir='ltr'><strong>que</strong></span> <span class='ocrx_word' id='word_1_573' title='bbox 3239 2436 3567 2505; x_wconf 83' lang='lat' dir='ltr'><strong>explicanda</strong></span> <span class='ocrx_word' id='word_1_574' title='bbox 3616 2445 3672 2493; x_wconf 87' lang='lat' dir='ltr'><strong>et</strong></span> 
     </span>
    </p>
   </div>
   <div class='ocr_carea' id='block_1_82' title="bbox 2076 2506 3667 2579">
    <p class='ocr_par' dir='ltr' id='par_1_82' title="bbox 2076 2506 3667 2579">
     <span class='ocr_line' id='line_1_83' title="bbox 2076 2506 3667 2579; baseline 0.001 -20"><span class='ocrx_word' id='word_1_575' title='bbox 2076 2506 2326 2579; x_wconf 87' lang='lat' dir='ltr'><strong>pluribus</strong></span> <span class='ocrx_word' id='word_1_576' title='bbox 2357 2507 2573 2579; x_wconf 78' lang='lat' dir='ltr'><strong>paginis</strong></span> <span class='ocrx_word' id='word_1_577' title='bbox 2617 2516 2667 2562; x_wconf 92' lang='lat' dir='ltr'><strong>et</strong></span> <span class='ocrx_word' id='word_1_578' title='bbox 2716 2506 2916 2579; x_wconf 82' lang='lat' dir='ltr'><strong>vigiliis</strong></span> <span class='ocrx_word' id='word_1_579' title='bbox 2972 2523 3108 2576; x_wconf 90' lang='lat' dir='ltr'><strong>opus</strong></span> <span class='ocrx_word' id='word_1_580' title='bbox 3144 2508 3353 2579; x_wconf 77' lang='lat' dir='ltr'><strong>fuerit.</strong></span> <span class='ocrx_word' id='word_1_581' title='bbox 3392 2507 3667 2575; x_wconf 87' lang='lat' dir='ltr'><strong>Quoniam</strong></span> 
     </span>
    </p>
   </div>
   <div class='ocr_carea' id='block_1_83' title="bbox 2078 2577 3674 2657">
    <p class='ocr_par' dir='ltr' id='par_1_83' title="bbox 2078 2577 3674 2657">
     <span class='ocr_line' id='line_1_84' title="bbox 2078 2577 3674 2657; baseline 0.003 -27"><span class='ocrx_word' id='word_1_582' title='bbox 2078 2586 2256 2657; x_wconf 83' lang='lat' dir='ltr'><strong>autem</strong></span> <span class='ocrx_word' id='word_1_583' title='bbox 2290 2578 2553 2657; x_wconf 79' lang='lat' dir='ltr'><strong>Dunstani</strong></span> <span class='ocrx_word' id='word_1_584' title='bbox 2580 2577 2829 2647; x_wconf 84' lang='lat' dir='ltr'><strong>superius</strong></span> <span class='ocrx_word' id='word_1_585' title='bbox 2867 2585 2921 2633; x_wconf 87' lang='lat' dir='ltr'><strong>et</strong></span> <span class='ocrx_word' id='word_1_586' title='bbox 2940 2578 3233 2657; x_wconf 72' lang='lat' dir='ltr'><strong>hicincidit</strong></span> <span class='ocrx_word' id='word_1_587' title='bbox 3253 2593 3377 2633; x_wconf 91' lang='lat' dir='ltr'><strong>cum</strong></span> <span class='ocrx_word' id='word_1_588' title='bbox 3412 2579 3674 2657; x_wconf 61' lang='lat' dir='ltr'><strong>\lulstano</strong></span> 
     </span>
    </p>
   </div>
   <div class='ocr_carea' id='block_1_84' title="bbox 2078 2650 3678 2719">
    <p class='ocr_par' dir='ltr' id='par_1_84' title="bbox 2078 2650 3678 2719">
     <span class='ocr_line' id='line_1_85' title="bbox 2078 2650 3678 2719; baseline 0.003 -19"><span class='ocrx_word' id='word_1_589' title='bbox 2078 2650 2302 2713; x_wconf 88' lang='lat' dir='ltr'><strong>mentio,</strong></span> <span class='ocrx_word' id='word_1_590' title='bbox 2335 2650 2510 2702; x_wconf 90' lang='lat' dir='ltr'><strong>visum</strong></span> <span class='ocrx_word' id='word_1_591' title='bbox 2541 2656 2625 2702; x_wconf 89' lang='lat' dir='ltr'><strong>est</strong></span> <span class='ocrx_word' id='word_1_592' title='bbox 2665 2664 2851 2718; x_wconf 65' lang='lat' dir='ltr'><strong>Operae</strong></span> <span class='ocrx_word' id='word_1_593' title='bbox 2907 2650 3163 2718; x_wconf 88' lang='lat' dir='ltr'><strong>pretium,</strong></span> <span class='ocrx_word' id='word_1_594' title='bbox 3198 2658 3290 2704; x_wconf 91' lang='lat' dir='ltr'><strong>aut.</strong></span> <span class='ocrx_word' id='word_1_595' title='bbox 3346 2650 3521 2719; x_wconf 89' lang='lat' dir='ltr'><strong>potius</strong></span> <span class='ocrx_word' id='word_1_596' title='bbox 3573 2666 3678 2704; x_wconf 91' lang='lat' dir='ltr'><strong>ne-</strong></span> 
     </span>
    </p>
   </div>
   <div class='ocr_carea' id='block_1_85' title="bbox 2080 2719 3679 2776">
    <p class='ocr_par' dir='ltr' id='par_1_85' title="bbox 2080 2719 3679 2776">
     <span class='ocr_line' id='line_1_86' title="bbox 2080 2719 3679 2776; baseline 0.001 -4"><span class='ocrx_word' id='word_1_597' title='bbox 2080 2733 2235 2773; x_wconf 90' lang='lat' dir='ltr'><strong>cesse</strong></span> <span class='ocrx_word' id='word_1_598' title='bbox 2266 2719 2500 2774; x_wconf 86' lang='lat' dir='ltr'><strong>breviter</strong></span> <span class='ocrx_word' id='word_1_599' title='bbox 2528 2721 2645 2775; x_wconf 69' lang='lat' dir='ltr'><strong>haec</strong></span> <span class='ocrx_word' id='word_1_600' title='bbox 2669 2720 2962 2774; x_wconf 89' lang='lat' dir='ltr'><strong>discutere.</strong></span> <span class='ocrx_word' id='word_1_601' title='bbox 2997 2721 3192 2775; x_wconf 88' lang='lat' dir='ltr'><strong>Porrro</strong></span> <span class='ocrx_word' id='word_1_602' title='bbox 3221 2735 3344 2776; x_wconf 91' lang='lat' dir='ltr'><strong>cum</strong></span> <span class='ocrx_word' id='word_1_603' title='bbox 3394 2721 3679 2775; x_wconf 85' lang='lat' dir='ltr'><strong>Anselmus</strong></span> 
     </span>
    </p>
   </div>
   <div class='ocr_carea' id='block_1_86' title="bbox 2074 2789 3676 2861">
    <p class='ocr_par' dir='ltr' id='par_1_86' title="bbox 2074 2789 3676 2861">
     <span class='ocr_line' id='line_1_87' title="bbox 2074 2789 3676 2861; baseline 0.001 -18"><span class='ocrx_word' id='word_1_604' title='bbox 2074 2789 2187 2858; x_wconf 90' lang='lat' dir='ltr'><strong>jam</strong></span> <span class='ocrx_word' id='word_1_605' title='bbox 2220 2789 2660 2859; x_wconf 88' lang='lat' dir='ltr'><strong>archiepiscopus</strong></span> <span class='ocrx_word' id='word_1_606' title='bbox 2689 2790 2863 2861; x_wconf 83' lang='lat' dir='ltr'><strong>factus</strong></span> <span class='ocrx_word' id='word_1_607' title='bbox 2908 2792 3184 2861; x_wconf 82' lang='lat' dir='ltr'><strong>scripserit</strong></span> <span class='ocrx_word' id='word_1_608' title='bbox 3221 2791 3290 2845; x_wconf 90' lang='lat' dir='ltr'><strong>ad</strong></span> <span class='ocrx_word' id='word_1_609' title='bbox 3339 2791 3676 2846; x_wconf 81' lang='lat' dir='ltr'><strong>Vulstanum.</strong></span> 
     </span>
    </p>
   </div>
   <div class='ocr_carea' id='block_1_87' title="bbox 2079 2860 3680 2931">
    <p class='ocr_par' dir='ltr' id='par_1_87' title="bbox 2079 2860 3680 2931">
     <span class='ocr_line' id='line_1_88' title="bbox 2079 2860 3680 2931; baseline 0.002 -18"><span class='ocrx_word' id='word_1_610' title='bbox 2079 2861 2448 2914; x_wconf 89' lang='lat' dir='ltr'><strong>crassissimus</strong></span> <span class='ocrx_word' id='word_1_611' title='bbox 2478 2876 2650 2927; x_wconf 89' lang='lat' dir='ltr'><strong>error,</strong></span> <span class='ocrx_word' id='word_1_612' title='bbox 2683 2860 2771 2928; x_wconf 89' lang='lat' dir='ltr'><strong>qui</strong></span> <span class='ocrx_word' id='word_1_613' title='bbox 2802 2862 2855 2914; x_wconf 93' lang='lat' dir='ltr'><strong>in</strong></span> <span class='ocrx_word' id='word_1_614' title='bbox 2896 2860 3031 2931; x_wconf 80' lang='lat' dir='ltr'><strong>ejus</strong></span> <span class='ocrx_word' id='word_1_615' title='bbox 3067 2862 3239 2915; x_wconf 85' lang='lat' dir='ltr'><strong>Vitam</strong></span> <span class='ocrx_word' id='word_1_616' title='bbox 3283 2862 3425 2916; x_wconf 88' lang='lat' dir='ltr'><strong>Surii</strong></span> <span class='ocrx_word' id='word_1_617' title='bbox 3480 2874 3615 2917; x_wconf 89' lang='lat' dir='ltr'><strong>tom.</strong></span> <span class='ocrx_word' id='word_1_618' title='bbox 3657 2863 3680 2916; x_wconf 93' lang='grc' dir='ltr'><strong>Ι</strong></span> 
     </span>
    </p>
   </div>
   <div class='ocr_carea' id='block_1_88' title="bbox 2079 2931 3680 3002">
    <p class='ocr_par' dir='ltr' id='par_1_88' title="bbox 2079 2931 3680 3002">
     <span class='ocr_line' id='line_1_89' title="bbox 2079 2931 3680 3002; baseline 0.002 -19"><span class='ocrx_word' id='word_1_619' title='bbox 2079 2932 2337 2984; x_wconf 88' lang='lat' dir='ltr'><strong>insertam</strong></span> <span class='ocrx_word' id='word_1_620' title='bbox 2383 2932 2617 3001; x_wconf 62' lang='lat' dir='ltr'><strong>irrepsit,</strong></span> <span class='ocrx_word' id='word_1_621' title='bbox 2670 2931 2829 2985; x_wconf 85' lang='lat' dir='ltr'><strong>facile</strong></span> <span class='ocrx_word' id='word_1_622' title='bbox 2874 2932 3324 2999; x_wconf 89' lang='lat' dir='ltr'><strong>deprehenditur,</strong></span> <span class='ocrx_word' id='word_1_623' title='bbox 3370 2933 3680 3002; x_wconf 81' lang='lat' dir='ltr'><strong>deprehen-</strong></span> 
     </span>
    </p>
   </div>
   <div class='ocr_carea' id='block_1_89' title="bbox 2080 3001 3684 3072">
    <p class='ocr_par' dir='ltr' id='par_1_89' title="bbox 2080 3001 3684 3072">
     <span class='ocr_line' id='line_1_90' title="bbox 2080 3001 3684 3072; baseline 0.001 -18"><span class='ocrx_word' id='word_1_624' title='bbox 2080 3017 2277 3072; x_wconf 89' lang='lat' dir='ltr'><strong>susque</strong></span> <span class='ocrx_word' id='word_1_625' title='bbox 2300 3001 2514 3056; x_wconf 90' lang='lat' dir='ltr'><strong>facilius</strong></span> <span class='ocrx_word' id='word_1_626' title='bbox 2543 3010 2715 3069; x_wconf 72' lang='lat' dir='ltr'><strong>potest</strong></span> <span class='ocrx_word' id='word_1_627' title='bbox 2744 3002 3046 3065; x_wconf 84' lang='lat' dir='ltr'><strong>emendari,</strong></span> <span class='ocrx_word' id='word_1_628' title='bbox 3069 3004 3275 3057; x_wconf 87' lang='lat' dir='ltr'><strong>scilicet</strong></span> <span class='ocrx_word' id='word_1_629' title='bbox 3311 3001 3454 3071; x_wconf 83' lang='lat' dir='ltr'><strong>quod</strong></span> <span class='ocrx_word' id='word_1_630' title='bbox 3483 3004 3684 3059; x_wconf 88' lang='lat' dir='ltr'><strong>obierit</strong></span> 
     </span>
    </p>
   </div>
   <div class='ocr_carea' id='block_1_90' title="bbox 2081 3072 3682 3141">
    <p class='ocr_par' dir='ltr' id='par_1_90' title="bbox 2081 3072 3682 3141">
     <span class='ocr_line' id='line_1_91' title="bbox 2081 3072 3682 3141; baseline 0.001 -15"><span class='ocrx_word' id='word_1_631' title='bbox 2081 3088 2226 3127; x_wconf 91' lang='lat' dir='ltr'><strong>anno</strong></span> <span class='ocrx_word' id='word_1_632' title='bbox 2264 3074 2395 3127; x_wconf 85' lang='grc'>1067</span> <span class='ocrx_word' id='word_1_633' title='bbox 2440 3073 2857 3128; x_wconf 85' lang='lat' dir='ltr'><strong>reclamantibus</strong></span> <span class='ocrx_word' id='word_1_634' title='bbox 2904 3074 3113 3127; x_wconf 87' lang='lat' dir='ltr'><strong>Thoma</strong></span> <span class='ocrx_word' id='word_1_635' title='bbox 3156 3072 3576 3141; x_wconf 71' lang='lat' dir='ltr'><strong>Walsinghamo</strong></span> <span class='ocrx_word' id='word_1_636' title='bbox 3626 3076 3682 3128; x_wconf 89' lang='lat' dir='ltr'><strong>in</strong></span> 
     </span>
    </p>
   </div>
   <div class='ocr_carea' id='block_1_91' title="bbox 2082 3143 3680 3213">
    <p class='ocr_par' dir='ltr' id='par_1_91' title="bbox 2082 3143 3680 3213">
     <span class='ocr_line' id='line_1_92' title="bbox 2082 3143 3680 3213; baseline 0.002 -17"><span class='ocrx_word' id='word_1_637' title='bbox 2082 3143 2480 3213; x_wconf 81' lang='lat' dir='ltr'><strong>Hypodigmate</strong></span> <span class='ocrx_word' id='word_1_638' title='bbox 2541 3145 2836 3208; x_wconf 74' lang='lat' dir='ltr'><strong>Neustriaa,</strong></span> <span class='ocrx_word' id='word_1_639' title='bbox 2897 3144 3084 3198; x_wconf 83' lang='lat' dir='ltr'><strong>Matth.</strong></span> <span class='ocrx_word' id='word_1_640' title='bbox 3152 3144 3320 3207; x_wconf 86' lang='lat' dir='ltr'><strong>Paris,</strong></span> <span class='ocrx_word' id='word_1_641' title='bbox 3386 3144 3680 3210; x_wconf 85' lang='lat' dir='ltr'><strong>Florentio,</strong></span> 
     </span>
    </p>
   </div>
   <div class='ocr_carea' id='block_1_92' title="bbox 2087 3212 3672 3286">
    <p class='ocr_par' dir='ltr' id='par_1_92' title="bbox 2087 3212 3672 3286">
     <span class='ocr_line' id='line_1_93' title="bbox 2087 3212 3672 3286; baseline 0.003 -20"><span class='ocrx_word' id='word_1_642' title='bbox 2087 3212 2494 3286; x_wconf 82' lang='lat' dir='ltr'><strong>Wigoruiensis</strong></span> <span class='ocrx_word' id='word_1_643' title='bbox 2526 3214 2729 3286; x_wconf 85' lang='lat' dir='ltr'><strong>Chron.</strong></span> <span class='ocrx_word' id='word_1_644' title='bbox 2764 3229 2893 3286; x_wconf 71' lang='lat' dir='ltr'><strong>pag.</strong></span> <span class='ocrx_word' id='word_1_645' title='bbox 2928 3214 3030 3267; x_wconf 76' lang='grc'><strong>462</strong></span> <span class='ocrx_word' id='word_1_646' title='bbox 3058 3212 3173 3286; x_wconf 78' lang='lat' dir='ltr'><strong>(qui</strong></span> <span class='ocrx_word' id='word_1_647' title='bbox 3199 3223 3355 3286; x_wconf 86' lang='lat' dir='ltr'><strong>antea</strong></span> <span class='ocrx_word' id='word_1_648' title='bbox 3406 3230 3533 3286; x_wconf 83' lang='lat' dir='ltr'><strong>pag.</strong></span> <span class='ocrx_word' id='word_1_649' title='bbox 3572 3220 3672 3271; x_wconf 72' lang='grc'>421</span> 
     </span>
    </p>
   </div>
   <div class='ocr_carea' id='block_1_93' title="bbox 2768 3284 3681 3355">
    <p class='ocr_par' dir='ltr' id='par_1_93' title="bbox 2768 3284 3681 3355">
     <span class='ocr_line' id='line_1_94' title="bbox 2768 3284 3681 3355; baseline 0.004 -19"><span class='ocrx_word' id='word_1_650' title='bbox 2768 3294 2820 3337; x_wconf 91' lang='lat' dir='ltr'><strong>et</strong></span> <span class='ocrx_word' id='word_1_651' title='bbox 2858 3284 3072 3355; x_wconf 79' lang='lat' dir='ltr'><strong>Rogero</strong></span> <span class='ocrx_word' id='word_1_652' title='bbox 3126 3285 3447 3350; x_wconf 85' lang='lat' dir='ltr'><strong>Houedeno,</strong></span> <span class='ocrx_word' id='word_1_653' title='bbox 3485 3284 3681 3354; x_wconf 77' lang='lat' dir='ltr'><strong>nempe</strong></span> 
     </span>
    </p>
   </div>
   <div class='ocr_carea' id='block_1_94' title="bbox 2080 3353 3680 3421">
    <p class='ocr_par' dir='ltr' id='par_1_94' title="bbox 2080 3353 3680 3421">
     <span class='ocr_line' id='line_1_95' title="bbox 2080 3353 3680 3421; baseline 0.001 -13"><span class='ocrx_word' id='word_1_654' title='bbox 2080 3364 2351 3409; x_wconf 82' lang='lat' dir='ltr'><strong>mortuum</strong></span> <span class='ocrx_word' id='word_1_655' title='bbox 2383 3372 2504 3410; x_wconf 89' lang='lat' dir='ltr'><strong>esse</strong></span> <span class='ocrx_word' id='word_1_656' title='bbox 2535 3371 2678 3408; x_wconf 88' lang='lat' dir='ltr'><strong>anno</strong></span> <span class='ocrx_word' id='word_1_657' title='bbox 2712 3355 2873 3409; x_wconf 74' lang='grc'>1095.</span> <span class='ocrx_word' id='word_1_658' title='bbox 2905 3353 3064 3421; x_wconf 88' lang='lat' dir='ltr'><strong>Quod</strong></span> <span class='ocrx_word' id='word_1_659' title='bbox 3115 3362 3260 3409; x_wconf 88' lang='lat' dir='ltr'><strong>certe</strong></span> <span class='ocrx_word' id='word_1_660' title='bbox 3308 3353 3680 3410; x_wconf 76' lang='lat' dir='ltr'><strong>neceSSarium</strong></span> 
     </span>
    </p>
   </div>
   <div class='ocr_carea' id='block_1_95' title="bbox 2079 3424 3683 3490">
    <p class='ocr_par' dir='ltr' id='par_1_95' title="bbox 2079 3424 3683 3490">
     <span class='ocr_line' id='line_1_96' title="bbox 2079 3424 3683 3490; baseline 0.001 -10"><span class='ocrx_word' id='word_1_661' title='bbox 2079 3434 2178 3490; x_wconf 88' lang='lat' dir='ltr'><strong>est,</strong></span> <span class='ocrx_word' id='word_1_662' title='bbox 2212 3442 2339 3480; x_wconf 91' lang='lat' dir='ltr'><strong>cum</strong></span> <span class='ocrx_word' id='word_1_663' title='bbox 2388 3425 2514 3479; x_wconf 90' lang='lat' dir='ltr'><strong>alibi</strong></span> <span class='ocrx_word' id='word_1_664' title='bbox 2558 3424 2961 3480; x_wconf 89' lang='lat' dir='ltr'><strong>ostenderimus</strong></span> <span class='ocrx_word' id='word_1_665' title='bbox 3006 3424 3320 3478; x_wconf 85' lang='lat' dir='ltr'><strong>Anselmum</strong></span> <span class='ocrx_word' id='word_1_666' title='bbox 3365 3425 3468 3479; x_wconf 86' lang='lat' dir='ltr'><strong>sub</strong></span> <span class='ocrx_word' id='word_1_667' title='bbox 3517 3426 3683 3481; x_wconf 81' lang='lat' dir='ltr'><strong>linem</strong></span> 
     </span>
    </p>
   </div>
   <div class='ocr_carea' id='block_1_96' title="bbox 2078 3494 3681 3566">
    <p class='ocr_par' dir='ltr' id='par_1_96' title="bbox 2078 3494 3681 3566">
     <span class='ocr_line' id='line_1_97' title="bbox 2078 3494 3681 3566; baseline 0 -15"><span class='ocrx_word' id='word_1_668' title='bbox 2078 3496 2209 3551; x_wconf 89' lang='lat' dir='ltr'><strong>anni</strong></span> <span class='ocrx_word' id='word_1_669' title='bbox 2246 3497 2381 3551; x_wconf 84' lang='grc'>1093</span> <span class='ocrx_word' id='word_1_670' title='bbox 2413 3505 2795 3551; x_wconf 86' lang='lat' dir='ltr'><strong>consecratum</strong></span> <span class='ocrx_word' id='word_1_671' title='bbox 2825 3494 2993 3550; x_wconf 89' lang='lat' dir='ltr'><strong>fuisse</strong></span> <span class='ocrx_word' id='word_1_672' title='bbox 3039 3495 3526 3566; x_wconf 86' lang='lat' dir='ltr'><strong>archiepiscopum.</strong></span> <span class='ocrx_word' id='word_1_673' title='bbox 3561 3496 3681 3565; x_wconf 88' lang='lat' dir='ltr'><strong>Quo</strong></span> 
     </span>
    </p>
   </div>
   <div class='ocr_carea' id='block_1_97' title="bbox 2078 3567 3677 3639">
    <p class='ocr_par' dir='ltr' id='par_1_97' title="bbox 2078 3567 3677 3639">
     <span class='ocr_line' id='line_1_98' title="bbox 2078 3567 3677 3639; baseline 0.002 -19"><span class='ocrx_word' id='word_1_674' title='bbox 2078 3568 2299 3639; x_wconf 90' lang='lat' dir='ltr'><strong>quidem</strong></span> <span class='ocrx_word' id='word_1_675' title='bbox 2331 3575 2656 3639; x_wconf 82' lang='lat' dir='ltr'><strong>argumento</strong></span> <span class='ocrx_word' id='word_1_676' title='bbox 2688 3567 2815 3639; x_wconf 91' lang='lat' dir='ltr'><strong>licet</strong></span> <span class='ocrx_word' id='word_1_677' title='bbox 2840 3582 3168 3639; x_wconf 79' lang='lat' dir='ltr'><strong>careremus,</strong></span> <span class='ocrx_word' id='word_1_678' title='bbox 3205 3577 3387 3620; x_wconf 89' lang='lat' dir='ltr'><strong>tamen</strong></span> <span class='ocrx_word' id='word_1_679' title='bbox 3418 3567 3521 3621; x_wconf 89' lang='lat' dir='ltr'><strong>alia</strong></span> <span class='ocrx_word' id='word_1_680' title='bbox 3551 3569 3677 3638; x_wconf 92' lang='lat' dir='ltr'><strong>ple-</strong></span> 
     </span>
    </p>
   </div>
   <div class='ocr_carea' id='block_1_98' title="bbox 2078 3637 3679 3709">
    <p class='ocr_par' dir='ltr' id='par_1_98' title="bbox 2078 3637 3679 3709">
     <span class='ocr_line' id='line_1_99' title="bbox 2078 3637 3679 3709; baseline 0.002 -18"><span class='ocrx_word' id='word_1_681' title='bbox 2078 3637 2250 3709; x_wconf 74' lang='lat' dir='ltr'><strong>raque</strong></span> <span class='ocrx_word' id='word_1_682' title='bbox 2279 3638 2335 3691; x_wconf 92' lang='lat' dir='ltr'><strong>in</strong></span> <span class='ocrx_word' id='word_1_683' title='bbox 2364 3637 2668 3709; x_wconf 82' lang='lat' dir='ltr'><strong>Anglorum</strong></span> <span class='ocrx_word' id='word_1_684' title='bbox 2701 3637 2948 3709; x_wconf 73' lang='lat' dir='ltr'><strong>historias</strong></span> <span class='ocrx_word' id='word_1_685' title='bbox 2977 3638 3146 3691; x_wconf 85' lang='lat' dir='ltr'><strong>relata</strong></span> <span class='ocrx_word' id='word_1_686' title='bbox 3169 3648 3540 3708; x_wconf 78' lang='lat' dir='ltr'><strong>coarguerunt</strong></span> <span class='ocrx_word' id='word_1_687' title='bbox 3560 3637 3679 3693; x_wconf 86' lang='lat' dir='ltr'><strong>non</strong></span> 
     </span>
    </p>
   </div>
   <div class='ocr_carea' id='block_1_99' title="bbox 2077 3708 3675 3779">
    <p class='ocr_par' dir='ltr' id='par_1_99' title="bbox 2077 3708 3675 3779">
     <span class='ocr_line' id='line_1_100' title="bbox 2077 3708 3675 3779; baseline 0.001 -17"><span class='ocrx_word' id='word_1_688' title='bbox 2077 3725 2200 3763; x_wconf 89' lang='lat' dir='ltr'><strong>esse</strong></span> <span class='ocrx_word' id='word_1_689' title='bbox 2232 3710 2374 3763; x_wconf 91' lang='lat' dir='ltr'><strong>hunc</strong></span> <span class='ocrx_word' id='word_1_690' title='bbox 2406 3708 2646 3763; x_wconf 87' lang='lat' dir='ltr'><strong>defuncti</strong></span> <span class='ocrx_word' id='word_1_691' title='bbox 2676 3708 2920 3763; x_wconf 86' lang='lat' dir='ltr'><strong>Vulstani</strong></span> <span class='ocrx_word' id='word_1_692' title='bbox 2970 3723 3190 3779; x_wconf 87' lang='lat' dir='ltr'><strong>annum.</strong></span> <span class='ocrx_word' id='word_1_693' title='bbox 3227 3709 3290 3762; x_wconf 89' lang='lat' dir='ltr'><strong>Et</strong></span> <span class='ocrx_word' id='word_1_694' title='bbox 3318 3724 3383 3763; x_wconf 90' lang='lat' dir='ltr'><strong>ex</strong></span> <span class='ocrx_word' id='word_1_695' title='bbox 3420 3710 3502 3762; x_wconf 83' lang='lat' dir='ltr'><strong>his</strong></span> <span class='ocrx_word' id='word_1_696' title='bbox 3549 3710 3675 3779; x_wconf 88' lang='lat' dir='ltr'><strong>qui-</strong></span> 
     </span>
    </p>
   </div>
   <div class='ocr_carea' id='block_1_100' title="bbox 2078 3778 3679 3850">
    <p class='ocr_par' dir='ltr' id='par_1_100' title="bbox 2078 3778 3679 3850">
     <span class='ocr_line' id='line_1_101' title="bbox 2078 3778 3679 3850; baseline 0.002 -18"><span class='ocrx_word' id='word_1_697' title='bbox 2078 3780 2204 3833; x_wconf 88' lang='lat' dir='ltr'><strong>dem</strong></span> <span class='ocrx_word' id='word_1_698' title='bbox 2232 3780 2577 3849; x_wconf 88' lang='lat' dir='ltr'><strong>perspicuum</strong></span> <span class='ocrx_word' id='word_1_699' title='bbox 2610 3788 2692 3834; x_wconf 87' lang='lat' dir='ltr'><strong>est</strong></span> <span class='ocrx_word' id='word_1_700' title='bbox 2718 3780 2930 3850; x_wconf 86' lang='lat' dir='ltr'><strong>quando</strong></span> <span class='ocrx_word' id='word_1_701' title='bbox 2962 3780 3058 3833; x_wconf 90' lang='lat' dir='ltr'><strong>has</strong></span> <span class='ocrx_word' id='word_1_702' title='bbox 3105 3778 3175 3833; x_wconf 89' lang='lat' dir='ltr'><strong>ad</strong></span> <span class='ocrx_word' id='word_1_703' title='bbox 3225 3779 3542 3833; x_wconf 89' lang='lat' dir='ltr'><strong>Vulstanum</strong></span> <span class='ocrx_word' id='word_1_704' title='bbox 3570 3778 3679 3835; x_wconf 84' lang='lat' dir='ltr'><strong>lit-</strong></span> 
     </span>
    </p>
   </div>
   <div class='ocr_carea' id='block_1_101' title="bbox 2076 3850 3681 3918">
    <p class='ocr_par' dir='ltr' id='par_1_101' title="bbox 2076 3850 3681 3918">
     <span class='ocr_line' id='line_1_102' title="bbox 2076 3850 3681 3918; baseline 0.001 -15"><span class='ocrx_word' id='word_1_705' title='bbox 2076 3858 2213 3905; x_wconf 88' lang='lat' dir='ltr'><strong>teras</strong></span> <span class='ocrx_word' id='word_1_706' title='bbox 2241 3851 2529 3904; x_wconf 83' lang='lat' dir='ltr'><strong>Anselmus</strong></span> <span class='ocrx_word' id='word_1_707' title='bbox 2559 3850 2785 3913; x_wconf 87' lang='lat' dir='ltr'><strong>dederit,</strong></span> <span class='ocrx_word' id='word_1_708' title='bbox 2839 3865 3033 3918; x_wconf 90' lang='lat' dir='ltr'><strong>nempe</strong></span> <span class='ocrx_word' id='word_1_709' title='bbox 3090 3864 3233 3903; x_wconf 87' lang='lat' dir='ltr'><strong>anno</strong></span> <span class='ocrx_word' id='word_1_710' title='bbox 3263 3850 3422 3913; x_wconf 64' lang='lat'><strong>1095.,</strong></span> <span class='ocrx_word' id='word_1_711' title='bbox 3448 3867 3566 3905; x_wconf 90' lang='lat' dir='ltr'><strong>cum</strong></span> <span class='ocrx_word' id='word_1_712' title='bbox 3592 3868 3681 3905; x_wconf 90' lang='lat' dir='ltr'><strong>su-</strong></span> 
     </span>
    </p>
   </div>
   <div class='ocr_carea' id='block_1_102' title="bbox 2074 3920 3675 3991">
    <p class='ocr_par' dir='ltr' id='par_1_102' title="bbox 2074 3920 3675 3991">
     <span class='ocr_line' id='line_1_103' title="bbox 2074 3920 3675 3991; baseline 0.001 -17"><span class='ocrx_word' id='word_1_713' title='bbox 2074 3922 2258 3991; x_wconf 88' lang='lat' dir='ltr'><strong>perius</strong></span> <span class='ocrx_word' id='word_1_714' title='bbox 2289 3921 2685 3976; x_wconf 88' lang='lat' dir='ltr'><strong>ostenderimus</strong></span> <span class='ocrx_word' id='word_1_715' title='bbox 2716 3921 3034 3973; x_wconf 86' lang='lat' dir='ltr'><strong>Anselmum</strong></span> <span class='ocrx_word' id='word_1_716' title='bbox 3088 3928 3311 3973; x_wconf 88' lang='lat' dir='ltr'><strong>unctum</strong></span> <span class='ocrx_word' id='word_1_717' title='bbox 3359 3920 3522 3975; x_wconf 88' lang='lat' dir='ltr'><strong>fuisse</strong></span> <span class='ocrx_word' id='word_1_718' title='bbox 3571 3924 3675 3975; x_wconf 91' lang='lat' dir='ltr'><strong>sub</strong></span> 
     </span>
    </p>
   </div>
   <div class='ocr_carea' id='block_1_103' title="bbox 2076 3991 3677 4060">
    <p class='ocr_par' dir='ltr' id='par_1_103' title="bbox 2076 3991 3677 4060">
     <span class='ocr_line' id='line_1_104' title="bbox 2076 3991 3677 4060; baseline 0.002 -16"><span class='ocrx_word' id='word_1_719' title='bbox 2076 3991 2238 4045; x_wconf 87' lang='lat' dir='ltr'><strong>ﬁnem</strong></span> <span class='ocrx_word' id='word_1_720' title='bbox 2295 3993 2423 4046; x_wconf 90' lang='lat' dir='ltr'><strong>anni</strong></span> <span class='ocrx_word' id='word_1_721' title='bbox 2478 3995 2636 4057; x_wconf 78' lang='grc'>1003,</span> <span class='ocrx_word' id='word_1_722' title='bbox 2698 3991 3019 4047; x_wconf 88' lang='lat' dir='ltr'><strong>Vulstanum</strong></span> <span class='ocrx_word' id='word_1_723' title='bbox 3079 3991 3359 4060; x_wconf 82' lang='lat' dir='ltr'><strong>expirasse</strong></span> <span class='ocrx_word' id='word_1_724' title='bbox 3415 3992 3469 4046; x_wconf 92' lang='lat' dir='ltr'><strong>in</strong></span> <span class='ocrx_word' id='word_1_725' title='bbox 3525 3991 3677 4047; x_wconf 92' lang='lat' dir='ltr'><strong>initio</strong></span> 
     </span>
    </p>
   </div>
   <div class='ocr_carea' id='block_1_104' title="bbox 2147 4132 3670 4202">
    <p class='ocr_par' dir='ltr' id='par_1_104' title="bbox 2147 4132 3670 4202">
     <span class='ocr_line' id='line_1_105' title="bbox 2147 4132 3670 4202; baseline 0.001 -15"><span class='ocrx_word' id='word_1_726' title='bbox 2147 4134 2222 4202; x_wconf 85' lang='lat'><strong>(6)</strong></span> <span class='ocrx_word' id='word_1_727' title='bbox 2258 4134 2361 4201; x_wconf 84' lang='lat' dir='ltr'><strong>Qui</strong></span> <span class='ocrx_word' id='word_1_728' title='bbox 2389 4132 2654 4188; x_wconf 81' lang='lat' dir='ltr'><strong>viderunt</strong></span> <span class='ocrx_word' id='word_1_729' title='bbox 2670 4136 3085 4187; x_wconf 81' lang='lat' dir='ltr'><strong>antecessorem</strong></span> <span class='ocrx_word' id='word_1_730' title='bbox 3118 4147 3310 4186; x_wconf 82' lang='lat' dir='ltr'><strong>meum</strong></span> <span class='ocrx_word' id='word_1_731' title='bbox 3330 4132 3670 4189; x_wconf 66' lang='lat' dir='ltr'><strong>venerabilis</strong></span> 
     </span>
    </p>
   </div>
   <div class='ocr_carea' id='block_1_105' title="bbox 2074 4203 3670 4272">
    <p class='ocr_par' dir='ltr' id='par_1_105' title="bbox 2074 4203 3670 4272">
     <span class='ocr_line' id='line_1_106' title="bbox 2074 4203 3670 4272; baseline 0 -14"><span class='ocrx_word' id='word_1_732' title='bbox 2074 4206 2361 4259; x_wconf 64' lang='lat' dir='ltr'><strong>ine-marite</strong></span> <span class='ocrx_word' id='word_1_733' title='bbox 2385 4205 2793 4272; x_wconf 79' lang='lat' dir='ltr'><strong>Lanfrancum.</strong></span> <span class='ocrx_word' id='word_1_734' title='bbox 2820 4204 3110 4256; x_wconf 89' lang='lat' dir='ltr'><strong>Anselmus</strong></span> <span class='ocrx_word' id='word_1_735' title='bbox 3130 4203 3347 4272; x_wconf 88' lang='lat' dir='ltr'><strong>quidem</strong></span> <span class='ocrx_word' id='word_1_736' title='bbox 3368 4205 3670 4272; x_wconf 86' lang='lat' dir='ltr'><strong>generatim</strong></span> 
     </span>
    </p>
   </div>
   <div class='ocr_carea' id='block_1_106' title="bbox 2076 4273 3671 4342">
    <p class='ocr_par' dir='ltr' id='par_1_106' title="bbox 2076 4273 3671 4342">
     <span class='ocr_line' id='line_1_107' title="bbox 2076 4273 3671 4342; baseline 0.001 -15"><span class='ocrx_word' id='word_1_737' title='bbox 2076 4274 2208 4328; x_wconf 83' lang='lat' dir='ltr'><strong>dixit</strong></span> <span class='ocrx_word' id='word_1_738' title='bbox 2263 4282 2316 4327; x_wconf 89' lang='lat' dir='ltr'><strong>et</strong></span> <span class='ocrx_word' id='word_1_739' title='bbox 2371 4275 2618 4335; x_wconf 80' lang='lat' dir='ltr'><strong>asseruit,</strong></span> <span class='ocrx_word' id='word_1_740' title='bbox 2665 4290 2731 4327; x_wconf 88' lang='lat' dir='ltr'><strong>ex</strong></span> <span class='ocrx_word' id='word_1_741' title='bbox 2789 4288 3002 4327; x_wconf 91' lang='lat' dir='ltr'><strong>rumore</strong></span> <span class='ocrx_word' id='word_1_742' title='bbox 3060 4273 3326 4342; x_wconf 88' lang='lat' dir='ltr'><strong>p0pulari.</strong></span> <span class='ocrx_word' id='word_1_743' title='bbox 3361 4275 3671 4331; x_wconf 86' lang='lat' dir='ltr'><strong>exercuisse</strong></span> 
     </span>
    </p>
   </div>
   <div class='ocr_carea' id='block_1_107' title="bbox 2075 4343 3672 4416">
    <p class='ocr_par' dir='ltr' id='par_1_107' title="bbox 2075 4343 3672 4416">
     <span class='ocr_line' id='line_1_108' title="bbox 2075 4343 3672 4416; baseline -0.001 -16"><span class='ocrx_word' id='word_1_744' title='bbox 2075 4346 2427 4400; x_wconf 77' lang='lat' dir='ltr'><strong>Lanl&#39;rancum</strong></span> <span class='ocrx_word' id='word_1_745' title='bbox 2461 4346 2511 4398; x_wconf 90' lang='lat' dir='ltr'><strong>in</strong></span> <span class='ocrx_word' id='word_1_746' title='bbox 2545 4343 3139 4416; x_wconf 55' lang='lat' dir='ltr'><strong>viliispantuariensis</strong></span> <span class='ocrx_word' id='word_1_747' title='bbox 3164 4343 3467 4416; x_wconf 57' lang='lat' dir='ltr'><strong>Ecclesia,</strong></span> <span class='ocrx_word' id='word_1_748' title='bbox 3501 4345 3672 4416; x_wconf 89' lang='lat' dir='ltr'><strong>quid-</strong></span> 
     </span>
    </p>
   </div>
   <div class='ocr_carea' id='block_1_108' title="bbox 2075 4412 3668 4487">
    <p class='ocr_par' dir='ltr' id='par_1_108' title="bbox 2075 4412 3668 4487">
     <span class='ocr_line' id='line_1_109' title="bbox 2075 4412 3668 4487; baseline 0.001 -18"><span class='ocrx_word' id='word_1_749' title='bbox 2075 4416 2206 4487; x_wconf 92' lang='lat' dir='ltr'><strong>quid</strong></span> <span class='ocrx_word' id='word_1_750' title='bbox 2236 4416 2303 4469; x_wconf 89' lang='lat' dir='ltr'><strong>ad</strong></span> <span class='ocrx_word' id='word_1_751' title='bbox 2336 4416 2518 4487; x_wconf 86' lang='lat' dir='ltr'><strong>munia</strong></span> <span class='ocrx_word' id='word_1_752' title='bbox 2565 4414 2854 4487; x_wconf 60' lang='lat' dir='ltr'><strong>pontificis</strong></span> <span class='ocrx_word' id='word_1_753' title='bbox 2864 4417 3115 4487; x_wconf 74' lang='lat' dir='ltr'><strong>pertinet,</strong></span> <span class='ocrx_word' id='word_1_754' title='bbox 3159 4412 3491 4487; x_wconf 83' lang='lat' dir='ltr'><strong>Laufrancus</strong></span> <span class='ocrx_word' id='word_1_755' title='bbox 3520 4412 3668 4487; x_wconf 56' lang='lat' dir='ltr'><strong>&#39;vero</strong></span> 
     </span>
    </p>
   </div>
   <div class='ocr_carea' id='block_1_109' title="bbox 2076 4485 3670 4557">
    <p class='ocr_par' dir='ltr' id='par_1_109' title="bbox 2076 4485 3670 4557">
     <span class='ocr_line' id='line_1_110' title="bbox 2076 4485 3670 4557; baseline 0 -15"><span class='ocrx_word' id='word_1_756' title='bbox 2076 4485 2128 4542; x_wconf 85' lang='lat' dir='ltr'><strong>in</strong></span> <span class='ocrx_word' id='word_1_757' title='bbox 2151 4486 2382 4554; x_wconf 89' lang='lat' dir='ltr'><strong>epistola</strong></span> <span class='ocrx_word' id='word_1_758' title='bbox 2402 4487 2469 4540; x_wconf 88' lang='lat' dir='ltr'><strong>ad</strong></span> <span class='ocrx_word' id='word_1_759' title='bbox 2490 4485 2809 4557; x_wconf 81' lang='lat' dir='ltr'><strong>Stigandum</strong></span> <span class='ocrx_word' id='word_1_760' title='bbox 2834 4485 3134 4557; x_wconf 70' lang='lat' dir='ltr'><strong>Winloniae</strong></span> <span class='ocrx_word' id='word_1_761' title='bbox 3167 4485 3459 4557; x_wconf 81' lang='lat' dir='ltr'><strong>antistitem</strong></span> <span class='ocrx_word' id='word_1_762' title='bbox 3507 4486 3670 4556; x_wconf 82' lang='lat' dir='ltr'><strong>paulo</strong></span> 
     </span>
    </p>
   </div>
   <div class='ocr_carea' id='block_1_110' title="bbox 2076 4555 3668 4625">
    <p class='ocr_par' dir='ltr' id='par_1_110' title="bbox 2076 4555 3668 4625">
     <span class='ocr_line' id='line_1_111' title="bbox 2076 4555 3668 4625; baseline 0 -14"><span class='ocrx_word' id='word_1_763' title='bbox 2076 4558 2323 4611; x_wconf 38' lang='lat' dir='ltr'><strong>subtilius</strong></span> <span class='ocrx_word' id='word_1_764' title='bbox 2355 4573 2470 4611; x_wconf 91' lang='lat' dir='ltr'><strong>rem</strong></span> <span class='ocrx_word' id='word_1_765' title='bbox 2504 4555 2643 4611; x_wconf 83' lang='lat' dir='ltr'><strong>hanc</strong></span> <span class='ocrx_word' id='word_1_766' title='bbox 2674 4557 2942 4610; x_wconf 90' lang='lat' dir='ltr'><strong>disserere</strong></span> <span class='ocrx_word' id='word_1_767' title='bbox 2964 4555 3195 4619; x_wconf 89' lang='lat' dir='ltr'><strong>videtur,</strong></span> <span class='ocrx_word' id='word_1_768' title='bbox 3230 4555 3668 4625; x_wconf 61' lang='lat' dir='ltr'><strong>iuquiensiCle-</strong></span> 
     </span>
    </p>
   </div>
   <div class='ocr_carea' id='block_1_111' title="bbox 385 4625 3665 4700">
    <p class='ocr_par' dir='ltr' id='par_1_111' title="bbox 385 4625 3665 4700">
     <span class='ocr_line' id='line_1_112' title="bbox 385 4625 3665 4700; baseline -0.002 -13"><span class='ocrx_word' id='word_1_769' title='bbox 385 4632 629 4694; x_wconf 86' lang='lat' dir='ltr'><strong>Palladii,</strong></span> <span class='ocrx_word' id='word_1_770' title='bbox 661 4625 782 4700; x_wconf 80' lang='lat' dir='ltr'><strong>cap.</strong></span> <span class='ocrx_word' id='word_1_771' title='bbox 817 4633 921 4695; x_wconf 85' lang='lat'><strong>60;</strong></span> <span class='ocrx_word' id='word_1_772' title='bbox 954 4632 1167 4700; x_wconf 82' lang='lat' dir='ltr'><strong>Tripar.</strong></span> <span class='ocrx_word' id='word_1_773' title='bbox 1200 4630 1291 4683; x_wconf 88' lang='lat' dir='ltr'><strong>lib.</strong></span> <span class='ocrx_word' id='word_1_774' title='bbox 1325 4634 1646 4698; x_wconf 83' lang='lat' dir='ltr'><strong>vtu,cap.t,</strong></span> <span class='ocrx_word' id='word_1_775' title='bbox 1671 4637 1724 4682; x_wconf 91' lang='lat' dir='ltr'><strong>et</strong></span> <span class='ocrx_word' id='word_1_776' title='bbox 1746 4630 1967 4700; x_wconf 8' lang='lat' dir='ltr'><strong>Sozoﬁm.</strong></span> <span class='ocrx_word' id='word_1_777' title='bbox 1997 4636 2050 4697; x_wconf 85' lang='lat'><strong>1)</strong></span> <span class='ocrx_word' id='word_1_778' title='bbox 2078 4628 2174 4683; x_wconf 89' lang='lat' dir='ltr'><strong>rici</strong></span> <span class='ocrx_word' id='word_1_779' title='bbox 2203 4628 2454 4682; x_wconf 83' lang='lat' dir='ltr'><strong>villarum</strong></span> <span class='ocrx_word' id='word_1_780' title='bbox 2478 4636 2798 4700; x_wconf 86' lang='lat' dir='ltr'><strong>nostrarum,</strong></span> <span class='ocrx_word' id='word_1_781' title='bbox 2832 4625 3005 4700; x_wconf 90' lang='lat' dir='ltr'><strong>quiin</strong></span> <span class='ocrx_word' id='word_1_782' title='bbox 3039 4635 3224 4700; x_wconf 79' lang='lat' dir='ltr'><strong>vestra</strong></span> <span class='ocrx_word' id='word_1_783' title='bbox 3275 4626 3498 4700; x_wconf 43' lang='lat' dir='ltr'><strong>dioecesi</strong></span> <span class='ocrx_word' id='word_1_784' title='bbox 3545 4629 3665 4682; x_wconf 86' lang='lat' dir='ltr'><strong>exi—</strong></span> 
     </span>
    </p>
   </div>
   <div class='ocr_carea' id='block_1_112' title="bbox 386 4699 1969 4770">
    <p class='ocr_par' dir='ltr' id='par_1_112' title="bbox 386 4699 1969 4770">
     <span class='ocr_line' id='line_1_113' title="bbox 386 4699 1969 4770; baseline -0.004 -12"><span class='ocrx_word' id='word_1_785' title='bbox 386 4703 483 4758; x_wconf 88' lang='lat' dir='ltr'><strong>lib.</strong></span> <span class='ocrx_word' id='word_1_786' title='bbox 516 4718 588 4763; x_wconf 78' lang='lat' dir='ltr'><strong>Vl.</strong></span> <span class='ocrx_word' id='word_1_787' title='bbox 620 4699 871 4770; x_wconf 67' lang='lat' dir='ltr'><strong>cap.28;</strong></span> <span class='ocrx_word' id='word_1_788' title='bbox 925 4702 992 4756; x_wconf 93' lang='lat' dir='ltr'><strong>D.</strong></span> <span class='ocrx_word' id='word_1_789' title='bbox 1056 4699 1344 4755; x_wconf 85' lang='lat' dir='ltr'><strong>Vulstanus</strong></span> <span class='ocrx_word' id='word_1_790' title='bbox 1402 4716 1545 4755; x_wconf 92' lang='lat' dir='ltr'><strong>anno</strong></span> <span class='ocrx_word' id='word_1_791' title='bbox 1603 4701 1738 4753; x_wconf 76' lang='grc'>1078</span> <span class='ocrx_word' id='word_1_792' title='bbox 1796 4699 1969 4753; x_wconf 86' lang='lat' dir='ltr'><strong>adfuit</strong></span> 
     </span>
    </p>
   </div>
   <div class='ocr_carea' id='block_1_113' title="bbox 384 4771 1971 4845">
    <p class='ocr_par' dir='ltr' id='par_1_113' title="bbox 384 4771 1971 4845">
     <span class='ocr_line' id='line_1_114' title="bbox 384 4771 1971 4845; baseline -0.003 -17"><span class='ocrx_word' id='word_1_793' title='bbox 384 4771 842 4845; x_wconf 24' lang='lat' dir='ltr'><strong>synodoALOudini</strong></span> <span class='ocrx_word' id='word_1_794' title='bbox 869 4772 1159 4845; x_wconf 69' lang='lat' dir='ltr'><strong>habitar,_in</strong></span> <span class='ocrx_word' id='word_1_795' title='bbox 1178 4788 1279 4845; x_wconf 81' lang='lat' dir='ltr'><strong>qua</strong></span> <span class='ocrx_word' id='word_1_796' title='bbox 1299 4771 1584 4845; x_wconf 65' lang='lat' dir='ltr'><strong>VYillelmo</strong></span> <span class='ocrx_word' id='word_1_797' title='bbox 1604 4786 1740 4845; x_wconf 5' lang='lat' dir='ltr'><strong>rege,</strong></span> <span class='ocrx_word' id='word_1_798' title='bbox 1751 4779 1971 4845; x_wconf 79' lang='lat' dir='ltr'><strong>agente,</strong></span> 
     </span>
    </p>
   </div>
   <div class='ocr_carea' id='block_1_114' title="bbox 385 4841 1974 4912">
    <p class='ocr_par' dir='ltr' id='par_1_114' title="bbox 385 4841 1974 4912">
     <span class='ocr_line' id='line_1_115' title="bbox 385 4841 1974 4912; baseline -0.004 -12"><span class='ocrx_word' id='word_1_799' title='bbox 385 4841 441 4900; x_wconf 77' lang='lat' dir='ltr'><strong>et</strong></span> <span class='ocrx_word' id='word_1_800' title='bbox 468 4843 780 4898; x_wconf 74' lang='lat' dir='ltr'><strong>Laut&#39;mnco</strong></span> <span class='ocrx_word' id='word_1_801' title='bbox 805 4843 1031 4910; x_wconf 90' lang='lat' dir='ltr'><strong>jubente</strong></span> <span class='ocrx_word' id='word_1_802' title='bbox 1060 4843 1131 4897; x_wconf 92' lang='lat' dir='ltr'><strong>ob</strong></span> <span class='ocrx_word' id='word_1_803' title='bbox 1178 4842 1499 4908; x_wconf 80' lang='lat' dir='ltr'><strong>imperitiam</strong></span> <span class='ocrx_word' id='word_1_804' title='bbox 1545 4842 1671 4912; x_wconf 87' lang='lat' dir='ltr'><strong>(etsi</strong></span> <span class='ocrx_word' id='word_1_805' title='bbox 1694 4841 1852 4895; x_wconf 89' lang='lat' dir='ltr'><strong>aliter</strong></span> <span class='ocrx_word' id='word_1_806' title='bbox 1881 4857 1974 4912; x_wconf 85' lang='lat' dir='ltr'><strong>se-</strong></span> 
     </span>
    </p>
   </div>
   <div class='ocr_carea' id='block_1_115' title="bbox 384 4911 1976 4980">
    <p class='ocr_par' dir='ltr' id='par_1_115' title="bbox 384 4911 1976 4980">
     <span class='ocr_line' id='line_1_116' title="bbox 384 4911 1976 4980; baseline -0.004 -10"><span class='ocrx_word' id='word_1_807' title='bbox 384 4924 543 4970; x_wconf 88' lang='lat' dir='ltr'><strong>natus</strong></span> <span class='ocrx_word' id='word_1_808' title='bbox 631 4916 950 4980; x_wconf 85' lang='lat' dir='ltr'><strong>Bravonius,</strong></span> <span class='ocrx_word' id='word_1_809' title='bbox 1017 4912 1360 4980; x_wconf 79' lang='lat' dir='ltr'><strong>Malmesber,</strong></span> <span class='ocrx_word' id='word_1_810' title='bbox 1432 4920 1484 4966; x_wconf 89' lang='lat' dir='ltr'><strong>et</strong></span> <span class='ocrx_word' id='word_1_811' title='bbox 1560 4911 1763 4965; x_wconf 79' lang='lat' dir='ltr'><strong>Matth.</strong></span> <span class='ocrx_word' id='word_1_812' title='bbox 1830 4911 1976 4965; x_wconf 84' lang='lat' dir='ltr'><strong>Paris</strong></span> 
     </span>
    </p>
   </div>
   <div class='ocr_carea' id='block_1_116' title="bbox 382 4983 1968 5059">
    <p class='ocr_par' dir='ltr' id='par_1_116' title="bbox 382 4983 1968 5059">
     <span class='ocr_line' id='line_1_117' title="bbox 382 4983 1968 5059; baseline -0.003 -19"><span class='ocrx_word' id='word_1_813' title='bbox 382 4986 699 5059; x_wconf 63' lang='lat' dir='ltr'><strong>loquantur)</strong></span> <span class='ocrx_word' id='word_1_814' title='bbox 717 4990 940 5059; x_wconf 81' lang='lat' dir='ltr'><strong>coactus</strong></span> <span class='ocrx_word' id='word_1_815' title='bbox 960 4984 1291 5059; x_wconf 26' lang='lat' dir='ltr'><strong>et‘insignia</strong></span> <span class='ocrx_word' id='word_1_816' title='bbox 1308 4983 1639 5053; x_wconf 83' lang='lat' dir='ltr'><strong>episcopalia</strong></span> <span class='ocrx_word' id='word_1_817' title='bbox 1660 4983 1940 5059; x_wconf 80' lang='lat' dir='ltr'><strong>deponere</strong></span> <span class='ocrx_word' id='word_1_818' title='bbox 1954 5022 1968 5036; x_wconf 94' lang='lat'><strong>.</strong></span> 
     </span>
    </p>
   </div>
   <div class='ocr_carea' id='block_1_117' title="bbox 385 5055 1976 5115">
    <p class='ocr_par' dir='ltr' id='par_1_117' title="bbox 385 5055 1976 5115">
     <span class='ocr_line' id='line_1_118' title="bbox 385 5055 1976 5115; baseline -0.004 -2"><span class='ocrx_word' id='word_1_819' title='bbox 385 5055 667 5113; x_wconf 51' lang='lat' dir='ltr'><strong>Et&#39;revera</strong></span> <span class='ocrx_word' id='word_1_820' title='bbox 698 5056 953 5115; x_wconf 85' lang='lat' dir='ltr'><strong>deposuit</strong></span> <span class='ocrx_word' id='word_1_821' title='bbox 981 5055 1167 5109; x_wconf 89' lang='lat' dir='ltr'><strong>dicens</strong></span> <span class='ocrx_word' id='word_1_822' title='bbox 1198 5071 1211 5110; x_wconf 91' lang='lat'>:</span> <span class='ocrx_word' id='word_1_823' title='bbox 1246 5056 1460 5112; x_wconf 83' lang='lat' dir='ltr'><strong>Honore</strong></span> <span class='ocrx_word' id='word_1_824' title='bbox 1488 5059 1543 5109; x_wconf 80' lang='lat' dir='ltr'><strong>et</strong></span> <span class='ocrx_word' id='word_1_825' title='bbox 1573 5069 1740 5109; x_wconf 81' lang='lat' dir='ltr'><strong>onere</strong></span> <span class='ocrx_word' id='word_1_826' title='bbox 1768 5069 1857 5108; x_wconf 83' lang='lat' dir='ltr'><strong>me</strong></span> <span class='ocrx_word' id='word_1_827' title='bbox 1888 5055 1976 5107; x_wconf 77' lang='lat' dir='ltr'><strong>in-</strong></span> 
     </span>
    </p>
   </div>
   <div class='ocr_carea' id='block_1_118' title="bbox 379 5124 1973 5199">
    <p class='ocr_par' dir='ltr' id='par_1_118' title="bbox 379 5124 1973 5199">
     <span class='ocr_line' id='line_1_119' title="bbox 379 5124 1973 5199; baseline -0.003 -17"><span class='ocrx_word' id='word_1_828' title='bbox 379 5130 615 5199; x_wconf 82' lang='lat' dir='ltr'><strong>dignum</strong></span> <span class='ocrx_word' id='word_1_829' title='bbox 632 5127 935 5199; x_wconf 72' lang='lat' dir='ltr'><strong>profiteor;</strong></span> <span class='ocrx_word' id='word_1_830' title='bbox 957 5142 1151 5181; x_wconf 83' lang='lat' dir='ltr'><strong>verum</strong></span> <span class='ocrx_word' id='word_1_831' title='bbox 1168 5144 1202 5182; x_wconf 87' lang='lat' dir='ltr'><strong>a</strong></span> <span class='ocrx_word' id='word_1_832' title='bbox 1219 5143 1322 5197; x_wconf 86' lang='lat' dir='ltr'><strong>quo</strong></span> <span class='ocrx_word' id='word_1_833' title='bbox 1346 5128 1553 5195; x_wconf 80' lang='lat' dir='ltr'><strong>accepi.</strong></span> <span class='ocrx_word' id='word_1_834' title='bbox 1572 5125 1753 5199; x_wconf 66' lang='lat' dir='ltr'><strong>eidem</strong></span> <span class='ocrx_word' id='word_1_835' title='bbox 1783 5124 1973 5199; x_wconf 67' lang='lat' dir='ltr'><strong>redde.</strong></span> 
     </span>
    </p>
   </div>
   <div class='ocr_carea' id='block_1_119' title="bbox 382 5195 1975 5261">
    <p class='ocr_par' dir='ltr' id='par_1_119' title="bbox 382 5195 1975 5261">
     <span class='ocr_line' id='line_1_120' title="bbox 382 5195 1975 5261; baseline -0.004 -7"><span class='ocrx_word' id='word_1_836' title='bbox 382 5195 485 5254; x_wconf 71' lang='lat' dir='ltr'><strong>Vix</strong></span> <span class='ocrx_word' id='word_1_837' title='bbox 514 5215 578 5254; x_wconf 87' lang='lat' dir='ltr'><strong>ea</strong></span> <span class='ocrx_word' id='word_1_838' title='bbox 610 5195 749 5252; x_wconf 82' lang='lat' dir='ltr'><strong>fatus</strong></span> <span class='ocrx_word' id='word_1_839' title='bbox 778 5206 889 5253; x_wconf 90' lang='lat' dir='ltr'><strong>erat</strong></span> <span class='ocrx_word' id='word_1_840' title='bbox 919 5213 1133 5251; x_wconf 79' lang='lat' dir='ltr'><strong>cumse</strong></span> <span class='ocrx_word' id='word_1_841' title='bbox 1164 5195 1482 5251; x_wconf 85' lang='lat' dir='ltr'><strong>vestimenta</strong></span> <span class='ocrx_word' id='word_1_842' title='bbox 1507 5195 1785 5261; x_wconf 88' lang='lat' dir='ltr'><strong>pontificia</strong></span> <span class='ocrx_word' id='word_1_843' title='bbox 1807 5195 1975 5261; x_wconf 85' lang='lat' dir='ltr'><strong>exuit,</strong></span> 
     </span>
    </p>
   </div>
   <div class='ocr_carea' id='block_1_120' title="bbox 385 5265 1979 5335">
    <p class='ocr_par' dir='ltr' id='par_1_120' title="bbox 385 5265 1979 5335">
     <span class='ocr_line' id='line_1_121' title="bbox 385 5265 1979 5335; baseline -0.003 -10"><span class='ocrx_word' id='word_1_844' title='bbox 385 5277 439 5325; x_wconf 88' lang='lat' dir='ltr'><strong>et</strong></span> <span class='ocrx_word' id='word_1_845' title='bbox 466 5270 533 5323; x_wconf 84' lang='lat' dir='ltr'><strong>ad</strong></span> <span class='ocrx_word' id='word_1_846' title='bbox 586 5270 650 5324; x_wconf 93' lang='lat' dir='ltr'><strong>D.</strong></span> <span class='ocrx_word' id='word_1_847' title='bbox 684 5268 920 5323; x_wconf 85' lang='lat' dir='ltr'><strong>Eduardi</strong></span> <span class='ocrx_word' id='word_1_848' title='bbox 970 5270 1353 5323; x_wconf 88' lang='lat' dir='ltr'><strong>monimentum</strong></span> <span class='ocrx_word' id='word_1_849' title='bbox 1395 5265 1687 5335; x_wconf 64' lang='lat' dir='ltr'><strong>profectus.</strong></span> <span class='ocrx_word' id='word_1_850' title='bbox 1712 5274 1819 5320; x_wconf 88' lang='lat' dir='ltr'><strong>tam</strong></span> <span class='ocrx_word' id='word_1_851' title='bbox 1870 5265 1979 5320; x_wconf 90' lang='lat' dir='ltr'><strong>alte</strong></span> 
     </span>
    </p>
   </div>
   <div class='ocr_carea' id='block_1_121' title="bbox 386 5337 1975 5413">
    <p class='ocr_par' dir='ltr' id='par_1_121' title="bbox 386 5337 1975 5413">
     <span class='ocr_line' id='line_1_122' title="bbox 386 5337 1975 5413; baseline -0.003 -19"><span class='ocrx_word' id='word_1_852' title='bbox 386 5342 584 5413; x_wconf 89' lang='lat' dir='ltr'><strong>pedum</strong></span> <span class='ocrx_word' id='word_1_853' title='bbox 602 5342 661 5413; x_wconf 83' lang='lat' dir='ltr'><strong>in</strong></span> <span class='ocrx_word' id='word_1_854' title='bbox 695 5340 930 5413; x_wconf 80' lang='lat' dir='ltr'><strong>lapidem</strong></span> <span class='ocrx_word' id='word_1_855' title='bbox 954 5337 1143 5413; x_wconf 76' lang='lat' dir='ltr'><strong>infixit,</strong></span> <span class='ocrx_word' id='word_1_856' title='bbox 1176 5340 1462 5413; x_wconf 17' lang='lat' dir='ltr'><strong>utinullius</strong></span> <span class='ocrx_word' id='word_1_857' title='bbox 1492 5339 1540 5391; x_wconf 92' lang='lat' dir='ltr'><strong>vi</strong></span> <span class='ocrx_word' id='word_1_858' title='bbox 1589 5338 1825 5413; x_wconf 84' lang='lat' dir='ltr'><strong>potuerit</strong></span> <span class='ocrx_word' id='word_1_859' title='bbox 1871 5353 1975 5391; x_wconf 88' lang='lat' dir='ltr'><strong>ex-</strong></span> 
     </span>
    </p>
   </div>
   <div class='ocr_carea' id='block_1_122' title="bbox 386 5410 1979 5482">
    <p class='ocr_par' dir='ltr' id='par_1_122' title="bbox 386 5410 1979 5482">
     <span class='ocr_line' id='line_1_123' title="bbox 386 5410 1979 5482; baseline -0.003 -17"><span class='ocrx_word' id='word_1_860' title='bbox 386 5410 524 5466; x_wconf 75' lang='lat' dir='ltr'><strong>trahi</strong></span> <span class='ocrx_word' id='word_1_861' title='bbox 556 5411 662 5465; x_wconf 90' lang='lat' dir='ltr'><strong>nisi</strong></span> <span class='ocrx_word' id='word_1_862' title='bbox 696 5411 817 5481; x_wconf 90' lang='lat' dir='ltr'><strong>ejus</strong></span> <span class='ocrx_word' id='word_1_863' title='bbox 843 5411 935 5482; x_wconf 90' lang='lat' dir='ltr'><strong>qui</strong></span> <span class='ocrx_word' id='word_1_864' title='bbox 966 5410 1196 5465; x_wconf 81' lang='lat' dir='ltr'><strong>ﬁxisset.</strong></span> <span class='ocrx_word' id='word_1_865' title='bbox 1237 5412 1350 5466; x_wconf 82' lang='lat' dir='ltr'><strong>Hoc</strong></span> <span class='ocrx_word' id='word_1_866' title='bbox 1376 5410 1641 5465; x_wconf 89' lang='lat' dir='ltr'><strong>miraculo</strong></span> <span class='ocrx_word' id='word_1_867' title='bbox 1673 5417 1726 5482; x_wconf 82' lang='lat' dir='ltr'><strong>et</strong></span> <span class='ocrx_word' id='word_1_868' title='bbox 1776 5423 1873 5463; x_wconf 85' lang='lat' dir='ltr'><strong>rex</strong></span> <span class='ocrx_word' id='word_1_869' title='bbox 1925 5414 1979 5462; x_wconf 91' lang='lat' dir='ltr'><strong>et</strong></span> 
     </span>
    </p>
   </div>
   <div class='ocr_carea' id='block_1_123' title="bbox 390 5480 1980 5552">
    <p class='ocr_par' dir='ltr' id='par_1_123' title="bbox 390 5480 1980 5552">
     <span class='ocr_line' id='line_1_124' title="bbox 390 5480 1980 5552; baseline -0.003 -13"><span class='ocrx_word' id='word_1_870' title='bbox 390 5480 735 5539; x_wconf 84' lang='lat' dir='ltr'><strong>Lanfrancus</strong></span> <span class='ocrx_word' id='word_1_871' title='bbox 755 5480 925 5538; x_wconf 87' lang='lat' dir='ltr'><strong>territi</strong></span> <span class='ocrx_word' id='word_1_872' title='bbox 948 5482 1222 5552; x_wconf 85' lang='lat' dir='ltr'><strong>jusserunt</strong></span> <span class='ocrx_word' id='word_1_873' title='bbox 1264 5490 1321 5539; x_wconf 89' lang='lat' dir='ltr'><strong>ut</strong></span> <span class='ocrx_word' id='word_1_874' title='bbox 1361 5496 1645 5538; x_wconf 89' lang='lat' dir='ltr'><strong>resumens</strong></span> <span class='ocrx_word' id='word_1_875' title='bbox 1687 5480 1894 5548; x_wconf 89' lang='lat' dir='ltr'><strong>lituum,</strong></span> <span class='ocrx_word' id='word_1_876' title='bbox 1926 5485 1980 5535; x_wconf 90' lang='lat' dir='ltr'><strong>et</strong></span> 
     </span>
    </p>
   </div>
   <div class='ocr_carea' id='block_1_124' title="bbox 2082 4694 3671 4768">
    <p class='ocr_par' dir='ltr' id='par_1_124' title="bbox 2082 4694 3671 4768">
     <span class='ocr_line' id='line_1_125' title="bbox 2082 4694 3671 4768; baseline -0.001 -14"><span class='ocrx_word' id='word_1_877' title='bbox 2082 4707 2243 4763; x_wconf 89' lang='lat' dir='ltr'><strong>stunt,</strong></span> <span class='ocrx_word' id='word_1_878' title='bbox 2277 4699 2446 4768; x_wconf 87' lang='lat' dir='ltr'><strong>questi</strong></span> <span class='ocrx_word' id='word_1_879' title='bbox 2476 4706 2597 4751; x_wconf 90' lang='lat' dir='ltr'><strong>sunt</strong></span> <span class='ocrx_word' id='word_1_880' title='bbox 2624 4697 2779 4751; x_wconf 85' lang='lat' dir='ltr'><strong>nobis</strong></span> <span class='ocrx_word' id='word_1_881' title='bbox 2807 4699 2947 4768; x_wconf 78' lang='lat' dir='ltr'><strong>quod</strong></span> <span class='ocrx_word' id='word_1_882' title='bbox 2980 4696 3145 4751; x_wconf 90' lang='lat' dir='ltr'><strong>vestri</strong></span> <span class='ocrx_word' id='word_1_883' title='bbox 3188 4694 3557 4768; x_wconf 82' lang='lat' dir='ltr'><strong>archidiaconi</strong></span> <span class='ocrx_word' id='word_1_884' title='bbox 3591 4716 3671 4754; x_wconf 86' lang='lat' dir='ltr'><strong>re-</strong></span> 
     </span>
    </p>
   </div>
   <div class='ocr_carea' id='block_1_125' title="bbox 2083 4766 3671 4840">
    <p class='ocr_par' dir='ltr' id='par_1_125' title="bbox 2083 4766 3671 4840">
     <span class='ocr_line' id='line_1_126' title="bbox 2083 4766 3671 4840; baseline 0 -16"><span class='ocrx_word' id='word_1_885' title='bbox 2083 4771 2249 4840; x_wconf 89' lang='lat' dir='ltr'><strong>pertis</strong></span> <span class='ocrx_word' id='word_1_886' title='bbox 2296 4766 2683 4823; x_wconf 74' lang='lat' dir='ltr'><strong>occasionibus</strong></span> <span class='ocrx_word' id='word_1_887' title='bbox 2756 4766 3015 4840; x_wconf 79' lang='lat' dir='ltr'><strong>pecunias</strong></span> <span class='ocrx_word' id='word_1_888' title='bbox 3085 4766 3495 4840; x_wconf 31' lang='lat' dir='ltr'><strong>exquisierunt.‘</strong></span> <span class='ocrx_word' id='word_1_889' title='bbox 3531 4777 3584 4823; x_wconf 91' lang='lat' dir='ltr'><strong>et</strong></span> <span class='ocrx_word' id='word_1_890' title='bbox 3638 4786 3671 4825; x_wconf 91' lang='lat' dir='ltr'><strong>a</strong></span> 
     </span>
    </p>
   </div>
   <div class='ocr_carea' id='block_1_126' title="bbox 2084 4838 3668 4909">
    <p class='ocr_par' dir='ltr' id='par_1_126' title="bbox 2084 4838 3668 4909">
     <span class='ocr_line' id='line_1_127' title="bbox 2084 4838 3668 4909; baseline 0.002 -19"><span class='ocrx_word' id='word_1_891' title='bbox 2084 4838 2402 4909; x_wconf 79' lang='lat' dir='ltr'><strong>quibusdam</strong></span> <span class='ocrx_word' id='word_1_892' title='bbox 2426 4839 2540 4907; x_wconf 88' lang='lat' dir='ltr'><strong>jam</strong></span> <span class='ocrx_word' id='word_1_893' title='bbox 2574 4847 2912 4907; x_wconf 86' lang='lat' dir='ltr'><strong>acceperunt.</strong></span> <span class='ocrx_word' id='word_1_894' title='bbox 2945 4838 3253 4891; x_wconf 84' lang='lat' dir='ltr'><strong>Meminisse</strong></span> <span class='ocrx_word' id='word_1_895' title='bbox 3281 4838 3444 4892; x_wconf 91' lang='lat' dir='ltr'><strong>debet</strong></span> <span class='ocrx_word' id='word_1_896' title='bbox 3470 4838 3668 4894; x_wconf 87' lang='lat' dir='ltr'><strong>frater-</strong></span> 
     </span>
    </p>
   </div>
   <div class='ocr_carea' id='block_1_127' title="bbox 2083 4910 3668 4979">
    <p class='ocr_par' dir='ltr' id='par_1_127' title="bbox 2083 4910 3668 4979">
     <span class='ocr_line' id='line_1_128' title="bbox 2083 4910 3668 4979; baseline 0.001 -15"><span class='ocrx_word' id='word_1_897' title='bbox 2083 4912 2220 4964; x_wconf 87' lang='lat' dir='ltr'><strong>nitas</strong></span> <span class='ocrx_word' id='word_1_898' title='bbox 2251 4920 2427 4964; x_wconf 87' lang='lat' dir='ltr'><strong>vestra</strong></span> <span class='ocrx_word' id='word_1_899' title='bbox 2467 4910 2593 4979; x_wconf 87' lang='lat' dir='ltr'><strong>quia</strong></span> <span class='ocrx_word' id='word_1_900' title='bbox 2640 4918 2823 4964; x_wconf 87' lang='lat' dir='ltr'><strong>contra</strong></span> <span class='ocrx_word' id='word_1_901' title='bbox 2866 4923 3071 4961; x_wconf 89' lang='lat' dir='ltr'><strong>morem</strong></span> <span class='ocrx_word' id='word_1_902' title='bbox 3118 4916 3513 4963; x_wconf 84' lang='lat' dir='ltr'><strong>antecessorum</strong></span> <span class='ocrx_word' id='word_1_903' title='bbox 3564 4926 3668 4965; x_wconf 91' lang='lat' dir='ltr'><strong>no-</strong></span> 
     </span>
    </p>
   </div>
   <div class='ocr_carea' id='block_1_128' title="bbox 2084 4979 3671 5053">
    <p class='ocr_par' dir='ltr' id='par_1_128' title="bbox 2084 4979 3671 5053">
     <span class='ocr_line' id='line_1_129' title="bbox 2084 4979 3671 5053; baseline 0.001 -19"><span class='ocrx_word' id='word_1_904' title='bbox 2084 4990 2311 5036; x_wconf 83' lang='lat' dir='ltr'><strong>strorum</strong></span> <span class='ocrx_word' id='word_1_905' title='bbox 2335 4990 2497 5053; x_wconf 78' lang='lat' dir='ltr'><strong>atque</strong></span> <span class='ocrx_word' id='word_1_906' title='bbox 2525 4979 3010 5053; x_wconf 6' lang='lat' dir='ltr'><strong>vestrorumpnobis</strong></span> <span class='ocrx_word' id='word_1_907' title='bbox 3053 4980 3449 5053; x_wconf 67' lang='lat' dir='ltr'><strong>concessimus,</strong></span> <span class='ocrx_word' id='word_1_908' title='bbox 3483 4981 3671 5053; x_wconf 89' lang='lat' dir='ltr'><strong>eisque</strong></span> 
     </span>
    </p>
   </div>
   <div class='ocr_carea' id='block_1_129' title="bbox 2083 5049 3673 5123">
    <p class='ocr_par' dir='ltr' id='par_1_129' title="bbox 2083 5049 3673 5123">
     <span class='ocr_line' id='line_1_130' title="bbox 2083 5049 3673 5123; baseline 0.001 -17"><span class='ocrx_word' id='word_1_909' title='bbox 2083 5049 2466 5123; x_wconf 78' lang='lat' dir='ltr'><strong>imperavimus</strong></span> <span class='ocrx_word' id='word_1_910' title='bbox 2497 5061 2755 5122; x_wconf 73' lang='lat' dir='ltr'><strong>quatenus</strong></span> <span class='ocrx_word' id='word_1_911' title='bbox 2782 5049 3136 5123; x_wconf 30' lang='lat' dir='ltr'><strong>adhsynodos</strong></span> <span class='ocrx_word' id='word_1_912' title='bbox 3186 5059 3386 5123; x_wconf 84' lang='lat' dir='ltr'><strong>vestras</strong></span> <span class='ocrx_word' id='word_1_913' title='bbox 3431 5049 3597 5123; x_wconf 71' lang='lat' dir='ltr'><strong>irent,</strong></span> <span class='ocrx_word' id='word_1_914' title='bbox 3619 5061 3673 5107; x_wconf 89' lang='lat' dir='ltr'><strong>et</strong></span> 
     </span>
    </p>
   </div>
   <div class='ocr_carea' id='block_1_130' title="bbox 2084 5120 3673 5193">
    <p class='ocr_par' dir='ltr' id='par_1_130' title="bbox 2084 5120 3673 5193">
     <span class='ocr_line' id='line_1_131' title="bbox 2084 5120 3673 5193; baseline -0.002 -15"><span class='ocrx_word' id='word_1_915' title='bbox 2084 5120 2179 5185; x_wconf 57' lang='lat' dir='ltr'><strong>ea,</strong></span> <span class='ocrx_word' id='word_1_916' title='bbox 2202 5139 2326 5193; x_wconf 67' lang='lat' dir='ltr'><strong>quae</strong></span> <span class='ocrx_word' id='word_1_917' title='bbox 2353 5124 2421 5177; x_wconf 91' lang='lat' dir='ltr'><strong>ad</strong></span> <span class='ocrx_word' id='word_1_918' title='bbox 2452 5120 2772 5177; x_wconf 70' lang='lat' dir='ltr'><strong>Christianae</strong></span> <span class='ocrx_word' id='word_1_919' title='bbox 2803 5120 3372 5193; x_wconf 77' lang='lat' dir='ltr'><strong>religionisnotitiam</strong></span> <span class='ocrx_word' id='word_1_920' title='bbox 3418 5122 3673 5190; x_wconf 85' lang='lat' dir='ltr'><strong>prodesse</strong></span> 
     </span>
    </p>
   </div>
   <div class='ocr_carea' id='block_1_131' title="bbox 2087 5191 3676 5264">
    <p class='ocr_par' dir='ltr' id='par_1_131' title="bbox 2087 5191 3676 5264">
     <span class='ocr_line' id='line_1_132' title="bbox 2087 5191 3676 5264; baseline 0.001 -16"><span class='ocrx_word' id='word_1_921' title='bbox 2087 5191 2330 5264; x_wconf 83' lang='lat' dir='ltr'><strong>possunt,</strong></span> <span class='ocrx_word' id='word_1_922' title='bbox 2347 5194 2463 5248; x_wconf 89' lang='lat' dir='ltr'><strong>sine</strong></span> <span class='ocrx_word' id='word_1_923' title='bbox 2502 5191 2933 5264; x_wconf 82' lang='lat' dir='ltr'><strong>interpellatione</strong></span> <span class='ocrx_word' id='word_1_924' title='bbox 2961 5191 3043 5264; x_wconf 82' lang='lat' dir='ltr'><strong>vel</strong></span> <span class='ocrx_word' id='word_1_925' title='bbox 3072 5191 3405 5264; x_wconf 60' lang='lat' dir='ltr'><strong>discussione</strong></span> <span class='ocrx_word' id='word_1_926' title='bbox 3434 5194 3614 5262; x_wconf 90' lang='lat' dir='ltr'><strong>aliqua</strong></span> <span class='ocrx_word' id='word_1_927' title='bbox 3642 5209 3676 5249; x_wconf 77' lang='grc' dir='ltr'><strong>ο.</strong></span> 
     </span>
    </p>
   </div>
   <div class='ocr_carea' id='block_1_132' title="bbox 2084 5260 3669 5334">
    <p class='ocr_par' dir='ltr' id='par_1_132' title="bbox 2084 5260 3669 5334">
     <span class='ocr_line' id='line_1_133' title="bbox 2084 5260 3669 5334; baseline -0.003 -13"><span class='ocrx_word' id='word_1_928' title='bbox 2084 5260 2243 5321; x_wconf 79' lang='lat' dir='ltr'><strong>vobis</strong></span> <span class='ocrx_word' id='word_1_929' title='bbox 2273 5265 2540 5331; x_wconf 88' lang='lat' dir='ltr'><strong>audirent,</strong></span> <span class='ocrx_word' id='word_1_930' title='bbox 2573 5265 2617 5318; x_wconf 90' lang='lat' dir='ltr'><strong>si</strong></span> <span class='ocrx_word' id='word_1_931' title='bbox 2646 5260 2771 5334; x_wconf 77' lang='lat' dir='ltr'><strong>quae</strong></span> <span class='ocrx_word' id='word_1_932' title='bbox 2802 5264 2859 5317; x_wconf 91' lang='lat' dir='ltr'><strong>in</strong></span> <span class='ocrx_word' id='word_1_933' title='bbox 2903 5260 3034 5332; x_wconf 81' lang='lat' dir='ltr'><strong>ipsis</strong></span> <span class='ocrx_word' id='word_1_934' title='bbox 3064 5261 3237 5331; x_wconf 72' lang='lat' dir='ltr'><strong>culpae</strong></span> <span class='ocrx_word' id='word_1_935' title='bbox 3282 5260 3669 5330; x_wconf 81' lang='lat' dir='ltr'><strong>invenirentur,</strong></span> 
     </span>
    </p>
   </div>
   <div class='ocr_carea' id='block_1_133' title="bbox 2085 5334 3673 5405">
    <p class='ocr_par' dir='ltr' id='par_1_133' title="bbox 2085 5334 3673 5405">
     <span class='ocr_line' id='line_1_134' title="bbox 2085 5334 3673 5405; baseline -0.002 -14"><span class='ocrx_word' id='word_1_936' title='bbox 2085 5352 2350 5405; x_wconf 73' lang='lat' dir='ltr'><strong>suspense</strong></span> <span class='ocrx_word' id='word_1_937' title='bbox 2381 5336 2595 5389; x_wconf 85' lang='lat' dir='ltr'><strong>interim</strong></span> <span class='ocrx_word' id='word_1_938' title='bbox 2625 5335 2855 5405; x_wconf 86' lang='lat' dir='ltr'><strong>vindicta</strong></span> <span class='ocrx_word' id='word_1_939' title='bbox 2887 5334 2951 5386; x_wconf 82' lang='lat' dir='ltr'><strong>ad</strong></span> <span class='ocrx_word' id='word_1_940' title='bbox 2988 5340 3228 5386; x_wconf 86' lang='lat' dir='ltr'><strong>nostram</strong></span> <span class='ocrx_word' id='word_1_941' title='bbox 3274 5350 3503 5388; x_wconf 86' lang='lat' dir='ltr'><strong>examen</strong></span> <span class='ocrx_word' id='word_1_942' title='bbox 3552 5351 3673 5388; x_wconf 82' lang='lat' dir='ltr'><strong>ser-</strong></span> 
     </span>
    </p>
   </div>
   <div class='ocr_carea' id='block_1_134' title="bbox 2090 5404 3675 5479">
    <p class='ocr_par' dir='ltr' id='par_1_134' title="bbox 2090 5404 3675 5479">
     <span class='ocr_line' id='line_1_135' title="bbox 2090 5404 3675 5479; baseline -0.003 -19"><span class='ocrx_word' id='word_1_943' title='bbox 2090 5404 2367 5479; x_wconf 70' lang='lat' dir='ltr'><strong>varentnr,</strong></span> <span class='ocrx_word' id='word_1_944' title='bbox 2412 5416 2465 5461; x_wconf 90' lang='lat' dir='ltr'><strong>et</strong></span> <span class='ocrx_word' id='word_1_945' title='bbox 2509 5406 2670 5479; x_wconf 76' lang='lat' dir='ltr'><strong>nobis</strong></span> <span class='ocrx_word' id='word_1_946' title='bbox 2716 5405 2800 5460; x_wconf 89' lang='lat' dir='ltr'><strong>vel</strong></span> <span class='ocrx_word' id='word_1_947' title='bbox 2846 5404 2902 5457; x_wconf 91' lang='lat' dir='ltr'><strong>in</strong></span> <span class='ocrx_word' id='word_1_948' title='bbox 2934 5405 3387 5479; x_wconf 32' lang='lat' dir='ltr'><strong>miserandotvel</strong></span> <span class='ocrx_word' id='word_1_949' title='bbox 3434 5405 3488 5457; x_wconf 90' lang='lat' dir='ltr'><strong>in</strong></span> <span class='ocrx_word' id='word_1_950' title='bbox 3533 5405 3675 5479; x_wconf 79' lang='lat' dir='ltr'><strong>ulci-</strong></span> 
     </span>
    </p>
   </div>
   <div class='ocr_carea' id='block_1_135' title="bbox 2088 5474 3681 5547">
    <p class='ocr_par' dir='ltr' id='par_1_135' title="bbox 2088 5474 3681 5547">
     <span class='ocr_line' id='line_1_136' title="bbox 2088 5474 3681 5547; baseline 0 -14"><span class='ocrx_word' id='word_1_951' title='bbox 2088 5479 2292 5535; x_wconf 89' lang='lat' dir='ltr'><strong>scendo</strong></span> <span class='ocrx_word' id='word_1_952' title='bbox 2318 5477 2542 5535; x_wconf 82' lang='lat' dir='ltr'><strong>obnoxii</strong></span> <span class='ocrx_word' id='word_1_953' title='bbox 2569 5474 2901 5535; x_wconf 82' lang='lat' dir='ltr'><strong>tenerentur.</strong></span> <span class='ocrx_word' id='word_1_954' title='bbox 2933 5475 3248 5530; x_wconf 82' lang='lat' dir='ltr'><strong>Mandamus</strong></span> <span class='ocrx_word' id='word_1_955' title='bbox 3292 5474 3476 5547; x_wconf 86' lang='lat' dir='ltr'><strong>itaque</strong></span> <span class='ocrx_word' id='word_1_956' title='bbox 3517 5476 3681 5533; x_wconf 86' lang='lat' dir='ltr'><strong>vobis</strong></span> 
     </span>
    </p>
   </div>
  </div>
