4010 6064
509 323 576 379 47
1056 324 1119 380 S.
1158 322 1461 380 ANSELMI
1492 322 1845 381 CANTUAR.
1879 324 2206 382 ARCHIEP.
2239 324 2397 384 OPP.
2435 327 2614 384 PARS
2641 327 2732 384 Ill.
2763 363 2835 373 —
2866 330 3242 394 EPISTOLE.
3735 342 3807 397 48

511 457 566 503 et
595 448 882 514 auxilium,
915 451 1183 520 quatenus
1208 457 1264 503 ut
1295 447 1468 502 fidelis
1514 447 1672 515 filius,
1705 451 1862 505 matri
1909 458 2100 506 vestrae
2129 453 2187 515 A
2216 463 2484 509 conventu
2518 457 2697 526 papuli
2730 459 2993 514 auxilium
3021 463 3298 532 postulare
3328 466 3514 522 volunt
3543 467 3607 521 ad
3641 470 3810 524 eccle-

507 547 692 593 contra
741 536 929 602 filium,
978 553 1085 592 non
1130 537 1303 592 dicam
1354 536 1648 605 inﬁdelem,
1694 540 1790 594 sed
1824 541 2096 595 volentem

513 643 631 682 eam
665 627 1038 695 exlueredare,
1071 626 1424 693 subveniatis,
1459 636 1511 682 et
1541 629 1584 681 si
1615 629 1744 698 quid
1777 629 1923 684 scitis
1953 629 2096 699 quod

512 717 581 771 ad
602 715 978 771 defensionem
1035 721 1270 771 nostram
1331 717 1509 771 valeat
1539 726 1616 783 1⁵⁷,
1651 717 1844 772 litteris
1906 719 2101 773 vestris

509 804 665 861 nobis
694 805 910 861 sudiose
939 805 1224 860 iutimetis.
1249 805 1457 860 Valete.

1019 893 1356 948 EPISTOLA
1385 894 1491 948 XX
1521 892 1599 950 ³⁵³.

576 1006 825 1048 ANSELHI
854 1006 928 1046 AD
959 1006 1264 1046 OSBERNUM
1305 1007 1664 1048 BXONIENSEM
1695 1008 2024 1052 EPISCOPUM.

508 1106 572 1162 Ut
608 1106 954 1161 Exoniemes
993 1103 1188 1158 clerici
1231 1117 1346 1176 non
1396 1105 1516 1158 sint
1554 1106 1850 1160 monachis
1876 1123 2096 1176 graves,

576 1191 772 1247 eosque
803 1177 962 1230 sinat
991 1176 1283 1246 episcoyus
1311 1175 1504 1230 divina
1535 1175 1944 1248 campanaru’m
1963 1194 2097 1234 sono

573 1249 948 1315 distinguere.

572 1346 885 1398 Ansnnuus
913 1343 1012 1397 Dei
1045 1341 1396 1411 dispositione
1414 1351 1634 1398 vocatus
1655 1344 2096 1416 archiepisc0pus

505 1432 926 1500 Cantuariensis,
958 1432 1260 1487 reverendo
1291 1432 1546 1504 episcopo
1579 1433 1868 1489 Exoniensi
1890 1432 2095 1490 Osber-

501 1537 591 1589 no,
626 1521 886 1576 salutem.

579 1610 956 1681 EpiscOpalem
987 1608 1142 1663 decet
1173 1609 1492 1681 dignitatem
1515 1625 1869 1682 quoscunque
1899 1619 2092 1682 potest,

505 1701 571 1756 ad
605 1699 880 1754 servitium
914 1698 1010 1752 Dei
1043 1699 1290 1766 invitare,
1331 1707 1383 1752 et
1413 1698 1657 1754 volentes
1704 1700 1822 1755 Deo
1863 1702 2092 1766 servire,

2211 542 2306 596 size.
2353 560 2464 599 suae
2510 547 2994 619 constructionem,
3027 553 3335 608 nullatenus
3392 557 3805 626 prohibeantur.

2212 630 2416 686 Valete.

2668 708 3023 764 EPISTOLA
3066 712 3204 767 ΧΧΙ
3247 711 3308 742 ²⁶⁰
3321 757 3334 770 .

2207 805 2448 848 ΑΝεειιίι
2487 810 2557 848 AD
2602 811 2938 853 WlLLELMUM
2978 817 3228 858 ΑΒΒΑΤΒΠ
3277 819 3346 858 ΕΤ
3390 820 3466 859 AD
3503 821 3805 863 NONACHOS

2919 886 3096 926 BECCI.

2251 965 2355 1032 Qui
2386 967 2594 1035 valeat,
2621 984 2696 1024 ex
2717 986 2809 1026 ore
2830 975 3168 1030 nuntiorum
3203 978 3596 1049 accipiendum
3627 997 3764 1037 esse.

2283 1064 2532 1120 Dominis
2581 1075 2636 1121 et
2687 1067 2946 1124 fratribus
2985 1073 3337 1142 charissimis,
3370 1076 3580 1132 domno
3623 1078 3807 1133 abbati

2209 1153 2552 1224 WILLELMO,
2612 1163 2665 1211 et
2721 1159 2894 1213 servis
2951 1161 3048 1215 Dei
3107 1163 3262 1218 Becci
3315 1168 3803 1235 commauentibus,

2211 1242 2374 1297 frater
2400 1246 2722 1311 ANsaLMus,
2751 1253 2977 1302 vocatus
3027 1252 3488 1325 archiepiscopus,
3521 1255 3714 1311 deduci
3744 1256 3799 1311 in

2207 1331 2292 1386 via
2327 1332 2444 1394 Dei.
2477 1343 2527 1387 et
2558 1334 2768 1405 ingredi
2799 1334 2852 1389 in
2885 1337 3108 1394 veritate
3140 1339 3276 1408 ejus.

2277 1420 2420 1485 Scio,
2454 1421 2793 1478 dilectissimi
2827 1426 2952 1493 mei,
2984 1429 3112 1498 quia
3155 1446 3370 1502 semper
3397 1448 3523 1502 quae
3552 1449 3684 1504 erga
3714 1450 3802 1490 me

2203 1517 2348 1577 sunt,
2382 1511 2703 1565 desideratis
2729 1528 3104 1584 cognoscere;
3141 1533 3239 1574 nec
3278 1527 3410 1590 puto
3458 1537 3581 1576 esse
3612 1523 3662 1576 in
3691 1524 3801 1580 hac

2205 1599 2332 1664 vita,
2385 1599 2476 1669 qui
2522 1601 2650 1654 mihi
2699 1600 2913 1656 ﬁdelius
2963 1608 3364 1676 compatiantur
3408 1618 3500 1664 aut
3547 1626 3798 1682 congau-

2204 1686 2384 1742 deant.
2421 1688 2526 1743 Sed
2556 1688 2813 1760 quoniam
2847 1709 2943 1761 per
2988 1694 3244 1749 domuum
3296 1697 3629 1754 Willelmum
3675 1701 3797 1755 fra-

504 1790 702 1861 quibus
734 1788 896 1849 valet.
929 1786 1258 1840 consulendo
1307 1795 1358 1840 et
1401 1787 1711 1856 adjuvando
1757 1789 2090 1844 confortare.
2126 1785 2176 1844 Β
2208 1783 2340 1830 (rem
2375 1786 2632 1845 005W"),
2667 1789 2720 1834 ει
2761 1798 2861 1850 Per
2902 1783 3214 1838 AnSfl‘idllm
3245 1788 3304 1818 ¹⁶¹
3335 1789 3661 1843 servientem
3689 1806 3796 1845 n0-

506 1880 615 1932 Hac
643 1878 809 1949 igitur
841 1875 1032 1929 fiducia
1074 1876 1433 1930 reverentiam
1478 1883 1714 1930 vestram
1759 1877 2008 1941 obsecro,
2043 1887 2101 1931 ut

504 1968 802 2021 monachos
832 1965 902 2018 de
934 1963 1282 2029 monasterio,
1317 1964 1463 2035 quod
1494 1964 1660 2036 vulgo
1681 1965 1881 2019 dicitur
1901 1966 1968 2020 de
1991 1967 2097 2020 Ba-

507 2057 682 2115 tailla,
722 2055 775 2108 in
809 2062 991 2108 vestra
1022 2053 1238 2107 civitate
1270 2061 1565 2117 morantes,
1589 2062 1813 2125 propter
1832 2056 2022 2116 Deum,
2048 2063 2099 2109 et

500 2155 724 2218 propter
754 2151 1016 2206 nostrum,
1044 2142 1086 2194 si
1120 2141 1246 2212 quid
1280 2143 1346 2196 ad
1384 2142 1486 2197 hoc
1516 2143 1695 2197 valere
1725 2151 1923 2212 potest,
1948 2159 2098 2198 amo-

504 2251 618 2290 rem
653 2241 877 2304 paterna
924 2240 974 2285 et
1021 2230 1314 2301 episcopali
1359 2231 1560 2301 pietate
1613 2231 1896 2300 adjuvelis,
1929 2239 1981 2287 et
2028 2232 2097 2286 ab

501 2323 755 2379 omnibus
785 2320 1132 2384 adversariis,
1166 2335 1266 2389 pro
1311 2320 1668 2389 possibilitate
1707 2329 1888 2374 vestra
1941 2321 2094 2390 (sicut

500 2429 598 2469 vos
629 2411 804 2478 decet)
848 2408 1170 2474 defendatis,
1204 2416 1468 2478 quatenus
1513 2409 1559 2462 si
1603 2408 1729 2478 quid
1778 2409 1904 2464 boui
1952 2410 2098 2464 Deus

497 2519 598 2573 per
626 2501 748 2554 illos
779 2499 999 2568 operari
1029 2497 1356 2567 dignabitur,
1379 2513 1502 2551 cum
1534 2497 1640 2550 illis
1679 2512 1710 2551 a
1729 2499 1841 2551 Deo
1867 2499 2097 2552 retribu-

503 2591 701 2644 tionem
736 2585 1027 2657 recipiatis.
1049 2585 1248 2638 Audivi
1286 2586 1428 2640 enim
1453 2586 1596 2653 quod
1620 2586 1837 2655 quidam
1873 2587 1940 2640 de
1975 2586 2093 2640 cle-

499 2679 628 2734 ricis
660 2676 856 2731 vestris
908 2675 1152 2729 fecerunt
1201 2673 1309 2727 illis
1357 2676 1603 2744 quaedam
1648 2691 1771 2744 quae
1820 2673 1934 2729 fieri
1984 2691 2093 2729 non

500 2766 756 2838 oportuit.
791 2764 946 2820 Unde
976 2777 1170 2833 precor
1199 2770 1254 2815 ut
1284 2763 1556 2832 praedictis
1600 2763 1931 2818 monachicis
1973 2780 2091 2817 eam

493 2855 736 2926 jubeatis
767 2853 878 2908 fieri
909 2851 1354 2916 satisfactionem,
1388 2860 1445 2904 ut
1489 2852 1750 2922 deinceps
1774 2852 1923 2920 juste
1953 2869 2090 2907 con-

500 2943 649 3014 queri
678 2959 783 2996 non
814 2943 1020 3012 possint
1049 2940 1114 2994 de
1147 2940 1468 2995 clericorum
1501 2948 1801 2995 vestrorum
1833 2940 2094 2995 indiscre-

503 3035 670 3088 tionc.
700 3031 942 3086 Eosdem
975 3045 1199 3100 quoque
1227 3027 1458 3084 clericos
1487 3029 1721 3083 fraterna
1753 3030 2011 3085 charitate
2041 3039 2093 3085 et

497 3133 726 3194 paterna
771 3120 965 3174 fiducia
1015 3117 1285 3188 precando
1329 3133 1542 3178 moneo.
1594 3126 1858 3188 quatenus
1904 3119 1982 3172 sic
2031 3135 2089 3172 se
2121 3113 2170 3175 Ο
2199 3108 2390 3162 Cilonis
2423 3126 2578 3178 quam
2611 3127 2739 3182 erga

497 3211 731 3264 habeant
761 3224 891 3280 erga
919 3207 1138 3261 eosdem
1174 3208 1371 3260 fratres
1399 3214 1455 3260 ut
1485 3206 1602 3276 ipsa
1631 3207 1911 3260 charitatis
1940 3207 2094 3262 exhi-

497 3299 700 3354 bitione
731 3307 782 3353 et
812 3297 1048 3368 benigna
1083 3296 1444 3349 familiaritate
1485 3295 1713 3364 probent
1744 3295 1844 3349 sibi
1875 3296 2094 3366 placere

496 3388 800 3458 profectum
836 3385 1054 3439 illorum
1088 3394 1140 3439 et
1171 3384 1405 3438 studium
1449 3383 1518 3438 ad
1566 3385 1915 3439 serviendum
1950 3386 2088 3441 Deo.

495 3477 655 3544 Quod
687 3484 863 3530 autem
897 3473 1190 3544 prohibetis
1219 3488 1314 3527 eos
1344 3473 1563 3542 pulsare
1591 3472 1753 3542 signa
1771 3490 1869 3527 sua
1887 3490 2087 3528 secum-

495 3565 623 3618 dum
655 3565 910 3618 ordinem
941 3578 1118 3627 suum,
1154 3577 1419 3629 unsquam
1467 3569 1613 3615 recte
1645 3562 1781 3615 solet
1813 3560 1950 3623 fieri,
1985 3563 2087 3617 nisi

495 3653 588 3706 ubi
619 3651 873 3707 monachi
922 3651 977 3704 in
1025 3657 1199 3702 matre
1228 3646 1288 3674 ¹⁵⁹
1335 3647 1570 3702 ecclesia
1610 3649 1844 3702 civitatis
1893 3649 2089 3704 deser-

495 3741 662 3797 viunt.
697 3741 796 3796 Ubi
830 3740 972 3794 enim
1003 3737 1252 3792 canonici
1282 3737 1334 3789 in
1366 3736 1566 3804 majori
1611 3736 1836 3791 ecclesia
1867 3738 1934 3791 ad
1963 3755 2086 3792 ser-

489 3829 746 3884 viendum
799 3829 913 3882 Deo
969 3836 1093 3880 sunt
1142 3826 1438 3891 constituti,
1507 3825 1878 3897 unusquisque
1929 3827 2082 3895 ordo,

491 3917 879 3973 canonicorum
941 3915 1153 3969 scilicet
1207 3922 1259 3968 et
1315 3913 1724 3978 monachorum,
1787 3915 2083 3969 secundum

489 4006 940 4076 opportunitatem
993 4003 1206 4057 servitii
1259 4002 1360 4056 sibi
1415 4002 1636 4070 injuncti
1717 4003 1926 4058 tardant
1999 4004 2084 4059 vel

484 4094 738 4149 festinant
769 4095 930 4163 signa
962 4091 1202 4162 pulsare,
1235 4091 1437 4160 absque
1485 4091 1632 4144 omni
1657 4100 1799 4146 recta
1831 4093 2084 4160 prohibi-

484 4183 647 4238 tione.
685 4181 1032 4251 Quapropter
1062 4180 1270 4234 ratione
1319 4182 1436 4249 ipsa
1458 4181 1794 4243 commoniti,
1817 4197 1911 4234 eos
1928 4182 2081 4253 signa

482 4288 577 4326 sua
607 4270 904 4326 secundum
939 4269 1187 4324 ordinem
1220 4285 1375 4322 suum
1409 4269 1630 4339 pulsare
1662 4269 1924 4340 deinceps
1949 4286 2083 4340 pro-

479 4360 674 4415 hibere
704 4375 773 4413 ne
804 4359 1003 4414 velitis.
1035 4358 1148 4412 Hoc
1176 4373 1390 4429 quoque
1431 4365 1622 4427 petunt
1653 4357 1754 4428 ipsi
1786 4357 2000 4424 fratres,
2034 4368 2082 4414 et

2207 1874 2373 1918 strum
2405 1867 2620 1936 plenius
2646 1871 2872 1938 potestis
2902 1871 3118 1927 discere
3159 1875 3288 1944 quid
3323 1876 3459 1929 mihi
3507 1878 3594 1945 sit,
3631 1895 3795 1949 quam

2206 1971 2303 2025 per
2333 1955 2553 2010 brevem
2581 1959 2886 2027 epistolam,
2921 1969 2972 2015 et
2997 1965 3278 2032 putoquia
3314 1965 3428 2032 jam
3480 1981 3676 2039 magna
3728 1983 3797 2023 ex

2209 2050 2360 2110 rarte
2416 2045 2639 2100 audistis
2696 2064 2792 2116 per
2843 2049 3102 2105 domuum
3160 2052 3541 2118 Farmannum,
3573 2064 3624 2109 et
3654 2055 3792 2110 alios

2207 2133 2298 2202 qui
2330 2149 2504 2203 nuper
2533 2149 2562 2188 a
2595 2151 2680 2190 me
2705 2137 2771 2190 ad
2806 2153 2904 2192 vos
2933 2149 3222 2204 venerunt,
3256 2143 3509 2197 existimo
3532 2159 3638 2198 non
3658 2160 3800 2214 Opus

2205 2235 2324 2274 esse
2355 2221 2407 2274 in
2437 2224 2694 2292 prmsenti
2724 2226 3006 2293 epistolam
3040 2227 3256 2300 longius
3285 2229 3354 2284 de
3383 2230 3486 2286 hac
3515 2247 3572 2286 re
3603 2232 3800 2301 perdu-

2205 2324 2346 2364 cere.
2385 2311 2449 2366 Ut
2476 2320 2651 2366 autem
2684 2329 2782 2383 pro
2831 2331 2918 2370 me
2967 2316 3162 2372 dilecto
3206 2317 3462 2374 dilectore
3509 2329 3708 2387 vestro,
3742 2321 3798 2375 in

2203 2398 2404 2466 majori
2453 2415 2617 2471 quam
2661 2418 2898 2473 unquam
2944 2404 3105 2458 habui
3155 2408 3500 2476 necessitate,
3534 2417 3591 2463 ut
3640 2418 3791 2480 puto,

2202 2486 2388 2552 oretis,
2421 2505 2582 2558 spero
2609 2491 2734 2560 quia
2766 2493 3019 2560 precibus
3061 2510 3168 2548 non
3209 2495 3499 2567 indigeris.
3538 2497 3616 2551 Ad
3646 2499 3794 2569 quod

2203 2575 2330 2628 mihi
2363 2575 2614 2632 sufficere
2647 2579 2873 2644 videtur,
2907 2586 2964 2635 ut
2996 2583 3181 2637 sciatis
3212 2585 3337 2654 quia
3359 2585 3519 2640 nimis
3547 2586 3790 2658 indigeo.

2202 2663 2560 2719 Dulcissimos
2612 2666 2772 2734 filios,
2817 2678 2941 2724 ante
2983 2678 3197 2742 tempus
3259 2673 3558 2730 ablactatos
3616 2676 3792 2747 (meos

2199 2752 2574 2809 adolescentes
2602 2755 2743 2825 dico)
2773 2759 2863 2828 qui
2894 2768 3115 2830 prOpter
3152 2762 3325 2816 aetatis
3374 2764 3791 2819 teneritudinem

2198 2849 2253 2895 et
2282 2843 2584 2897 naturalem
2633 2846 2989 2913 nobilitatem,
3015 2864 3165 2920 saepe
3207 2849 3287 2904 sui
3336 2853 3602 2908 memoria
3648 2851 3786 2908 aﬂ'e-

2203 2938 2388 2986 ctuose
2420 2942 2641 2986 movent
2687 2949 2783 2988 cor
2822 2951 3022 2999 meum,
3056 2937 3176 2992 illos
3215 2941 3526 3010 specialiter
3570 2957 3788 3008 moneo,

2202 3035 2416 3090 precor,
2449 3028 2501 3075 et
2531 3023 2765 3078 obsecro
2797 3031 2850 3077 ut
2882 3024 2933 3078 in
2965 3033 3075 3081 tota
3115 3026 3222 3082 vita
3252 3044 3350 3082 sua
3397 3030 3528 3093 mei,
3557 3038 3610 3084 et
3648 3030 3790 3086 dile-

2771 3110 2832 3138 ¹⁸²
2860 3129 2919 3168 se
2950 3113 3002 3168 in
3046 3131 3132 3170 me
3163 3118 3369 3187 experti
3399 3126 3545 3184 sunt,
3578 3135 3792 3174 memo-

2203 3212 2312 3263 res,
2372 3199 2521 3252 nulla
2574 3217 2815 3270 unquam
2874 3205 3236 3273 perversitate
3291 3207 3614 3261 contristent
3688 3223 3789 3263 cor

2200 3301 2377 3339 meum
2403 3305 2418 3354 ;
2452 3295 2502 3340 et
2532 3289 2708 3342 sciant
2737 3305 2837 3358 pro
2861 3299 3008 3344 certo
3039 3291 3183 3362 quia,
3216 3293 3259 3346 si
3305 3295 3600 3349 secundum
3631 3295 3790 3350 desi-

2197 3373 2411 3429 derium
2456 3392 2659 3443 meum,
2691 3387 2742 3432 et
2787 3381 3088 3435 secundum
3137 3381 3532 3438 admonitiones
3560 3385 3620 3416 "'
3651 3401 3790 3454 quas

2196 3478 2229 3516 a
2259 3480 2346 3518 me
2377 3475 2751 3536 perceperunt,
2787 3468 3037 3535 vixerint,
3070 3469 3122 3523 in
3163 3473 3402 3540 qualibet
3443 3473 3789 3531 tribulatione

2197 3553 2422 3606 multum
2453 3556 2876 3610 consolabuntur
2923 3559 3159 3612 animam
3203 3575 3411 3628 meam;
3445 3569 3497 3615 et
3540 3562 3586 3616 si
3633 3563 3791 3618 aliter

2198 3640 2441 3704 fecerint,
2477 3644 2639 3697 nimis
2693 3645 3013 3713 peccabunt,
3047 3648 3413 3702 contristando
3443 3666 3580 3704 eam.
3613 3651 3788 3721 Spero

2195 3729 2359 3798 enim,
2391 3731 2681 3799 adjuvante
2709 3733 2846 3802 Deo,
2881 3735 3008 3805 quia
3037 3751 3142 3790 non
3177 3753 3268 3792 me
3299 3737 3485 3792 latebit
3532 3741 3640 3793 vita
3683 3755 3788 3794 eo-

2195 3835 2335 3883 rum,
2369 3821 2626 3888 quoniam
2659 3839 2879 3893 semper
2907 3825 3166 3880 sollicitus
3211 3843 3302 3882 ero
3358 3828 3632 3900 inquirere
3660 3845 3792 3885 con-

2194 3909 2556 3964 versationem
2589 3911 2824 3965 illorum.
2857 3912 3212 3983 Omnipotens
3241 3917 3386 3970 Deus
3413 3917 3492 3972 sic
3533 3933 3631 3973 vos
3678 3918 3787 3974 de-

2194 4000 2353 4054 ducat
2378 4007 2431 4052 ut
2453 3998 2521 4052 ad
2554 4005 2905 4070 conspectum
2938 4001 3130 4073 gloria:
3161 4020 3274 4059 suae
3303 4006 3576 4074 perducat.

2588 4111 2633 4175 3
2646 4107 2751 4176 '74
2781 4108 3088 4164 EI’ISOLA
3118 4110 3276 4166 XXII
3299 4110 3379 4169 “‘.

2669 4211 2914 4252 ANSELII
2944 4213 3015 4252 Αι)
3044 4215 3301 4256 ΒοΝοεΒκ

2192 4286 2312 4342 Non
2333 4301 2453 4342 esse
2472 4285 2721 4358 pigritia:
2739 4287 3070 4363 vertendum
3093 4290 3236 4360 quod
3255 4291 3326 4346 ad
3341 4291 3527 4363 ipsum
3551 4294 3781 4352 litteras

2791 4374 2906 4414 non
2937 4357 3174 4415 dederit.

481 4463 588 4520 ego
618 4463 742 4504 cum
791 4447 898 4501 illis
938 4454 991 4501 et
1039 4461 1140 4516 pro
1178 4446 1307 4511 illis,
1337 4453 1393 4499 ut
1437 4446 1482 4499 si
1529 4446 1744 4516 quando
1787 4447 1842 4500 in
1888 4447 2073 4517 aliquo
2103 4440 2158 4502 D
2261 4449 2564 4502 Ansauws
2631 4445 3073 4519 archiepiscopus
3137 4457 3383 4520 vocatus,
3430 4451 3782 4512 dilectissimo

1788 4587 2014 4643 VARIE
2066 4588 2367 4646 LECTION
2376 4587 2479 4645 ES.

555 4712 699 4767 157Ad
729 4720 967 4768 nostram
1005 4711 1184 4768 valeat
1210 4729 1314 4768 ms.
1370 4712 1440 4767 ad
1489 4712 1867 4768 defensionem
1923 4717 2161 4768 nostram
2219 4713 2418 4768 valeat.
2463 4710 2665 4768 mCum
2700 4713 2887 4768 eodem
2943 4727 3048 4770 ms.
3083 4718 3313 4774 collata.
3347 4717 3664 4776 "'Monacbi
3720 4719 3777 4776 in

485 4785 680 4854 majori
713 4801 814 4838 ms.
851 4785 1094 4838 Monachi
1145 4783 1197 4837 in
1259 4793 1449 4838 matre.
1483 4783 1686 4840 “Tum
1744 4785 1933 4839 eodem
1965 4801 2071 4840 ms.
2130 4785 2359 4840 collata.
2395 4782 2747 4854 “’Dominum
2807 4784 3142 4844 Willelmum
3201 4799 3253 4845 et

3306 4806 3410 4861 per
3462 4792 3778 4846 Austridum

481 4851 591 4910 ms.
624 4856 890 4910 Domuum
946 4855 1294 4934 Willelmum
1329 4856 1564 4934 fratrem
1621 4864 1867 4934 nostrum
1924 4872 2043 4934 per_
2068 4856 2406 4934 Ansfi‘idum‘.
2450 4851 2706 4934 A‘“Quem
2761 4870 2894 4927 erga
2948 4875 3062 4915 ms.
3101 4876 3264 4934 quam
3298 4851 3458 4933 érga.
3497 4861 3776 4918 “'Admo-

477 4928 743 4982 nitionem
774 4943 909 4996 quas
939 4943 1050 4982 ms.
1076 4926 1480 4982 admonitiones
1509 4943 1669 4998 quas.
1709 4924 2132 4982 "‘Cum’eodcm
2157 4942 2242 4980 ms
2287 4927 2517 4980 collata.

1679 5047 1978 5104 JOANNIS
2018 5041 2302 5106 PICARDI'
2336 5048 2560 5105 ΝΟΤλΕ.

471 5181 526 5229 ut
551 5174 690 5229 male
721 5181 944 5241 accepta
973 5173 1088 5227 sine
1118 5171 1378 5227 dilatione
1408 5171 1560 5226 reddi
1585 5171 1850 5239 jubeatis,
1885 5180 1937 5226 et
1967 5173 2063 5225 mi-

471 5247 653 5299 nistris
686 5249 898 5302 vestris.
934 5261 1001 5298 ne
1033 5246 1255 5324 ulterius
1286 5244 1337 5324 ii
1387 5253 1746 5324 praesumant,
1781 5245 2061 5324 scrutanda:

468 5317 742 5370 charitatis
774 5316 949 5370 studio
1001 5315 1350 5394 prohibeatis.
1383 5315 1501 5394 Nos
1549 5330 1681 5394 vero
1731 5313 2061 5394 presbyteris

467 5391 690 5447 nostris.
725 5391 810 5455 qui
840 5395 994 5440 extra
1024 5387 1268 5440 Cantiam
1319 5384 1599 5455 constituti
1650 5393 1794 5450 sunt,
1827 5385 2051 5440 omnino

463 5453 806 5536 praecipimus
825 5474 889 5510 ne
904 5457 972 5508 ad
1003 5465 1238 5536 vestram
1267 5456 1350 5536 vel
1370 5453 1862 5536 alicujusepiscOpi
1894 5471 2060 5536 syno-

469 5526 597 5580 dum
630 5527 859 5594 amplius
894 5532 1042 5595 cant.
1073 5543 1173 5580 nec
1222 5527 1394 5586 vobis,
1430 5543 1530 5580 nec
1570 5526 1840 5596 aliquibus
1890 5527 2056 5581 mini-

470 5599 593 5651 stris
641 5599 834 5651 vestris
881 5611 986 5667 proi
1022 5597 1261 5666 qualibet
1302 5599 1465 5666 culpa
1515 5599 1904 5667 respondeant.
1941 5600 2056 5652 Nos

471 5668 614 5723 enim
646 5681 767 5722 cum
800 5667 871 5722 ad
903 5666 1057 5724 villas
1097 5675 1312 5724 nostras
1369 5666 1671 5737 veniemus,
1705 5668 1896 5741 quales
1950 5669 2055 5742 ipsi

2172 5171 2256 5226 vel
2285 5172 2349 5248 in
2369 5171 2631 5248 moribus,
2664 5170 2749 5226 vel
2779 5171 2946 5248 insui
2975 5173 3184 5248 ordinis
3234 5177 3462 5232 scientia
3486 5177 3632 5248 sint,
3666 5192 3771 5248 pa-

2169 5245 2352 5297 storali
2384 5243 2696 5316 auctoritate
2719 5245 3002 5316 vestigare
3032 5246 3324 5302 debemus.
3368 5247 3616 5304 Chrisma
3647 5243 3766 5303 tau-

2165 5323 2281 5367 tum
2311 5331 2343 5368 a
2373 5314 2824 5390 vobisaccipiant
2853 5314 2905 5370 e't
2933 5332 3023 5380 ea,
3056 5335 3176 5389 quae
3205 5319 3500 5390 antiquitus
3521 5321 3770 5376 instituta

2167 5393 2308 5446 sunt,
2343 5401 2442 5455 pro
2496 5385 2807 5458 chrismatis
2863 5385 3184 5457 acceptione
3236 5385 3564 5458 persolvant.
3616 5391 3771 5446 Sicut

2168 5471 2400 5526 namque
2429 5472 2503 5511 ea
2525 5473 2645 5527 quae
2676 5457 2971 5533 antiquitus
3001 5476 3168 5528 usque
3198 5460 3271 5533 ad.
3295 5472 3480 5533 nostra
3509 5471 3771 5533 tempora

2165 5536 2542 5604 antecessores
2573 5529 2743 5582 nostri
2778 5528 3094 5604 habuerunt,
3127 5530 3315 5604 solerti
3345 5528 3636 5604 vigilantia
3657 5550 3766 5589 cu-

2165 5598 2342 5678 pimus
2373 5599 2577 5652 illibata
2602 5615 2842 5678 servare,
2861 5599 2932 5652 ita
2961 5601 3104 5654 alliis
3132 5600 3316 5678 debita
3339 5598 3507 5674 (quod
3555 5605 3695 5660 absit
3719 5607 3766 5678 l)

2164 5669 2344 5744 aliqua
2373 5669 2728 5740 usurpatione
2756 5670 3029 5743 denegare
3060 5669 3407 5730 nolumusJL
