4010 6064
258 170 343 228 49

1550 172 1690 228 LIB.
1729 173 1825 241 III,
1867 174 2083 232 EPIST.
2123 176 2302 232 XXII.
3493 180 3563 235 50

252 295 427 351 fatri
459 303 513 351 et
540 295 654 353 ﬁlio
687 298 888 353 Bosoni
914 298 1010 369 (7),
1043 298 1144 354 Dei
1165 305 1386 353 etsuam
1406 297 1863 357 benedictionem.
1891 301 1948 361 A
1972 308 2032 369 ,et
2060 300 2513 372 opportunitatem
2545 299 2675 355 mihi
2718 300 2849 357 dare
2877 301 3210 375 dignabitur,
3257 311 3315 360 ut
3344 311 3447 362 tuas
3475 306 3567 362 di-

338 385 533 440 Mirari
565 394 741 457 potest
779 388 944 443 homo
991 387 1239 455 forsitan,
1286 388 1442 457 cujus
1480 389 1870 443 conscientiam

251 474 350 529 sic
409 473 541 529 novi
598 483 657 529 ut
698 475 927 530 nullum
969 476 1244 531 hominem
1275 491 1441 546 supra
1472 492 1557 531 me
1587 476 1871 548 diligat,et

251 564 445 633 qnem'
466 571 672 618 tantum
705 563 902 636 diligo,
935 572 995 619 ut
1027 565 1267 620 nesciam
1294 580 1456 635 quem
1478 565 1598 635 plus
1618 565 1862 637 diligam,

236 667 353 706 cur
384 660 541 707 tanto
571 660 813 723 tempore
846 653 1043 709 absens
1059 670 1178 709 eum
1203 653 1477 708 dolentem
1508 653 1576 708 de
1605 669 1728 708 mea
1757 654 1863 708 ah-

245 739 463 807 sentia,
494 740 674 811 aliqua
701 757 805 811 per
845 740 1052 796 litteras
1091 742 1400 797 visitatione
1442 757 1552 796 non
1566 758 1688 796 sum
1725 758 1861 797 con-

238 828 494 883 solatus.
535 828 643 885 Sed
671 836 857 885 certus
906 837 1021 886 esto
1052 831 1176 899 quia
1233 845 1344 885 non
1374 830 1713 903 negligentia
1758 847 1860 886 nec

236 915 536 972 oblivione
566 918 640 971 tui
670 916 870 973 factum
903 925 1004 973 est.
1030 918 1179 973 Sicut
1207 918 1353 973 enim
1380 928 1560 974 certus
1587 934 1705 973 sum
1729 919 1858 991 quia

240 1013 305 1059 tn
359 1020 583 1077 semper
618 1007 784 1061 velles
839 1021 962 1062 esse
1001 1021 1233 1075 mecum,
1268 1007 1343 1061 ita
1371 1023 1440 1062 ne
1469 1007 1685 1063 dubites
1722 1008 1853 1080 quia

238 1107 358 1166 ego
387 1109 609 1165 semper
636 1094 832 1151 vellem
859 1096 1261 1152 essetecum.Si
1286 1104 1468 1151 autem
1496 1097 1643 1152 Deus
1658 1112 1849 1167 pacem

1981 390 2230 445 lectionis
2257 390 2389 444 nihil
2416 390 2573 445 liceat
2602 390 2708 444 frui
2752 392 3062 461 praisentia,
3122 394 3259 450 scito
3289 394 3433 465 quia,
3466 398 3569 452 hoc
3618 394 3631 403 “

1981 486 2038 532 ιιι
2100 477 2211 549 ﬁat,
2244 477 2449 534 curabo
2474 478 2830 534 libentissime
2863 495 2876 548 ;
2911 488 2965 536 et
2993 481 3038 536 si
3072 497 3178 535 non
3213 498 3447 553 semper.
3480 483 3571 541 vel

1978 576 2179 622 tantum
2212 576 2480 637 quantum
2522 567 2974 637 permittetratio.
3002 569 3280 642 Quidquid
3303 588 3437 627 vero
3452 571 3563 642 tiat,

1975 672 2134 710 serva
2175 654 2517 710 dilectionem
2535 671 2732 720 meam,
2752 656 3091 724 charissima,
3122 658 3244 730 quia
3286 675 3391 731 ego
3420 669 3565 715 tuam

1972 761 2193 800 servare
2235 743 2514 799 desidero.
2550 743 2737 799 Saluta
2773 744 3143 801 dulcissimum
3185 746 3351 802 filium
3382 764 3565 803 meum

1969 834 2191 889 fratrem
2230 840 2377 887 tuum
2416 827 2476 861 ³⁸⁵
2517 832 2863 889 Rainaldum.
2917 834 3175 895 Conforta
3205 850 3561 908 quoscunque

1966 929 2121 993 potes
2151 922 2219 977 de
2248 920 2508 976 fratribus
2535 920 2641 975 tuis
2671 937 2837 993 saepe,
2856 923 3159 978 etmaxime
3186 924 3561 983 adolescentes

1965 1019 2020 1066 et
2040 1011 2299 1067 novitios.
2352 1010 2710 1082 Omnipotens
2747 1011 2895 1067 Deus
2933 1018 2983 1066 te
3011 1027 3230 1083 semper
3274 1012 3341 1069 ab
3399 1019 3556 1072 omni

1957 1099 2111 1154 malo
2132 1098 2413 1155 custodiat.

1565 1194 1798 1250 VARle
1836 1194 2247 1252 LECTIONES.

325 1298 391 1329 ³⁵³
423 1289 623 1348 Filium
648 1290 876 1348 fratrem
910 1300 1055 1348 tuum
1086 1309 1199 1350 ms.
1239 1292 1408 1348 tilium
1437 1309 1619 1348 meum
1648 1294 1871 1349 fratrem
1902 1301 2076 1349 tuum.
2346 1312 2347 1315 η

1456 1388 1755 1446 JOANNIS
1797 1390 2077 1447 PICARDI
2112 1390 2319 1448 ΝΟΤίΕ
2332 1430 2345 1446 .

322 1488 664 1561 (ηθωοηὶ.
703 1489 785 1545 De
835 1489 942 1545 hoc
996 1490 1209 1561 Bosone
1255 1486 1436 1543 dicam
1472 1505 1599 1561 quae,
1626 1488 1850 1559 offendi,
1878 1491 1931 1551 B
1961 1489 2296 1559 precatione,
2328 1487 2541 1561 dimisit
2565 1487 2827 1561 priorem.
2855 1488 3101 1558 Cumque
3140 1488 3307 1561 abbas
3324 1488 3548 1545 Willel-

243 1559 380 1615 Iicet
408 1559 738 1633 breviustut
768 1561 976 1633 fugiam
1025 1559 1289 1633 pleraque
1330 1575 1363 1613 a
1390 1559 1503 1616 suo
1552 1560 1852 1632 biograpbo

243 1636 557 1702 memorata
586 1632 787 1686 nullius
814 1630 911 1687 aut
941 1631 1228 1702 perexigui
1256 1630 1466 1686 fructus
1498 1630 1776 1696 momenti,
1797 1638 1854 1686 ut

290 1716 380 1756 uae
409 1701 597 1757 lectori
638 1703 901 1756 molestas
956 1710 1199 1758 crearent
1248 1716 1456 1757 moras.
1494 1702 1635 1757 Sane
1692 1716 1851 1771 quam

290 1719 380 1756 uae
409 1719 597 1757 rectori
638 1719 901 1756 morosius
956 1719 1199 1758 crearent
1248 1719 1456 1757 moras.
1494 1719 1635 1757 bane
1692 1719 1851 1771 quam

245 1719 460 1844 gignus
498 1775 570 1826 sit
596 1774 735 1828 Boso
778 1774 1012 1844 longiori
1033 1773 1314 1842 latiorique
1334 1774 1615 1838 memoria,
1648 1773 1853 1828 indicat

243 1853 494 1914 mutuus,
529 1852 580 1899 et
606 1845 893 1912 plusquam
926 1845 1223 1914 phyladeus
1262 1859 1437 1909 amor,
1472 1844 1614 1914 quod
1648 1845 1850 1898 Ausel-

243 1931 375 1969 mus
402 1913 581 1985 illum,
613 1923 667 1969 et
692 1913 1125 1971 illeAuselmum
1175 1913 1501 1969 redamaret.
1561 1914 1718 1982 Quod
1751 1913 1851 1985 etsi

245 2002 318 2040 ex
349 1985 478 2054 ejus
507 2001 1060 2058 nonagnosceremus
1116 1986 1331 2050 litteris,
1363 1986 1554 2058 saltem
1588 1984 1849 2058 honorifi—

246 2072 377 2111 cum
435 2058 561 2125 ejus
588 2056 1026 2129 elogium,quod
1080 2061 1253 2111 exstat
1285 2057 1427 2127 apud
1459 2057 1727 2129 Gemmet.
1752 2056 1846 2110 lib.

246 2144 342 2181 vni
396 2129 534 2182 hist.
589 2128 797 2182 Ducum
853 2128 1180 2183 Northman.
1213 2143 1333 2195 cap.
1357 2130 1449 2185 24.
1510 2128 1672 2182 etiam
1705 2143 1849 2183 caeco

246 2199 542 2253 indicaret.
568 2199 700 2253 Rem
720 2200 886 2268 igitur
901 2202 985 2253 sui
1005 2197 1294 2270 biographi
1314 2198 1595 2270 ordiamur
1628 2197 1809 2253 verbis
1833 2215 1845 2251 :

248 2270 310 2323 In
342 2270 542 2323 diebus
574 2269 842 2325 Willelmi
873 2269 1041 2340 regis,
1074 2268 1165 2340 qui
1209 2269 1415 2339 Anglos
1443 2268 1613 2322 armis
1643 2269 1848 2339 perdo-

248 2340 406 2405 muit,
440 2341 493 2394 in
519 2356 660 2408 pago
692 2339 1140 2411 Rothomagens‘i,
1175 2340 1359 2408 fando,
1414 2339 1581 2407 vulgo
1637 2339 1848 2396 Monii-

246 2412 445 2467 viliers
473 2428 549 2483 ou
573 2428 711 2483 pays
740 2412 810 2467 de
840 2410 1027 2479 Caurr,
1072 2410 1391 2466 monasterii
1446 2410 1677 2483 villaris,
1714 2413 1849 2466 Boso

247 2482 583 2551 parentibus
605 2482 909 2537 Haimerico
947 2487 1006 2538 et
1050 2483 1303 2537 Lezelina
1350 2482 1566 2552 genitus
1616 2489 1717 2547 est,
1749 2497 1847 2535 co-

250 2569 489 2620 ramque
509 2568 634 2607 cura
662 2554 732 2607 sit
798 2556 951 2608 bonis
995 2554 1204 2607 artibus
1244 2553 1548 2623 pietateque
1604 2552 1848 2606 imbutus

246 2633 306 2677 ut
335 2624 393 2677 in
427 2624 623 2679 mediis
648 2625 899 2679 fluctibus
921 2624 1109 2679 mundi
1169 2623 1300 2677 nihil
1330 2639 1548 2692 prorsus
1604 2628 1845 2677 immun-

249 2694 382 2748 dum
417 2695 771 2760 contraxerit,
805 2704 859 2749 et
888 2712 954 2750 ne
983 2696 1330 2749 contraheret
1379 2694 1447 2748 ad
1470 2694 1698 2749 Beccum
1727 2711 1846 2749 sese

252 2766 505 2832 contulit,
539 2767 845 2835 mansitque
873 2782 939 2822 ea
969 2766 1316 2834 potissimum
1349 2765 1419 2820 de
1465 2780 1648 2831 causa,
1682 2780 1841 2836 quam

1962 1558 2082 1615 mus
2105 1561 2271 1631 longa
2298 1560 2619 1631 mgritudine
2647 1558 3051 1615 confectustam
3082 1560 3243 1614 morti
3270 1561 3553 1630 proximus

1960 1632 2248 1699 videretur,
2281 1632 2389 1686 duo
2445 1633 2747 1686 Beccenses
2795 1631 3042 1685 monachi
3090 1640 3433 1685 accesserunt
3481 1633 3552 1687 ad

1959 1719 2144 1773 regem
2177 1702 2495 1765 Henricum,
2549 1701 2640 1773 qui
2698 1708 2821 1756 tunc
2871 1701 3028 1757 Becci
3049 1708 3101 1755 et
3139 1703 3289 1757 circa
3319 1702 3548 1758 Beccum

1959 1783 2177 1844 propter
2232 1773 2575 1828 incursiones
2602 1773 3012 1844 quorumdam,
3070 1773 3187 1844 qui,
3217 1780 3403 1827 contra
3423 1789 3549 1829 eum

1958 1842 2384 1909 rebellaverant,
2444 1842 2772 1907 morabatur,
2833 1842 3226 1912 dicentesquia
3285 1845 3444 1909 Boso,
3505 1845 3551 1899 si

1958 1917 2277 1971 succederet
2295 1915 2478 1969 abbati
2503 1915 2801 1986 Willelmo,
2848 1913 3011 1986 (sicut
3058 1922 3353 1969 conventus
3393 1932 3549 1986 quae-

1956 1989 2128 2052 rebat)
2159 1987 2481 2051 liominium,
2516 1985 2601 2039 vel
2624 1984 2890 2040 ﬁdelitatis
2946 1994 3342 2039 sacramentum
3395 1984 3545 2042 nullo

1959 2058 2122 2113 modo
2152 2058 2250 2111 sibi
2278 2056 2499 2119 faceret,
2532 2056 2761 2125 ideoque
2792 2056 2975 2121 alium,
2999 2071 3163 2125 quem
3196 2056 3545 2112 nominabant

1959 2129 2349 2195 etlaudabant,
2393 2144 2487 2197 pro
2519 2143 2583 2183 eo
2618 2127 2949 2199 substituere
2977 2127 3216 2199 deberet.
3263 2128 3378 2182 Hoc
3407 2145 3544 2199 age-

1958 2199 2084 2253 bant
2116 2200 2241 2269 quia
2264 2198 2499 2268 priorem
2531 2198 2787 2269 nolebant
2808 2198 3006 2252 habere
3036 2197 3317 2269 abbatem.
3349 2197 3546 2254 Verum

1958 2285 2059 2325 cur
2087 2268 2163 2324 illi
2194 2271 2394 2325 infensi
2424 2275 2598 2333 erant,
2634 2268 2937 2323 nescimus.
2975 2268 3071 2322 Ilis
3100 2268 3291 2323 auditis
3319 2284 3421 2324 rex
3453 2270 3540 2323 ni-

1956 2341 2121 2395 mium
2154 2340 2410 2396 eﬂ‘erstus
2437 2348 2517 2395 est
2543 2340 2745 2403 animo,
2779 2347 2830 2394 et
2861 2348 2988 2393 tunc
3017 2341 3236 2408 quidem
3254 2339 3392 2393 iram
3424 2340 3543 2395 dis-

1957 2413 2257 2466 simulavit.
2296 2411 2375 2466 Illi
2404 2420 2580 2465 autem
2609 2410 2801 2466 callide
2830 2417 3070 2481 agentes,
3106 2410 3543 2481 ignorantecon-

1956 2487 2119 2538 ventu
2142 2492 2330 2538 contra
2361 2482 2608 2554 regulam
2645 2482 2699 2535 Β.
2738 2480 3009 2554 Benedicti
3040 2480 3157 2535 sine
3186 2496 3370 2554 eorum
3403 2498 3542 2537 con-

1955 2570 2118 2609 sensu
2175 2552 2447 2609 volebant
2479 2567 2847 2622 superponere
2903 2552 3025 2620 sibi,
3083 2568 3205 2607 cum
3272 2553 3376 2607 hoc
3419 2568 3543 2608 esse

1955 2633 2161 2680 constat
2214 2633 2403 2679 contra
2459 2624 2685 2679 decreta
2743 2624 2981 2690 Patrum,
3037 2623 3127 2692 qni
3157 2624 3424 2689 dixerunt,
3483 2632 3542 2679 ut

1955 2712 2118 2751 nemo
2162 2695 2360 2749 invitus
2410 2695 2709 2767 ordinetur,
2776 2694 3217 2767 sedAconventus
3280 2695 3541 2767 Ecclesiae

1953 2767 2115 2820 debet
2144 2767 2245 2821 sibi
2277 2767 2572 2821 secundum
2608 2766 2857 2819 timorem
2881 2765 3269 2835 Deipastorem
3304 2766 3529 2835 eligere.

254 2837 482 2916 exponit
511 2837 812 2916 Eadmerus
842 2837 915 2915 lib
945 2852 962 2891 ι
994 2836 1114 2892 Vita
1152 2837 1231 2916 _D.
1267 2836 1559 2916 “Anselmi,
1591 2835 1724 2916 cap.
1757 2836 1841 2916 υιτ
1872 2847 1922 2909 ί]
1953 2838 2059 2893 Sed
2085 2839 2199 2892 haec
2241 2835 2514 2916 calliditas
2560 2835 2992 2916 malignantium,
3026 2836 3161 2916 licet
3207 2835 3539 2916 aliquantum

255 2908 375 2975 tim,
402 2924 675 2979 quamque
706 2910 791 2963 hic
810 2915 865 2962 et
896 2910 1091 2963 iterum
1149 2907 1203 2961 in
1261 2907 1522 2963 Chronic.
1585 2907 1840 2962 Beccensi

252 2979 546 3033 enodatam
580 2979 800 3033 minime
828 2987 1136 3048 reretemus
1161 2996 1173 3039 ;
1199 2986 1573 3048 pretereuntes
1622 2993 1844 3047 quoque

256 3057 311 3102 et
332 3049 467 3103 illud
501 3050 652 3118 quod
682 3050 751 3104 de
772 3065 838 3104 eo
868 3046 1029 3104 simul
1058 3049 1297 3120 Anselmi
1315 3048 1495 3120 elogia
1524 3046 1842 3103 hinctrans—

255 3120 435 3175 fusum
458 3116 564 3188 est,
596 3120 936 3191 prosecuturi
964 3121 1220 3176 Chronic.
1268 3116 1528 3175 Beccens.
1562 3119 1840 3191 paralipo-

254 3207 418 3246 mena
446 3208 570 3261 quae
598 3189 680 3246 sic
706 3192 968 3260 incipiunt
1001 3209 1013 3245 :
1045 3215 1068 3239 α
1100 3193 1243 3246 Inter
1273 3192 1387 3246 haec
1429 3190 1662 3245 abeunte
1706 3189 1842 3261 Bal-7

256 3262 411 3318 drico
440 3260 639 3331 priore,
670 3262 890 3329 iubente
914 3263 1193 3317 Willelmo
1240 3261 1437 3316 abbato
1483 3260 1763 3331 successit,
1794 3260 1844 3315 ei

256 3334 313 3387 in
345 3330 607 3403 prieratu.
639 3334 766 3387 Erat
793 3332 937 3388 enim
976 3332 1312 3387 honorabilis
1366 3333 1517 3403 vitae,
1547 3341 1601 3385 et
1658 3330 1844 3403 multa}

255 3401 577 3474 prudentiae,
640 3403 937 3459 humilitate
984 3401 1581 3474 conspicuusspiritu
1632 3401 1844 3474 consilii

255 3472 540 3545 providus,
590 3475 907 3530 fortitudine
951 3472 1154 3537 ﬁrmus,
1186 3472 1563 3528 consolabatur
1616 3473 1838 3545 desola-

256 3543 358 3603 ios.
391 3545 652 3601 omnibus
678 3546 859 3601 omnia
889 3545 1077 3601 factus.
1108 3546 1172 3600 ln
1204 3552 1456 3614 quantum
1488 3543 1842 3612 poteratuni-

250 3616 448 3688 cuique
477 3616 852 3688 subveniebat.
884 3616 1156 3688 benignus
1215 3623 1327 3688 erat
1379 3615 1434 3688 in
1486 3615 1837 3688 exhortando,

250 3684 535 3742 modestus
566 3687 621 3742 in
642 3687 1004 3757 corripiendo,
1016 3684 1369 3757 vpauperibus
1385 3685 1629 3755 dapsilis,
1649 3684 1842 3757 hospi—

253 3758 397 3813 tibus
426 3757 688 3824 aﬁabilis,
722 3756 832 3812 ﬁde
861 3756 1069 3821 ﬁrmus,
1101 3773 1199 3827 spe
1228 3756 1283 3811 in
1317 3757 1429 3810 Deo
1476 3764 1677 3827 certus,
1708 3756 1842 3810 cha-

251 3830 408 3884 ritate
460 3829 709 3892 ditiusus,
766 3845 889 3886 cum
917 3845 1022 3885 non
1080 3826 1300 3883 haberet
1333 3826 1476 3897 quod
1558 3826 1838 3890 tribueret,

248 3900 509 3955 monebat
534 3916 690 3970 spem
722 3901 777 3955 in
805 3902 919 3955 Deo
948 3899 1275 3970 ponendam,
1323 3897 1600 3970 asserebat
1621 3900 1676 3951 in
1708 3913 1843 3970 pro;-

248 3971 401 4027 ximo
415 3968 833 4027 subvectionem
863 3968 962 4026 Dei
985 3969 1176 4038 aﬂ‘ore,
1210 3969 1446 4024 nondum
1475 3968 1635 4023 tinem
1654 3968 1840 4023 mundi

248 4043 479 4098 venisse.
533 4042 684 4097 Talia
729 4042 970 4112 jocando
1008 4041 1242 4111 dicebat,
1299 4040 1397 4112 sed
1444 4039 1608 4112 corde
1669 4040 1839 4112 Deum

253 4113 576 4183 suppliciter
602 4108 852 4184 rogabat,
874 4114 966 4184 qui
987 4108 1235 4184 persepe
1265 4111 1342 4165 illi
1360 4110 1656 4184 secundum
1674 4108 1839 4164 ﬁdem

1950 2917 2270 2964 conventum
2310 2906 2732 2970 conturbaverit,
2793 2915 2970 2961 tamen
3019 2905 3165 2976 quod
3218 2907 3540 2962 moliebatur

1950 2978 2161 3034 efﬁcere
2178 2994 2283 3033 non
2306 2977 2492 3033 valuit.
2516 2978 2784 3032 Defuncto
2798 2992 3029 3049 namque
3044 2976 3233 3033 abbate
3252 2978 3537 3033 Willelmo

1952 3057 2093 3122 totus
2123 3059 2418 3105 conventus
2445 3049 2610 3122 elegit
2641 3047 2957 3122 Bosonem.:
2981 3047 3183 3103 Omnes
3222 3049 3538 3122 episcopiet

1951 3120 2199 3185 abbates,
2232 3121 2408 3176 clerus
2437 3129 2489 3175 et
2512 3118 2764 3188 p'opulus,
2800 3118 2959 3173 vicini
2990 3127 3043 3173 et
3068 3118 3534 3190 remotiorequui

1951 3208 2071 3245 eum
2095 3199 2374 3255 noverant,
2420 3192 2561 3246 hanc
2591 3190 2909 3245 electionem
2959 3189 3268 3258 laudabant,
3303 3189 3537 3260 eumque

1949 3279 2161 3317 summo
2183 3264 2388 3318 honore
2418 3262 2648 3333 dignum
2683 3260 3047 3333 affirmabant.
3074 3261 3258 3333 Itaque
3287 3278 3533 3333 conven-

1950 3341 2053 3396 tus,
2114 3341 2170 3386 ut
2228 3335 2306 3388 eis
2363 3331 2737 3395 assehtiretur,
2770 3331 2970 3385 obnixe
2994 3331 3243 3401 rogabat.
3291 3332 3389 3385 Ille
3419 3349 3534 3388 suae

1948 3403 2274 3458 infirmitatis
2302 3404 2502 3457 multas
2524 3401 2833 3472 opponebat
2876 3416 3089 3455 causas.
3134 3401 3213 3454 Illi
3244 3401 3298 3454 in
3335 3409 3559 3457 terram“

1950 3476 2197 3545 prostrati
2232 3473 2698 3544 deprecabantur;
2718 3471 2937 3545 illetoto
2968 3473 3260 3545 conamine
3269 3475 3532 3545 negando

1951 3542 2327 3600 reluctabatur.
2352 3545 2551 3598 Perlata
2570 3551 2621 3598 et
2643 3559 2732 3597 res
2763 3543 2830 3597 ad
2869 3546 3080 3614 regem,
3117 3550 3174 3595 ut
3204 3542 3318 3614 ille
3340 3542 3532 3599 recor-

1950 3618 2107 3671 datus
2136 3617 2279 3686 quod
2308 3616 2377 3670 de
2397 3614 2639 3670 bominio
2667 3631 2695 3668 a
2727 3612 3528 3686 duobusmonachisaudierat,
3554 3622 3561 3631 '

1950 3688 2089 3758 sicut
2118 3684 2284 3758 supra
2314 3687 2594 3758 retulimus
2627 3700 2640 3749 ;
2665 3693 2781 3740 erat
2803 3685 2944 3739 enim
2990 3685 3115 3758 inde
3134 3684 3528 3758 nimisgiratus.

1952 3755 2522 3813 Interea—Goutridus
2582 3755 3037 3828 Rothomagensis
3089 3755 3552 3825 archiepiscopus

1951 3829 2031 3884 vir
2067 3829 2303 3897 prudens
2343 3835 2394 3882 et
2424 3827 2791 3891 honorandus,
2818 3827 2872 3881 et
2906 3828 3147 3881 Joannes
3182 3828 3534 3882 hexoviensis

1950 3900 2257 3970 episc0pus,
2290 3900 2387 3971 qui
2410 3899 2476 3953 ad
2496 3899 2699 3952 curiam
2730 3898 2875 3969 regis
2920 3904 3180 3971 venerant
3212 3915 3226 3963 ;
3256 3898 3348 3971 qui
3404 3907 3535 3954 tunc

1948 3968 2239 4026 obsidebat
2268 3968 2524 4024 Bridoum
2553 3968 2815 4040 castrum,
2858 3968 3003 4040 quod
3032 3976 3225 4022 contra
3268 3968 3389 4023 eum
3444 3978 3532 4025 te-

1947 4041 2150 4095 nebant
2178 4041 2427 4096 homines
2456 4040 2668 4096 comitis
2698 4039 2954 4105 Mellenti,
2991 4048 3249 4093 venerunt
3278 4041 3532 4107 Beccum,

1949 4120 2002 4166 et
2032 4111 2195 4167 locuti
2240 4118 2365 4167 sunt
2421 4127 2539 4166 cum
2592 4110 2838 4164 fratribus
2892 4109 2962 4163 de
3009 4109 3262 4179 eligendo
3317 4111 3549 4167 abbate:

254 4179 411 4259 suam
456 4179 838 4259 subveniebat.
893 4179 1264 4259 Sapientiam,
1316 4181 1644 4259 consilium,_
1678 4190 1840 4259 atque
1869 4198 1921 4259 ι)
1951 4183 2103 4259 Tunc
2130 4186 2184 4237 in
2216 4185 2424 4259 terram
2446 4197 2649 4259 omnes
2683 4179 2935 4251 prostrati
2987 4186 3137 4259 (nam
3180 4179 3243 4259 in
3297 4182 3538 4259 capitulo

255 4255 549 4310 bonitatem
574 4254 877 4324 animiejus
891 4251 999 4309 non
1028 4254 1204 4309 solum
1249 4252 1501 4324 subjecti,
1549 4251 1647 4324 sed
1678 4254 1838 4324 etiam

254 4326 531 4395 principes
558 4333 742 4391 terra),
774 4322 1013 4396 episcopi
1042 4333 1096 4379 et
1126 4323 1379 4396 abbates,
1404 4322 1674 4396 simulque
1707 4322 1837 4377 reli-

414 4393 468 4451 et
486 4393 986 4461 saeculares,'multi
1023 4394 1443 4467 comperientcs,
1504 4393 1659 4465 quasi
1718 4395 1839 4467 the-

253 4464 465 4522 saurum
518 4468 833 4538 pretiosum,
878 4483 949 4538 ac,
988 4464 1200 4538 velut,
1243 4465 1486 4538 divinum
1528 4464 1839 4538 oraculum

253 4534 676 4593 admirabantur.
708 4539 872 4594 Tanta
903 4536 952 4592 ei
981 4537 1155 4593 inerat
1183 4536 1281 4592 Dei
1313 4535 1510 4605 gratia,
1544 4543 1598 4590 et
1626 4534 1704 4589 sic
1721 4536 1839 4603 spi-

252 4609 392 4664 ritus
420 4610 630 4665 consilii
663 4610 717 4663 in
766 4625 833 4665 eo
881 4608 1106 4679 vigebat
1160 4612 1222 4679 ut.
1274 4608 1343 4662 ad
1386 4623 1447 4662 se
1496 4606 1840 4679 venientibus

251 4696 412 4736 causa
464 4681 679 4736 censilii
715 4676 984 4736 subtiliter
1009 4687 1063 4734 et
1097 4678 1433 4733 sufﬁcienter
1478 4679 1546 4732 ad
1584 4676 1840 4747 inquisita

253 4752 633 4829 respondebat.
698 4753 819 4829 Pe_r_
847 4750 994 4829 idem
1027 4759 1241 4829 tempus
1270 4748 1545 4829 mandavit
1573 4764 1667 4829 rex
1690 4749 1839 4803 Hen-

254 4820 707 4879 ricus-Willelmo
734 4822 915 4889 abbati
961 4829 1018 4875 ut
1069 4820 1307 4889 priorem
1364 4820 1516 4889 Becri
1573 4820 1838 4874 Bosonem

252 4893 403 4948 daret
430 4893 615 4950 comiti
661 4888 976 4948 Theobaldo
1030 4888 1212 4959 nepoti
1265 4906 1363 4945 suo
1418 4888 1485 4945 ad
1534 4889 1840 4946 faciendum

254 4965 501 5020 abbatem
532 4965 590 5018 in
623 4971 762 5019 terra
792 4978 910 5018 sua.
941 4962 1101 5032 Quod
1127 4969 1310 5017 utrum
1350 4976 1535 5016 amore
1563 4976 1629 5032 an
1659 4960 1840 5016 cordis

252 5051 476 5107 rancore
530 5035 667 5107 sine,
705 5031 1331 5107 agrorum'immissione
1363 5049 1455 5085 rex
1516 5031 1750 5107 petierit,
1785 5039 1843 5086 ut

251 5106 372 5161 inde
399 5107 541 5162 Boso
563 5102 859 5175 pelleretur
885 5105 955 5159 de
983 5104 1231 5175 regione,
1254 5102 1517 5158 incertum
1548 5102 1833 5175 habemus.

252 5178 492 5234 Audiens
540 5174 645 5233 hoc
694 5177 887 5242 abbas,
919 5174 1268 5229 contristatus
1317 5182 1401 5228 est
1454 5189 1564 5228 non
1603 5174 1838 5240 modice,

252 5251 508 5320 misitque
534 5248 609 5320 ad
638 5263 852 5320 regem,
884 5245 1149 5302 mandans
1163 5253 1220 5299 et
1249 5245 1474 5300 multum
1516 5244 1838 5320 deprecans,

254 5329 315 5375 ut
340 5315 608 5375 Ecclesia-
636 5315 818 5374 etsibi
850 5324 1118 5388 parceret,
1159 5323 1349 5389 atque“
1378 5332 1410 5389 ιι
1468 5315 1558 5369 tali
1597 5316 1842 5389 jussione

254 5392 491 5447 animum
536 5386 1252 5460 revocaret.‘prioremquef
1288 5386 1393 5441 sibi
1447 5402 1553 5460 non
1605 5387 1839 5460 tolleret.

254 5465 367 5519 Jam
399 5462 544 5519 enim
573 5461 769 5527 abbas,
800 5458 956 5516 senio
976 5468 1030 5516 et
1056 5458 1364 5514 inﬁrmitate
1420 5458 1721 5527 confectus,
1769 5459 1846 5513 vi-

262 5534 409 5591 ribus
434 5533 683 5605 corporis
716 5530 1124 5588 destituebatur.
1187 5531 1414 5586 Pacatus
1454 5545 1552 5585 rex
1608 5532 1709 5585 hac
1735 5530 1840 5587 de-

1952 4253 2239 4322 sedebant)
2270 4252 2537 4325 rogabant
2567 4248 2826 4325 priorem,
2856 4259 2911 4325 ut
2936 4251 3263 4325 saepedicti};
3289 4248 3539 4307 electioni

1950 4320 2232 4380 assensum
2256 4320 2531 4394 praeberet
2552 4320 2603 4377 et
2632 4320 3102 4394 archiepiscOpum
3118 4331 3187 4394 _ut
3210 4320 3358 4377 illum
3386 4338 3536 4392 prae-

1948 4395 2198 4468 cipiendo
2227 4391 2471 4468 cogeret.
2494 4393 2955 4468 ArchiepiscOpus
2984 4391 3265 4468 admirans
3313 4394 3547 4468 fratrum'

1950 4462 2383 4531 unanimitateiri,
2443 4465 2681 4520 laudavit
2704 4462 2894 4519 eorum
2927 4462 3240 4533 religiosam
3280 4464 3536 4519 volunta-

1948 4545 2079 4603 tem,
2112 4546 2165 4592 et
2186 4553 2329 4609 erga
2359 4537 2598 4607 priorem
2635 4551 2786 4609 suum
2810 4542 3026 4609 tantum
3046 4548 3308 4609 amorem.
3328 4536 3535 4592 Deinde

1948 4625 2241 4664 conversus
2261 4603 2341 4662 ad
2361 4603 2544 4674 illum,
2577 4606 2804 4672 monuit,
2837 4603 3070 4677 rogavit,
3105 4606 3172 4660 ad
3196 4616 3532 4676 postremum

1987 4680 2203 4746 raecepit
2232 4695 2333 4750 per
2359 4679 2705 4735 obedentiam
2743 4685 2801 4731 ut
2856 4676 3217 4750 acquiesceret
3270 4679 3537 4734 voluntati

1970 4752 2177 4805 ‘ratrum
2212 4748 2308 4815 {et
2338 4759 2520 4805 contra
2554 4750 2642 4804 ille
2696 4748 2975 4803 asserebat
3000 4749 3196 4820 hocse
3217 4764 3324 4803 non
3372 4766 3535 4820 posse

1950 4821 2127 4876 facere
2151 4829 2373 4891 propter
2398 4836 2647 4892 magnam
2680 4820 2927 4889 corporis
2956 4818 3042 4873 sui
3098 4818 3449 4892 debilitatem.
3483 4828 3535 4876 et

1948 4892 2052 4963 alia
2085 4889 2333 4963 quaedam
2356 4889 2545 4963 gravia
2575 4892 2723 4963 quasi
2742 4898 2974 4963 peccata
2991 4889 3319 4963 opponebat,
3337 4892 3534 4959 quibus

1948 4962 2018 5017 ad
2050 4964 2152 5018 hoc
2181 4962 2464 5035 indignum
2487 4980 2545 5018 se
2569 4979 2693 5017 esse
2722 4962 2956 5035 dicebat.
2992 4962 3137 5035 Esne
3176 4964 3477 5035 monachus
3507 4964 3537 5016 ?

1948 5034 2248 5101 Respondit
2278 5032 2418 5088 velle
2447 5035 2751 5089 esse.Tunc
2776 5033 3221 5102 archiepiscopus
3255 5052 3269 5088 :
3301 5034 3531 5103 Revera,

1948 5104 2207 5175 inquit,si
2238 5104 2431 5175 viginti
2457 5104 2704 5159 homines
2741 5103 3056 5163 occidisses,
3098 5118 3208 5158 non
3264 5112 3316 5159 te
3346 5105 3531 5159 dimit-

1948 5172 2117 5231 terem
2140 5196 2168 5245 ,-
2200 5172 2638 5245 quandoquidem
2672 5182 2874 5229 tantum
2906 5190 2971 5229 ac
3003 5176 3158 5230 talem
3199 5190 3331 5245 erga
3360 5185 3412 5231 te
3445 5177 3530 5231 vi-

1949 5246 2052 5302 deo
2073 5244 2354 5301 affectum.
2393 5244 2707 5318 Nunquam,
2739 5244 3140 5318 ait,7hominem
3165 5244 3361 5303 occidi.
3384 5249 3533 5303 Tunc

1949 5318 2260 5385 compulsus
2318 5326 2397 5372 est
2452 5316 2677 5389 aperire
2720 5317 2863 5389 quod
2920 5316 3145 5382 latebat,
3177 5328 3229 5373 et
3258 5320 3533 5389 accipiens

1951 5389 2417 5461 archiepiscopum
2441 5386 2564 5444 cum
2596 5386 2864 5461 episcopis
2892 5403 3157 5461 seorsum,
3177 5390 3309 5445 dixit
3338 5386 3534 5461 papam

1950 5459 2053 5533 sibi
2082 5459 2421 5533 interdixisse
2452 5474 2795 5533 ne_unquam
2847 5459 2995 5533 laicaa
3053 5477 3300 5533 personae
3339 5459 3537 5533 ’homi-

1948 5531 2099 5586 nium
2125 5531 2329 5589 hcerct
2361 5551 2377 5600 ;
2410 5539 2465 5589 et
2490 5531 2619 5588 ideo
2650 5530 2805 5587 istam
2829 5530 3197 5589 obedientiam
3226 5548 3334 5587 non
3361 5530 3537 5587 aude-
