4010 6064
403 381 466 436 51
954 377 1011 435 S.
1045 377 1349 437 ANSELMI
1381 376 1727 433 CANTUAR.
1754 375 2080 433 ARCHIEP.
2119 376 2280 434 OPP.
2315 379 2489 435 PARS
2519 380 2613 434 III.
2648 411 2720 421 —
2746 380 3135 436 EPISTOLE.
3624 383 3692 438 δί

892 503 1231 560 EPISTOLA
1274 504 1485 558 XXIII.

398 609 635 653 ANSELIH
670 609 743 649 AD
775 607 1073 647 RODULFUM
1112 608 1363 647 ABBATEM
1392 607 1461 645 ET
1502 606 1632 646 EJUS
1669 605 1988 646 HONACHOS.

402 682 728 748 Monachus,
751 682 845 753 qui
861 680 928 735 ab
948 681 1199 751 episcopo
1215 680 1524 753 interdicto
1544 680 1844 753 otdinatus
1858 682 1991 753 fac:

472 758 587 815 rat,
611 750 879 823 perpetuo
910 750 1213 823 interdicto
1233 750 1553 823 subjicitur.
1590 752 1655 804 Et
1672 752 1813 819 quod
1830 752 1876 803 is
1897 751 1993 823 qui

476 820 980 892 mulieri—quasina
1005 820 1200 876 herbas
1220 820 1415 892 quibus
1431 822 1613 875 virum
1628 837 1794 892 suum
1818 820 1993 875 inter-

468 896 685 1019 ﬁceret,
703 895 754 948 si
770 894 890 947 illis
910 891 1371 961 interfectusest,
1390 908 1684 964 nunquam
1701 891 1996 948 debeator-

510 980 678 1021 man.

469 1050 715 1109 Dominis
745 1056 798 1104 et
829 1049 1091 1104 fratribus
1128 1050 1483 1120 charissimis,
1545 1051 1842 1108 reverendo
1889 1051 1992 1105 ab-

303 1179 313 1186 -
395 1142 506 1198 bati
537 1139 807 1214 Sagiensi,
837 1140 1100 1194 Ronunro
1130 1140 1232 1209 (8),
1258 1147 1311 1194 et
1336 1139 1455 1195 aliis
1511 1140 1684 1201 servis
1713 1140 1834 1207 Dei,
1892 1140 1993 1195 sub

2015 508 2073 572 Α
2102 503 2192 561 illo
2221 505 2711 567 commanentibus,
2746 505 3220 562 fraterAivsaLuus
3251 515 3470 563 vocatus
3482 507 3695 564 archie-

2102 595 2366 665 piscopus
2392 611 2405 648 :
2439 595 2507 647 ad
2539 594 2729 649 altiora
2759 595 3033 663 virtutum,
3065 604 3118 649 et
3158 596 3460 652 monachici
3489 612 3692 670 propo-

2099 682 2183 737 siti
2206 698 2422 753 semper
2453 681 2736 753 proﬁcere,
2771 691 2822 737 et
2854 698 3129 755 nunquam
3153 683 3410 740 deﬁcere.

2173 791 2251 844 De
2274 789 2437 845 fratre
2466 790 2561 844 illo
2585 806 2751 861 quem
2787 789 2966 844 dicitis
2996 806 3120 847 esse
3159 791 3463 846 ordinatum
3500 807 3532 845 a
3556 806 3694 861 quo-

2100 877 2226 933 dam
2249 878 2530 948 episcopo,
2564 878 2711 950 quia
2741 878 2899 933 nobis
2927 887 3009 932 est
3055 879 3402 945 interdictas,
3460 882 3564 934 hoc
3602 895 3695 935 re—

2101 967 2368 1036 spondeo,
2401 967 2523 1036 quia
2555 966 2600 1020 si
2621 966 2907 1021 ordinatus
2932 974 3012 1020 est
3041 967 3109 1021 ab
3140 967 3397 1038 episcopo
3415 968 3693 1036 deWalis,

2103 1055 2197 1127 qui
2221 1063 2449 1110 vocatur
2480 1054 2864 1121 Herewardus,
2920 1070 3023 1110 nec
3074 1055 3181 1110 illis
3221 1056 3529 1122 ordinibus,
3564 1072 3699 1127 quos

2101 1145 2170 1198 ab
2216 1144 2311 1199 illo
2337 1144 2565 1213 accepit,
2598 1151 2783 1199 nostra
2813 1144 3170 1200 concessione
3191 1144 3481 1215 aliquando
3499 1151 3697 1215 utetur,

1607 1264 1635 1317 .l
1641 1262 1834 1318 OANN
1838 1263 1901 1318 IS
1935 1259 2210 1318 PICARDI
2238 1256 2466 1315 ΝΟΤιΕ.

398 1363 492 1417 bat
520 1359 823 1429 suscipere,
854 1374 924 1413 ne
945 1364 1255 1429 cogeretur,
1294 1366 1388 1414 aut
1443 1359 1821 1429 probibitionis
1851 1375 1991 1430 apo-

400 1433 603 1488 stolicm
648 1441 1012 1501 transgressor
1065 1431 1363 1502 existere,“
1405 1438 1497 1483 aut
1550 1447 1739 1502 regem
1815 1430 1990 1500 oﬂ'en-

398 1505 549 1559 dere.
581 1502 1058 1571 ArchiepiscOpus,
1090 1517 1209 1555 cum
1244 1500 1507 1565 audisset,
1529 1500 1805 1570 sapienter
1834 1502 1985 1563 tulit;

399 1573 758 1629 Lexoviensis
788 1587 915 1643 vero
973 1572 1264 1643 epiSCOptls
1310 1572 1553 1643 graviter
1608 1572 1818 1640 accepit
1864 1572 1989 1641 quia

400 1647 549 1717 prior
576 1644 733 1717 Becci
761 1642 1165 1717 dedignabatur
1193 1642 1371 1717 facere
1394 1644 1544 1717 quod
1588 1643 1690 1711 ipsi
1719 1651 1773 1697 et
1801 1658 1990 1717 omnes

402 1714 605 1787 praelati
626 1714 1035 1787 Northmannize
1067 1714 1334 1787 faciebant
1355 1715 1576 1781 antiquo
1608 1729 1757 1768 more
1778 1714 1984 1782 patriae.

400 1784 866 1855 Archiepiscopus
895 1792 1151 1855 praeterea
1176 1784 1704 1850 Beccensesjuvabat
1727 1788 1989 1854 quantum

401 1865 615 1928 poterat
640 1858 784 1928 apud
816 1870 1022 1928 regem,
1056 1856 1282 1928 loquens
1324 1871 1446 1928 cum
1478 1856 1611 1925 ipsis
1631 1864 1683 1910 et
1715 1872 1810 1923 pro
1830 1855 1984 1925 ipsis,

405 1925 460 1984 et
488 1928 607 1981 sine
635 1925 789 1995 ipsis.
813 1925 1053 1994 Quadam
1073 1927 1161 1980 die
1185 1941 1305 1980 cum
1324 1925 1391 1979 de
1461 1927 1623 1980 hacre
1682 1927 1992 1996 loqueretur

403 2015 527 2054 cum
561 2014 707 2068 rege,
741 1997 878 2050 dixit
907 1997 955 2051 ei
992 2012 1085 2051 rex
1120 2014 1130 2049 :
1163 1997 1277 2051 Nec
1292 1996 1419 2049 mihi
1467 1997 1626 2052 faciet
1667 1997 1990 2060 bominium,

403 2085 507 2124 nec
539 2069 693 2123 vobis
722 2068 1138 2138 professionem.
1178 2072 1242 2121 At
1275 2071 1606 2138 verogpaulo
1663 2076 1785 2138 post
1819 2068 1997 2121 mitior

406 2141 583 2196 factus
610 2136 949 2193 rex'duobus
988 2138 1349 2193 Beccensibus
1405 2136 1540 2192 forte
1582 2136 1995 2194 occurrentibus

405 2209 675 2265 consuluit
704 2217 761 2263 ut
791 2209 1030 2281 generali
1062 2208 1315 2279 quapiam
1347 2208 1709 2281 obtestatione
1741 2210 1793 2263 id
1830 2224 1994 2281 nego-

405 2283 481 2339 tii.
516 2282 631 2336 Deo
688 2280 1149 2334 commendarent.
1200 2281 1315 2335 Nec
1374 2280 1592 2344 frustra,
1649 2297 1743 2334 rex
1794 2282 1997 2334 etenim

406 2360 600 2424 postea
623 2350 787 2424 jussit
815 2349 1265 2424 prioremvenire
1283 2351 1700 2424 Rothomagum,
1732 2351 1822 2405 ubi
1853 2352 1900 2424 ei
1919 2368 1999 2405 re-

448 2423 593 2477 imen
624 2422 746 2476 solo
776 2424 941 2475 verbo
964 2421 1149 2485 dedit;
1180 2421 1391 2491 rogavit
1419 2432 1685 2491 praeterea
1728 2438 1827 2491 pro
1858 2422 1997 2476 duo-

448 2440 593 2477 tmen
624 2440 746 2476 SOIO
776 2440 941 2475 \‘CI‘DO
964 2440 1149 2485 (1801!;
1180 2440 1391 2491 rogavu.
1419 2440 1685 2491 praeterea
1728 2440 1827 2491 pro
1858 2440 1997 2476 ειυο-

406 2440 511 2548 Eas
540 2492 822 2547 monachis
853 2506 992 2563 quos
1021 2491 1281 2547 electioai
1313 2494 1433 2561 ejus
1472 2492 1639 2549 fuisse
1696 2493 2001 2547 contrarios

409 2564 666 2624 diximus,
700 2579 768 2617 ne
796 2563 903 2616 illis
928 2563 1165 2629 obesset,
1214 2565 1354 2631 quod
1387 2572 1576 2617 contra
1631 2580 1752 2619 eum
1786 2564 2002 2619 sensis-

409 2645 545 2688 sent.
577 2634 699 2687 Non
728 2641 843 2687 erat
862 2634 1001 2701 apud
1033 2633 1179 2686 illum
1212 2634 1396 2703 gravis
1435 2634 1888 2703 laborindulgere
1908 2635 2003 2688 de-

409 2702 1190 2776 linquenti._Archiepi_sc0pus
1220 2702 1410 2759 videns
1457 2720 1654 2776 regem
1709 2702 1811 2759 tam
1836 2706 2002 2759 libere

412 2774 561 2847 quod
582 2774 866 2847 petebatur
896 2774 1104 2847 fecisse,
1130 2774 1269 2847 sicut
1297 2774 1645 2847 promiserat,
1696 2776 1864 2830 voluit
1911 2778 2006 2830 he-

412 2844 739 2900 norabiliter
760 2845 934 2917 facere
960 2845 1103 2917 quod
1134 2844 1201 2898 de
1231 2845 1335 2900 hac
1373 2861 1429 2899 re
1455 2846 1524 2899 ad
1580 2862 1639 2901 se
1681 2848 2001 2917 pertinebat.

419 2917 728 2987 Venitergo
749 2914 818 2968 ad
850 2914 1194 2987 festivitatem
1239 2917 1600 2987 Pentecostes,
1657 2914 1711 2971 et
1765 2918 1832 2971 ad
1892 2926 2003 2971 ter—

422 2988 570 3060 tiam,
605 2985 821 3060 quando
850 2993 1043 3040 cantor
1069 2985 1289 3060 inccepit
1311 2988 1459 3048 Veni,
1483 2988 1712 3060 Creator
1738 2989 2004 3060 Spiritus,

423 3059 711 3128 ingressus
742 3058 967 3128 chorum
982 3057 1422 3128 archiepiscopus
1459 3074 1577 3113 cum
1610 3057 1816 3115 honore
1862 3060 2011 3112 misit

421 3127 573 3184 illum
604 3128 659 3181 in
688 3129 875 3182 sedem
904 3127 1137 3181 abbatis.
1170 3127 1375 3182 Deinde
1411 3129 1466 3181 in
1498 3130 1705 3184 octavis
1748 3131 2012 3185 Penteco-

425 3207 537 3253 stes
561 3200 751 3269 jussus
779 3199 1016 3267 perrexit
1046 3198 1112 3252 ad
1146 3198 1599 3254 benedictionem.
1624 3202 2010 3255 Verumtamen

427 3268 815 3343 ante’missam
840 3268 1204 3343 locutuscum
1224 3270 1641 3343 archiepiscopi,
1675 3275 1894 3343 rogavit
1949 3289 2015 3325 ne

427 3348 733 3421 se‘cogeret
751 3339 819 3393 ad
840 3340 1238 3421 professionem
1272 3357 1427 3411 quam
1455 3339 1604 3421 nullo
1643 3339 1814 3421 modo
1836 3342 2014 3397 facere

426 3410 607 3476 vellet,
639 3411 782 3481 quia,
815 3410 859 3465 si
881 3410 1101 3484 faceret.
1139 3410 1400 3484 magnum
1432 3413 1751 3468 scandalum
1771 3415 1821 3467 in
1836 3429 2015 3468 mona-

433 3490 604 3554 sterio
634 3485 952 3554 generaret.
992 3481 1083 3535 Ad
1106 3484 1219 3538 haec
1241 3481 1689 3554 archiepisc0pus
1723 3500 1735 3538 :
1760 3484 2014 3549 Sine,ait,

431 3553 576 3608 bene
604 3555 731 3623 erit.
759 3553 1231 3623 Cumquetempus
1250 3555 1430 3609 missa
1459 3555 1785 3615 advenisset,
1806 3556 2017 3609 oblatus

433 3631 512 3678 est
551 3622 621 3695 ad
664 3622 1141 3695 benedicendum.’
1177 3624 1324 3695 Tunc
1381 3626 1818 3695 archiepiscopus
1867 3636 2017 3679 stans

440 3693 905 3764 sacris‘altaribus,
925 3693 1297 3764 interrogabat
1318 3711 1440 3748 eum
1466 3694 1621 3763 juxta
1654 3693 1881 3757 murem,
1914 3696 2015 3749 do-

434 3778 539 3819 nec
567 3763 636 3818 ad
666 3764 800 3816 illud
826 3771 1050 3817 ventum
1079 3763 1181 3826 est,
1240 3772 1296 3818 ut
1340 3765 1579 3820 diceret:
1617 3767 1708 3819 Vis
1759 3767 2021 3821 obediens

437 3850 561 3889 esse
584 3834 711 3887 huic
729 3833 993 3888 Ecclesiae
1018 3840 1067 3888 et
1098 3834 1246 3899 mihi,
1296 3843 1350 3889 et
1377 3836 1784 3892 successoribus
1831 3838 1966 3891 meis
1992 3838 2021 3889 ‘?

438 3908 503 3976 At
531 3903 621 3958 ille
653 3921 672 3976 :7
700 3904 855 3976 volo.
877 3904 1029 3959 Tunc
1046 3913 1329 3974 cmperunt
1353 3906 1517 3976 aliqui
1547 3906 1613 3961 de
1642 3912 1846 3962 circum
1867 3916 2018 3961 stan-

438 3975 584 4048 tibus
627 3975 839 4048 clericis
879 3990 1076 4048 uirgere
1103 3983 1159 4029 ut
1212 3975 1461 4032 diceret}
1496 3977 1769 4048 proﬁteor.
1811 3985 1877 4032 At
1932 3979 2021 4033 ille

435 4047 632 4101 iterum
659 4045 794 4100 dixit
825 4063 842 4120 _:
881 4045 1240 4120 Volo._{tt_que
1279 4063 1402 4102 cum
1434 4045 1716 4113 instarent,
1767 4058 1823 4103 ut
1852 4049 2021 4120 profi-

432 4121 555 4173 teor
605 4116 979 4184 responderet,
1027 4116 1168 4171 dixit
1214 4120 1378 4173 tertio
1406 4138 1424 4173 :
1451 4120 1582 4174 Volo
1625 4125 1680 4175 et
1732 4135 1800 4174 ex
1853 4116 2021 4175 corde

434 4189 579 4245 volo.
612 4188 769 4261 Tunc
789 4189 1031 4261 Joannes
1054 4192 1252 4244 sauciae
1270 4188 1531 4246 Romanae
1563 4191 1813 4245 Ecclesiae
1862 4191 2021 4261 lega-

432 4266 542 4333 tus,
574 4258 1180 4333 quiibiforte‘aderat,
1207 4276 1312 4333 non
1349 4261 1573 4333 auditis,
1635 4262 1822 4333 inquit,
1875 4258 2020 4333 quod

430 4330 564 4403 dicit
590 4328 785 4403 Quid
814 4328 1049 4403 amplius
1096 4330 1253 4403 vultis
1281 4330 1532 4403 ?_Sicque
1578 4328 2021 4402 archiepiscopus

427 4400 701 4456 benedixit
729 4416 872 4454 eum.
906 4401 1091 4455 Altera
1114 4401 1201 4455 die
1254 4401 1425 4455 abbas
1450 4400 1724 4456 'reversus
1761 4400 1839 4456 est
1887 4400 2019 4458 Bec-

429 4487 571 4526 cum.
595 4474 905 4527 Conventus
936 4486 1064 4525 vero
1080 4472 1248 4526 sacris
1266 4472 1506 4527 vestibus
1522 4473 1738 4528 indutus
1772 4474 2020 4528 ordinata

470 4543 786 4597 rocessioue
808 4542 1200 4597 exivitobviam
1232 4543 1484 4597 venienti.
1541 4544 1614 4596 At
1644 4544 1732 4598 ille
1779 4546 2016 4599 occurrit

424 4558 704 4666 ﬁumiliter
733 4611 887 4665 nudis
911 4612 1032 4666 licet
1080 4612 1348 4666 infirmus.
1381 4621 1728 4666 etsuscentus
1786 4623 1864 4666 est
1890 4632 2013 4666 cum

470 4612 704 4667 umiliter
733 4611 887 4684 nudis
911 4612 1039 4684 licet
1064 4612 1348 4684 infirmus,
1381 4621 1728 4684 etsusceptus
1786 4623 1864 4669 est
1890 4632 2013 4670 cum
2046 4599 2095 4659 D

465 4684 649 4737 audio.
677 4706 712 4754 7-
748 4682 982 4754 Tantum
1014 4682 1277 4738 Chronic.
1317 4685 1583 4740 Beccense
1604 4682 1874 4754 quaedam
1919 4687 2023 4740 alia

506 4752 1128 4826 tiniosiori__contexens
1198 4756 1469 4817 oratione,
1529 4752 1671 4810 inter
1727 4772 1845 4826 quae
1891 4756 2023 4811 illud

421 4826 702 4899 praeterire
726 4823 927 4899 religio
955 4824 1254 4899 videbatur,
1291 4843 1497 4899 nempe
1518 4828 1659 4895 quod
1682 4823 1802 4881 cum
1822 4827 2023 4899 aliquis

420 4895 1332 4968 nuntiassetminimeexpleriquae
1360 4897 1631 4966 jussisset.
1682 4895 1971 4968 respondet
2005 4919 2016 4954 :

419 4967 575 5039 Saepe
592 4967 866 5022 mandata
889 4967 989 5039 Dei
998 4968 1382 5039 prasterimus,
1427 4973 1485 5022 et
1509 4971 1776 5029 sustinet,
1808 4974 2019 5039 quanto

418 5037 598 5109 magis
613 5054 714 5093 nos
730 5039 852 5107 pati
867 5037 1202 5105 debemus,si
1219 5044 1413 5094 nostra
1430 5037 1874 5096 contemnantur
1882 5041 2015 5109 jus-

413 5125 479 5164 sa
509 5109 785 5162 ?Tandem
806 5119 925 5176 post
945 5109 1230 5163 diuturnos
1251 5110 1464 5175 pedum,
1503 5111 1713 5179 capitis,
1750 5111 2011 5165 viscerum

414 5195 518 5250 que
532 5180 903 5245 dolores,ca:ci
913 5188 1071 5233 tatem
1090 5180 1295 5250 aliquot
1310 5182 1471 5235 annis
1486 5182 1865 5251 aequanimiter
1882 5182 2011 5236 tole.

414 5260 604 5324 ratam,
639 5250 1019 5324 acerbissimos
1048 5250 1566 5324 momenﬁtaneosque
1621 5256 1883 5324 cruciatus
1938 5266 2009 5324 ex

410 5322 728 5393 paralyseos
758 5323 1085 5389 accessione,
1146 5323 1295 5377 venit
1351 5325 1417 5377 ad
1476 5322 1662 5378 mortis
1697 5323 1882 5376 limen.
1918 5322 2008 5376 ubi

409 5392 759 5463 praemonitus
788 5392 1277 5447 ecclesiasticorum
1301 5404 1762 5449 sacramentorum
1787 5394 2001 5457 robore,

406 5464 664 5521 fratribus
720 5463 1024 5518 alternatim
1079 5465 1480 5532 pmnitentiales
1550 5465 2005 5519 concinnentibus

400 5536 643 5605 psalmos
672 5536 735 5588 al
767 5535 911 5588 illam
934 5535 1228 5605 civitatem,
1276 5535 1329 5588 in
1362 5536 1519 5603 cujus
1571 5536 1787 5603 plateis,
1842 5534 1999 5603 juvta

401 5604 587 5662 Tobiae
619 5606 959 5667 vaticinium,
987 5604 1206 5658 alleluia
1263 5614 1513 5658 cantatur
1543 5607 1692 5674 (Tob.
1742 5619 1849 5667 χιιι,
1884 5608 1997 5668 22),

404 5677 665 5750 migravit
695 5677 783 5730 die
818 5676 956 5750 festo
990 5676 1052 5728 D.
1077 5674 1299 5750 Joannis
1323 5676 1595 5750 Baptistae.
1630 5676 1997 5750 anno__Christi

398 5745 559 5807 1136.
593 5745 1059 5805 srxzeeelatisnxxu
1099 5745 1384 5811 regiminis
1426 5762 1500 5799 xu
1533 5755 1585 5800 ct
1614 5762 1729 5800 χχιι
1755 5745 1987 5801 dierum.

397 5820 840 5875 Cadaverautem
865 5815 918 5868 in
944 5816 1131 5870 laevam
1192 5815 1436 5869 Herluini
1470 5818 1751 5872 humatum
1807 5825 1887 5872 est
1940 5819 1995 5873 in

393 5903 524 5945 area
552 5885 862 5960 capitulari,
893 5902 1016 5941 cum
1046 5887 1147 5939 hoc
1175 5884 1486 5957 impolitiari
1509 5888 1690 5959 elogio
1722 5905 1735 5944 :

2174 1356 2409 1429 Moribus
2433 1361 2670 1413 ornatus
2695 1362 2889 1429 pastor
2918 1358 3036 1423 fuit
3069 1358 3159 1413 hic
3193 1358 3516 1414 tumulatus

2243 1427 2473 1501 Ingenio
2503 1427 2712 1495 clarus,
2737 1433 2949 1486 sobrius
2978 1436 3145 1501 atque
3160 1430 3313 1499 pius.

2168 1499 2410 1572 Exstitit
2442 1503 2500 1572 et
2519 1502 2696 1561 mitis,
2727 1502 2999 1572 prudens,
3031 1499 3104 1555 ad
3136 1503 3325 1554 tristia
3355 1499 3548 1572 fortis.

2241 1570 2403 1633 Nam,
2446 1570 2618 1626 donec
2648 1570 2813 1637 viait,
2847 1575 3034 1627 multa
3058 1572 3288 1641 ﬂagella
3313 1571 3474 1624 tulit.

2171 1638 2417 1712 Consilio
2436 1643 2677 1711 pollens,
2699 1644 2900 1698 multis
2929 1645 3043 1712 fuit
3060 1638 3183 1712 ipse
3211 1644 3487 1712 levamen,

2237 1708 2505 1783 Solamen
2522 1714 2764 1781 miseris,
2779 1708 3257 1779 subsididiu'mque
3272 1711 3387 1783 piis

2167 1781 2344 1855 Abbas
2361 1782 2443 1836 bis
2468 1785 2621 1855 senis
2654 1785 2991 1853 hicquartus
3006 1785 3241 1855 prie/“uit
3268 1781 3441 1837 annis

2017 1889 2071 1947 B
2243 1854 2480 1936 (Imnobii
2510 1856 2666 1909 Becci
2696 1857 2879 1922 forma
2915 1856 3190 1923 decusque
3221 1857 3423 1923 gregis.

2172 1923 2750 1979 Mundzcontemntor.
2782 1942 2926 1979 verte
2956 1927 3188 1979 virtutis
3218 1928 3423 1979 amittat

2224 1923 2750 1995 undicontemptor,
2782 1942 2926 1981 vera:
2956 1927 3188 1980 virtutis
3218 1928 3442 1995 amator

2243 1996 2469 2049 Christo
2498 1992 2757 2052 devotum
2778 1997 3017 2067 praebuit
3037 1992 3355 2067 obsequium
3372 2034 3385 2048 .

2175 2066 2364 2121 Annos
2384 2068 2693 2120 transierat
2726 2066 2898 2121 Pater
2930 2068 3020 2121 hic
3042 2066 3555 2134 javm’septuaqinta

2248 2138 2383 2192 Cum
2415 2141 2651 2189 mortem
2667 2138 2857 2196 subiit,
2887 2140 2981 2208 qui
2997 2138 3143 2192 cinis
3165 2137 3255 2208 hic
3273 2136 3429 2208 niodo
3448 2136 3536 2204 ﬁt.

2176 2210 2319 2263 Dum
2334 2209 2416 2261 sol
2442 2212 2704 2262 octavum
2722 2210 2820 2262 sub
2846 2207 3057 2264 cancro
3073 2207 3256 2262 tendit
3277 2207 3350 2260 ad
3369 2212 3561 2262 ortum

2252 2278 2521 2333 Tristibus
2544 2277 2698 2333 hunc
2712 2278 2865 2332 nobis
2886 2279 3094 2333 ultima
3114 2294 3233 2332 sors
3255 2280 3450 2347 rapuit

2183 2350 2349 2406 Ortus
2365 2350 2633 2417 Baptista:
2650 2350 2878 2413 colitur,
2899 2351 3031 2403 dum
3056 2349 3244 2409 deﬁcit
3257 2348 3382 2412 iste,

2249 2422 2382 2474 Bosa
2411 2421 2530 2490 [ait
2561 2423 2747 2476 dictus
2768 2439 2783 2473 :
2802 2421 2895 2475 cui
2913 2420 3056 2476 Deus
3085 2423 3202 2476 esto
3232 2420 3352 2475 vius
3383 2417 3405 2471 .’

2112 2562 2350 2615 Mortuus
2380 2568 2553 2615 autem
2588 2561 2728 2615 Boso
2759 2560 2968 2631 reliquit
2999 2577 3110 2614 suae
3139 2558 3404 2615 doctrinae
3432 2557 3706 2613 heeredem

2111 2633 2392 2700 epistolam
2420 2633 2484 2684 ad
2517 2631 2823 2702 quempiam
2877 2632 3167 2697 medicum,
3198 2632 3265 2684 de
3309 2631 3707 2702 monachorum

2111 2702 2450 2771 professione
2478 2700 2855 2764 blaterantem,
2896 2711 2950 2755 ut
2982 2702 3151 2773 liquet
3191 2717 3254 2755 ex
3304 2700 3470 2770 ipsius
3498 2700 3709 2773 episto-

2111 2775 2180 2829 la:
2210 2783 2383 2835 textu,
2416 2789 2579 2844 quam
2618 2774 2671 2826 in
2705 2789 2808 2827 ms.
2850 2771 3102 2827 Beccensi
3157 2781 3455 2844 repertam,
3511 2787 3590 2844 ne
3635 2771 3708 2824 ab

2115 2845 2265 2900 edaci
2296 2842 2547 2898 ederetur
2574 2853 2835 2915 tempore.
2872 2847 2974 2900 huc
3006 2843 3254 2898 transtuli
3286 2842 3373 2898 his
3405 2842 3704 2897 exordien—

2115 2925 2223 2970 tem
2258 2915 2455 2980 verbis,
2480 2916 2638 2975 Boso,
2672 2924 2778 2970 etc.

2188 2988 2263 3056 (8)
2298 2987 2548 3056 Rodul/o.
2611 2986 2898 3041 Radulfum
2949 2985 3153 3039 habent
3195 2984 3431 3056 universi
3488 2982 3713 3038 codices

2117 3055 2387 3125 impressi,
2424 3055 2652 3127 deaeque
2698 3057 3124 3111 nomenclaturae
3168 3055 3709 3125 archiepiscoporum

2119 3127 2586 3183 Cantuariensium
2618 3144 2719 3182 ms.
2768 3128 2822 3181 in
2855 3136 3033 3182 nostra
3068 3127 3417 3189 bibliotheca,
3479 3141 3710 3194 quorum

2120 3213 2227 3251 una
2257 3198 2549 3252 Radulfum
2580 3214 2998 3256 connumerans.
3023 3207 3224 3267 praeter
3255 3213 3450 3253 nomen
3474 3199 3589 3250 hinc
3612 3196 3711 3249 ha~

2045 3239 2094 3301 Ο
2127 3271 2210 3301 λιιι
2240 3269 2467 3301 amuli.”
2513 3292 2534 3301 ..
2563 3269 3416 3301 ΛηηηῐῖηηπῖηἰηῑτΙηι-αι-ηαρῖηηει
3436 3267 3570 3301 411Ωο
3606 3267 3711 3301 ΠΛ-

2126 3271 2212 3323 bet
2239 3269 2487 3336 amplius.
2513 3292 2534 3316 «ι
2555 3269 3021 3324 AnnoDominiab
3040 3269 3416 3322 Incarnatione
3436 3267 3570 3322 1089
3606 3267 3716 3320 Ro-

2125 3340 2305 3394 bertus
2330 3341 2537 3409 primus
2567 3340 2880 3411 monasterii
2902 3340 3195 3411 Sagiensis
3214 3339 3511 3411 abbas,vir
3538 3338 3717 3392 bonus

2122 3417 2175 3465 et
2203 3411 2454 3480 simplex,
2488 3426 2672 3465 mense
2697 3410 2947 3479 januario
2977 3410 3028 3463 in
3064 3411 3259 3465 lectum
3283 3410 3716 3480 cecidit,etper-

2124 3481 2295 3550 ceptis
2316 3479 2625 3535 Dominicxs
2651 3482 3016 3535 sacramentis
3072 3497 3165 3534 xm
3199 3482 3429 3535 Kalend.
3464 3481 3616 3534 Febr.
3646 3479 3719 3533 de

2126 3552 2326 3607 saeculo
2356 3553 2628 3622 migravit.
2654 3552 2749 3606 Cui
2783 3554 3043 3608 Radulfus
3087 3552 3347 3607 Seist‘redi
3404 3552 3472 3622 de
3501 3552 3719 3606 Scurris

2125 3622 2290 3691 filius,
2314 3623 2563 3692 ejusdem
2595 3625 2825 3677 ccenobii
2858 3624 3161 3678 monachus
3190 3623 3244 3676 in
3275 3621 3541 3693 regimine
3588 3637 3718 3675 suc-

2126 3694 2314 3748 cessit.
2353 3694 2446 3748 Hic
2477 3694 2665 3748 litteris
2692 3694 2986 3748 admodum
3019 3694 3115 3747 fuit
3138 3692 3396 3752 imbutus,
3431 3692 3713 3763 eloquens,

2127 3773 2179 3818 et
2203 3765 2496 3831 jucundus,
2530 3765 2761 3834 ideoque
2795 3764 3042 3818 amabilis
3097 3764 3365 3817 omnibus.
3398 3765 3457 3816 In
3509 3765 3714 3834 juven—

2127 3840 2238 3888 tute
2268 3835 2336 3888 de
2365 3835 2552 3888 illustri
2587 3832 2791 3889 familia
2839 3835 3198 3889 monachilem
3228 3836 3295 3888 ad
3348 3832 3716 3889 conversatio-

2128 3922 2249 3959 nem
2281 3914 2447 3967 venit,
2472 3915 2526 3959 et
2554 3906 2739 3960 decem
2771 3907 2924 3961 annis
2953 3907 3007 3959 in
3038 3906 3374 3960 monasterio
3403 3921 3501 3974 per
3527 3904 3718 3957 diver-

2128 3991 2308 4029 sorum
2341 3976 2545 4047 gradus
2574 3975 2875 4031 ofﬁciorum
2909 3977 3180 4030 humiliter
3220 3975 3571 4030 ministravit.
3610 3975 3720 4031 Un-

2129 4047 2340 4101 decimo
2369 4048 2581 4101 tandem
2601 4063 2742 4102 anno
2762 4048 2993 4102 abbatiae
3023 4063 3225 4109 curam,
3248 4048 3477 4116 jubente
3494 4053 3545 4101 et
3572 4061 3719 4100 con-

2128 4127 2370 4190 sperante
2400 4117 2628 4190 Girardo
2669 4118 2916 4190 Sagiensi
2970 4120 3199 4190 pressule
3225 4118 3479 4190 suscepit,
3537 4124 3593 4171 et
3621 4132 3723 4170 sex

2129 4188 2304 4243 decim
2331 4189 2485 4241 annis
2505 4189 2646 4243 inter
2691 4188 2870 4244 sévos
2901 4189 3174 4244 bellorum
3233 4189 3472 4244 turbines
3499 4195 3722 4241 strenue

2127 4261 2282 4323 rexit,
2319 4260 2529 4329 Deique
2560 4260 2732 4314 fretus
2788 4260 2990 4315 auxilio
3019 4276 3114 4329 pro
3138 4262 3397 4330 temporis
3451 4266 3723 4330 opportu-

2128 4331 2289 4403 nitate
2302 4347 2396 4403 res
2425 4328 2672 4403 ecclesia:
2718 4328 3029 4403 diligenter
3063 4328 3264 4403 auxit,'
3287 4338 3343 4403 et
3382 4330 3578 4403 deinde
3607 4328 3721 4403 Ro-

2130 4401 2263 4454 berti
2296 4401 2654 4456 Belesinensis
2698 4400 2904 4456 saevitia
2962 4402 3122 4455 nimis
3167 4402 3480 4455 imminente
3521 4400 3577 4452 in
3610 4402 3721 4453 An-

2126 4472 2288 4539 gliam
2321 4472 2586 4543 confugit.
2628 4471 2800 4535 Quem
2834 4471 3516 4543 rexIlenricushonOriiice
3531 4485 3716 4543 secum

2126 4543 2376 4609 detinuit,
2410 4550 2463 4597 et
2484 4541 2603 4610 post
2634 4543 2963 4597 Gondulfum
3018 4546 3302 4614 praesulem
3349 4541 3573 4597 Rofensi
3602 4541 3721 4609 epi-

2125 4615 2309 4683 secpio
2339 4614 2606 4737 praefecit.
2648 4615 2773 4668 Inde
2806 4624 2923 4685 post
2966 4614 3173 4682 aliquot
3198 4629 3371 4667 annos
3416 4619 3715 4683 promotus,

2138 4700 2332 4737 venera
2377 4684 2429 4737 ili
2466 4685 2716 4737 Anselmo
2732 4686 3099 4737 arcbinraesuli
3131 4685 3406 4737 successit.
3441 4693 3491 4737 et
3523 4698 3715 4737 novem

2138 4684 2429 4738 venerabili
2466 4685 2716 4739 Anselmo
2732 4684 3099 4755 archipraesuli
3131 4685 3406 4747 successit,
3441 4693 3491 4738 et
3523 4698 3719 4755 novem

2133 4756 2293 4809 annis
2317 4756 2665 4810 Doroberniae
2707 4754 3241 4825 metropolipraefuit.
3303 4756 3401 4809 Hic
3453 4754 3717 4808 Radulfus

2133 4833 2375 4896 tempore
2405 4842 2556 4896 papm
2587 4826 2864 4880 Paschalis
2886 4827 2953 4879 ad
2984 4843 3167 4897 regem
3198 4826 3250 4880 in
3281 4826 3594 4897 Neustriam
3625 4840 3720 4897 ye-

2131 4897 2225 4960 nit,
2247 4893 2312 4951 'et
2343 4893 2745 4961 inde'Romam,
2771 4897 2898 4949 licet
2920 4893 3275 4963 jam—tumore
3330 4896 3531 4967 pedum
3563 4893 3716 4948 inﬁr-

2126 4977 2369 5021 maretur
2409 4968 2679 5035 proﬁcisci
2721 4968 2902 5036 coepit.
2937 4968 3153 5021 Auditis
3207 4970 3277 5022 de
3335 4983 3528 5022 occasu
3561 4981 3717 5036 papa:

2127 5038 2448 5097 rumoribus,
2510 5038 2719 5107 legatos
2773 5038 3003 5092 Romam
3062 5038 3373 5093 destinavit.
3406 5041 3530 5106 Ipse
3587 5052 3716 5092 vero

2124 5109 2525 5177 Rothomagum
2560 5110 2823 5163 remeavit
2853 5119 2901 5164 et
2921 5110 3034 5163 fere
3064 5110 3235 5163 tribus
3261 5108 3417 5162 annis
3439 5110 3491 5161 in
3510 5108 3717 5162 North-

2121 5180 2582 5250 manniadeguit.
2630 5180 2707 5232 Ibi
2767 5181 3040 5248 quondam
3100 5182 3227 5235 dum
3286 5186 3611 5243 moraretur,
3663 5180 3717 5230 in

2121 5248 2469 5303 translatione
2483 5253 2651 5302 sancti
2672 5251 2944 5307 Benedicti
2964 5251 3114 5305 ﬁnita
3143 5252 3328 5307 missa.
3376 5250 3509 5303 dum
3544 5264 3715 5303 exue-

2118 5328 2262 5373 retur
2307 5320 2661 5383 vestimentis,
2721 5331 2874 5377 acuta
2913 5322 3177 5390 passione
3215 5322 3397 5375 subito
3427 5336 3718 5390 percussus

2117 5390 2400 5454 obmutuit,
2435 5399 2487 5445 et
2517 5393 2859 5462 postaliquot
2887 5393 3001 5446 dies
3048 5392 3194 5461 loqui
3226 5393 3412 5461 coepit,
3465 5392 3559 5446 sed
3606 5405 3715 5444 non

2115 5462 2293 5534 plene.
2328 5463 2547 5534 Duobus
2577 5465 2738 5517 annis
2767 5464 3003 5533 paralysi
3035 5472 3336 5534 aagrotavnt,
3370 5471 3423 5516 et
3454 5462 3711 5516 vehiculo

2110 5532 2321 5586 delatus
2345 5533 2412 5585 ad
2441 5533 2626 5588 seriem
2659 5550 2810 5587 suam
2859 5532 2998 5587 inter
3025 5532 3251 5587 suorum
3300 5549 3492 5587 manus
3524 5534 3697 5586 decu-

2110 5603 2246 5657 buit.
2280 5606 2435 5657 Anno
2465 5606 2532 5657 ab
2556 5605 2922 5659 Incarnalione
2954 5606 3168 5659 Domini
3219 5606 3377 5669 “'23,
3439 5603 3703 5659 Radulfus

2109 5675 2575 5745 archiepisCOpns,
2621 5692 2718 5729 xm
2776 5675 2982 5730 Kalend
3064 5676 3358 5739 Novemb,
3393 5676 3701 5730 Cantuariaa

2107 5744 2260 5804 obiit.
2286 5746 2366 5799 cui
2401 5746 2730 5801 Guillelmus
2774 5746 3120 5801 Curbnlensis
3148 5748 3395 5802 canonic.
3457 5746 3697 5804 regular.

2103 5826 2233 5889 post
2248 5790 2461 5888 aliquot
2477 5831 2544 5871 an
2554 5832 2652 5889 nos
2680 5820 2969 5889 successit.
2990 5839 3032 5889 ί»
3051 5818 3167 5889 Huc
3184 5834 3356 5889 usque
3373 5788 3704 5889 Codfllicto-

2102 5886 2238 5942 riani
2267 5886 2668 5957 narratiuncula
2705 5889 2772 5943 de
2802 5887 3057 5955 Radulfo,
3088 5888 3143 5943 in
3172 5886 3283 5961 qua
3319 5903 3484 5943 unum
3507 5886 3699 5942 obser-
