4010 6064
242 207 335 259 53

1556 206 1685 262 LIB.
1720 205 1813 273 Ill,
1847 205 2071 262 EPIST.
2109 205 2307 263 XXIV.

3510 210 3578 301 ﬁt

237 342 367 383 nec
416 326 490 382 ab
537 326 649 383 ullo
697 329 959 400 episcopo
1003 331 1308 387 reordinari
1353 331 1535 388 debet.
1569 333 1650 387 De
1694 330 1867 387 altero
1897 330 1954 393 Α
1983 331 2219 387 breviter
2257 331 2476 403 loquar,
2522 330 2769 402 audistis,
2820 339 2878 387 ut
2922 341 3073 404 puto,
3125 334 3358 408 qualiter
3401 334 3579 391 subito

242 432 409 470 vero
476 416 665 483 fratre,
699 419 792 487 qui
857 420 1059 475 herbas
1115 421 1358 492 quassivit
1413 421 1650 484 mulieri,
1684 420 1879 489 quibus

238 506 449 559 virum
469 522 623 560 suum
647 500 994 569 interficeret.
1019 509 1272 580 quamvis
1295 526 1463 580 prope
1482 525 1615 565 voce
1633 509 1879 565 habeatis

238 594 325 649 de
338 596 459 650 hac
476 611 531 651 re
564 595 615 649 in
645 596 1041 652 Northmannia
1064 597 1343 654 sufﬁciens
1363 599 1669 665 consilium,
1695 608 1876 652 tamen

238 683 395 753 quia
434 699 467 738 a
498 700 585 738 me
616 685 723 740 hoc
767 686 979 755 petitis,
1011 694 1255 742 nostrum
1301 704 1504 759 negare
1546 704 1655 742 non
1701 688 1877 742 debeo

239 789 529 828 sensum.
564 773 618 827 Si
648 775 948 830 monachus
978 784 1170 830 noster
1200 783 1367 841 esset,
1401 785 1454 831 et
1492 778 1575 831 vir
1606 776 1695 831 ille
1725 778 1877 843 cujus

238 861 433 915 morti
466 863 717 931 quaesivit
765 863 987 931 herbas,
1021 864 1128 934 ipis
1176 864 1492 919 interfectus
1536 870 1701 926 esset,
1733 881 1870 918 nun-

246 966 440 1019 quam
469 950 538 1004 ad
568 950 920 1006 diaconatum
971 969 1067 1023 per
1117 969 1226 1013 me.
1258 954 1343 1008 vel
1389 953 1459 1007 ad
1507 952 1873 1008 sacerdotium

249 1039 624 1095 ascenderet.
666 1041 829 1093 Multa
862 1040 1140 1096 dilectioni
1173 1050 1391 1107 vestra),
1426 1041 1470 1096 si
1517 1041 1694 1096 cordis
1736 1039 1869 1095 affe-

246 1135 414 1182 ctum
458 1143 748 1198 sequerer,
786 1129 1099 1184 scriberem.
1150 1130 1257 1184 Sed
1308 1130 1562 1201 quoniam
1595 1135 1674 1201 (ut
1721 1131 1870 1201 puto)

250 1215 380 1269 illis
413 1216 634 1286 loquor,
666 1218 759 1288 qui
794 1234 862 1273 ex
911 1218 1247 1274 conscientia
1290 1235 1391 1274 sua
1435 1236 1613 1274 meam
1659 1235 1873 1289 cogno-

249 1313 447 1361 scunt.
481 1305 720 1360 breviter
763 1306 887 1361 dico
935 1308 1193 1378 quoniam
1245 1307 1385 1362 sicut
1430 1316 1652 1379 propter
1699 1308 1871 1361 Deum

249 1409 365 1448 nos
398 1393 633 1449 invicem
664 1394 975 1459 dileximus,
1010 1394 1086 1449 ita
1152 1397 1405 1451 desidero
1452 1404 1506 1451 et
1550 1411 1647 1451 oro
1675 1396 1869 1460 Deum,

251 1488 314 1538 et
345 1498 453 1537 vos
482 1498 620 1554 rogo
675 1483 818 1537 utin
855 1483 1041 1539 eadem
1091 1483 1385 1540 dilectione
1426 1492 1652 1555 propter
1699 1485 1871 1539 Deum

253 1586 715 1641 perseveremus.
749 1570 1047 1640 Quatenus,
1076 1574 1220 1628 sicut
1245 1589 1407 1628 causa
1459 1582 1681 1642 propter
1711 1590 1870 1645 quam

1984 427 2177 491 raptus
2208 421 2307 475 sim
2342 422 2409 476 ad
2450 421 2995 493 archiepiscOpatum.
3030 425 3332 496 Antequam
3363 425 3578 496 praebe-

1982 526 2094 564 rem
2124 526 2427 575 assensum,
2455 510 2627 579 palam
2659 511 2768 564 dixi
2810 528 2896 567 me
2928 512 3114 567 favere
3165 515 3386 569 domino
3427 530 3581 583 papae

1986 597 2229 661 Urbano,
2262 606 2315 651 et
2344 598 2602 653 Guiberto
2630 598 2907 652 adversari
2935 618 2946 653 ε
2983 608 3036 654 et
3066 600 3188 667 feci,
3221 610 3275 656 et
3322 601 3435 655 dixi
3481 616 3582 671 per

1982 702 2077 740 sex
2110 703 2348 751 menses,
2377 686 2524 757 quod
2557 686 2702 755 potui
2733 687 2850 741 sine
2882 696 3127 756 peccato,
3162 697 3220 743 ut
3247 688 3615 744 dimitterern

1983 775 2227 830 Tandem
2276 774 2466 829 timore
2514 775 2635 838 Dei,
2668 777 2738 829 ob
2795 775 2995 829 multas
3043 777 3305 838 rationes.
3356 785 3578 833 coactus

1983 862 2203 917 subdidi
2235 879 2322 917 me
2361 862 2552 918 dolens
2603 871 2873 933 praecepto
2916 864 3317 935 archiepiscopi
3366 866 3494 931 mei,
3526 874 3580 921 et

1985 951 2237 1006 electioni
2264 951 2426 1005 totius
2478 950 2711 1020 Angliae,
2745 960 2800 1005 et
2847 961 3092 1007 sacratus
3141 969 3261 1007 sum
3297 972 3309 1007 :
3354 954 3579 1009 forsitan

1986 1040 2093 1094 illic
2126 1040 2385 1108 trepidavi
2420 1040 2631 1104 timore,
2656 1038 2749 1093 ubi
2772 1055 2877 1093 non
2901 1048 3018 1095 erat
3040 1042 3199 1095 timor
3222 1059 3234 1103 ;
3259 1041 3356 1097 sed
3395 1043 3580 1096 nesci-

1984 1129 2055 1197 vi,
2091 1130 2240 1183 Deus
2269 1128 2390 1186 scit.
2424 1135 2476 1183 et
2506 1127 2683 1182 adhuc
2711 1129 2922 1185 nescio.
2950 1129 3115 1183 Paulo
3135 1138 3258 1200 post
3280 1146 3369 1184 rex
3393 1137 3576 1184 noster

1978 1218 2155 1271 iturus
2202 1218 2257 1270 in
2306 1216 2782 1280 Northmanniam,
2824 1216 2995 1271 multa
3042 1217 3273 1287 pecunia
3315 1217 3566 1290 indiguit.

1983 1308 2290 1377 Antequam
2322 1322 2353 1361 a
2383 1321 2469 1360 me
2500 1305 2792 1376 quidquam
2841 1313 3068 1375 peteret,
3103 1305 3331 1361 consilio
3371 1308 3580 1362 amico-

1980 1411 2102 1450 rum
2133 1394 2352 1465 promisi
2382 1394 2456 1448 illi
2487 1393 2771 1464 pecuniam
2797 1410 2905 1449 non
2935 1411 3158 1465 parvam
3195 1412 3208 1449 :
3234 1396 3384 1450 novit
3405 1396 3573 1464 Deus,

1984 1498 2092 1551 qua
2147 1481 2465 1536 intentione.
2524 1481 2741 1552 Sprevit
2796 1482 2946 1552 quasi
3004 1482 3296 1549 modicam,
3345 1490 3404 1536 ut
3459 1483 3583 1553 plus

1981 1570 2164 1625 darem
2191 1586 2206 1636 ;
2240 1569 2337 1624 sed
2368 1568 2543 1624 nolui.
2584 1569 2769 1624 Gratia
2802 1570 2939 1636 Deo,
2972 1587 3093 1640 quae
3122 1571 3411 1626 miserente
3442 1571 3581 1625 sim-

256 1659 509 1713 Charitas
535 1660 654 1728 ipsa
674 1659 906 1730 inccnpta
932 1669 1032 1726 est,
1059 1677 1335 1731 nunquam
1368 1661 1609 1726 deﬁciet,
1642 1663 1711 1716 ita
1740 1664 1871 1717 cha-
1901 1671 1954 1731 Β
1989 1659 2282 1730 plicitalem
2332 1657 2511 1713 cordis
2549 1658 2656 1712 mei
2704 1659 2808 1712 hoc
2853 1657 3052 1713 factum
3103 1666 3203 1726 est,
3236 1675 3321 1724 ne,
3357 1660 3400 1713 si
3450 1659 3582 1714 nihil

256 1748 405 1802 ritas
433 1748 691 1803 inviolata
722 1757 1055 1819 permaneat.
1091 1750 1168 1804 De
1196 1759 1335 1804 statu
1378 1751 1500 1805 vitae
1531 1756 1729 1806 nostrae
1760 1751 1873 1805 scio

260 1835 397 1906 quia
447 1836 768 1891 desideratis
802 1846 859 1890 ut
905 1836 1063 1891 amici
1110 1853 1464 1907 cognoscere.
1495 1840 1696 1894 Nescio
1742 1840 1873 1911 quid

256 1922 316 1977 in
352 1924 538 1978 futuro
565 1925 714 1979 Deus
743 1925 810 1980 de
836 1941 922 1979 me
972 1925 1038 1979 sit
1087 1925 1374 1993 facturus;
1408 1927 1501 1981 sed
1545 1928 1721 1983 adhuc
1767 1944 1872 1982 non

258 2012 444 2076 sensi,
480 2028 548 2067 ex
582 2029 687 2084 quo
708 2013 921 2083 suscepi
957 2030 1153 2068 nomen
1179 2014 1596 2087 archiepiscopi,
1620 2016 1762 2071 unde
1779 2031 1877 2070 cor

263 2116 456 2154 meum
493 2101 691 2155 audeat
719 2102 1008 2173 gratulari.
1041 2102 1389 2175 Quapmptcr
1431 2120 1531 2160 oro
1562 2104 1790 2174 supplex
1822 2110 1878 2159 et

261 2188 525 2254 obsecro,
567 2198 625 2242 ut
684 2189 815 2244 mihi
875 2190 927 2244 in
987 2191 1308 2247 necessitate
1365 2208 1487 2247 mea
1542 2193 1877 2267 orationibus

264 2278 482 2331 vestris
530 2277 887 2342 subveniatis.
923 2279 1119 2343 donec,
1152 2280 1221 2334 ad
1247 2282 1339 2350 qui
1372 2281 1518 2335 Deus
1549 2298 1634 2336 me
1665 2298 1696 2336 ει
1725 2283 1882 2337 vobis

265 2372 321 2420 et
349 2365 478 2419 aliis
509 2365 699 2420 amicis
726 2366 928 2422 nostris
958 2367 1052 2439 qui
1084 2369 1139 2420 in
1172 2368 1567 2424 Northmannia
1595 2378 1737 2434 sunt,
1771 2387 1879 2425 non

269 2455 391 2507 sine
423 2455 584 2525 gravi
636 2454 826 2509 dolore
868 2455 1046 2510 adhuc
1087 2462 1491 2525 perseverante,
1521 2459 1878 2528 separaverit,

278 2542 651 2613 cognoscatis.
684 2542 1041 2614 Omnipotens
1072 2543 1335 2599 Dominus
1362 2561 1457 2599 sua
1500 2562 1596 2601 vos
1626 2548 1798 2619 gratia
1829 2556 1882 2603 et

272 2629 659 2686 benedictione
689 2648 912 2701 semper
942 2632 1188 2701 laetiﬁcet,
1222 2640 1275 2687 et
1302 2634 1354 2687 in
1376 2634 1659 2690 animabus
1679 2636 1879 2691 vestris

273 2718 505 2774 virtutes
532 2719 880 2791 multiplicat.

742 2822 1081 2879 EPISTOLA
1107 2825 1293 2878 XXIV
1326 2823 1407 2877 ³⁸⁸.

264 2933 505 2973 ωειίωι
532 2932 609 2973 ΑΙ)
637 2934 907 2974 HUGONBM
938 2934 1349 2975 LUGDUNENSEM
1378 2937 1873 2978 ARCIHEPISCOPUH.

1982 1757 2071 1803 aut
2115 1764 2301 1817 parum
2348 1745 2738 1817 promisissem,
2789 1745 2991 1816 justam
3044 1748 3316 1801 videretur
3361 1747 3573 1802 habere

1984 1852 2208 1892 causam
2253 1835 2562 1897 irascendi;
2597 1843 2690 1889 aut
2739 1835 2791 1889 si
2837 1836 3144 1906 accepisset
3171 1835 3252 1901 "‘,
3286 1843 3586 1891 verteretur

1984 1924 2110 1978 mihi
2134 1924 2183 1976 in
2199 1938 2519 1993 gravamen,
2543 1921 2658 1976 etin
2681 1921 3052 1992 suspicionem
3080 1923 3333 1979 nefanda:
3355 1924 3584 1993 emptio-

1985 2013 2100 2067 nis.
2138 2013 2223 2066 Ex
2254 2012 2342 2065 illa
2375 2013 2507 2065 hora
2539 2010 2692 2064 visus
2722 2018 2802 2065 est
2833 2027 3077 2080 quaerere
3119 2011 3434 2067 occasiones
3479 2012 3583 2066 ad-

1984 2117 2200 2157 versum
2244 2117 2333 2155 me
2361 2098 2440 2153 1".
2476 2101 2705 2154 Locutus
2764 2116 2880 2154 sum
2939 2101 3009 2152 de
3065 2099 3267 2170 pallio;
3302 2099 3472 2154 noluit
3526 2108 3586 2155 ut

1986 2189 2116 2244 illud
2148 2198 2390 2261 peterem
2448 2189 2687 2261 quandiu
2719 2188 2834 2259 ipse
2868 2186 3069 2243 nullum
3124 2188 3394 2258 reciperet
3442 2206 3583 2259 apo-

1987 2279 2269 2346 stolicum;
2304 2284 2397 2331 aut
2426 2281 2484 2330 ut
2515 2277 2706 2331 saltem
2748 2276 2907 2345 hujus
2953 2275 3234 2332 dilationis
3276 2278 3585 2333 excusatio-

1989 2383 2114 2421 nem
2167 2366 2391 2420 domino
2450 2381 2607 2435 papa:
2665 2365 2999 2419 intimarem.
3035 2365 3279 2419 Sustinui
3328 2382 3497 2437 usque
3528 2365 3587 2397 ¹⁷⁰

1986 2471 2150 2523 nunc,
2183 2454 2411 2510 consilio
2462 2453 2865 2524 episcoporum,
2896 2461 3120 2523 propter
3166 2452 3444 2509 vitandam
3496 2453 3587 2508 in-

1988 2544 2315 2599 fructuosam
2346 2542 2764 2610 dissensionem,
2815 2543 2863 2595 si
2893 2541 3033 2597 forte
3065 2542 3209 2597 Deus
3231 2542 3434 2614 aliquid
3454 2544 3587 2598 inte-

1987 2634 2086 2688 rim
2145 2641 2479 2703 operaretur,
2531 2632 2676 2687 unde
2747 2631 2823 2685 illi
2879 2631 3087 2686 domini
3144 2647 3297 2702 papae
3342 2632 3585 2702 receptio

1988 2721 2422 2792 persuaderetur.
2477 2720 2643 2775 Petivi
2718 2728 2777 2774 ut
2830 2719 3121 2775 concilium
3169 2728 3582 2785 convocaretur,

1987 2810 2132 2881 quod
2160 2826 2257 2879 per
2279 2810 2475 2864 multos
2503 2824 2681 2863 annos
2708 2808 2761 2862 in
2792 2808 2989 2880 Anglia
3011 2808 3212 2863 factum
3245 2824 3351 2862 non
3383 2808 3585 2875 fuerat,

1989 2909 2251 2970 quatenus
2297 2896 2705 2969 corrigerentur
2752 2896 3001 2967 quaedam
3053 2897 3107 2950 in
3150 2896 3343 2951 eodem
3390 2913 3584 2968 regno,

266 3014 412 3088 Quid
434 3016 497 3088 iu
514 3016 718 3070 multis
747 3016 996 3088 adversis
1017 3018 1134 3071 suis
1156 3018 1409 3088 factofsit
1433 3034 1591 3088 opus,
1622 3021 1872 3075 consulit
1901 3020 1950 3083 C
1990 3004 2109 3059 quae
2140 2987 2447 3088 {‘“lla‘m”?
2476 2984 2754 3039 'Olemnda
2786 2984 3127 3088 ‘ie’iimm‘
3161 2986 3350 3054 Ipsum
3374 3001 3589 3088 quin“?

334 3085 774 3154 Lugdunensem
798 3087 1102 3156 primatem
1150 3089 1222 3143 De
1256 3085 1560 3143 schismate
1588 3092 1743 3144 inter
1768 3092 1869 3147 Ur-

334 3157 567 3231 banum,
592 3159 686 3212 cui
705 3156 955 3231 favebat.
981 3162 1035 3211 et
1057 3157 1414 3231 Guibertum.
1441 3160 1730 3215 Promittit
1753 3162 1873 3231 regi

330 3229 581 3282 multum
625 3230 949 3298 pecuniam.
997 3245 1164 3297 quam
1219 3229 1324 3283 Deo
1387 3232 1697 3286 miserante
1758 3229 1872 3286 non

338 3298 509 3353 solvit
542 3317 560 3350 :
588 3298 742 3353 unde
771 3314 879 3354 rex
906 3300 1196 3354 irascitur.

335 3395 601 3458 Domino,
635 3402 690 3449 et
723 3395 903 3450 amico
934 3394 1276 3464 eharissimo,
1308 3397 1610 3453 reverendo
1641 3398 1868 3470 Lugdu-

266 3484 417 3536 nensi
450 3483 865 3553 archiepiscOpo
916 3484 1157 3547 lineam,
1190 3484 1362 3539 frater
1405 3489 1718 3552 Amemus,
1752 3487 1867 3542 sive

261 3571 483 3639 jubente
514 3572 647 3629 Deo.
680 3573 801 3628 sive
829 3572 1196 3641 permittente,
1230 3582 1451 3628 vocatus
1492 3575 1864 3646 archiepisco-

266 3676 366 3730 pus
394 3660 706 3716 Cantuarim
736 3677 751 3714 :
782 3660 874 3715 diu
918 3660 971 3714 in
1022 3661 1122 3715 hac
1165 3660 1274 3716 vita
1325 3659 1526 3730 lucere,
1559 3670 1612 3717 et
1651 3679 1868 3734 semper

267 3748 318 3802 in
346 3748 536 3803 futura
564 3750 833 3821 gaudere.

329 3837 384 3892 Si
414 3838 593 3892 omnia
634 3837 878 3893 facienda
908 3846 1038 3893 sunt
1064 3855 1186 3893 cum
1216 3839 1463 3904 consilio,
1496 3840 1588 3894 illa
1618 3840 1862 3897 maxime

260 3925 506 3981 iacienda
536 3932 663 3981 sunt
692 3943 815 3981 cum
845 3928 1101 3999 diligenti
1151 3928 1397 3997 consilio,
1430 3929 1485 3982 in
1533 3929 1727 3998 quibus
1769 3930 1861 3984 ni-

257 4013 352 4081 hil,
384 4015 485 4068 nisi
536 4016 683 4087 quod
741 4016 967 4071 obediat
1026 4016 1295 4071 voluntati
1354 4016 1472 4084 Dei,
1507 4018 1859 4086 quaerendum

256 4112 350 4159 est.
383 4105 584 4159 Precor
638 4104 807 4177 igitur
864 4105 1207 4160 sanctitatem
1262 4109 1516 4172 vestram,
1547 4102 1689 4160 ut‘"
1715 4125 1846 4179 pro-

254 4197 371 4263 pter
394 4192 590 4259 Deum,
614 4201 666 4246 et
697 4196 927 4263 propter
955 4193 1298 4257 charitatem,
1332 4209 1494 4263 quam
1526 4198 1644 4252 scio
1674 4197 1728 4251 in
1760 4198 1854 4255 illo

256 4297 378 4353 erga
408 4295 528 4348 me,
563 4289 710 4351 petat
738 4295 771 4335 a
801 4282 916 4337 Deo
955 4281 1240 4337 consilium
1282 4282 1427 4353 quod
1474 4284 1605 4338 mihi
1644 4286 1754 4341 det.
1784 4289 1851 4344 Ut

1982 3075 2165 3129 monui
2196 3083 2254 3128 ut
2283 3074 2551 3143 quaedam,
2587 3089 2707 3145 quae
2737 3072 2871 3125 mihi
2903 3072 3056 3127 aliter
3097 3088 3263 3142 quam
3307 3080 3584 3143 oporteret

1984 3163 2164 3219 facere
2209 3163 2515 3230 videbatur,
2558 3160 2901 3233 corrigeret:
2936 3177 3003 3214 ex
3050 3161 3136 3214 his
3181 3166 3366 3231 aperte
3413 3161 3582 3216 iratus

1983 3269 2069 3306 me
2099 3268 2343 3307 amorem
2376 3267 2531 3305 suum
2563 3249 2867 3320 perdidisse
2896 3247 3279 3303 manifestavit.
3300 3250 3577 3320 Respondi

1984 3357 2075 3396 me
2103 3340 2267 3395 malle
2299 3348 2354 3393 ut
2385 3340 2501 3409 ipse
2524 3339 2660 3392 mihi
2682 3337 3028 3404 irasceretur,
3049 3353 3206 3404 quam
3224 3345 3282 3391 ut
3312 3339 3456 3392 Deus
3476 3338 3581 3404 illi,

1978 3437 2032 3484 et
2061 3429 2140 3484 sic
2170 3444 2205 3482 a
2236 3427 2528 3499 praesentia
2559 3426 2682 3494 ejus
2712 3424 2963 3479 discessi.
3003 3425 3226 3479 Postera
3254 3425 3340 3479 die
3358 3425 3575 3480 rediens

1978 3518 2046 3573 ad
2070 3534 2216 3585 eum,
2249 3516 2359 3570 dixi
2391 3531 2476 3569 me
2508 3514 2739 3569 libenter
2766 3513 3030 3567 facturum
3065 3512 3562 3582 illireetitudinem,

1972 3614 2019 3672 si
2051 3632 2153 3684 qua
2211 3613 2365 3683 culpa
2422 3613 2478 3666 in
2534 3627 2621 3666 me
2674 3611 2935 3665 adversus
2989 3609 3137 3663 illum
3197 3609 3560 3677 inveniretur,

1974 3727 2137 3784 quam
2168 3719 2346 3764 tamen
2372 3723 2478 3780 ego
2508 3707 2865 3774 nesciebam;
2900 3715 2954 3762 et
2982 3705 3172 3777 rogavi
3219 3710 3277 3760 ut
3326 3722 3569 3762 amorem

1971 3826 2128 3866 suum
2160 3807 2289 3863 mihi
2317 3805 2593 3861 redderet.
2632 3803 2931 3873 Respondit
2961 3819 3019 3857 se
3045 3818 3146 3857 nec
3183 3801 3569 3858 rectitudinem

1970 3915 2096 3963 tunc
2126 3912 2487 3975 recepturum,
2509 3918 2610 3957 nee
2630 3916 2867 3956 amorem
2899 3899 3259 3967 redditurum,
3278 3898 3377 3953 nisi
3408 3899 3565 3955 dice-

1966 4021 2080 4060 rem
2115 4007 2216 4071 37
2233 4007 2277 4069 5
2313 4018 2408 4056 cur
2436 3999 2587 4055 illum
2611 3998 2742 4053 mihi
2772 3997 2999 4052 reddere
3026 3997 3271 4053 deberet.
3296 3997 3457 4052 Visus
3479 4001 3567 4053 est

1967 4092 2098 4148 mihi
2127 4090 2271 4147 velle
2299 4089 2583 4162 pecuniam
2621 4101 2783 4158 quam
2830 4086 2961 4142 dare
3003 4086 3170 4154 nolui,
3201 4102 3270 4143 ne
3312 4086 3557 4158 culpam,

1964 4207 2086 4263 quas
2114 4204 2223 4245 non
2248 4194 2387 4253 erat,
2419 4186 2637 4240 viderer
2668 4183 2823 4239 fateri
2851 4179 2935 4238 1'".
2966 4184 3142 4237 Iratus
3181 4182 3452 4238 intentum
3503 4191 3561 4238 ut

1963 4287 2171 4343 diceret
2196 4301 2316 4356 quae
2345 4299 2455 4339 non
2490 4282 2788 4351 debuisset,
2821 4289 2875 4337 et
2920 4280 3187 4353 quaedam
3229 4288 3401 4335 terras
3449 4296 3559 4337 non

1559 4435 1796 4492 VARLE
1835 4436 2241 4493 LECTIONES.

324 4527 529 4628 1193f!"
559 4545 605 4628 t’.’

260 4608 505 4665 cepisset.

259 4667 536 4726 "'Videret
567 4670 724 4725 fateri
755 4689 859 4728 ms.
892 4673 1103 4730 viderer
1131 4675 1306 4732 fateri.

598 4530 825 4609 [tertiato
855 4546 941 4586 ms
992 4531 1225 4587 collata.
1284 4529 1703 4609 “7Sanctitatem
1752 4543 1811 4589 ut
1863 4553 1975 4609 ms.
2011 4535 2655 4609 sanctitatemhvestram
2711 4536 2790 4583 ut.
2852 4527 3419 4609 "'Accepissem.ms.
3452 4542 3551 4585 ac-

608 4599 997 4673 '0ccasionem
1029 4612 1220 4659 contra
1254 4622 1339 4661 me
1360 4623 1467 4661 ms.
1490 4606 1806 4662 occasiones
1845 4608 2138 4662 adversum
2168 4621 2277 4662 me.
2333 4602 2664 4659 ’"Sustinuit
2708 4616 2884 4673 usque
2931 4615 3039 4656 me.
3062 4599 3299 4655 sustinui
3346 4615 3546 4670 usque.

1448 4798 1752 4857 JOANNIS
1794 4801 2069 4858 PICARDI
2110 4799 2340 4857 NOTzE.

260 4888 397 4966 vavi.
425 4890 569 4966 quod
600 4891 859 4947 lectorem
890 4910 1165 4964 moneam,
1197 4896 1403 4953 scilicet
1429 4896 1499 4951 de
1528 4912 1668 4952 anno
1692 4912 1842 4951 mor-
1869 4901 1922 4961 D
1954 4898 2054 4953 bus
2083 4913 2113 4951 a
2142 4895 2379 4966 Rogerio
2410 4891 2782 4966 Mongomerio
2811 4890 3032 4948 Roberti
3052 4890 3551 4966 Belesinensis‘tcu-

261 4962 326 5016 tis
350 4962 612 5029 ejusdem,
646 4979 808 5032 quem
838 4981 962 5021 esse
994 4968 1131 5022 1122
1153 4962 1356 5022 dicunt
1387 4983 1494 5021 una
1540 4984 1675 5024 voce
1704 4967 1841 5023 Mal-

262 5035 427 5087 mesb.
466 5033 677 5088 Honed.
720 5042 771 5088 et
820 5036 1005 5091 Matth.
1056 5038 1221 5092 Paris.
1261 5039 1326 5092 Et
1381 5037 1588 5092 librarii
1631 5039 1844 5095 incuria

263 5105 499 5178 suspicor
544 5105 954 5178 essejadditum
1002 5109 1240 5175 tertium,
1277 5116 1335 5162 ut
1381 5107 1844 5178 quemadmodum

266 5174 452 5244 legerat
499 5190 621 5249 xlllA
655 5176 883 5249 Kalend.
934 5177 1005 5231 ita
1064 5179 1326 5235 festinans
1383 5174 1662 5249 scripserit
1716 5196 1842 5234 ann.

272 5249 414 5318 “23,
445 5253 503 5298 ut
524 5246 731 5301 facilius
760 5256 813 5301 et
841 5248 999 5303 citius
1029 5251 1299 5305 obtineret
1329 5246 1572 5318 pallium.
1596 5250 1692 5304 Est
1714 5251 1845 5305 lvon

272 5316 631 5390 Carn._epist.
679 5322 781 5373 252
842 5319 909 5372 ad
970 5321 1221 5375 Paschal.
1272 5316 1404 5390 pap.
1461 5323 1846 5376 Monasterium

272 5403 394 5462 vero
420 5387 683 5460 Sagiense
711 5389 1105 5462 cuiARadullus
1151 5387 1440 5459 praefectus
1492 5392 1609 5460 fuit,
1658 5393 1853 5462 Opinor

278 5456 398 5533 illud
436 5456 757 5533 esse,_quod
806 5460 1078 5533 Gemmet,
1112 5456 1206 5517 lib.
1239 5479 1332 5527 vu,
1365 5479 1482 5533 cap.
1508 5456 1605 5529 22,
1631 5456 1855 5518 testatur

280 5531 503 5602 positum
535 5530 704 5585 fuisse
737 5532 800 5585 D.
830 5532 1067 5589 Martino
1096 5533 1152 5588 in
1199 5530 1524 5589 suburbanis
1570 5534 1853 5609 Sagiensi-

1948 4968 2040 5043 jus
2068 4963 2710 5043 supraiinemoria‘facta
2738 4968 2843 5033 est)
2895 4968 3348 5043 patreutempore
3397 4963 3546 5016 Wil-

1955 5032 2101 5094 lelmi
2133 5032 2300 5093 Nothi
2348 5032 3001 5097 ducis'Northmanui-ce;
3035 5032 3103 5086 ad
3149 5032 3302 5101 cujus
3352 5048 3546 5088 exem-

1954 5112 2102 5181 plum
2133 5109 2203 5164 tis
2233 5111 2376 5163 enim
2400 5109 2442 5162 D
2489 5108 2745 5181 Stephani
2768 5106 2988 5181 nomine
3011 5103 3231 5181 Gadomi
3254 5111 3545 5181 exstruen-

1954 5174 2081 5236 dum
2130 5190 2406 5236 curaverat
2464 5174 2792 5246 cmnobium)
2850 5174 3086 5230 universi
3138 5175 3545 5230 Northmanniae
3633 5188 3636 5192 ‘

1955 5251 2136 5323 reguli
2168 5267 2289 5325 sese
2321 5254 2760 5325 composuerunt,
2796 5254 2853 5301 et
2883 5261 3069 5325 sancta
3102 5246 3349 5325 quedam
3373 5262 3547 5300 temu—

1958 5315 2158 5379 laﬁone
2222 5315 2477 5391 plurimas
2534 5321 2860 5391 excitavere
2926 5315 3220 5391 Ecclesias,
3262 5332 3398 5391 quas
3428 5332 3546 5387 per-

1958 5392 2177 5463 stringit
2203 5387 2708 5468 Gemmet.__adhu_e_
2737 5388 3017 5468 Sagiensis
3043 5387 3255 5468 .abbas.
3285 5387 3550 5462 Eadmer.‘

1962 5461 2177 5536 qucque
2206 5463 2451 5519 meminit
2480 5461 2570 5516 lib.
2596 5480 2614 5515 ι
2648 5462 2781 5517 Vitae
2804 5461 3083 5517 Anselmi.
