4010 6064
351 212 422 270 55
905 219 963 275 S.
995 216 1306 274 ANSELMI
1345 213 1696 271 CANTUAB.
1737 210 2057 270 ARCHIEP.
2101 212 2258 270 OPP.
2301 212 2484 270 PARS
2522 213 2616 269 IlI.
2649 243 2718 254 ——
2746 210 3122 270 EPISTOLE.
3580 207 3648 258 56

355 351 574 411 parvas,
628 353 764 408 quas
810 341 1256 412 archiepiscOpus
1311 341 1650 396 Lanfrancus
1702 347 1945 407 tempore
1974 341 2034 403 Α

359 426 532 498 patris
563 428 696 496 ejus,
729 437 778 483 et
811 437 1055 500 tempore
1086 432 1259 502 ipsius
1293 429 1470 502 quiete
1498 447 1668 501 usque
1700 430 1754 483 in
1796 429 1946 484 diem

363 516 444 569 sui
475 516 652 571 obitus
684 519 872 586 tenuit,
895 520 1152 574 militibus
1171 520 1367 590 partim
1384 519 1563 583 daret,
1597 518 1787 588 partim
1820 517 1952 574 dare

360 604 637 674 disponat,
652 607 752 660 sub
772 608 1052 663 occasione
1069 609 1349 677 cujusdam
1373 607 1690 663 voluntaria
1704 607 1950 678 justitia,

360 694 656 748 secundum
688 712 852 766 quam
885 697 955 751 de
988 698 1144 752 terris
1173 697 1374 752 eisdem
1398 713 1483 752 me
1518 699 1625 752 vult
1655 697 1947 767 placitare:

363 798 486 838 cum
518 799 622 854 ego
651 784 824 839 dicam
849 785 970 855 quia
995 803 1098 840 non
1123 803 1208 840 me
1231 787 1390 840 debet
1412 788 1480 841 ad
1505 785 1871 858 placitandum
1893 785 1956 814 ’7’

363 887 562 942 cogere
609 873 678 926 dc
735 873 889 927 terris
946 890 1081 943 quas
1136 876 1582 946 archiepiscopus
1636 883 1957 931 antecessor

362 976 512 1015 meus
541 960 728 1014 tandiu
754 963 935 1032 quiete
966 965 1167 1032 tenuit;
1203 972 1254 1018 et
1283 965 1402 1033 ipse
1433 964 1562 1018 mihi
1610 964 1776 1029 dedit,
1818 964 1956 1018 sicut

363 1047 454 1102 ille
486 1049 675 1104 tenuit.
699 1051 826 1106 Hac
857 1060 1034 1106 autem
1066 1061 1150 1107 est
1177 1053 1264 1106 illa
1296 1069 1456 1123 quam
1487 1053 1602 1107 dixi
1655 1053 1956 1108 voluntaria

359 1137 590 1206 justitia.
627 1137 898 1206 Quoniam
934 1146 1098 1194 terras
1145 1142 1396 1208 easdem,
1429 1146 1717 1212 antequam
1747 1143 1954 1196 North-

365 1227 550 1280 manni
581 1227 841 1297 Angliam
873 1229 1210 1295 invaderent,
1245 1230 1440 1284 milites
1480 1231 1637 1301 Angli
1669 1231 1737 1284 ab
1769 1231 1953 1285 archi-

363 1315 616 1384 episcopo
647 1317 952 1372 Cantuaria
985 1319 1220 1372 tenuisse
1251 1319 1518 1386 dicuntur,
1546 1328 1596 1374 et
1619 1319 1813 1374 mortui
1831 1327 1956 1374 sunt

366 1403 487 1458 sine
533 1404 862 1471 haredibus,
898 1407 1280 1462 vultasserere
1314 1424 1378 1463 se
1423 1424 1584 1478 posse
1618 1408 1764 1476 juste
1813 1424 1954 1477 quos

364 1492 478 1546 vult
535 1509 718 1547 eorum
778 1495 1024 1550 haredes
1079 1495 1428 1550 constituere.
1490 1497 1734 1551 lntendat
1790 1497 1958 1568 igitur

363 1581 651 1651 prudentia
703 1591 878 1636 vestra
922 1592 979 1638 et
1020 1585 1324 1640 consideret
1372 1585 1500 1656 quid
1550 1601 1614 1640 ex
1682 1586 1956 1656 pradict‘s

2541 340 2879 396 EPISTOLA
2918 339 3071 393 XXV
3100 335 3181 390 ³⁷⁸.

2508 464 2746 504 ANSELMI
2784 463 2855 502 AD
2896 461 3188 501 BOSONEM.

2067 555 2219 625 Quod
2247 571 2358 612 non
2391 557 2600 612 scribat
2641 555 2996 626 frequentius
3035 553 3096 626 ορ
3132 553 3284 626 irunt
3324 547 3649 604 dmidium-

2132 644 2235 697 que
2267 630 2501 697 regium.
2525 628 2593 681 Et
2630 622 2695 681 de
2728 622 2882 682 libro.
2916 627 3026 680 Cur
3072 624 3220 678 Deus
3269 622 3454 686 homo,
3487 635 3650 692 quem

2129 698 2438 753 Eadmerus
2470 697 2900 753 h'anscribebat.

2132 802 2290 871 Quod
2321 812 2473 874 pater
2503 803 2632 868 filio,
2669 804 2838 858 frater
2880 803 3054 869 fratri,
3088 798 3476 856 dilectissimus
3505 795 3651 852 dilc-

2061 891 2320 958 ctissimo,
2357 897 2415 946 Λ.
2447 894 2504 946 Β.
2531 893 2675 963 quod
2709 892 2819 956 ille,
2844 891 2943 948 illi.

2133 981 2348 1036 Gratias
2365 997 2490 1052 ago,
2515 982 2652 1037 sicut
2672 997 2778 1052 ego
2799 981 2915 1049 tibi,
2935 995 3036 1048 pro
3052 978 3330 1048 epistolari
3349 976 3651 1031 visitatione

2063 1077 2170 1135 tua,
2205 1086 2300 1139 pro
2330 1070 2577 1137 consilio,
2602 1086 2698 1140 pro
2715 1070 3098 1134 consolatione,
3127 1083 3226 1138 pro
3243 1066 3513 1121 desiderio
3535 1073 3647 1119 tuo.

2061 1159 2128 1212 Et
2156 1158 2429 1227 quoniam,
2455 1157 2700 1230 quamvis
2729 1175 2894 1228 super
2927 1157 3110 1212 omnia
3140 1156 3415 1210 mundana
3455 1170 3539 1208 me
3560 1154 3653 1207 de-

2059 1246 2292 1312 sideres,
2327 1245 2446 1316 plus
2475 1255 2656 1301 tamen
2687 1247 2885 1318 pendet
2915 1261 3004 1300 cor
3033 1254 3181 1299 tuum
3211 1244 3280 1298 ad
3318 1243 3651 1298 consolatio-

2061 1351 2184 1389 nem
2208 1335 2570 1390 tribulationis
2601 1352 2754 1402 mea,
2789 1351 2948 1405 quam
2985 1335 3194 1397 novisti,
3227 1349 3387 1404 quam
3439 1331 3508 1386 ad
3556 1346 3654 1386 sa-

2061 1423 2297 1478 tietatem
2342 1423 2595 1477 desiderii
2657 1425 2748 1488 tui,
2800 1424 2940 1492 quod
3005 1423 3180 1492 majus
3247 1423 3392 1475 inter
3427 1436 3492 1475 ea
3535 1435 3656 1490 qua

2060 1511 2243 1566 mundi
2293 1521 2416 1566 sunt
2454 1513 2643 1566 habes.
2697 1513 2862 1566 Novit
2908 1511 3144 1566 dulcedo
3205 1509 3511 1566 dilectionis
3552 1517 3655 1563 tua

2059 1618 2196 1673 erga
2227 1617 2312 1655 me
2342 1601 2686 1656 dulcedinem
2719 1601 3025 1655 dilectionis
3057 1617 3192 1655 mea
3221 1615 3356 1672 erga
3385 1608 3456 1664 te,
3477 1607 3529 1653 et
3561 1613 3657 1652 no-

365 1669 613 1733 sentiam,
639 1680 904 1738 quatenus
938 1673 1258 1728 sententiam
1301 1690 1476 1727 meam
1509 1675 1701 1728 litteris
1749 1674 1952 1728 vestris

2079 1690 2144 1744 vit
2173 1688 2390 1745 affectus
2422 1707 2575 1745 meus
2630 1707 2760 1760 erga
2793 1699 2841 1744 te
2887 1689 3136 1744 affectum
3187 1697 3333 1743 tuum
3375 1704 3507 1757 erga
3547 1702 3652 1740 me.

362 1767 454 1813 aut
483 1760 813 1830 approbatis,
838 1769 928 1815 aut
971 1768 1188 1816 ostensa
1215 1759 1273 1790 ³⁷³
1306 1764 1509 1818 ratione
1558 1763 1882 1832 infirmetis;
1907 1772 1958 1818 et

361 1865 449 1901 me
470 1848 522 1902 in
546 1865 612 1903 eo
633 1851 776 1920 quod
806 1851 984 1921 magis
1021 1851 1314 1905 tenendum
1339 1859 1438 1916 est,
1463 1851 1810 1907 confirmetis.
1833 1853 1960 1907 Haec

363 1937 505 1991 enim
539 1946 620 1992 est
647 1939 905 2008 cogitatio
936 1935 1054 1994 mea
1089 1958 1100 1994 :
1137 1941 1248 1995 Rex
1272 1941 1400 1994 mihi
1423 1941 1959 2012 deditarchiepisco-

365 2035 554 2097 patum
611 2027 744 2081 sicut
801 2043 924 2082 eum
1001 2029 1440 2101 archiepiscopus
1518 2029 1847 2084 Lanfrancus
1902 2029 1961 2058 ³⁷⁸

363 2131 534 2186 usque
566 2117 622 2169 in
655 2113 819 2171 ﬁnem
851 2133 962 2171 sua
994 2117 1118 2172 vita
1151 2117 1362 2183 tenuit;
1397 2127 1448 2172 et
1476 2134 1620 2174 nunc
1651 2117 1827 2173 aufert
1847 2119 1961 2173 Ec-

361 2205 548 2260 clesia
579 2213 631 2259 et
652 2204 782 2258 mihi
805 2205 948 2276 quod
973 2204 1065 2259 illa
1086 2214 1137 2260 ct
1159 2205 1298 2260 idem
1315 2207 1762 2278 archiepiscopus
1785 2207 1959 2278 quiete

362 2293 550 2348 tandiu
584 2294 764 2357 tenuit,
792 2301 842 2346 et
889 2293 1001 2363 ipse
1043 2294 1173 2348 mihi
1208 2293 1374 2349 dedit.
1407 2295 1597 2350 Certus
1627 2304 1805 2350 autem
1837 2311 1956 2349 sum

366 2383 492 2452 quia
534 2382 1039 2453 archiepiscopatus
1089 2383 1186 2438 iste
1239 2383 1369 2437 nulli
1424 2384 1640 2438 dabitur
1682 2392 1805 2455 post
1852 2400 1955 2449 me,

361 2471 466 2526 nisi
507 2469 962 2541 quemadmodum
993 2487 1100 2543 ego
1130 2471 1283 2525 illum
1327 2474 1380 2525 in
1408 2473 1494 2526 die
1523 2473 1702 2526 obitus
1732 2473 1836 2526 mei
1873 2481 1954 2526 te-

363 2560 543 2621 nebo;
576 2574 678 2613 nec
708 2559 752 2612 si
781 2559 920 2612 alius
959 2576 1071 2622 rex,
1107 2575 1194 2614 me
1223 2559 1456 2625 vivente,
1485 2562 1713 2624 venerit,
1747 2576 1951 2616 conce-

362 2649 455 2703 det
486 2647 614 2700 mihi
644 2647 748 2701 nisi
805 2647 951 2718 quod
1003 2652 1272 2702 tenentem
1318 2648 1575 2703 inveniet.
1608 2649 1662 2704 Si
1707 2666 1840 2721 ergo
1887 2650 1959 2704 ita

365 2745 588 2792 tenuero
618 2735 1141 2805 archiepiscopatum
1173 2736 1518 2791 imminutum
1542 2754 1711 2809 usque
1741 2739 1810 2791 ad
1839 2739 1954 2794 obi-

367 2831 486 2882 tum
518 2841 720 2890 meum,
737 2826 839 2879 hoc
860 2823 1022 2878 modo
1044 2825 1236 2894 perdet
1257 2826 1497 2880 Ecclesia
1521 2843 1616 2896 per
1633 2843 1737 2881 me.
1765 2827 1817 2882 Si
1838 2827 1959 2899 quis

368 2915 512 2970 enim
543 2914 700 2980 alius,
735 2913 804 2967 ad
835 2929 995 2984 quem
1027 2913 1286 2969 Ecclesia
1317 2916 1559 2969 custodia
1588 2932 1695 2970 non
1727 2918 1960 2986 pertine-

368 3010 472 3073 ret,
502 3004 641 3058 hanc
671 3003 875 3058 faceret
904 3001 951 3056 ei
983 3002 1314 3068 violentiam,
1347 3012 1437 3058 aut
1466 3003 1666 3058 factam
1693 3006 1960 3075 patienter

370 3091 673 3159 sustineret,
709 3092 886 3160 palam
916 3099 1058 3145 esset
1088 3091 1216 3162 quia
1239 3091 1296 3144 in
1330 3093 1504 3147 futuro
1535 3093 1665 3147 nihil
1695 3093 1800 3148 dici
1832 3111 1963 3164 pos-

373 3190 455 3236 set
482 3197 577 3236 cur
602 3196 695 3235 res
727 3179 981 3236 Ecclesia
1011 3179 1080 3234 ad
1130 3195 1249 3234 eam
1299 3180 1484 3234 redire
1530 3197 1634 3235 non
1679 3182 1959 3237 deberent.

369 3270 527 3325 Nunc
556 3277 733 3324 autem
765 3285 885 3324 cum
919 3275 972 3322 et
1000 3268 1118 3339 ipse
1165 3284 1260 3322 rex
1301 3268 1593 3324 advocatus
1641 3270 1756 3338 ejus
1804 3271 1890 3338 sit,
1913 3280 1966 3326 et

374 3375 482 3431 ego
511 3367 714 3424 custos,
747 3357 880 3430 quid
909 3357 1118 3412 dicetur
1147 3359 1200 3410 in
1224 3357 1404 3414 futuro
1427 3359 1526 3411 nisi
1550 3358 1674 3428 quia
1693 3376 1785 3413 rex
1815 3359 1961 3429 fecit,

373 3457 428 3503 et
483 3448 930 3518 archiepiscOpus
985 3447 1298 3501 sustinendo
1373 3447 1728 3515 confirmavit,
1789 3458 1962 3503 ratum

374 3553 500 3592 csse
531 3537 708 3590 debet.
744 3535 938 3589 Melius
989 3535 1152 3606 igitur
1199 3535 1328 3588 mihi
1382 3543 1461 3589 est
1505 3551 1688 3591 coram
1736 3538 1875 3603 Deo,
1911 3543 1968 3592 ut

377 3626 791 3698 possessionem
821 3633 1086 3678 terrarum
1118 3622 1378 3678 Ecclesia
1402 3641 1509 3679 non
1539 3625 1618 3680 sic
1648 3633 1881 3694 teneam,
1914 3637 1968 3682 et

375 3713 614 3770 ofﬁcium
655 3713 913 3786 episc0pi,
936 3727 1084 3766 more
1120 3713 1512 3783 apestolorum,
1539 3730 1745 3786 pauper
1768 3715 1966 3771 faciam

375 3804 431 3858 in
464 3801 829 3856 testimonium
861 3801 1020 3856 illata
1044 3800 1332 3867 violentia,
1366 3818 1530 3872 quam
1560 3811 1615 3857 ut
1662 3803 1807 3858 illam
1859 3806 1965 3860 im-

378 3891 642 3947 minutam
674 3889 926 3956 tenendo,
959 3889 1426 3945 irrestaurabilem
1477 3891 1664 3947 faciam
1696 3893 1815 3962 ejus
1860 3895 1966 3948 im-

378 3981 755 4036 minutionem.
786 3979 884 4032 Est
922 3986 974 4033 et
1003 3978 1148 4032 aliud
1196 3979 1341 4050 quod
1391 3979 1637 4035 similiter
1677 3983 1877 4054 cogito.
1910 3984 1967 4040 Si

378 4067 832 4140 metropolitanus
861 4075 1096 4121 sacratus
1125 4067 1416 4137 episcOpus
1433 4085 1528 4138 per
1548 4077 1712 4124 totum
1729 4073 1965 4142 primum

378 4174 587 4214 uanum
646 4172 748 4212 nec
790 4171 983 4227 papam
1015 4156 1302 4221 viventem,
1337 4173 1438 4212 nec
1469 4157 1691 4227 pallium
1727 4161 1964 4232 requiro,

378 4264 504 4304 cum
535 4262 779 4319 possum,
805 4245 949 4311 juste
976 4243 1036 4274 ³⁷⁸
1067 4245 1137 4298 ab
1183 4245 1302 4316 ipso
1350 4246 1554 4302 honore
1603 4251 1970 4305 removendus

378 4354 524 4393 eum.
558 4335 713 4405 Quod
745 4334 790 4388 si
823 4335 924 4388 hoc
954 4332 1133 4389 facere
1163 4349 1374 4403 nequeo
1403 4335 1522 4390 sine
1551 4338 1846 4394 amissione
1866 4355 1957 4392 ar-

378 4403 827 4494 chiepiscOpatus,
861 4423 1060 4476 melius
1103 4422 1236 4476 mihi
1286 4431 1361 4477 est
1418 4433 1473 4478 ut
1520 4426 1648 4480 mihi
1695 4427 1960 4484 violenter
1993 4403 2044 4463 D

380 4513 683 4576 auferatur,
709 4513 818 4565 imo
848 4512 1042 4566 melius
1073 4520 1152 4566 est
1197 4517 1256 4566 ut
1301 4528 1408 4584 ego
1451 4515 1968 4586 archiepiscOpatum

379 4603 624 4672 rejiciam
674 4615 833 4670 quam
877 4601 1229 4671 apostolicum
1277 4601 1568 4674 abnegem.
1621 4605 1715 4660 Sic
1763 4607 1964 4678 cogito,

379 4699 434 4748 et
462 4690 541 4746 sic
571 4690 753 4745 facere
808 4689 952 4754 volo,
986 4688 1029 4742 si
1076 4689 1206 4742 mihi
1263 4705 1369 4745 non
1424 4692 1663 4747 scribitis
1718 4710 1813 4749 cur
1869 4697 1971 4751 hoc

378 4781 559 4836 facere
590 4795 695 4834 non
727 4779 980 4834 debeam.
1015 4775 1388 4848 Omnipotens,
1421 4781 1685 4837 Dominus
1730 4783 1811 4839 sic
1839 4800 1970 4839 san-

378 4870 613 4926 ctitatem
672 4877 906 4923 vestram
964 4866 1019 4920 in
1076 4867 1178 4920 hac
1224 4867 1332 4921 vita
1402 4885 1495 4922 sua
1551 4871 1725 4942 gratia
1781 4883 1967 4927 custo-

377 4958 510 5025 diat,
560 4965 618 5013 ut
664 4965 716 5014 et
759 4959 817 5011 in
863 4955 1044 5011 futura
1085 4963 1342 5011 aternam
1389 4957 1703 5015 felicitatem
1747 4961 1966 5016 tribuat.

375 5052 566 5106 Amen.

2068 1779 2220 1833 Alter
2247 1779 2468 1832 alterius
2498 1779 2683 1832 intima
2713 1795 2777 1832 cx
2809 1779 3014 1832 inlimis
3042 1777 3151 1832 suis
3194 1777 3496 1848 cognoscit,
3530 1776 3659 1846 quia

2069 1883 2196 1922 vera
2227 1867 2505 1922 sinceritas
2536 1884 2716 1920 veram
2749 1867 3115 1922 sinceritatem
3162 1866 3432 1938 intelligit,
3460 1869 3513 1919 et
3560 1880 3661 1917 ex-

2068 1957 2426 2026 perimentum
2466 1964 2668 2011 certum
2723 1955 2777 2009 in
2833 1965 3023 2010 neutro
3079 1955 3470 2010 dubitationem
3525 1953 3660 2008 oriri

2070 2044 2342 2115 permittit.
2377 2045 2516 2099 Vera
2547 2044 2725 2114 itaque
2751 2054 2799 2098 et
2843 2061 2909 2099 ex
2953 2045 3069 2099 Deo
3114 2055 3297 2099 nostra
3342 2043 3566 2099 dilectio
3598 2039 3661 2069 ³⁷⁷

2068 2136 2256 2187 mutua
2287 2133 2472 2187 habuit
2503 2133 2855 2203 principium;
2891 2138 2945 2186 et
2974 2133 3028 2186 in
3060 2133 3162 2188 hoc
3204 2148 3308 2186 non
3359 2147 3554 2202 precor
3601 2139 3662 2186 ut

2069 2221 2125 2276 in
2154 2237 2260 2292 quo
2291 2222 2547 2276 hactenus
2577 2222 2968 2292 perseveravit,
3002 2229 3336 2292 perseveret,
3357 2221 3449 2274 sed
3478 2221 3530 2274 in
3561 2236 3660 2290 spe

2072 2309 2167 2363 Dei
2200 2307 2515 2363 fiducialiter
2542 2309 2829 2380 pronuntio
2859 2310 2988 2379 quia
3019 2309 3404 2379 perseverabit.
3430 2308 3660 2364 Litteras

2070 2414 2181 2453 non
2214 2399 2312 2452 tibi
2343 2414 2490 2468 sape
2513 2398 2806 2452 secundum
2839 2398 3167 2453 desiderium
3202 2415 3380 2452 meum
3411 2406 3460 2453 et
3510 2407 3660 2452 tuum

2069 2487 2282 2542 mittere
2311 2503 2552 2558 possum,
2587 2487 2706 2557 quia
2740 2487 2951 2542 etiamsi
2983 2489 3437 2558 opportunitatem
3487 2487 3663 2542 habe-

2068 2592 2207 2640 rem,
2246 2575 2558 2631 scandalum
2593 2584 2769 2630 tamen
2797 2576 2975 2646 aliqua
3013 2575 3267 2630 ocasione
3309 2591 3343 2629 a
3384 2591 3534 2647 rege,
3567 2576 3658 2647 qui

2067 2665 2256 2720 omnia
2285 2680 2405 2734 qua
2431 2680 2458 2716 a
2492 2680 2578 2717 me
2611 2669 2736 2717 sunt
2766 2672 2817 2718 et
2864 2681 2982 2734 qua
3026 2680 3111 2718 me
3159 2664 3392 2735 diligunt
3439 2664 3576 2733 odit,
3607 2671 3662 2718 et

2068 2753 2329 2808 adversus
2374 2752 2673 2808 Ecclesiam
2697 2762 2937 2808 nostram
2968 2761 3060 2807 aut
3101 2753 3360 2808 adversus
3407 2751 3658 2818 latorem,

2067 2843 2110 2896 si
2143 2858 2249 2912 quo
2280 2843 2442 2896 modo
2471 2849 2915 2912 cognosceretur,
2947 2842 3220 2896 timerem.
3247 2841 3467 2896 Librum
3499 2857 3660 2912 quem

2070 2931 2232 2995 edidi,
2267 2931 2422 2997 cuius
2473 2930 2658 2983 titulus
2702 2939 2830 2985 est:
2869 2931 2979 2985 Cur
3024 2932 3171 2986 Deus
3213 2931 3394 2995 homo,
3425 2931 3658 2985 domnus

1993 3046 2042 3108 Ο
2073 3020 2372 3074 Eadmerus
2401 3016 2482 3082 ³⁷⁸,
2514 3018 2862 3072 charissimus
2891 3018 3029 3072 filius
3061 3035 3230 3081 meus,
3263 3027 3315 3072 et
3345 3019 3571 3074 baculus
3602 3017 3659 3047 ³⁷³

2072 3109 2368 3163 senectutis
2399 3123 2553 3172 mea,
2575 3109 2875 3162 monachus
2907 3107 3081 3173 Becci,
3102 3107 3191 3162 cui
3231 3116 3432 3161 tantum
3463 3107 3663 3163 debent

2071 3197 2234 3252 amici
2265 3197 2369 3250 mei
2411 3205 2672 3265 quantum
2721 3212 2808 3252 me
2855 3196 3108 3267 diligunt,
3140 3196 3371 3252 libenter
3405 3195 3663 3251 Ecclesia

2073 3285 2350 3350 Beccensi,
2385 3293 2442 3339 ut
2471 3285 2616 3339 titius
2646 3285 2780 3353 ejus,
2817 3285 3146 3340 transcribit.
3170 3285 3436 3353 Quoniam
3459 3286 3664 3340 domno

2075 3374 2258 3428 abbati
2287 3373 2552 3429 Ecclesia
2580 3381 2777 3428 nostrae
2820 3381 3037 3444 pr0pter
3081 3390 3299 3429 causam
3345 3375 3666 3444 pradictam

2077 3463 2316 3518 scribere
2348 3461 2496 3528 nolo,
2532 3463 2623 3516 tibi
2655 3463 2980 3518 commendo
3012 3464 3327 3518 memoriam
3360 3463 3490 3530 mei,
3523 3467 3580 3518 ut
3611 3464 3667 3518 in

2075 3553 2334 3607 cordibus
2365 3551 2424 3579 ¹⁸⁰
2455 3567 2666 3618 eorum,
2700 3567 2837 3621 quos
2867 3551 3002 3606 sicut
3020 3552 3255 3606 animam
3275 3567 3449 3607 meam
3474 3551 3666 3618 dilexi,

2077 3641 2210 3711 ipsis
2257 3641 2504 3706 testibus,
2554 3651 2606 3696 et
2649 3639 2776 3694 dum
2810 3639 3008 3704 vivam,
3062 3641 3172 3696 Deo
3192 3640 3377 3708 dante,
3410 3641 3662 3712 diligam,

2077 3731 2337 3800 frequens
2368 3737 2456 3782 tua
2478 3728 2826 3784 commonitio
2875 3736 3214 3784 veterascere
3243 3737 3296 3784 et
3341 3744 3668 3785 evanescere

2076 3832 2195 3874 eam
2219 3833 2324 3872 nou
2348 3818 2640 3886 permittat.
2664 3816 2856 3872 Audivi
2880 3817 3007 3886 quia
3022 3817 3254 3873 domnus
3279 3817 3660 3881 Folcheradus,

2076 3906 2445 3963 consobrinus
2464 3914 2670 3973 noster,
2697 3910 2777 3960 est
2807 3905 3108 3960 vobiscum.
3134 3907 3191 3962 Si
3221 3914 3324 3972 est,
3349 3922 3549 3977 precor
3565 3923 3666 3965 vos

2075 4012 2264 4052 omnes
2293 4011 2390 4066 pro
2419 4010 2504 4059 eo,
2537 3993 2691 4049 sicuti
2725 4009 2821 4064 pro
2848 4009 3015 4049 carne
3048 4009 3196 4049 mea.
3215 3995 3352 4049 Nam
3373 3996 3491 4066 ipse
3513 3997 3668 4052 exsul

2076 4093 2156 4138 est
2213 4091 2435 4154 propter
2489 4083 2680 4148 Deum,
2713 4091 2767 4137 et
2819 4083 2946 4137 olim
3003 4083 3174 4138 factus
3227 4091 3311 4138 est
3365 4087 3667 4140 monachus

2076 4172 2250 4228 Becci.
2286 4172 2476 4228 Saluta
2503 4187 2644 4235 eum,
2679 4178 2732 4224 et
2761 4178 2876 4225 esto
2905 4170 2982 4225 illi
3027 4187 3122 4242 pro
3170 4187 3278 4226 me.
3306 4171 3667 4243 Omnipotens

2076 4261 2220 4316 Deus
2245 4262 2487 4315 animum
2518 4267 2574 4314 et
2591 4274 2791 4330 corpus
2811 4268 2958 4314 tuum
2983 4258 3290 4317 benedicat.
3319 4261 3512 4317 Saluta
3531 4278 3667 4332 quos

2077 4351 2186 4406 scis
2217 4359 2268 4405 et
2300 4349 2405 4404 vis.

2527 4435 2870 4492 EPISTOLA
2909 4435 3086 4491 XXVI
3115 4435 3198 4500 ³⁸³,

2132 4563 2206 4602 AD
2236 4559 2569 4599 WILLELMUN
2599 4559 2853 4598 ΑΒΒΑΤΕΙ
2884 4559 2954 4597 ΕΤ
2985 4558 3233 4600 ινιιΑτιιεε
3263 4561 3606 4604 BECCRNSBS.

2083 4658 2146 4714 Ut
2180 4670 2279 4726 pro
2301 4669 2360 4707 eo
2382 4652 2774 4706 indesinenter
2793 4656 2976 4718 orent,
2996 4657 3050 4708 et
3079 4654 3136 4708 in
3155 4658 3353 4710 sancto
3384 4657 3662 4725 proposito

2148 4729 2478 4782 constanter
2496 4728 2868 4789 perseverent,
2884 4727 3138 4779 maxime
3156 4741 3279 4780 vero
3294 4730 3463 4781 extra
3481 4729 3663 4782 claus-

2151 4802 2239 4851 tra
2422 4797 2726 4919 fugentur.
2765 4795 2827 4850 Ut
2869 4796 3279 4866 eleemoysnam
3323 4798 3510 4853 minui
3549 4815 3663 4853 non

2151 4883 2326 4921 νει-πη
2380 4883 2413 4921 a
2452 4906 2464 4920 .

2145 4883 2464 4938 permutat.

2148 4955 2269 5012 Suis
2298 4954 2669 5010 dilectissimis
2685 4961 2738 5008 et
2753 4953 3229 5010 desideratissimis
3255 4956 3459 5012 domno
3479 4957 3663 5014 abbati

2077 5049 2412 5110 WILLELuo,
2443 5051 2496 5098 et
2525 5043 2641 5098 aliis
2670 5041 2846 5098 servis
2893 5042 2992 5098 Dei
3036 5043 3091 5098 in
3133 5044 3386 5101 Beccensi
3417 5047 3664 5102 ccenobio

1675 5201 1906 5256 VARLE
1945 5198 2353 5256 LECTIONES.

443 5339 682 5398 ""Debet
711 5336 1084 5409 placitandum
1115 5354 1220 5393 ms.
1251 5336 1411 5391 debet
1441 5336 1505 5390 ad
1537 5335 2120 5409 placitandum.r"’Aut
2151 5345 2363 5409 ostensa
2394 5350 2506 5388 ms.
2545 5340 2638 5386 aut
2682 5333 2996 5404 approbatis
3036 5343 3124 5389 aut
3171 5343 3422 5391 ostensa.
3457 5336 3662 5409 ffEum

371 5403 844 5470 Lanfrancus'mx.
880 5425 998 5463 eum
1036 5409 1496 5476 Archiepiscopus
1528 5403 1876 5464 Lanfraucus.
1911 5408 2208 5476 "'Requirn
2241 5407 2381 5460 iuste
2413 5423 2516 5460 ms.
2543 5403 2774 5473 requiro,
2813 5421 2932 5460 cum
2969 5421 3186 5472 possum
3214 5425 3227 5468 ;
3257 5409 3420 5470 juste.
3459 5403 3662 5464 "'Cum

372 5485 560 5541 eodem
590 5498 694 5538 ms.
726 5482 954 5537 collata.
992 5478 1180 5533 ""’Deo
1209 5479 1424 5534 dilectio
1454 5497 1558 5533 ms.
1581 5481 1689 5534 Deo
1721 5491 1899 5533 nostra
1929 5480 2168 5532 dilectio.
2200 5476 2524 5531 "'Dominus
2545 5477 2799 5532 Ermerna
2819 5494 2924 5532 ms.
2945 5476 3187 5532 Domnus
3221 5479 3503 5534 Ermerus.
3529 5477 3663 5534 "'Et

374 5555 600 5612 baculus
627 5569 764 5610 mss.
797 5560 851 5608 et
877 5550 1111 5622 bajulus.
1150 5548 1508 5608 "°Codicibus
1539 5568 1644 5608 ms.
1677 5551 1952 5608 cordibus.
1983 5550 2188 5608 "‘Cum
2217 5549 2404 5606 eodem
2426 5564 2528 5602 ms.
2564 5551 2793 5606 collata.
