4010 6064
266 208 350 260 5⁸7

1528 213 1633 267 LIB
1669 210 1764 279 III,
1808 212 2038 270 EPIST.
2086 215 2348 272 XXVIII.

3515 226 3582 279 58

258 332 776 400 commanentibus,
825 333 992 392 frater
1047 336 1376 402 Ansanuus,
1424 337 1770 407 professione
1825 339 2049 398 etAet
2106 339 2263 396 faciat
2310 357 2407 398 vos
2463 342 2533 398 ab
2602 343 2834 400 invicem
2901 344 3072 400 videri
3128 345 3181 400 in
3238 361 3410 418 regno
3467 363 3585 405 suo.

257 420 448 476 corde
477 423 785 489 Beccensis,
817 425 916 480 Dei
955 425 1312 497 dispositione
1355 434 1575 481 vocatus
1607 427 1882 497 archiepi-

256 524 480 580 scopus
499 511 944 580 Dorobercensis,
964 515 1248 585 praesentis
1277 515 1405 569 vita:
1427 516 1734 570 continuam
1758 531 1882 586 pro-

254 598 618 668 speritatem,
652 610 703 656 et
733 601 923 658 futura:
969 612 1226 659 aeternam
1263 604 1606 661 felicitatem.

339 711 620 781 Quoniam
651 733 750 772 nec
779 732 998 779 novum,
1032 735 1133 775 nec
1161 721 1525 790 inseparatum
1548 721 1566 793 [
1587 733 1653 792 /.,
1689 721 1878 792 inspe—

256 802 512 876 ratum],
570 820 671 860 nec
717 814 1030 862 extraneum
1079 817 1163 864 est
1207 809 1351 880 quod
1401 810 1633 865 fraterna
1703 818 1879 865 vestra

261 891 524 947 cbaritas
546 891 606 921 ¹⁸⁹
627 935 644 959 ,
677 895 763 964 pia
794 897 1174 965 compassione
1207 915 1494 966 succensa,
1528 900 1639 953 suis
1668 901 1875 955 oratio-

259 980 443 1034 nibus
463 983 681 1037 assidue
712 984 840 1038 mihi
858 985 912 1039 in
942 987 1171 1041 assiduis
1199 989 1613 1043 necessitatibus
1633 989 1876 1044 divinum

256 1068 535 1140 implorat
571 1071 850 1142 auxilium,
909 1091 1011 1130 nec
1056 1076 1319 1147 ignoratis
1369 1079 1494 1147 quia
1549 1095 1646 1133 cor
1695 1095 1875 1133 meum

254 1166 462 1213 vestra
507 1159 726 1216 dilectio
765 1170 931 1217 totum
963 1164 1156 1234 implet
1184 1174 1238 1220 et
1286 1167 1548 1236 possidet,
1609 1185 1716 1223 non
1746 1177 1875 1239 puto

249 1262 408 1317 opus
441 1263 563 1302 esse
606 1250 904 1320 gratiarum
947 1253 1192 1309 actiones
1241 1272 1325 1309 me
1358 1257 1514 1310 vobis
1544 1257 1598 1310 in
1643 1257 1874 1328 epistola

248 1332 592 1407 depingere,
626 1355 760 1410 quas
799 1355 907 1394 non
944 1341 1210 1411 ignoratis
1236 1360 1322 1399 me
1357 1361 1575 1414 semper
1606 1346 1656 1399 in
1688 1347 1871 1401 cordis

251 1424 475 1479 scrinio
519 1441 760 1481 servare.
813 1429 916 1484 Ubi
959 1431 1100 1485 enim
1159 1439 1302 1486 tanta
1359 1434 1539 1489 cordis
1593 1443 1676 1490 est
1720 1434 1779 1464 "'
1819 1445 1871 1491 et

247 1512 576 1568 animarum
609 1516 803 1583 unitas,
836 1519 960 1588 plus
995 1521 1126 1590 ipsa:
1155 1521 1258 1576 sibi
1305 1522 1540 1578 invicem
1571 1532 1697 1578 sunt
1727 1533 1869 1581 nota:

251 1603 617 1660 conscientias
646 1621 811 1677 quam
842 1607 1029 1679 lingua
1067 1618 1155 1664 aut
1187 1612 1359 1681 stylus
1389 1613 1561 1682 possit
1590 1614 1869 1683 exprime-

1993 430 2181 483 Amen.

2467 521 2819 577 EPISTOLA
2851 522 3088 578 XXVII.

2407 625 2477 662 ΑΙ)
2524 625 2838 665 BALDRICUM
2882 627 3130 666 PRIOREM
3143 654 3156 666 .

1988 697 2209 752 Laudat
2224 697 2286 752 ob
2310 697 2508 753 bonam
2529 702 2767 769 famam.
2788 704 2843 755 et
2860 702 3004 754 serio
3014 700 3268 771 prohibet
3289 717 3360 754 ne
3372 699 3584 755 subditi

2317 790 2477 857 facta
2509 790 2878 858 praelatorum
2910 789 3241 859 dijudicent.

2057 877 2357 929 ANSELMUS
2380 885 2600 931 vocatus
2625 877 3084 947 archiepiscopus,
3106 876 3454 930 dilectissimo
3478 875 3582 930 fra-

1986 964 2070 1028 tri,
2102 965 2301 1019 domno
2343 965 2511 1035 priori
2539 967 2832 1031 BALnatco,
2881 967 3106 1022 salutem
3138 971 3191 1021 et
3235 965 3578 1021 benedictio-

1984 1070 2104 1107 nem
2139 1055 2258 1120 Dei,
2293 1062 2343 1107 et
2375 1071 2550 1121 suam,
2582 1055 2624 1107 si
2659 1056 2785 1124 quid
2819 1054 2980 1109 valet.

2056 1143 2269 1198 Gratias
2300 1159 2404 1215 ago
2428 1145 2561 1205 Deo,
2594 1160 2624 1198 a
2647 1159 2752 1215 quo
2775 1152 2853 1198 est
2879 1160 3037 1198 omne
3063 1143 3264 1198 bonum
3289 1151 3343 1198 et
3366 1143 3573 1198 dulcis-

1980 1234 2136 1286 simm
2170 1232 2442 1287 dilectioni
2475 1241 2669 1287 vestrae
2713 1249 2810 1303 pro
2855 1233 3117 1286 omnibus
3149 1233 3308 1286 bonis
3341 1249 3460 1302 qua:
3505 1233 3575 1287 de

1980 1336 2043 1374 ea
2089 1322 2221 1375 mihi
2256 1320 2559 1376 referuntur
2588 1322 2656 1376 ab
2687 1322 2938 1376 omnibus
2969 1322 3059 1394 qui
3091 1338 3122 1376 a
3169 1322 3326 1377 vobis
3369 1321 3438 1376 ad
3485 1337 3572 1375 me

1978 1411 2217 1466 veniunt.
2252 1411 2318 1464 Et
2349 1411 2597 1483 quamvis
2632 1419 2813 1466 vestra
2841 1411 2988 1466 bona
3027 1411 3282 1466 voluntas
3333 1410 3571 1464 bonum-

1977 1515 2080 1568 que
2115 1499 2454 1570 propositum
2471 1499 2585 1568 jam
2614 1500 2778 1571 longo
2807 1501 2928 1554 usui
2963 1499 3246 1571 probatum
3279 1498 3571 1554 confirma-

1977 1596 2198 1658 tumque
2229 1588 2315 1652 sit,
2345 1597 2402 1642 ut
2432 1589 2699 1659 frequenti
2732 1605 2835 1643 non
2870 1598 3030 1661 egeat
3069 1589 3384 1652 monitione,
3415 1587 3572 1642 dulce

251 1706 335 1744 re.
371 1691 444 1745 Et
475 1701 532 1746 ut
561 1692 613 1746 in
655 1693 778 1761 hoc,
812 1677 954 1765 quod
985 1698 1198 1754 assidue
1239 1677 1447 1768 facitis,
1475 1677 1858 1773 perseveretis,
1890 1689 1941 1748 Β
1976 1684 2156 1773 “me?
2200 1677 2329 1773 {mihi
2361 1686 2438 1731 οδι
2480 1685 2534 1730 ω’
2568 1693 2663 1773 vos
2692 1693 2880 1773 mgan
2931 1685 3044 1732 toto
3076 1678 3238 1734 corde
3282 1686 3344 1773 Ψ
3390 1693 3571 1773 Persc‘

251 1779 506 1848 majores
548 1798 736 1853 preces
773 1800 881 1838 non
913 1786 1107 1850 habeo,
1140 1803 1302 1858 quam
1357 1797 1413 1843 ut
1444 1800 1685 1861 repetam
1717 1793 1859 1862 quod

251 1867 439 1932 scitis,
473 1877 530 1923 ut
562 1870 810 1926 videlicet
839 1873 1076 1928 animam
1096 1891 1294 1942 meam,
1325 1877 1636 1947 ubicunque
1667 1895 1863 1948 corpus

252 1955 349 2024 sit,
387 1966 627 2012 vestram
647 1976 867 2030 semper
884 1978 1023 2028 esse,
1057 1973 1104 2017 et
1137 1965 1206 2019 ad
1238 1981 1354 2032 vos,
1382 1975 1635 2037 quantum
1669 1967 1723 2022 in
1747 1967 1863 2038 ipsa

256 2052 371 2110 est,
409 2046 742 2113 desiderare,
773 2059 824 2104 et
855 2050 1104 2107 absentia
1125 2062 1302 2108 vestra
1327 2055 1603 2111 tabescere
1627 2056 1861 2112 nullate-

254 2149 367 2187 nus
399 2134 682 2191 dubitetis.
718 2138 840 2193 Nisi
871 2141 1013 2194 enim
1045 2142 1166 2211 ejus
1216 2143 1486 2198 tristitiam
1517 2145 1718 2200 divina:
1747 2146 1862 2199 dis-

256 2222 550 2292 positionis
596 2227 956 2284 consideratio
1000 2238 1342 2301 temperaret,
1395 2235 1699 2288 nullatenus
1754 2235 1863 2288 im-

256 2310 610 2366 mensitatem
643 2313 762 2382 ejus
793 2315 908 2369 sine
938 2318 1262 2387 gravissima
1315 2320 1538 2376 laesione
1573 2321 1849 2377 toleraret.

255 2398 413 2453 Nihil
439 2400 604 2472 igitur
630 2417 718 2456 me
747 2405 911 2460 modo
943 2407 1115 2476 magis
1145 2409 1421 2464 dilectioni
1474 2419 1665 2466 vestrae
1703 2411 1858 2466 dele-

255 2495 371 2541 ctat
402 2490 661 2556 scribere,
685 2507 847 2560 quam
878 2497 1039 2564 376
1074 2504 1130 2550 ut
1156 2497 1208 2550 in
1236 2507 1420 2554 sancto
1451 2501 1754 2570 proposito,
1788 2502 1858 2554 ad

256 2577 408 2646 quod
445 2581 800 2644 convenistis,
860 2585 1119 2640 studeatis
1164 2585 1449 2654 proﬁcere,
1501 2596 1554 2642 et
1600 2606 1666 2642 ex
1713 2591 1860 2644 nulla

257 2674 420 2734 parte
450 2667 596 2722 clam
646 2671 734 2724 vel
765 2671 943 2740 palam
975 2674 1183 2744 antiqui
1217 2677 1383 2730 hostis
1415 2677 1639 2732 insidias
1683 2678 1736 2732 in
1764 2696 1860 2734 vos

255 2756 584 2823 permittatis
642 2759 969 2830 irrumpere.
1027 2761 1182 2830 Quod
1211 2772 1268 2817 ut
1327 2765 1602 2820 efficacius
1644 2767 1860 2824 efficere

257 2842 514 2913 valeatis,
559 2846 792 2902 invicem
825 2866 918 2905 vos
949 2852 1266 2907 charitative
1296 2855 1587 2920 custodite,
1621 2866 1856 2925 monete,

258 2933 537 3004 corrigite,
568 2943 623 2989 et
650 2937 765 2992 haec
804 2939 874 2992 ab
902 2939 1136 2994 invicem
1167 2941 1313 2995 velut
1343 2958 1545 3013 magna
1593 2943 1857 3000 beneficia

1974 1767 2172 1820 veretis
2212 1767 2262 1819 in
2294 1767 2399 1820 deo
2444 1773 2600 1836 grata
2649 1766 2971 1831 intentione,
3015 1777 3276 1836 quatenus
3303 1766 3358 1820 in
3393 1766 3571 1820 futura

1972 1856 2080 1909 vita
2136 1854 2418 1926 gaudeatis
2468 1853 2536 1909 de
2569 1855 2725 1909 beata
2776 1855 3153 1910 retributione.
3213 1857 3279 1909 Et
3328 1872 3448 1910 cum
3499 1854 3568 1908 de

1971 1943 2229 1998 omnibus
2258 1945 2460 1997 vestris
2493 1943 2648 1998 bonis
2690 1943 2878 1998 studiis
2907 1954 2958 1998 et
2989 1945 3244 2014 operibus
3272 1944 3563 2016 gaudeam,

1971 2030 2025 2085 in
2056 2033 2149 2086 illo
2181 2033 2420 2086 maxime
2449 2048 2544 2088 cor
2583 2049 2761 2087 meum
2793 2034 3024 2087 exsultat
3055 2033 3197 2102 quod
3230 2032 3430 2086 domno
3459 2031 3566 2085 ab-

1970 2121 2082 2174 bati
2134 2121 2370 2192 benigna
2400 2122 2710 2176 obedientia
2748 2121 3108 2187 concordatis,
3144 2130 3195 2176 et
3223 2121 3565 2175 laboriosum

1971 2210 2087 2278 ejus
2118 2227 2252 2265 onus
2282 2218 2334 2264 et
2371 2227 2662 2265 onerosum
2692 2211 2930 2266 laborem
2973 2219 3152 2266 vestra
3185 2209 3562 2265 consolatione

1969 2299 2237 2371 levigatis,
2266 2316 2363 2354 nec
2392 2299 2501 2368 pati
2535 2301 2759 2367 potestis
2782 2309 2833 2353 ut
2857 2300 3054 2370 aliquis
3103 2300 3223 2369 ejus
3255 2298 3561 2352 ordinatio-

1969 2389 2129 2443 nibus
2164 2397 2254 2442 aut
2293 2389 2542 2442 detrahat
2592 2397 2684 2443 aut
2729 2390 2960 2443 resistat.
3011 2389 3225 2443 Certum
3265 2387 3406 2441 enim
3457 2394 3561 2453 est,

1969 2486 2021 2532 et
2059 2477 2437 2546 experimento
2490 2494 2634 2547 smpe
2665 2478 2961 2548 cognitum,
3017 2477 3141 2547 quia
3172 2475 3560 2530 monasterium

1969 2567 2020 2620 in
2052 2583 2158 2636 quo
2197 2566 2400 2620 subditi
2435 2567 2572 2621 facta
2604 2567 2811 2635 praelati
2846 2565 3166 2635 dijudicant,
3193 2564 3428 2635 benigna
3457 2562 3562 2618 Dei

1967 2656 2323 2726 dispositione
2364 2671 2468 2709 non
2499 2655 2822 2724 disponitur,
2854 2655 2950 2709 sed
2983 2670 3082 2724 per
3129 2653 3358 2723 abrupta
3397 2651 3560 2706 vitio-

1969 2761 2087 2798 rum
2127 2743 2464 2810 dissolvitur,
2508 2751 2560 2797 et
2589 2742 2856 2798 discordia
2911 2743 3191 2798 scindente
3232 2740 3551 2795 destruitur.

1967 2834 2066 2888 Ubi
2099 2849 2226 2887 vero
2258 2833 2466 2904 praelati
2498 2831 2638 2887 facta
2671 2840 2722 2886 et
2769 2832 3158 2896 ordinationes,
3204 2831 3347 2885 velut
3378 2844 3408 2882 a
3442 2830 3558 2883 Deo

1966 2922 2261 2992 inspiratae,
2321 2923 2389 2976 ab
2447 2922 2698 2976 omnibus
2745 2921 3110 2975 communiter
3169 2919 3552 2989 suscipiuntur,

259 3020 424 3076 vobis
475 3022 716 3092 impendi
756 3025 992 3098 benigne
1023 3030 1306 3085 sustinete.
1351 3008 1559 3086 Ρηέιεηί
1608 3032 1852 3088 subditos
1885 3040 1933 3101 Ο
1966 3010 2039 3101 ibi
2073 3011 2215 3066 Deus
2258 3010 2540 3076 inhabitat,
2573 3019 2622 3064 et
2674 3009 2832 3101 quasi
2862 3009 3133 3101 propriam
3165 3008 3424 3101 domum,
3454 3021 3556 3060 cu-

257 3108 533 3166 studiosos
551 3112 877 3184 benignitate
894 3117 1210 3182 sustineant,
1241 3118 1450 3189 tepidos
1474 3122 1852 3178 exhortatione

258 3199 664 3256 accendantzsi
707 3203 797 3272 qui
826 3213 950 3258 sunt
977 3206 1313 3274 pervicaces.
1365 3208 1652 3278 disciplina
1695 3227 1852 3266 coer-

257 3294 436 3341 ceant.
498 3289 732 3357 Subditi,
779 3292 1017 3362 praelatis
1075 3310 1182 3349 non
1236 3294 1360 3350 ﬁcta
1414 3296 1737 3362 obedientia,
1799 3306 1852 3354 et

260 3375 497 3430 maxime
526 3377 728 3448 abbati,
764 3381 1079 3449 subjacete;
1138 3391 1192 3438 et
1238 3399 1338 3438 vos
1365 3400 1472 3439 non
1504 3402 1722 3458 graves,
1755 3387 1850 3443 sed

259 3463 448 3520 faciles
467 3466 536 3519 ad
567 3468 893 3537 portandum
923 3471 1208 3539 exhibete;
1271 3474 1430 3529 valde
1453 3491 1686 3544 namque
1717 3477 1849 3530 sub-

259 3551 350 3606 diti
387 3568 570 3608 coram
615 3556 731 3612 Deo
780 3567 1023 3628 peccant,
1057 3561 1107 3613 si
1148 3561 1405 3630 praelatos
1451 3579 1559 3618 non
1602 3567 1852 3619 metuunt

259 3640 364 3695 suis
396 3644 647 3698 moribus
662 3660 919 3716 gravare,
940 3649 1028 3717 qui
1059 3664 1154 3704 eos
1172 3651 1290 3706 solo
1319 3651 1418 3705 Dei
1443 3652 1638 3707 timore
1668 3661 1718 3707 et
1736 3652 1848 3708 fra-

258 3735 408 3784 terna
437 3732 704 3788 charitate
728 3751 1017 3807 suscepere
1047 3747 1281 3808 portare.
1328 3738 1660 3795 Occasiones
1689 3741 1846 3813 equi-

259 3819 403 3873 tandi
437 3818 498 3848 ¹⁸⁴
552 3821 883 3893 claustrales,
925 3825 1027 3880 nisi
1071 3834 1301 3898 cogente
1344 3829 1672 3895 obedientia,
1733 3847 1845 3885 non

258 3908 426 3964 solum
450 3926 560 3964 non
587 3911 896 3984 exquirant,
930 3914 1024 3969 sed
1043 3931 1143 3970 nec
1163 3921 1514 3972 occurrentes
1536 3918 1842 3988 suscipiant.

260 3995 359 4064 Qui
393 3997 539 4053 enim
568 3999 811 4056 claustra
859 4004 1175 4058 monasterii
1210 4004 1441 4060 libenter
1487 4014 1706 4072 exeunt,
1739 4023 1846 4062 non

257 4085 427 4140 solum
476 4087 600 4155 sibi,
659 4089 756 4146 sed
804 4097 859 4145 et
901 4090 1020 4146 aliis
1049 4108 1140 4146 sus
1194 4093 1444 4163 exemplo
1510 4095 1653 4148 noxii
1699 4104 1844 4166 sunt,

257 4175 505 4244 quoniam
538 4185 634 4232 aut
674 4179 1124 4236 murmurationis
1154 4189 1244 4235 aut
1273 4182 1582 4252 vagationis
1614 4183 1717 4238 illis
1745 4201 1845 4238 au-

255 4272 422 4318 ctores
451 4273 598 4320 sunt.
636 4268 754 4322 Nec
781 4267 1015 4324 domnus
1038 4269 1207 4324 abbas
1233 4271 1498 4326 ullatenus
1516 4273 1618 4328 hoc
1640 4289 1842 4329 conce-

1959 3099 2050 3168 jus
2109 3108 2220 3154 tota
2276 3114 2406 3153 cura
2463 3115 2625 3168 super
2678 3099 2858 3168 ipsum
2907 3098 3155 3164 jactatur,
3213 3095 3449 3166 disponit
3505 3101 3558 3148 et

1961 3188 2200 3242 ordinat.
2235 3189 2349 3242 Hoc
2381 3203 2510 3259 ergo
2541 3203 2702 3256 super
2723 3186 2906 3241 omnia
2935 3202 3132 3256 precor
3157 3192 3210 3238 et
3253 3199 3450 3238 moneo
3499 3189 3554 3236 ut

1961 3277 2216 3342 servetis,
2277 3283 2328 3330 et
2367 3275 2419 3328 in
2479 3276 2582 3329 hoc
2626 3275 2803 3328 studio
2863 3273 3126 3327 instanter
3170 3270 3548 3340 perseveretis.

1961 3363 2317 3434 Omnipotens
2379 3358 2518 3416 Deus
2559 3362 2758 3433 dirigat
2803 3377 2995 3416 omnes
3031 3361 3273 3416 actiones
3319 3366 3549 3423 vestras,

1961 3454 2130 3508 frater
2167 3451 2506 3516 charissime,
2539 3459 2591 3506 et
2631 3451 2698 3505 ad
2747 3451 2918 3505 vitam
2962 3450 3218 3521 perducat
3268 3456 3548 3503 aeternam.

1959 3543 2162 3596 Amen.
2505 3551 2532 3557 “

2397 3627 2750 3685 EPISTOLA
2779 3625 3031 3683 ΧΧνιιιι
3065 3626 3119 3673 ⁸⁸.

2230 3751 2302 3790 AD
2340 3752 2638 3790 ROBERTUM
2677 3751 2976 3790 FLANDRLE
3005 3750 3275 3790 COMITEM.

2026 3828 2296 3882 Hortatur
2311 3827 2382 3881 ad
2384 3826 2680 3898 justitiam
2699 3826 2880 3896 nzagis
2901 3825 3184 3896 magisque
3197 3823 3543 3880 sectandam.

2028 3915 2387 3970 Dilectissimo
2418 3914 2638 3968 domino
2683 3914 2982 3969 reverendo
3007 3913 3270 3968 Flandriae
3301 3911 3538 3982 principi

1954 4007 2236 4072 Romam,
2270 4007 2588 4069 ANSELMUS,
2619 4020 2809 4057 servus
2847 4019 3122 4058 servorvm
3155 4002 3354 4057 Christi
3395 4002 3544 4068 Jesu,

1953 4103 2182 4151 vocatus
2229 4092 2670 4164 archiepiscopus
2727 4091 3052 4162 Cantuarie,
3099 4090 3286 4146 fideles
3341 4089 3544 4145 oratio-

1953 4200 2080 4239 088.

2021 4271 2289 4342 Quoniam
2320 4273 2486 4327 chara
2515 4269 2649 4324 mihi
2681 4277 2762 4325 est
2797 4269 3133 4324 excellentia
3165 4275 3357 4323 vestrae
3382 4265 3539 4322 beni-

256 4351 377 4407 dere
403 4352 587 4420 debet,
611 4354 656 4408 si
686 4355 921 4427 rigorem
941 4358 1150 4412 ordinis
1172 4360 1282 4413 vult
1313 4376 1554 4415 servare.
1587 4362 1840 4432 Hospites
1867 4393 1918 4452 D
1949 4362 2144 4435 gnitas,
2194 4377 2352 4432 quam
2383 4359 2535 4424 mihi,
2571 4359 2781 4430 quoties
2822 4358 3104 4414 vobiscum
3151 4357 3360 4411 locutus
3396 4372 3539 4424 sum,

255 4455 365 4494 cum
404 4441 605 4512 gaudio
634 4444 1013 4514 suscipientes,
1051 4446 1158 4502 illis
1186 4450 1479 4502 secundum
1529 4450 1837 4505 facultatem

256 4536 489 4584 vestram
538 4547 660 4585 cum
691 4533 840 4587 omni
884 4534 1152 4590 hilaritate
1197 4535 1514 4592 ministrate.
1558 4537 1834 4594 Constitu-

257 4617 446 4673 tionem
468 4627 710 4676 nostram
733 4631 786 4677 et
815 4631 1044 4677 vestram
1069 4624 1136 4680 de
1158 4624 1506 4698 eleemosyna
1534 4644 1835 4698 pauperum

252 4707 391 4764 nullo
438 4709 600 4764 modo
629 4711 797 4765 minui
831 4712 1173 4782 permittatis,
1206 4715 1303 4769 sed
1335 4716 1529 4786 potius,
1552 4716 1596 4770 si
1629 4718 1833 4786 poteri-

251 4794 317 4850 tis
368 4795 671 4870 intelligere
727 4800 958 4872 qualiter
1010 4817 1131 4856 eam
1183 4805 1570 4861 rationabiliter
1629 4823 1834 4878 augere

249 4885 482 4956 possitis,
540 4893 759 4960 augete.
829 4890 1184 4961 Omnipotens
1241 4895 1386 4949 Deus
1442 4896 1746 4951 voluntates
1774 4895 1833 4923 ³⁸³

248 4981 299 5028 et
347 4976 607 5046 actiones
672 4987 880 5036 vestras
937 4979 1144 5054 dirigat
1197 4983 1250 5037 in
1315 4983 1655 5056 beneplacito
1711 5002 1831 5053 suo,

1949 4450 2155 4522 dignati
2187 4450 2315 4505 estis
2342 4448 2652 4511 ostendere,
2697 4447 2873 4503 debeo
2905 4446 2988 4500 vel
3018 4444 3213 4500 litteris
3243 4445 3539 4516 aliquando

1946 4539 2253 4614 signiﬁcare
2283 4539 2400 4608 ejus
2433 4536 2749 4592 memoriam
2783 4535 2926 4605 apud
2958 4551 3044 4589 me
3073 4551 3349 4606 nunquam
3381 4541 3539 4590 vete-

1948 4645 2190 4692 rascere,
2223 4636 2276 4683 et
2320 4644 2405 4682 me
2435 4629 2605 4682 Deum
2655 4642 2806 4680 orare
2840 4633 3106 4696 quatenus
3135 4624 3254 4695 ipse
3299 4640 3395 4678 vos
3439 4640 3537 4678 sua

1948 4718 2280 4787 benignitate
2327 4716 2581 4788 dignetur
2627 4714 2694 4768 ab
2725 4714 2871 4769 omni
2915 4715 3058 4768 malo
3106 4713 3423 4768 defendere.
3468 4714 3538 4768 Et

1945 4807 2201 4879 quoniam
2227 4805 2354 4860 mihi
2388 4804 2684 4873 injunctum
2717 4811 2798 4857 est
2828 4811 2885 4856 ut
2908 4803 2960 4856 in
2981 4803 3144 4872 hujus
3173 4801 3297 4857 vitm
3319 4801 3532 4870 exsilio,

1944 4913 2077 4968 quos
2109 4896 2287 4950 valeo.
2319 4894 2388 4948 ad
2419 4893 2690 4948 cmlestem
2733 4891 2965 4960 patriam
2997 4907 3103 4946 non
3142 4891 3378 4945 desinam
3427 4907 3528 4946 ex-

1942 4985 2165 5051 hortari,
2199 4985 2300 5040 hoc
2329 4990 2474 5040 certe
2511 4982 2786 5038 servitium
2816 4980 2924 5036 illis
2965 4996 3072 5036 non
3109 4981 3282 5037 debeo
3312 4979 3528 5035 subtra-

1538 5213 1765 5270 VARLE
1815 5213 2228 5271 LECTIONES.

311 5409 628 5467 "’Fraterna
682 5415 917 5471 charitas
972 5431 1078 5470 ms.
1134 5415 1375 5472 fraterna
1433 5425 1613 5473 vestra
1665 5419 1930 5474 charitas.

2000 5417 2254 5473 "'Cordis
2302 5421 2444 5472 esset
2493 5435 2598 5471 ms.
2653 5415 2846 5471 Cortlis
2893 5424 2974 5471 est
3019 5424 3096 5472 et.
3155 5415 3522 5473 "‘Occasione

248 5483 512 5567 equitandi
540 5501 650 5539 ms.
683 5487 1340 5567 occasion’eshequijandi‘.
1373 5487 1870 5567 "‘Volunt_atem__et_
1894 5507 2003 5549 ms.
2049 5491 2354 5546 voluntites
2383 5497 2459 5544 et.
2526 5487 2727 5545 "‘Cum
2763 5489 2968 5544 duobus
3000 5489 3285 5567 praedictis
3308 5494 3520 5552 Exem~

248 5556 494 5628 pluribus
513 5571 648 5612 mss.
681 5559 744 5614 in
774 5574 888 5615 uno
913 5558 1112 5616 Codice
1141 5561 1229 5632 El‘.
1263 5562 1334 5616 20
1361 5563 1667 5636 compactis
1696 5563 1930 5621 collata.
