4010 6064
360 258 430 314 59
929 258 984 315 s.
1017 263 1318 318 ANSELMI
1349 260 1690 318 CANTUAR.
1726 233 2049 315 Auernae.
2086 262 2239 317 ore.
2268 263 2441 317 mus
2473 263 2564 315 Ill.
2599 291 2666 301 —
2697 261 3077 318 EPISTOLE.
3592 260 3660 317 eo

361 375 513 449 hére,
561 383 758 454 quibus
807 384 919 438 scio
970 403 1056 440 me
1099 387 1402 441 dilectionis
1460 385 1641 439 debito
1690 385 1956 456 cepulari.
1990 390 2042 451 Α
2068 388 2208 442 inter
2242 403 2342 441 vos
2372 394 2677 440 nascuntur
2700 395 2745 439 et
2777 386 3083 441 discordiae.
3117 385 3232 455 Qua
3254 386 3321 440 de
3341 401 3398 440 re
3429 392 3659 439 vestram

360 472 620 542 Suggerit
659 473 821 543 igitur
850 484 1047 528 vestras
1077 475 1393 529 sublimitati
1427 490 1532 527 non
1583 474 1949 542 corripiendo,

362 561 456 615 sed
487 561 551 613 de
585 561 739 615 bonis
758 562 824 615 ad
856 563 1074 618 meliora
1098 564 1397 627 iuvitando,
1430 579 1548 616 mea
1582 563 1878 629 humilitas,
1899 567 1955 616 ut

363 649 586 703 assidue
634 650 834 721 cogitet
880 652 1007 704 illud
1054 653 1195 720 quod
1242 669 1394 705 sacra
1437 651 1596 720 jubet
1632 652 1952 704 auctoritas:

363 739 595 807 Diligite
613 739 928 808 justitiam,
967 742 1061 810 qui
1089 741 1358 809 iudicatis
1393 745 1608 794 terram
1654 740 1809 812 (Sep.
1845 756 1882 803 ι,
1914 741 1953 808 ).

369 826 581 893 Quanto
619 827 756 880 enim
796 825 856 854 ³⁸⁷
903 828 1116 882 illorum
1150 830 1343 898 quibus
1378 838 1511 882 terra
1543 830 1835 884 commissa
1881 836 1958 882 est

365 915 433 967 ad
467 917 774 985 regendum
805 918 1123 985 prmeminet
1154 919 1413 986 potentia,
1447 926 1598 972 tanto
1623 919 1820 986 magis,
1855 919 1899 971 si
1930 935 1959 970 a

362 1003 567 1071 justitia
598 1003 836 1070 deviant,
868 1022 972 1059 non
998 1014 1210 1075 regunt,
1243 1021 1342 1059 nec
1373 1007 1626 1071 adjuvant
1665 1007 1960 1060 humanum

367 1106 559 1160 genus,
609 1092 701 1144 sed
733 1094 1042 1160 perturbant
1073 1104 1123 1147 et
1166 1102 1389 1162 gravant
1419 1111 1514 1147 sua
1547 1095 1816 1148 violentia.
1865 1096 1964 1149 Ta-

365 1177 509 1231 libus
540 1180 722 1250 utique
767 1179 824 1207 ³⁸⁸
859 1183 1113 1236 terribilis
1149 1183 1239 1236 illa
1257 1183 1602 1236 comminatio
1632 1183 1986 1235 intenditurn

370 1267 635 1322 Potentes
653 1273 912 1338 potenter
931 1275 1209 1327 tormenta.
1220 1273 1518 1343 patientur
1537 1291 1552 1334 ;
1569 1276 1625 1325 et
1636 1271 1965 1340 fortioribus

371 1358 578 1425 [crtior
593 1358 772 1411 instat
794 1360 1083 1414 cruciatus
1104 1361 1250 1431 (Sap.
1271 1377 1342 1424 vi,
1365 1363 1415 1426 7,
1441 1361 1520 1429 9).
1563 1360 1968 1431 Semperigitur

372 1445 430 1496 in
461 1444 669 1498 actibus
698 1447 813 1498 suis
843 1455 1020 1501 servet
1049 1448 1313 1516 justitiam
1365 1457 1542 1502 vestra
1577 1449 1880 1517 prudentia,
1915 1456 1967 1501 et

373 1531 428 1584 in
471 1531 861 1588 offensionibus
906 1552 1025 1604 qum
1056 1537 1159 1589 sibi
1209 1536 1360 1599 ﬁunt,
1411 1537 1651 1592 indulcet
1698 1552 1815 1590 eam
1868 1552 1966 1590 sua

375 1621 765 1676 misericordia.
811 1624 948 1677 Nam
983 1636 1032 1679 et
1074 1625 1177 1679 hoc
1205 1625 1413 1692 justitia
1462 1628 1717 1694 imperat,
1769 1635 1823 1678 ut
1874 1625 1966 1694 qui

2062 476 2407 531 dilectionem
2458 475 2598 529 scire
2631 476 2752 530 volo
2785 475 2909 547 quia
2940 491 3211 547 nunquam
3245 476 3296 528 in
3331 482 3514 528 nostra
3564 489 3666 528 vo—

2063 565 2270 618 luntate
2303 565 2399 617 fuit
2430 579 2549 630 nec,
2600 565 2712 618 Deo
2746 572 3088 633 protegente,
3129 565 3252 628 erit,
3285 573 3344 616 ut
3370 562 3423 614 in
3472 561 3665 616 Eccle-

2066 654 2148 706 sia
2204 653 2334 706 mihi
2392 653 2459 704 ad
2504 653 2801 718 regendum
2876 653 3168 706 commissa
3226 659 3370 703 tanta
3449 658 3503 703 et
3558 658 3666 703 tam

2067 741 2410 810 reprobanda
2439 741 2764 794 inordinatio
2812 741 3036 806 oriatur,
3089 749 3178 794 aut
3226 738 3270 792 si
3302 739 3488 808 aliquo
3537 753 3665 792 casu

2067 831 2254 898 Oritur,
2287 830 2551 883 nutriatur
2581 837 2671 882 aut
2701 829 3066 899 permittatur.
3115 827 3372 895 Principio
3403 827 3571 897 igitur
3612 833 3669 878 ut

2067 933 2278 979 omnes,
2326 917 2460 971 sicut
2491 918 2642 981 milii,
2675 925 2859 970 nostra
2901 927 3114 972 servata
3149 916 3483 985 praelatione,
3531 921 3583 968 et
3614 914 3664 966 in

2071 1005 2324 1076 petendis
2355 1005 2588 1059 licentiis
2629 1012 2685 1059 et
2712 1004 2762 1058 in
2795 1004 3156 1074 exsequendis
3187 1003 3476 1066 mandatis,
3509 1011 3564 1055 et
3616 1002 3669 1054 in

2063 1094 2382 1160 jndieandis
2415 1093 2780 1164 negligentiis,
2813 1094 3015 1147 domno
3056 1093 3245 1162 priori,
3281 1100 3330 1145 et
3362 1099 3484 1159 post
3513 1090 3665 1143 illum

2070 1182 2341 1251 subpriori
2371 1183 2566 1236 subditi
2599 1181 2716 1235 sitis
2745 1182 2936 1235 humili
2980 1181 3311 1252 benignitate
3333 1189 3388 1234 et
3432 1179 3670 1250 benigna

2071 1271 2505 1324 mansuetudine.
2539 1271 2604 1324 Et
2631 1269 2886 1340 quoniam
2922 1269 3163 1340 prafatae
3222 1265 3672 1322 murmurationis

2071 1375 2287 1415 causam
2319 1367 2371 1411 et
2422 1359 2632 1428 pondus
2661 1375 2823 1427 super
2864 1358 3126 1411 domnum
3156 1356 3496 1410 Willelmum
3533 1354 3662 1424 qui-

2072 1449 2198 1502 dam
2251 1446 2493 1500 maxime
2541 1447 2857 1516 imponunt;
2893 1446 2960 1500 de
3026 1446 3118 1500 ille
3165 1444 3488 1499 nominatim
3551 1443 3672 1496 dico

2074 1537 2202 1609 quia
2254 1551 2527 1606 nunquam
2596 1536 2760 1600 volui,
2811 1551 2910 1589 nec
2959 1535 3108 1594 volo.
3157 1543 3215 1588 ut
3271 1533 3454 1603 aliquo
3509 1531 3675 1586 modo

2072 1625 2237 1697 priori
2268 1625 2644 1679 inobedienter
2665 1623 2912 1686 resistat;
2940 1639 3039 1678 nec
3084 1623 3152 1676 de
3181 1622 3277 1676 illo
3307 1621 3452 1674 aliud
3496 1627 3674 1674 statuo

375 1709 479 1764 sibi
537 1710 652 1764 vult
693 1712 961 1776 misereri,
1012 1714 1445 1767 misericordiam
1499 1714 1619 1767 aliis
1664 1714 1964 1783 impendat.
1995 1738 2047 1796 Β
2079 1731 2236 1783 quam
2271 1713 2434 1784 quod,
2470 1713 2626 1767 vobis
2655 1713 3020 1774 audientibus,
3069 1711 3123 1764 in
3175 1709 3415 1778 capitulo
3465 1709 3533 1763 de
3581 1708 3675 1762 illo

376 1799 619 1854 Breviter
648 1802 831 1853 monui
886 1802 1027 1871 quod
1059 1819 1153 1856 cor
1202 1819 1380 1856 meum
1413 1803 1626 1857 assidue
1672 1803 1964 1866 desiderat,

379 1887 476 1942 sed
523 1890 948 1959 omnipotentem
1001 1893 1168 1944 Deum
1215 1908 1414 1961 precor
1444 1901 1499 1945 ut
1529 1893 1608 1947 sic
1656 1893 1770 1962 ipse
1816 1891 1972 1945 vobis

379 1979 650 2031 terrenum
690 1979 1051 2048 principatum
1095 1981 1400 2050 gubernare
1431 1981 1646 2044 tribuat,
1707 1988 1973 2049 quatenus

379 2064 434 2118 in
469 2066 644 2119 futura
681 2068 785 2120 vita
816 2084 1043 2138 regnum
1074 2069 1292 2122 cmleste
1342 2069 1496 2123 vobis
1526 2070 1808 2122 retribuat.
1862 2069 1973 2123 Sa—

380 2153 552 2207 lutant
580 2170 696 2220 vos,
733 2163 785 2207 ut
808 2155 993 2210 ﬁdeles
1023 2157 1166 2210 servi
1201 2157 1505 2220 Dominum,
1554 2157 1751 2210 fratres
1780 2166 1976 2211 nostra:

378 2241 662 2306 Ecclesiae,
702 2260 802 2312 pro
833 2261 1064 2315 quorum
1116 2247 1527 2300 necessitatibus
1559 2247 1608 2300 in
1666 2246 1973 2301 Flandriam

381 2330 582 2385 latores
621 2333 958 2402 praesentium
1018 2333 1280 2388 mittimus
1310 2333 1369 2362 "'
1407 2351 1420 2401 ;
1472 2335 1562 2406 qui
1613 2351 1827 2389 mecum
1873 2351 1975 2388 ve-

381 2425 544 2473 stram
575 2419 824 2488 pietatem
856 2422 1098 2494 ﬂagitant
1127 2431 1181 2476 ut
1213 2423 1346 2478 sicut
1371 2424 1474 2494 ipsi
1499 2425 1551 2476 in
1580 2424 1666 2476 his
1698 2440 1816 2492 quae
1866 2423 1978 2477 Deo

382 2507 436 2560 in
468 2523 526 2562 se
558 2509 790 2576 placent,
823 2509 865 2563 si
919 2528 1023 2580 qua
1057 2520 1200 2575 sunt,
1236 2528 1333 2565 vos
1364 2511 1558 2566 fratres
1590 2527 1718 2565 esse
1762 2511 1978 2565 deside-

381 2605 520 2662 rant,
552 2597 754 2650 sicvos
785 2599 885 2652 hoc
923 2599 1156 2669 dignari,
1194 2615 1314 2653 cum
1349 2616 1484 2668 Opus
1515 2608 1564 2654 et
1615 2608 1978 2669 opportunum

385 2684 509 2746 erit,
543 2684 595 2737 in
626 2694 806 2738 vestra
828 2686 1054 2742 tuitione
1081 2688 1406 2756 percipiant.
1447 2689 1756 2742 Salutamus
1779 2688 1984 2757 pariter

387 2789 492 2843 ego
540 2781 593 2827 et
636 2774 712 2827 illi
758 2791 981 2830 uxorem
1030 2785 1288 2841 vestram,
1338 2785 1394 2830 ut
1448 2776 1722 2831 dominam
1781 2778 1974 2830 charis-

388 2861 602 2923 simam,
658 2879 818 2932 quam
885 2864 964 2918 sic
1011 2865 1342 2932 adjutricem
1394 2875 1631 2920 nostram
1700 2865 1986 2919 vobiscum

389 2966 529 3012 esse,
554 2966 675 3005 cum
697 2968 782 3006 res
801 2954 1001 3025 exiget,
1023 2955 1389 3023 deposcimus,
1413 2954 1546 3007 sicut
1567 2970 1684 3007 eam
1705 2953 1984 3006 vobiscum

387 3037 440 3092 in
473 3039 758 3094 dilectione
788 3049 839 3094 et
869 3041 1206 3095 orationibus
1238 3042 1668 3110 complectimur.
1707 3040 1911 3096 Valete.

831 3154 1166 3208 EPISTOLA
1217 3155 1399 3208 XXIX
1450 3153 1530 3207 "°.

389 3256 465 3306 AD
496 3257 782 3297 HENRICUM
826 3259 1088 3307 PRIOREM,
1135 3258 1420 3297 ANTONIUM
1460 3257 1833 3303 SUBPRIOREM,
1882 3257 1986 3294 ER-

461 3346 702 3396 NULFUM,
736 3347 1032 3386 OSBERNUM
1078 3347 1148 3386 ET
1197 3347 1353 3386 ALIOS
1396 3347 1690 3385 MONACHOS
1738 3345 1990 3384 CANTUA‘

466 3435 726 3476 RIENSES.

473 3511 533 3580 Ut
561 3510 1008 3566 Cantuarienses
1030 3510 1320 3566 crenobitae
1342 3511 1422 3564 sic
1450 3509 1713 3566 obediant
1732 3508 1916 3580 priori
1937 3512 1992 3562 et

395 3579 675 3649 subpriori
706 3600 771 3637 uc
802 3584 924 3637 sibi.

461 3687 796 3750 Assaracus,
837 3689 1014 3758 gratia
1043 3689 1142 3741 Dei
1173 3687 1625 3756 archiepiscopus,
1675 3685 1910 3740 dominis
1943 3693 1994 3739 et

394 3773 520 3828 ﬁliis
543 3777 658 3828 suis
689 3777 1040 3840 charissimis,
1071 3776 1272 3829 domno
1301 3776 1464 3846 priori
1486 3777 1766 3835 llaxmco,
1792 3780 1845 3828 et
1867 3775 1968 3828 sub

396 3863 567 3932 priori
590 3868 862 3925 ANTONIO,
883 3866 1083 3918 domno
1105 3865 1388 3924 Eaxuro,
1415 3873 1463 3917 et
1481 3863 1681 3916 domno
1700 3863 1991 3925 Osaaaxo,

397 3960 449 4005 et
468 3953 591 4006 aliis
620 3954 790 4007 servis
813 3955 907 4008 Dei
941 3954 993 4006 in
1025 3953 1218 4008 Christi
1256 3953 1500 4007 Ecclesia
1529 3951 1587 3979 ³³³
1635 3968 1995 4007 commaneu-

397 4040 560 4106 tibus,
595 4058 814 4112 semper
841 4043 1102 4098 delectari
1136 4042 1186 4096 in
1220 4043 1476 4108 Domino,
1511 4051 1558 4097 et
1583 4041 1703 4111 ejus
1733 4049 1994 4112 perpetua

397 4129 777 4186 benedictione
808 4132 969 4186 tueri.

472 4219 645 4274 Audio
676 4219 814 4273 inter
843 4236 938 4275 vos
963 4236 1084 4275 esse
1129 4219 1383 4274 scandala
1425 4228 1472 4274 et
1513 4218 1991 4282 murmurationes,

401 4307 528 4376 quia
557 4309 773 4380 quidam
805 4317 930 4362 sunt
959 4309 1096 4364 inter
1125 4325 1224 4364 vos
1257 4311 1341 4378 qui
1372 4326 1429 4363 se
1461 4310 1661 4362 domno
1679 4308 1846 4377 priori
1870 4308 1995 4360 sub-

2079 1810 2329 1872 prccatus
2359 1818 2500 1866 sum,
2551 1810 2599 1855 et
2641 1800 2908 1867 consului,
2950 1810 3061 1854 tum
3089 1805 3309 1868 propter
3353 1797 3672 1851 memoriam

2080 1892 2284 1946 domini
2319 1896 2370 1946 et
2395 1890 2566 1944 Patris
2585 1891 2786 1944 nostris
2803 1889 3202 1958 archiepiscopi
3227 1886 3536 1948 Lanfranci,
3563 1895 3676 1939 tum

2081 1989 2304 2050 pr0pter
2349 1978 2712 2032 inﬁrmitatem
2771 1978 2912 2046 ejus.
2967 1977 3120 2045 Quod
3176 1985 3354 2030 tamen
3407 1989 3511 2028 non
3560 1973 3677 2027 sine

2083 2068 2407 2123 discretione
2441 2076 2494 2122 et
2521 2067 2707 2121 humili
2751 2067 3065 2121 obedientia
3097 2065 3219 2119 ﬁert
3250 2064 3519 2118 ullatenus
3548 2077 3678 2116 con-

2084 2157 2239 2212 cedo.
2259 2160 2381 2211 Pax
2401 2159 2515 2220 Dei,
2538 2173 2661 2228 quia
2675 2161 2952 2226 exuperat
2972 2170 3459 2212 omnemsensum,
3479 2159 3677 2206 custo-

2085 2247 2204 2300 diat
2224 2246 2391 2300 corda
2407 2250 2590 2300 vestra
2608 2251 2662 2300 et
2680 2247 2739 2299 in
2749 2245 3094 2314 tettigentias
3111 2241 3574 2311 vestras(Phitip.
3595 2255 3678 2306 Iv,

2088 2336 2161 2404 7).
2194 2338 2388 2388 Amen.

2601 2421 2940 2476 EPISTOLA
2980 2421 3163 2474 XXX.

2160 2543 2230 2580 AD
2273 2543 2601 2582 MATHILDAM
2640 2542 2982 2581 ABBATISSAM
3032 2541 3098 2579 ΕΤ
3135 2538 3416 2579 ΠοΝιΑιιςε
3462 2537 3676 2576 WINTO-

2761 2629 3013 2669 NIENSES.

2099 2706 2353 2761 Obsecrat
2370 2721 2562 2776 preces
2577 2721 2674 2761 suo
2693 2704 2989 2758 inchoatas
3014 2704 3243 2757 nomine
3261 2705 3528 2773 perpetua
3538 2699 3609 2764 ri,
3627 2703 3688 2754 et

2386 2795 2662 2848 moniales
2679 2792 2884 2862 pietati
2913 2791 3137 2845 assidue
3167 2805 3384 2844 vacare.

2164 2883 2492 2944 Assaracus,
2557 2886 2782 2935 vocatus
2835 2879 3278 2947 archiepiscOpus
3339 2876 3668 2932 Cantuariae.

2099 2971 2388 3023 sororibus
2437 2977 2485 3022 et
2535 2968 2746 3022 ﬁliabus
2779 2967 3123 3031 charissimis,
3157 2966 3476 3020 reverenda:
3515 2963 3697 3018 abba-

2018 3083 2067 3144 C
2102 3060 2247 3112 tissae
2289 3057 2657 3110 Wintoniensi
2706 3057 3037 3121 MATHILDE,
3077 3063 3132 3108 et
3178 3054 3300 3107 aliis
3359 3053 3570 3108 ancillis
3615 3052 3696 3106 De

2097 3147 2197 3200 sub
2229 3147 2316 3200 illa
2337 3145 2834 3210 commanentibus,
2867 3144 3038 3198 electo
3065 3157 3268 3212 sponso
3289 3142 3502 3196 Christo
3543 3156 3700 3195 sem-

2099 3252 2197 3306 per
2221 3235 2452 3302 placere.

2171 3325 2386 3378 Gratias
2435 3338 2541 3393 ago
2572 3321 2842 3376 sanctitati
2898 3328 3095 3375 vestrae
3131 3321 3277 3388 quia,
3341 3321 3484 3374 sicut
3512 3317 3695 3384 audio,

2100 3428 2196 3477 pro
2219 3429 2302 3466 me
2334 3411 2554 3465 assidue
2585 3426 2743 3465 orare
2775 3425 2880 3464 non
2916 3416 3118 3463 cessat.
3146 3410 3210 3462 Et
3239 3425 3439 3478 precor
3467 3406 3693 3476 supplex

2103 3510 2158 3554 ut
2187 3501 2330 3570 quod
2380 3499 2693 3554 charilative
2741 3498 2979 3568 incuepit,
3027 3504 3445 3566 perseveranter
3503 3495 3692 3558 iaciat,

2101 3590 2276 3644 donec
2304 3597 2560 3659 appareat
2587 3587 2713 3656 quid
2743 3585 2930 3640 divina
2965 3585 3256 3656 di~positio
3286 3585 3353 3638 de
3385 3600 3471 3638 me
3519 3583 3696 3636 inten-

2101 3679 2212 3740 dat,
2247 3687 2509 3748 quatenus
2539 3676 2727 3730 vestris
2747 3675 3080 3730 orationibus
3111 3682 3366 3728 exoratus
3395 3674 3539 3726 Deus
3565 3671 3696 3724 mihi

2102 3767 2155 3820 in
2191 3765 2624 3820 tribulationibus
2668 3767 2804 3818 meis
2843 3763 2912 3816 sit
2943 3763 3284 3822 clementior.
3332 3770 3380 3816 et
3419 3761 3572 3815 vobis
3599 3774 3698 3830 pro

2103 3857 2346 3926 impensa
2377 3855 2636 3907 cliaritate
2679 3853 2750 3906 sit
2797 3851 3109 3923 benignior.
3158 3852 3432 3905 Praeterea
3480 3858 3532 3905 et
3573 3847 3700 3902 olli-

2102 3945 2244 4000 cium
2295 3959 2327 3996 a
2373 3959 2462 3996 me
2500 3942 2799 4008 injunctum
2844 3940 3036 4008 exigit,
3084 3948 3133 3993 et
3177 3940 3396 3994 dilectio
3446 3953 3608 4009 quam
3646 3937 3702 3990 in

2105 4034 2262 4088 vobis
2294 4048 2424 4103 erga
2455 4048 2540 4084 me
2570 4031 2768 4096 sentio,
2790 4045 2874 4083 me
2899 4027 3106 4090 invitat,
3141 4035 3194 4081 et
3215 4028 3451 4082 charitas
3473 4043 3580 4097 qua
3603 4042 3700 4080 vos

2102 4123 2269 4189 diligo
2319 4121 2446 4174 mihi
2502 4119 2810 4190 persuadet,
2853 4124 2910 4171 ut
2964 4116 3259 4172 secundum
3304 4124 3542 4171 vestrum
3588 4123 3708 4168 stu-

2102 4211 2248 4264 dium
2286 4227 2348 4264 ac
2395 4208 2728 4277 propositum
2791 4221 2913 4260 mea
2973 4206 3286 4259 exhortetur
3346 4201 3706 4259 commonitio

2101 4315 2320 4369 semper
2347 4298 2411 4350 ad
2446 4296 2668 4350 meliora
2698 4293 2984 4363 proﬁcere,
3027 4302 3081 4348 et
3102 4309 3380 4362 nunquam
3412 4293 3480 4346 ab
3513 4291 3596 4345 his
3627 4291 3694 4344 ad

390 4396 561 4464 jicere
592 4405 963 4461 contemnunt,
997 4406 1050 4452 et
1093 4414 1157 4452 ea
1188 4414 1306 4467 quae
1335 4396 1558 4452 licentia
1588 4397 1705 4462 ejus
1749 4395 1996 4450 facienda
2025 4429 2073 4487 Ι)
2105 4405 2244 4459 qum,
2311 4386 2485 4458 ενδιῙᾶ
2537 4385 2631 4438 Dei
2661 4384 3002 4487 ‘BQJUV8"1§,‘
3038 4381 3323 4487 ὃίξίηῧίξίεν
3369 4379 3701 4487 neglige?!“

400 4493 541 4550 sunt,
600 4485 692 4540 illo
741 4487 963 4540 omnino
1017 4487 1288 4541 nesciente
1349 4494 1400 4539 et
1440 4485 1556 4538 sine
1613 4484 1729 4553 ejus
1777 4483 1991 4537 licentia

402 4574 609 4643 passim
643 4575 841 4628 faciunt
867 4594 880 4638 ;
904 4584 952 4630 et
995 4592 1118 4630 cum
1153 4575 1219 4628 ab
1250 4590 1334 4638 eo,
1368 4573 1452 4626 vel
1485 4574 1553 4626 ab
1589 4573 1771 4641 aliquo
1794 4588 1986 4640 repre-

401 4661 710 4716 henduntur
756 4664 979 4730 377m
1011 4664 1266 4732 capitulo,
1321 4663 1439 4730 ejus
1466 4678 1523 4714 se
1559 4661 1771 4729 judicio
1821 4677 1987 4730 regu-

401 4748 503 4802 lari
544 4750 838 4805 humilitate
885 4752 1121 4804 subdere
1165 4751 1582 4820 despiciunt:et
1631 4749 1854 4816 insuper
1891 4751 1992 4802 hoc

401 4854 459 4892 se
497 4847 666 4892 totum
702 4848 882 4894 nostra
923 4840 1247 4894 auctoritate
1282 4838 1460 4893 facere
1492 4837 1789 4891 affirmant.
1840 4837 1994 4891 Unde

404 4929 560 5000 quasi
603 4927 830 4983 diversae
878 4937 1036 4982 secta:
1083 4936 1132 4982 et
1177 4928 1405 4996 partium
1449 4927 1824 4980 dissidentium
1877 4923 1998 4978 lites

2105 4485 2286 4531 vestra
2349 4481 2605 4546 gravante
2644 4471 2898 4526 deﬁcere.
2959 4469 3114 4537 Quod
3180 4469 3362 4540 utique
3410 4467 3703 4523 efﬁcaciter

2097 4566 2323 4633 implere
2363 4562 2626 4632 poteritis,
2681 4559 2723 4612 si
2763 4559 2892 4612 illud
2926 4557 3332 4612 considerantes
3368 4557 3508 4627 quod
3556 4555 3695 4610 scri-

2103 4665 2248 4726 ptum
2282 4652 2523 4717 estzQui
2566 4649 2782 4704 modica
2823 4647 3079 4717 despicit.
3129 4647 3419 4718 pautatim
3478 4645 3697 4700 decidet

2103 4744 2429 4809 (Eccii.x1x,
2456 4743 2617 4808 l)(9).
2657 4738 2757 4790 Et:
2786 4738 2890 4804 Qui
2906 4737 3067 4790 timet
3091 4734 3698 4803 Deum.nihitnegligit

2107 4833 2307 4899 (Eccle.
2360 4845 2452 4894 vn,
2501 4829 2604 4895 19),
2653 4827 2810 4880 etiam
2858 4825 3077 4877 minima
3122 4823 3330 4878 ordinis
3373 4823 3537 4876 vestri
3595 4836 3702 4875 non

2109 4919 2477 4992 neglexeritis.
2527 4917 2696 4970 Tanto
2728 4914 2870 4968 enim
2921 4913 3233 4986 vigilantius
3262 4927 3294 4966 a
3326 4910 3561 4966 minimis
3604 4925 3703 4964 cx-

1710 5025 1797 5076 VA
1811 5024 1939 5076 RLE
1988 5018 2284 5075 LECTION
2297 5017 2400 5070 ES.

488 5116 762 5186 1"Quanto
817 5125 998 5170 autem
1056 5130 1192 5166 mss.
1265 5113 1477 5180 Quanto
1538 5111 1707 5163 enim.
1810 5109 2065 5180 "‘Utique
2132 5107 2387 5186 fratribus
2449 5121 2632 5186 ‘nts‘ﬁ‘
2677 5100 2858 5171 utique
2932 5100 3230 5186 terribil‘iSZO
3335 5096 3703 5186 ’”Flandria=n

409 5169 662 5258 praesaiti
695 5169 970 5258 mittimus
1019 5203 1150 5240 mss.
1185 5169 1506 5258 _Fl.hidriam
1541 5169 2153 5258 latores_prz_esentium
2187 5177 2467 5231 mittimus.
2527 5173 2730 5228 1"Cum
2765 5169 2876 5228 uno
2897 5189 2970 5227 ex
3002 5171 3261 5244 praefatis
3291 5169 3712 5236 exemplaribus

407 5253 515 5313 ius.
547 5261 783 5315 collata.
831 5257 953 5312 "‘ln
988 5256 1228 5312 Ecclesia
1283 5272 1390 5308 ms.
1435 5270 1492 5306 ιιι
1530 5254 1726 5306 Christi
1763 5253 2024 5306 Ecclesia.

1613 5351 1920 5406 JOANNIS
1973 5347 2252 5403 PICARDI
2294 5344 2522 5400 ΝΟΤᾸΞ.

483 5442 1484 5515 (9)Quimodicadespicitpuulatim
1503 5429 2011 5515 deciditEamilem
2125 5444 2177 5488 et
2198 5450 2293 5489 sex
2338 5450 2437 5486 ms.
2481 5427 3334 5515 nostra,habent‘spern‘itreed
3356 5422 3716 5515 optaveris“

412 5497 734 5568 sexiten‘tiam
765 5497 983 5567 liis—demi
1005 5497 1244 5582 'prorsiis
1281 5511 1462 5565 verbis
1507 5511 1745 5566 Anselmi
1782 5511 2015 5582 inculcat
2126 5521 2446 5582 synonyma,
2471 5505 2550 5582 rei
2578 5497 3350 5582 panper-vertitiqtellectum.
3378 5497 3709 5582 Signiﬁcan-

415 5601 509 5656 ep.
543 5587 608 5640 20
633 5585 946 5654 hujuslibri.
975 5571 1073 5641 Pro
1104 5588 1271 5641 verbo
1297 5585 1554 5654 despicit,
1597 5596 1804 5637 excusa
1848 5580 2017 5634 Biolia
2127 5571 2213 5631 tur
2233 5571 2427 5630 etenim
2451 5576 2518 5630 ad
2537 5573 2748 5629 virtutis
2767 5571 3159 5642 cyclopazdiam
3181 5585 3304 5625 esse
3344 5579 3709 5639 perpecessa-
