4010 6064
217 298 295 351 61
1518 300 1648 356 LIB.
1691 298 1788 365 III,
1829 301 2050 358 EPIST.
2090 305 2297 365 XXXI.
3501 316 3570 372 62

216 421 503 477 cessihus
533 423 803 479 debemus
843 438 1066 491 cavere,
1126 433 1330 497 quanto
1380 442 1476 482 eos
1532 427 1869 497 frequentius
1897 426 1952 486 A
1982 438 2071 484 aut
2103 430 2349 495 lectione,
2384 438 2480 486 aut
2506 433 2766 501 oratione,
2829 438 2923 491 aut
2951 433 3193 507 psalmis,
3243 445 3335 493 aut
3391 439 3574 509 aliqua

218 512 649 582 cognoscimus
676 529 738 568 se
769 513 931 567 nobis
955 513 1231 583 ingerere,
1264 522 1319 569 et
1373 523 1579 585 quanto
1609 516 1856 571 callidius

218 598 515 669 deceptor
543 608 731 656 noster
762 601 962 655 nullam
994 603 1049 655 in
1085 602 1164 656 eis
1195 618 1316 657 esse
1340 603 1575 674 culpam,
1610 612 1699 658 aut
1721 620 1858 659 con-

220 689 634 751 temnendam,
684 690 728 743 si
767 706 875 761 qua
896 695 1001 757 est,
1058 690 1243 745 nititur
1288 692 1447 747 nobis
1502 693 1858 763 persuadere.

221 775 408 844 Quod
444 793 556 833 non
584 777 760 833 solum
799 778 854 831 in
885 779 1247 834 exterioribus
1264 781 1543 851 Operibus,
1576 782 1673 836 sed
1693 783 1859 836 etiam

222 864 290 918 in
323 864 553 920 intimis
598 866 1019 938 cogitationibus
1047 866 1268 922 debetis
1315 884 1557 938 servare,
1616 885 1717 925 nec
1754 870 1863 923 mi-

226 968 352 1007 nus
379 954 502 1008 Deo
523 954 821 1024 displicere
851 954 1198 1010 indecentem
1249 957 1639 1028 cogitationem
1696 973 1864 1029 quam

228 1041 575 1096 hominibus
606 1043 1012 1114 reprobandum
1042 1043 1307 1100 actionem
1339 1046 1552 1101 debetis
1578 1046 1855 1117 judicare.

230 1130 509 1200 Denique
557 1129 704 1186 sicut
756 1147 975 1202 sponsas
1020 1132 1325 1187 carnalium
1387 1135 1640 1189 vitiorum
1712 1142 1865 1189 exte-

233 1220 467 1274 riorem
500 1218 801 1274 fmditatem
854 1228 1218 1290 exsecrantes,
1270 1238 1370 1292 per
1418 1223 1867 1294 pulchritudinem

236 1307 442 1361 carnis
490 1316 550 1361 et
578 1308 810 1363 vestium
841 1309 1199 1379 aptitudinem
1234 1311 1451 1366 student
1491 1311 1711 1382 placere
1743 1330 1759 1376 ;
1792 1313 1870 1367 ita

237 1411 487 1466 sponsa:
539 1397 852 1466 spirituales
911 1397 1079 1470 Regis
1107 1414 1306 1470 regum
1361 1400 1481 1455 Filii
1510 1400 1613 1455 Dei
1662 1400 1873 1456 fmdita-

244 1490 365 1539 tem
412 1484 729 1540 interiorem
769 1486 1124 1554 detestantes,
1183 1504 1285 1557 per
1319 1489 1515 1543 mentis
1570 1488 1869 1559 pulchritu-

243 1572 450 1627 dinem
482 1581 537 1628 et
565 1582 886 1628 ornamenta
914 1575 1171 1630 virtutum
1216 1584 1273 1630 ut
1304 1576 1380 1630 illi
1434 1577 1684 1647 placeant
1719 1594 1869 1633 sem-

261 1677 373 1732 per
428 1661 637 1717 debent
691 1663 939 1719 studere.
980 1664 1324 1720 Pulchritudo
1380 1673 1525 1721 certe
1573 1667 1771 1721 mentis
1816 1671 1873 1721 et

1964 521 2079 576 utili
2110 519 2439 592 cogitatione
2469 521 2583 576 sive
2612 523 2917 579 intentione
2959 529 3029 578 sit
3059 535 3401 597 occupatum.
3437 527 3569 592 Vos,

1965 610 2185 665 domina
2245 609 2547 674 abbatissa,
2610 628 2803 680 precor
2862 622 2916 667 ut
2962 622 3211 680 matrem,
3258 631 3460 670 moneo
3518 621 3578 668 ut

1967 713 2235 765 sororem,
2257 697 2441 752 hortor
2468 707 2527 752 ut
2555 701 2801 763 amicam,
2831 703 3092 772 praecipio
3123 712 3181 757 ut
3208 703 3331 759 tiliae
3352 703 3564 759 charis-

1968 787 2140 851 simaa,
2166 794 2433 856 quatenus
2455 787 2525 842 R.
2566 788 2678 857 (10)
2708 789 2967 860 episcopo
2994 790 3277 846 Osmundo
3306 793 3452 846 omni
3476 792 3572 846 be-

1968 876 2235 947 nignitate
2303 883 2549 930 sanctam
2598 886 2650 931 et
2705 878 2821 933 Deo
2873 878 3130 948 placitam
3180 881 3569 947 obedientiam,

1971 964 2110 1020 sicut
2138 964 2317 1030 decet,
2348 964 2668 1030 exhibeatis,
2702 972 2756 1021 et
2785 968 2901 1034 ejus
2923 966 3269 1023 dilectionem
3317 977 3368 1023 et
3392 968 3559 1022 fami-

1970 1052 2166 1107 liarem
2198 1051 2487 1106 amicitiam
2545 1060 2709 1123 atque
2759 1054 3049 1108 consilium
3099 1063 3153 1109 et
3196 1056 3457 1110 auxilium
3514 1055 3569 1108 in

1971 1140 2349 1210 corporalibus
2376 1147 2427 1194 et
2450 1141 2507 1194 in
2536 1140 2913 1210 spiritualibus
2943 1142 3164 1210 habere,
3215 1151 3270 1198 et
3315 1144 3394 1197 illi
3424 1143 3572 1213 quod

1975 1246 2043 1285 ex
2072 1229 2230 1284 vobis
2262 1236 2347 1283 est
2380 1228 2644 1284 exhibere
2675 1229 2729 1282 in
2762 1230 2957 1284 Christi
2990 1232 3256 1287 charitate
3287 1232 3570 1287 studeatis.

1975 1318 2331 1386 Omnipotens
2356 1318 2523 1383 Deus,
2560 1317 2805 1388 Sponsus
2837 1327 3032 1387 vester,
3065 1319 3134 1374 sit
3160 1336 3377 1391 semper
3390 1327 3573 1375 custos

1973 1415 2171 1463 vester.
2193 1410 2385 1461 Amen.

2429 1490 2761 1547 EPISTOLA
2798 1492 2983 1546 XXXI
3022 1490 3104 1547 η’.

2056 1594 2128 1634 ΑΙ)
2183 1594 2502 1633 ιΑΝιτιιιυιιΜ
2540 1594 2794 1634 ΑΒΒΛΤΕΜ
2838 1596 3090 1635 C(ENOBII
3134 1595 3181 1634 S.
3225 1596 3474 1636 WLMARI.

2107 1666 2172 1721 Ut
2199 1678 2423 1735 gregem
2442 1678 2558 1717 non
2587 1663 2810 1719 deserat
2839 1665 2901 1721 ob
2928 1666 3118 1719 varias
3146 1666 3460 1720 molestias.

250 1750 658 1805 nutrimentum
708 1752 969 1806 virtutum
1037 1761 1141 1819 est,
1192 1753 1374 1809 cordis
1445 1754 1734 1823 munditia,
1784 1755 1870 1810 cui
1901 1786 1954 1850 Β
2050 1755 2374 1815 Ausauws,
2409 1759 2635 1806 vocatus
2682 1752 3148 1823 archiepiscOpus,
3185 1754 3340 1807 fratri
3363 1754 3576 1808 charis-

253 1838 413 1893 visio
443 1839 540 1894 Dei
559 1839 909 1910 spiritualiter
936 1842 1268 1912 promittitur
1301 1862 1317 1911 ;
1351 1843 1419 1897 ad
1451 1858 1612 1914 quam
1656 1843 1869 1898 mundi-

251 1928 399 1981 tiam
433 1928 617 1983 nullus
646 1928 747 1982 nisi
779 1945 877 1998 per
909 1946 1163 2002 magnam
1191 1932 1373 1986 cordis
1402 1933 1713 1988 custodiam
1744 1948 1869 2002 per-

248 2014 508 2071 ducitur.
564 2016 716 2072 Unde
746 2018 1016 2087 scriptum
1048 2027 1166 2074 est:
1203 2020 1368 2075 Omni
1417 2020 1673 2077 custodia
1707 2037 1866 2076 serva

248 2120 352 2160 eor
370 2108 541 2159 tuum
575 2107 776 2179 (Prov.
806 2120 885 2170 ιν,
915 2106 1029 2178 23).
1062 2108 1145 2162 Ad
1175 2124 1338 2178 quam
1387 2110 1712 2173 custodiam,
1746 2118 1870 2180 post

253 2194 501 2264 gratiam
533 2194 656 2259 Dei,
690 2204 949 2265 quantum
980 2196 1045 2250 ad
1089 2197 1377 2251 humanum
1428 2198 1668 2253 studium
1698 2197 1866 2268 perti-

253 2289 374 2347 net,
431 2281 535 2336 hoc
593 2289 673 2337 est
727 2283 1012 2354 singulare
1062 2293 1115 2338 et
1171 2283 1442 2340 efﬁcacius
1471 2286 1780 2353 consilium,
1811 2294 1869 2340 ut

253 2385 481 2441 semper
537 2385 636 2426 cor
688 2381 930 2427 vestrum
981 2380 1035 2427 et
1082 2373 1301 2446 ubique,
1346 2374 1585 2445 quandiu
1607 2374 1864 2444 vigilatis,

1974 1841 2132 1905 simo,
2161 1841 2361 1895 domno
2391 1839 2573 1895 abbati
2610 1841 2848 1895 cmuobii
2907 1840 3097 1896 Sancti
3156 1841 3396 1897 Wlmari
3429 1842 3577 1897 LAN-

1974 1944 2161 1993 raino,
2194 1928 2380 1984 ilivino
2407 1928 2525 2000 regi
2548 1930 2770 1984 consilio
2792 1929 2947 1999 etadj
2960 1930 3108 1984 uvari
3136 1930 3359 1984 auxilio.

2046 2018 2124 2072 De
2154 2018 2409 2088 petitione
2441 2025 2640 2085 vestra,
2673 2034 2781 2088 qua
2813 2017 2943 2072 mihi
2979 2018 3574 2089 infatigabiliterinsta-

1978 2107 2048 2161 tis
2078 2114 2342 2175 quatenus
2371 2106 2440 2160 ab
2470 2107 2729 2176 episc0p0
2763 2115 2943 2161 vestro
2971 2106 3203 2160 consilio
3232 2113 3285 2160 et
3315 2108 3572 2177 precibus

1974 2193 2113 2249 meis
2135 2203 2334 2249 tentem
2365 2194 2657 2265 impetrare
2699 2195 2851 2249 vobis
2888 2195 3160 2250 licentiam
3191 2195 3485 2259 abbatiam,
3517 2194 3573 2248 in
3614 2236 3619 2241 .

1975 2299 2085 2354 qua
2109 2299 2209 2338 vos
2239 2283 2434 2338 divina
2460 2283 2735 2338 constituit
2763 2283 3072 2353 dispositio,
3092 2283 3406 2347 deserendi,
3425 2298 3573 2352 saepe

1978 2372 2316 2441 multumque
2335 2370 2399 2400 ³⁸⁸
2431 2387 2641 2427 mecum
2674 2371 2938 2443 cogitavi,
2971 2379 3022 2427 et
3055 2387 3179 2426 cum
3209 2370 3331 2426 aliis
3359 2372 3414 2425 in
3445 2370 3571 2443 qui-

1570 2472 1798 2527 νΑιιιιΕ
1834 2469 2250 2525 LECTIONES.

330 2553 544 2613 "’Cum
574 2556 765 2613 eodem
792 2573 900 2613 me.
927 2558 1165 2615 collata.
1203 2556 1430 2631 "'Saepe
1458 2561 1688 2616 multum
1718 2578 1823 2616 ms.
1853 2576 1997 2632 saepe
2030 2559 2395 2629 multumque.

1472 2657 1777 2712 JOANNIS
1817 2658 2094 2713 PICARDI
2126 2655 2355 2711 NOTE.

259 2741 401 2815 riam
431 2741 796 2815 erratulorum
817 2743 1024 2815 iugem
1066 2743 1440 2815 leviorumque
1474 2755 1865 2815 praeceptorum
1899 2748 1948 2810 C

263 2813 749 2885 diligentissimam
780 2813 1202 2879 observantiam,
1246 2824 1304 2870 ut
1332 2813 1539 2885 passim
1573 2825 1625 2870 et
1658 2813 1870 2871 crebro

264 2884 522 2957 gnselm.
562 2896 890 2957 commonet,
927 2885 1219 2957 egeterique
1266 2884 1472 2951 Patres,
1534 2903 1732 2957 nempe
1790 2889 1863 2942 D.

266 2955 565 3029 Chrysos_t_._
584 2954 753 3009 homil
779 2954 930 3029 2_‘i_in
956 2954 1165 3029 Matth,
1208 2964 1263 3010 et
1291 2956 1338 3011 is
1368 2958 1435 3012 ad
1467 2954 1724 3029 populum
1757 2960 1873 3011 Au-

263 3027 472 3080 thioch.
500 3025 731 3080 Hieron.
755 3026 821 3079 ad
848 3025 1128 3081 Rusticum
1179 3025 1557 3093 monachumf
1592 3038 1643 3083 et
1673 3030 1872 3083 Eusta-

263 3096 459 3169 chiam
497 3095 564 3169 de
598 3095 865 3169 custodia
895 3096 1238 3169 virginitatis,
1272 3099 1509 3169 Grcgor.
1536 3100 1869 3154 Nazianzen.

266 3179 408 3221 orat.
445 3168 470 3220 1
504 3167 557 3219 in
590 3167 880 3230 Julianum,
915 3167 1001 3221 D.’
1029 3168 1290 3234 Ephrem.
1334 3167 1470 3224 tom.
1506 3171 1552 3223 Il
1602 3178 1758 3224 tract.
1794 3170 1871 3224 De

269 3237 685 3313 intemperantia
717 3238 789 3290 ab
821 3238 903 3291 bis
933 3240 1116 3313 verbis
1150 3258 1162 3294 :
1200 3242 1461 3313 hminis,
1492 3242 1589 3313 qui
1616 3242 1874 3313 minimi:

270 3309 696 3379 levissimisque,
718 3318 847 3377 etc.,
870 3316 921 3361 et
943 3310 1212 3364 Paraenesi
1242 3320 1374 3364 tom.
1399 3309 1582 3365 XXIX
1610 3312 1668 3366 S.
1694 3312 1873 3365 Caesa-

268 3380 376 3452 rius
399 3381 609 3433 Arelat.
633 3395 805 3452 serm.
845 3383 897 3432 8.
921 3380 1695 3452 _RursusquenosterAnselm.
1727 3382 1871 3451 apud

269 3451 597 3522 Eadmerum
639 3449 734 3504 lib.
795 3466 832 3513 ι,
887 3449 1244 3506 similitudine
1294 3462 1505 3522 sumpta
1539 3468 1604 3506 ex
1636 3449 1869 3519 vinario,

269 3522 421 3590 cujus
455 3521 628 3586 rimae,
663 3522 1014 3592 quantumvis
1047 3528 1255 3582 tenues.
1290 3523 1335 3576 si
1387 3521 1491 3576 non
1525 3524 1868 3591 obturentur,

270 3591 556 3648 confestim
590 3591 783 3661 aquam
818 3599 981 3646 totam
1007 3594 1275 3652 emittant,
1308 3594 1452 3648 unde
1475 3594 1703 3663 piscium
1733 3610 1869 3647 con-

268 3672 520 3734 sequetur
547 3663 824 3717 interitus.
868 3663 1104 3734 Leonius
1141 3665 1436 3718 canonicus
1486 3673 1669 3718 noster
1715 3672 1871 3732 poeta

272 3750 380 3787 non
409 3734 866 3798 contemnendus,
895 3733 985 3802 qui
1017 3745 1142 3790 ante
1179 3737 1282 3789 400
1312 3750 1483 3790 annos
1520 3735 1746 3804 parabat
1767 3736 1870 3789 he-

274 3805 478 3860 roicum
504 3820 727 3860 carnem
760 3808 813 3858 in
846 3807 1099 3858 universa
1144 3806 1338 3873 Biblia,
1366 3807 1461 3860 sed
1496 3822 1647 3861 mors
1667 3822 1872 3873 praeve-

272 3873 421 3930 niens
446 3875 675 3947 jamjam
708 3876 994 3947 scribentis
1021 3892 1238 3930 manum
1271 3877 1627 3947 obstupefecit
1649 3886 1701 3931 et
1717 3892 1871 3931 com-

266 3947 499 4018 pescuil:
537 3945 711 4018 Quam
743 3946 815 4001 ob
847 3961 1067 4000 causam
1091 3945 1535 4018 reliquittantum
1558 3948 1726 4002 libros
1743 3948 1872 4001 duo-

267 4015 440 4072 decim
471 4015 653 4071 ﬁnitos
683 4017 737 4070 in
771 4018 989 4072 historia
1036 4015 1227 4073 Ruthf
1272 4019 1341 4084 ls,
1401 4020 1621 4089 inquam
1678 4026 1874 4087 praeter

2047 2743 2163 2814 (10)
2198 2742 2771 2813 Osmundoepiacopo.
2805 2740 3193 2814 Sarisberiensi
3208 2743 3291 2796 vel
3323 2741 3574 2814 Salisbe-

1980 2815 2169 2870 riensi.
2206 2819 2344 2868 Ante
2370 2815 2512 2868 hunc
2539 2814 2733 2883 reliqui
2772 2813 3010 2882 episcopi
3046 2813 3379 2867 vocabantur
3409 2813 3572 2868 Schi-

1979 2884 2821 2941 reburniensesaSchireburnia
2875 2884 2931 2936 in
2987 2883 3194 2941 Anglia
3250 2884 3577 2937 VVestsaxo-

1979 2901 2821 2941 renurniensesaacmrenurnia
2875 2901 2931 2936 in
2987 2901 3076 2937 At)
3125 2901 3194 2937 na
3262 2901 3575 2937 weatsaxo‘

1979 2958 2120 3018 nica,
2174 2956 2293 3010 vico
2341 2955 2587 3027 ignobili,
2649 2962 2701 3008 et
2731 2954 3031 3027 inammno.
3070 2901 3223 3009 gude
3268 2960 3458 3008 mirum
3491 2962 3575 3009 est

1979 3027 2167 3081 tundiu
2209 3027 2315 3080 illic
2346 3025 2635 3096 episcopos
2667 3025 3168 3096 sedisse.gTandem
3207 3028 3367 3096 1075,
3400 3040 3571 3095 syno-

1980 3099 2080 3152 dus
2108 3107 2326 3152 auctore
2366 3094 2664 3150 Lanfranco
2691 3094 2928 3167 Londini
2953 3104 3037 3149 est
3092 3096 3295 3158 habita,
3353 3094 3571 3167 inqua,

1980 3178 2038 3223 ut
2067 3177 2334 3222 testantur
2376 3176 2496 3221 acta
2541 3166 2783 3234 ejusdem
2845 3165 3088 3234 epistolis
3135 3166 3419 3221 Lanfranci
3462 3165 3572 3218 ‘ad-

1979 3240 2160 3305 mista,
2193 3248 2247 3292 et
2290 3239 2526 3293 decretis
2563 3252 2898 3291 summorum
2952 3235 3287 3305 pontificum,
3349 3235 3573 3291 Damasi

1979 3310 2230 3364 videlicet
2259 3318 2308 3362 et
2339 3309 2557 3369 Leonis,
2590 3323 2689 3361 nec
2737 3323 2843 3359 non
2876 3323 2941 3359 ex
2973 3307 3217 3360 conciliis
3270 3306 3575 3361 Sardiuensi

1980 3389 2139 3448 atque
2178 3378 2522 3447 Laodicensi,
2578 3377 2630 3430 in
2663 3378 2859 3448 quibus
2879 3378 3194 3446 prohibetur
3230 3376 3572 3448 episcopales

1979 3447 2138 3504 sedes
2169 3450 2221 3503 in
2254 3449 2405 3503 villis
2435 3447 2689 3511 existere,
2712 3463 3026 3502 concessum
3075 3455 3154 3501 est
3202 3448 3347 3518 regis
3386 3447 3572 3518 muni—

1982 3522 2219 3586 ﬁcentia,
2252 3529 2306 3575 et
2332 3519 2580 3590 synodali
2610 3519 2930 3590 auctoritate
2961 3518 3201 3587 praefatis
3253 3516 3426 3571 tribus
3453 3516 3575 3590 epi-

1981 3593 2163 3662 scopis
2188 3594 2255 3645 de
2287 3588 2426 3645 villis
2458 3592 2692 3662 transire
2723 3589 2789 3644 ad
2809 3590 3056 3662 civitates
3085 3604 3102 3662 _;
3137 3590 3450 3662 Hermauno
3507 3588 3576 3641 de

1982 3660 2321 3733 Syraburnia
2352 3662 2422 3715 ad
2449 3661 2824 3724 Serisberiam,
2854 3660 3443 3733 fetcsVngarisautem
3474 3675 3575 3733 co-

1979 3730 2163 3789 dicum
2188 3734 2569 3804 impressorum
2590 3733 2756 3786 lectio
2778 3732 2947 3804 habet
2961 3731 3318 3804 Sarisberiam
3337 3730 3574 3804 etSche-

1979 3802 2288 3859 reburniam
2326 3822 2340 3868 ;
2368 3803 2568 3857 tabula:
2597 3818 2813 3873 quoque
2835 3802 3318 3857 Sarisberiensium
3357 3802 3576 3873 episeo-

1978 3892 2173 3946 porum
2223 3875 2275 3928 iu
2333 3872 2666 3929 bibliotlieCa
2698 3873 2887 3946 Sancti
2947 3872 3567 3946 ViictorisiParisiensis.

1980 3944 2293 4001 liermanus
2326 3947 2491 4015 igitur
2522 3961 2651 3998 mox
2679 3954 2741 3998 ut
2770 3945 2954 3997 sedem
2976 3944 3176 3998 invexit
3199 3944 3575 4007 Sarisberiam,

1983 4017 2251 4072 inchoavit
2312 4016 2597 4070 ecclesiam
2645 4016 2977 4085 primariam,
3036 4016 3189 4082 cujus
3244 4030 3381 4083 opus
3429 4028 3579 4069 mors

269 4090 378 4143 hac
411 4095 466 4142 et
500 4089 608 4142 alia
638 4096 909 4155 poemata,
955 4088 1085 4141 illud
1123 4090 1299 4159 reperi
1357 4090 1422 4143 ad
1456 4085 1566 4143 rem
1624 4085 1870 4159 praesen-
1901 4094 1953 4154 D
1984 4089 2323 4159 praeveniens
2362 4095 2641 4159 remorata
2677 4094 2776 4159 est.
2810 4085 3123 4159 Osmundus
3150 4093 3331 4159 autem
3361 4099 3578 4159 succes-

269 4169 395 4229 tem,
416 4160 514 4233 icui
546 4159 699 4213 titulo
730 4166 816 4233 est
836 4176 849 4212 :
872 4160 1027 4233 Quod,
1043 4176 1152 4216 non
1171 4161 1658 4233 suntnegligenda
1685 4162 1873 4215 venia-

273 4233 368 4288 lia.
400 4232 631 4285 Carmen
664 4230 912 4301 sequitur
942 4232 1253 4299 liujusinodi
1287 4246 1299 4285 :

344 4347 451 4413 Qui
479 4346 617 4401 bene
645 4349 857 4401 cuneta
874 4346 1025 4417 fugis
1044 4348 1318 4417 gravioris
1333 4347 1579 4402 crimina
1607 4361 1798 4412 nou-le,

417 4419 527 4472 Hoc
558 4433 658 4488 age
676 4432 750 4472 ne
780 4418 944 4487 culpa
975 4418 1081 4471 sub
1115 4418 1318 4474 leviore
1350 4420 1539 4473 cadas.

346 4488 526 4559 Culpa
535 4487 743 4558 gravis.
767 4504 981 4558 semper
1002 4489 1209 4543 levium
1222 4494 1580 4559 contemptus
1599 4487 1840 4542 habetur
1854 4506 1872 4542 :

421 4561 845 4630 Parvaquequce
868 4563 1122 4629 fuerant,
1144 4561 1389 4613 crimina
1408 4576 1616 4629 magna
1630 4560 1800 4630 facit.

348 4630 492 4698 Quid
511 4630 564 4683 vi
573 4627 718 4684 tusae
734 4627 928 4684 lutum
935 4631 1126 4699 juvat,
1149 4634 1214 4684 ut
1232 4627 1517 4701 mergaris
1535 4627 1712 4685 arena
1745 4627 1772 4669 9

418 4702 584 4757 Forte
611 4701 796 4755 lutum
813 4704 953 4763 fetet
976 4720 995 4766 ;
1027 4716 1146 4755 non
1175 4703 1368 4756 minus
1396 4703 1703 4756 illunecat.

344 4774 433 4827 Sic
465 4771 704 4827 timidus
736 4774 956 4840 frustra
984 4773 1163 4825 maris
1192 4774 1316 4826 alia
1344 4772 1604 4841 pericula
1630 4772 1785 4841 fugit

421 4843 595 4910 Quem
625 4843 869 4897 necalin
902 4848 1026 4896 tuto
1043 4842 1305 4910 ﬂuminis
1333 4843 1489 4896 unda
1516 4845 1671 4896 vado.

352 4915 461 4970 Nec
491 4914 639 4967 satis
668 4917 755 4967 es!
779 4928 974 4977 gressu
999 4918 1189 4981 foveas
1216 4915 1399 4967 vitare
1415 4917 1696 4984 patentes,

427 4984 642 5056 Decipit
672 4986 937 5038 incautos
966 4988 1021 5037 et
1049 4985 1139 5056 uia
1172 4984 1346 5054 plana
1377 4983 1564 5056 pedes.

362 5056 425 5113 Ut
452 5054 613 5119 bene,
645 5071 769 5126 quo:
797 5070 918 5109 sese
945 5054 1196 5123 produnt
1216 5054 1594 5118 ineorumoda,
1627 5055 1789 5119 viles,

432 5127 670 5183 Utilium
690 5127 872 5196 specie
899 5126 1077 5179 noxia
1103 5127 1288 5179 multa
1318 5127 1522 5180 latent.

362 5229 628 5283 Hactenus
656 5227 1023 5289 decastichon,
1053 5227 1196 5297 quod
1221 5230 1447 5282 antehac
1468 5227 1519 5280 in
1548 5226 1747 5298 vulgus
1773 5244 1880 5283 non

295 5300 516 5367 exierat,
550 5309 606 5352 ut
638 5310 835 5355 castera
864 5299 946 5353 sui
976 5300 1217 5353 auctoris
1274 5306 1544 5366 poemata,
1579 5299 1719 5352 inter
1762 5316 1882 5368 quae

297 5371 401 5425 vidi
425 5370 650 5435 litteras,
674 5387 806 5424 unas
820 5370 885 5423 ad
900 5371 1192 5424 Adrianum
1240 5369 1618 5436 lV,alterasad
1645 5371 1881 5424 Alexan-

297 5444 445 5497 drum
475 5442 572 5508 ΙΙΙ,
598 5457 835 5496 summos
864 5439 1163 5510 pontiﬁces.
1198 5440 1279 5495 Eo
1332 5456 1548 5512 quoque
1606 5441 1707 5495 loci
1766 5458 1880 5511 spe-

301 5521 440 5569 ctant
469 5513 735 5567 Plutarchi
772 5515 880 5566 duo
930 5513 1116 5566 ultima
1157 5514 1392 5582 capitula
1432 5528 1549 5572 eius
1599 5519 1876 5573 tractatus,

302 5599 455 5655 quam
501 5585 1106 5654 inscripsit:Quomodo
1151 5583 1337 5638 videre
1385 5584 1482 5657 qui
1516 5584 1691 5655 possit
1718 5600 1795 5637 an
1819 5587 1882 5639 in

302 5658 513 5711 virtute
535 5660 880 5727 promoveat.

1982 4154 2075 4213 sor
2102 4158 2252 4227 operi
2284 4159 2534 4211 inchoato
2563 4157 2919 4222 colOphonem
2958 4156 3241 4227 imposuit,
3266 4164 3322 4209 ut
3373 4154 3581 4227 notavit

1980 4225 2474 4284 Malmesberiensis
2506 4228 2609 4280 lib.
2649 4242 2687 4280 ιι
2720 4228 2795 4279 De
2827 4226 2998 4297 gestis
3030 4225 3342 4295 pontiﬁcum
3376 4226 3580 4296 Anglo-

1980 4318 2125 4355 rum.
2157 4302 2419 4355 Cmterum
2446 4299 2602 4369 juxta
2634 4298 2990 4369 Sarisberiam
3023 4298 3258 4369 positum
3287 4303 3576 4369 estcmno—

1983 4372 2128 4426 bium
2174 4367 2540 4426 Wiltonieuse
2588 4369 2655 4422 ad
2704 4368 2885 4422 Wilen
2942 4367 3141 4422 ﬂumen
3193 4367 3243 4421 in
3295 4367 3413 4420 vico
3468 4381 3579 4420 non

1983 4458 2209 4513 exnguo,
2244 4443 2333 4496 cui
2365 4455 2564 4513 nomen
2594 4440 2868 4513 Wiltuna,
2902 4452 2934 4491 a
2966 4454 3073 4508 quo
3113 4445 3166 4492 et
3190 4436 3581 4513 )Viltonieusis

1985 4509 2279 4569 Parthemo
2310 4520 2366 4566 ut
2388 4512 2600 4576 sedem,
2631 4512 2701 4563 ita
2749 4516 2800 4564 et
2836 4524 3031 4562 nomen
3064 4509 3228 4564 traxit
3256 4523 3269 4576 ;
3310 4509 3578 4579 originem

1986 4585 2191 4665 veroat}
2208 4584 2427 4665 Edgaro
2450 4600 2601 4665 rege,
2628 4584 2718 4652 qui
2743 4581 2870 4635 illuc
2892 4581 3215 4665 introductis
3258 4580 3581 4634 momalibus

1986 4650 2349 4710 Benedictiiiis
2379 4650 2670 4708 antistitam
2704 4652 3001 4720 prteposuit
3057 4650 3223 4705 filiam
3270 4666 3450 4716 suam,
3476 4665 3579 4703 no-

1988 4727 2132 4780 mine
2190 4726 2463 4787 Editham,
2509 4739 2650 4777 anno
2709 4724 2834 4789 971,
2896 4732 2951 4775 ut
3002 4723 3141 4777 [.ilio
3183 4725 3379 4792 placet.
3448 4720 3582 4776 Sero

1989 4798 2229 4868 quidem,
2264 4797 2359 4849 sed
2393 4812 2497 4850 non
2526 4796 2829 4860 importune
2857 4794 3119 4868 (virorum
3164 4794 3306 4849 enim
3356 4800 3582 4847 sancto—

1987 4864 2104 4923 rum
2128 4868 2368 4939 quolibet
2399 4875 2641 4936 tempore
2688 4865 2956 4939 memoria
3013 4864 3153 4919 solet
3212 4880 3330 4939 esse
3386 4878 3602 4939 opporg

1991 4935 2159 5008 tuna)’
2186 4940 2239 4992 in
2300 4935 2534 4991 mentem
2581 4938 2726 4990 venit
2778 4937 3040 4991 adamare
3083 4951 3204 5006 qua:
3237 4937 3300 4990 D.
3328 4935 3580 4988 Antoniu.

1993 5010 2209 5082 scriptis
2249 5009 2398 5082 dedit
2426 5023 2483 5061 ιιι
2517 5016 2661 5076 part.
2701 5008 2888 5082 histor.
2947 5009 3037 5082 at,
3099 5022 3220 5075 cap.
3258 5008 3321 5060 12
3346 5023 3358 5066 ;
3386 5021 3585 5082 nempe

1992 5077 2496 5136 liunEeOsmundum
2528 5081 2705 5149 (quem
2755 5077 3110 5131 Osimundum
3140 5082 3454 5149 nuncupat)
3512 5077 3583 5149 ob

1992 5152 2300 5207 sanctitatis
2326 5148 2623 5218 famam,et
2677 5149 3065 5202 miraculorum
3126 5148 3489 5220 frequentiam
3532 5148 3586 5200 in

1992 5228 2148 5279 divos
2176 5223 2399 5277 relatum
2438 5222 2603 5274 fuisse
2633 5235 2662 5272 a
2687 5220 2907 5274 Calixto
2941 5220 3010 5273 ΙΙΙ
3068 5235 3231 5290 papa,
3256 5235 3401 5274 anno
3430 5220 3581 5283 tliB’l,

1993 5296 2335 5363 otiiciumque
2364 5295 2761 5363 praescriptum,
2825 5292 2889 5363 in,
2917 5294 3032 5358 ejus
3089 5291 3406 5363 memoriam
3446 5290 3587 5363 fien-

1993 5370 2118 5421 dum
2152 5360 2373 5419 nomine
2396 5368 2553 5418 unius
2592 5360 2925 5417 confessoris
2977 5363 3242 5430 episcopi.
3304 5361 3438 5429 Quae
3460 5360 3585 5429 qui-

1994 5440 2114 5491 dem
2140 5436 2402 5491 Osmundi
2424 5434 2737 5503 apotheosis
2765 5449 2794 5485 ιι
2819 5434 3059 5503 Gegorio
3089 5435 3162 5487 1X
3198 5434 3376 5487 fuerat
3407 5440 3586 5484 tenta—

1997 5517 2068 5564 ta.
2096 5509 2188 5561 sed
2222 5507 2632 5575 insurgentibus
2662 5504 2827 5558 variis
2850 5503 2905 5556 in
2944 5504 3239 5559 Ecclesium
3292 5510 3587 5569 tempesta-

1995 5580 2138 5634 tibus
2157 5574 2460 5649 prorogata,
2497 5580 2673 5649 donec
2693 5574 3068 5649 serenigri-die
3113 5576 3589 5649 illucescentetam

1995 5643 2239 5708 sanctum
2287 5643 2655 5720 inscriptionis
2694 5661 2832 5716 opus
2863 5643 2978 5699 fieri
3006 5651 3191 5713 posset
3228 5644 3514 5716 religiosus
3543 5650 3596 5697 et
