4010 6064
365 191 431 246 63
936 192 996 250 S.
1028 189 1330 245 ANSELMI
1361 190 1709 246 CANTUAR.
1742 188 2062 244 ARCHIEP.
2089 189 2246 260 ,OPP.
2283 188 2454 244 PARS
2486 189 2577 243 III.
2611 220 2679 229 —
2711 187 3094 245 EPISTOLE.
3591 188 3660 246 64

368 310 468 366 bus
487 311 768 368 consilium
816 314 1093 385 spirituale
1123 315 1356 386 speravi,
1412 329 1530 367 sum
1577 313 1788 368 locutus
1841 330 1854 379 ;

369 401 630 468 intellexi,
664 403 911 474 quamvis
941 414 1165 475 prOpter
1194 403 1633 473 compassionem
1663 418 1769 474 qua
1791 403 1959 457 tristi-

367 490 457 545 tiae
488 491 839 545 fraternitatis
869 498 1066 548 vestra:
1095 492 1395 562 compatior
1453 492 1610 546 valde
1638 491 1795 546 vobis
1825 507 1960 546 con-

368 579 665 647 gauderem
690 581 737 632 si
770 581 867 634 Dei
901 582 1245 636 miseratione
1267 580 1493 635 consilio
1523 589 1576 634 et
1604 580 1961 650 permissione

369 667 766 737 archiepiscopi
818 677 869 722 et
925 669 1166 739 episcopi
1191 667 1252 698 1"
1285 670 1468 733 vestri,
1515 669 1843 724 desiderium
1877 685 1964 724 ve-

371 763 539 808 strum
561 757 990 824 assequeremini
1026 776 1040 824 ;
1075 759 1442 828 periculosum
1471 766 1648 812 tamen
1679 758 1808 812 mihi
1839 773 1963 812 esse

371 851 477 898 tam
535 844 848 900 inusitatem
909 863 1022 900 rem
1081 855 1262 917 petere
1301 856 1356 901 et
1397 848 1708 904 consulere.
1776 848 1963 902 Timeo

369 931 512 985 enim
546 949 632 987 me
665 949 774 987 non
805 950 998 1004 parum
1032 951 1277 1006 peccare,
1313 937 1354 989 si
1377 951 1500 990 mea
1531 936 1784 990 instantia
1814 936 1964 992 locus

370 1020 524 1075 vobis
551 1023 873 1076 commissus
900 1025 1046 1078 omni
1092 1033 1296 1079 rectore
1338 1025 1643 1079 destituitur
1697 1034 1858 1094 atque
1913 1033 1966 1080 et

372 1125 558 1164 rerum
591 1119 640 1165 et
671 1127 883 1165 morum
915 1120 968 1166 et
995 1112 1217 1177 ordinis,
1253 1113 1468 1182 majori,
1508 1113 1617 1168 imo
1653 1113 1965 1168 omnimoda

371 1199 670 1254 vastatione
701 1200 1013 1255 destruitur.
1057 1201 1113 1255 Si
1162 1202 1306 1255 enim
1361 1202 1433 1256 ad
1483 1201 1629 1256 aliud
1660 1201 1732 1256 ibi
1789 1205 1968 1257 vestra

369 1301 478 1340 non
500 1288 785 1357 prodesset
816 1290 1122 1359 praesentia,
1157 1290 1260 1344 nisi
1304 1292 1429 1360 quia
1474 1307 1581 1346 non
1628 1290 1701 1343 ibi
1737 1306 1967 1363 regnare

371 1381 546 1444 potest
580 1392 681 1431 nec
712 1377 880 1431 libere
900 1374 1154 1433 exerceri
1192 1379 1307 1434 sine
1339 1380 1516 1450 aliqua
1540 1378 1966 1450 reprehensione

373 1463 598 1529 malitia,
655 1464 728 1518 ita
774 1481 876 1520 nec
931 1467 1071 1521 male
1103 1467 1174 1520 ibi
1205 1473 1305 1532 est,
1331 1468 1490 1523 sicuti
1536 1477 1697 1533 esset,
1725 1469 1772 1520 si
1825 1475 1968 1522 esset

371 1549 737 1619 sinerectore,
791 1553 975 1606 autin
1031 1555 1236 1608 ordinis
1262 1563 1354 1609 aut
1415 1556 1468 1608 in
1524 1571 1701 1609 rerum
1727 1555 1967 1610 destruc-

1913 314 2048 372 etA

2530 312 2872 368 EPISTOLA
2911 313 3124 367 XXXII
3155 310 3236 366 ³⁸⁵.

2277 435 2352 474 AD
2380 435 2667 475 GERVINUM
2696 433 3098 475 AMBIANENSEM
3128 435 3454 475 EPISCOPUM.

2072 510 2193 565 Non
2218 524 2378 582 posse
2397 509 2734 564 monachum
2751 512 2807 563 in
2827 509 3083 582 abbatem
3104 509 3382 574 ordinari,
3401 509 3498 582 qui
3509 511 3659 566 clam

2461 582 2638 635 inscio
2666 582 2906 651 ρνίειαιο
2934 581 3296 636 abscesserit.

2143 672 2465 734 Ansauws,
2499 681 2724 724 vocatus
2753 669 3194 740 archiepiscOpus
3223 669 3546 736 Cantuariae,
3569 687 3660 726 re-
3737 701 3740 704 -

2070 759 2314 814 verendo
2344 758 2600 828 episcoiio
2630 757 3017 812 Ambianorum
3039 757 3582 825 Genvmo,salutem.

2146 847 2437 902 Fraterille
2466 846 2880 900 Northmannus
2910 846 3165 902 Ecclesia:
3208 856 3406 903 nostrae
3439 848 3659 918 profes—

2072 951 2165 989 sus
2196 951 2354 1004 quem
2386 935 2641 988 abbatem
2671 935 2902 990 electum
2941 951 3061 990 esse
3099 935 3233 989 mihi
3255 936 3573 1003 mandastis,
3607 942 3664 991 et

2071 1024 2229 1092 cujus
2255 1022 2584 1077 ordinationi
2617 1039 2703 1076 me
2726 1039 3008 1077 assensum
3034 1024 3278 1093 praebere
3307 1023 3546 1078 suadetis
3576 1041 3664 1080 me

2073 1121 2125 1168 et
2154 1111 2410 1166 fratribus
2465 1110 2722 1166 Ecclesiae
2751 1110 2810 1140 1"
2842 1119 3044 1166 nostrae
3084 1113 3462 1183 ignorantibus
3520 1121 3666 1168 trans

2075 1217 2228 1256 mare
2257 1200 2406 1266 abiit,
2440 1208 2497 1254 ut
2527 1216 2626 1255 nec
2654 1200 2756 1255 iter
2775 1201 2890 1268 ejus
2922 1215 3024 1256 nec
3051 1216 3262 1256 causam
3318 1201 3528 1256 itineris
3547 1203 3665 1273 ejus

2073 1305 2517 1361 agnosceremus.
2553 1287 2899 1359 Quapropter
2927 1304 3029 1344 nec
3076 1306 3196 1356 vos,
3237 1297 3293 1343 ut
3322 1289 3514 1344 litteris
3563 1307 3662 1346 ve-

2074 1378 2199 1432 stris
2237 1377 2512 1442 intimatis,
2574 1393 2694 1432 cum
2756 1379 2872 1432 sine
2907 1385 3089 1433 nostro
3134 1395 3360 1432 assensu
3412 1379 3666 1435 ordinare

2074 1466 2302 1532 debetis,
2336 1481 2438 1521 nec
2468 1481 2573 1537 ego
2604 1465 2658 1518 in
2680 1466 2785 1521 hoc
2815 1481 3100 1520 assensum
3132 1467 3369 1534 praebeo,
3391 1484 3491 1524 nec
3513 1485 3664 1539 prae-

2074 1555 2206 1609 bere
2235 1555 2429 1623 debeo,
2479 1554 2530 1608 in
2578 1561 2838 1625 quantum
2895 1555 3196 1625 intelligere
3245 1573 3408 1626 queo.
3434 1558 3498 1611 Si
3544 1557 3665 1626 ipse

373 1638 572 1704 ctione,
608 1656 713 1694 non
747 1649 921 1695 tamen
949 1644 1178 1712 possetis
1213 1644 1474 1714 conqueri
1505 1644 1658 1715 quasi
1707 1643 1962 1698 ibiinuti-
1993 1679 2044 1737 B
2077 1643 2286 1699 venerit
2317 1644 2382 1698 ad
2407 1660 2513 1707 me,
2548 1647 2601 1698 et
2625 1644 2692 1696 ad
2724 1643 3019 1698 Ecclesiam
3053 1660 3232 1711 suam,
3265 1645 3418 1700 sicuti
3467 1662 3665 1702 mona-

371 1725 496 1780 liter
552 1727 826 1794 viveretis,
889 1731 978 1784 ubi
1003 1739 1206 1785 tantum
1241 1732 1439 1786 malum
1486 1741 1538 1786 et
1583 1733 1862 1803 corporale
1909 1737 1963 1788 et

370 1816 670 1884 spirituale,
696 1835 760 1871 ne
786 1818 961 1872 locum
995 1821 1310 1890 praedictum
1362 1822 1680 1884 destrueret,
1737 1821 1969 1893 compri-

370 1904 606 1958 meretis.
633 1904 850 1972 Quanto
881 1909 1054 1978 magis
1085 1917 1209 1963 tunc
1239 1926 1296 1964 se
1340 1919 1522 1964 vestra
1571 1909 1842 1965 consolari
1865 1926 1968 1979 po—

371 1995 477 2046 test
509 1995 816 2063 prudentia,
846 2012 966 2049 cum
989 1997 1099 2050 sint
1121 1997 1289 2068 aliqui
1321 1998 1428 2052 sub
1456 1997 1544 2052 illa
1572 1999 1659 2068 qui
1688 1999 1809 2067 ejus
1830 2014 1967 2053 con-

371 2079 497 2134 silio
541 2090 593 2135 et
650 2083 1050 2154 gubernatione
1098 2087 1176 2140 uti
1227 2087 1561 2152 desiderant,
1597 2096 1648 2141 et
1670 2085 1971 2142 voluntaria

368 2167 711 2236 subjectione
737 2172 813 2225 illi
835 2173 1115 2229 obediunt.
1144 2175 1240 2229 Est
1267 2183 1318 2229 et
1345 2176 1490 2230 aliud
1539 2176 1681 2231 unde
1715 2176 1768 2230 in
1798 2176 1968 2229 tribu-

367 2255 568 2312 latione
597 2268 776 2315 vestra
802 2262 1009 2316 debetis
1037 2264 1293 2334 gaudere,
1329 2264 1455 2335 quia
1488 2280 1592 2319 non
1625 2272 1705 2320 est
1733 2264 1966 2319 dubium

375 2360 473 2399 vos
506 2346 654 2400 illam
679 2349 825 2404 bono
847 2351 965 2404 zelo
989 2351 1086 2406 Dei
1120 2352 1340 2419 habere,
1377 2361 1429 2408 et
1477 2354 1668 2408 timore
1694 2353 1784 2409 Dei
1815 2353 1970 2425 cujus

376 2435 811 2492 consideratione
839 2439 982 2493 illam
1018 2440 1209 2511 fugere
1241 2457 1346 2495 non
1378 2441 1609 2510 audetis,
1660 2442 1958 2497 sustinere.

373 2522 532 2578 Certe
565 2525 656 2579 ubi
688 2533 763 2580 tot
786 2527 1018 2581 rationes
1047 2530 1569 2583 suntcousolationis
1596 2539 1647 2584 et
1701 2529 1970 2601 spiritual-

382 2610 448 2664 lis
490 2610 704 2679 laetitiae,
730 2631 835 2668 non
869 2632 1125 2687 magnum
1155 2617 1366 2688 pondus
1395 2617 1596 2674 habere
1616 2619 1782 2674 debet
1809 2635 1968 2673 ama-

369 2699 545 2754 ritudo
578 2702 828 2757 tristitiae.
849 2703 1062 2775 Quippe
1095 2720 1202 2760 non
1232 2707 1409 2760 solum
1469 2707 1782 2762 considerat
1800 2709 1963 2774 Deus,

364 2797 622 2856 quantum
674 2791 906 2846 studium
961 2793 1190 2863 alicujus
1245 2793 1300 2847 in
1364 2795 1484 2849 aliis
1542 2795 1804 2865 proficiat,
1867 2795 1967 2851 sed

371 2875 552 2946 etiam,
587 2887 678 2932 aut
709 2880 935 2935 forsitan
969 2883 1170 2955 magis,
1203 2893 1460 2953 quantum
1503 2884 1742 2939 laborem
1776 2885 1826 2938 in
1876 2885 1965 2938 in-

372 2965 612 3021 tentione
643 2968 987 3038 proficiendi,
1039 2980 1092 3026 et
1136 2972 1376 3027 dolorem
1420 2973 1548 3045 quia
1594 2989 1704 3028 non
1756 2973 1966 3044 proﬁcit

371 3056 672 3110 secundum
695 3057 1070 3121 intentionem,
1103 3061 1383 3116 sustineat.
1410 3064 1666 3116 Nostrum
1709 3064 1850 3116 enim
1882 3071 1964 3117 est

372 3143 620 3198 laborare
641 3151 690 3198 et
713 3147 1001 3211 seminare,
1039 3148 1140 3202 Dei
1178 3165 1308 3204 vero
1359 3158 1441 3204 est
1484 3151 1882 3205 incrementum
1915 3158 1967 3204 et

370 3232 619 3289 effectum
648 3235 801 3292 dare.
833 3236 990 3304 Quod
1010 3245 1245 3292 nostrum
1274 3245 1374 3305 est,
1419 3240 1676 3308 quamvis
1707 3255 1772 3294 eo
1803 3239 1962 3309 adju-

370 3330 530 3379 vante
561 3325 652 3388 sit,
689 3324 846 3379 nobis
876 3326 1125 3380 retribuit
1159 3341 1172 3394 ;
1204 3327 1347 3398 quod
1373 3336 1551 3382 autem
1572 3345 1726 3382 suum
1743 3337 1839 3390 est,
1861 3327 1966 3382 sibi

367 3411 626 3466 attribuit.
653 3411 808 3482 Quod
832 3413 876 3467 si
898 3414 1010 3469 haec
1027 3431 1186 3469 mens
1229 3421 1408 3470 vestra
1438 3432 1542 3470 non
1599 3418 1712 3472 vult
1740 3425 1831 3471 aut
1857 3433 1965 3470 non

367 3497 512 3552 valet
546 3502 848 3571 suscipere,
875 3505 1042 3571 378
1077 3519 1180 3557 non
1215 3505 1499 3572 prohibeo,
1532 3505 1576 3559 si
1627 3521 1723 3575 per
1749 3506 1965 3576 episco-

366 3605 494 3657 pum
525 3598 780 3654 vestrum,
814 3598 866 3643 et
899 3607 998 3661 per
1039 3607 1134 3645 eos
1165 3593 1234 3646 ad
1267 3609 1400 3662 quos
1429 3609 1515 3646 res
1557 3595 1677 3647 haec
1707 3593 1960 3664 pertinet,

366 3677 483 3730 Deo
533 3676 843 3746 diponente,
904 3679 971 3732 ad
1020 3679 1352 3734 desiderium
1403 3688 1644 3735 vestrum
1721 3681 1964 3738 ordinate

365 3765 590 3837 potestis
613 3766 942 3839 pertingere.
973 3768 1176 3823 Valete.

2078 1735 2209 1786 chus
2249 1733 2342 1804 qui
2398 1731 2578 1786 taliter
2623 1732 2690 1786 de
2745 1732 2992 1788 Ecclesia
3016 1750 3116 1789 sua
3161 1734 3422 1806 discessit,
3476 1736 3666 1792 venire

2075 1821 2260 1889 debet,
2293 1829 2345 1877 et
2375 1830 2554 1890 postea
2593 1821 2789 1892 aliquis
2837 1821 2906 1876 de
2945 1838 3008 1876 eo
3041 1821 3174 1877 mihi
3211 1824 3278 1878 de
3325 1823 3551 1894 praefata
3606 1841 3664 1879 re

2077 1910 2288 1964 locutus
2337 1909 2514 1974 fuerit,
2566 1910 2916 1980 respondebo
2940 1910 3063 1965 inde
3079 1912 3378 1967 secundum
3408 1912 3552 1985 quod
3581 1929 3669 1968 re-

2075 1998 2348 2070 spondere
2378 1997 2699 2069 intelligam.
2732 1999 2936 2054 Valete.

2495 2111 2834 2168 EPISTOLA
2865 2114 3102 2170 XXXIII
3133 2109 3223 2170 "7.

2493 2243 2567 2284 AD
2597 2245 2877 2286 BICARDUM
2906 2246 3237 2287 MONACHUM.

2076 2328 2407 2388 Monachum
2425 2332 2750 2402 professum
2780 2345 2893 2383 non
2939 2332 3125 2402 teneri
3173 2334 3292 2386 vnto
3325 2329 3663 2402 peregrina-

2443 2401 2615 2454 tionis
2647 2417 2678 2454 a
2708 2416 2765 2455 se
2795 2403 2949 2468 facta
2979 2401 3042 2454 in
3071 2402 3296 2456 saeculo.

2146 2489 2472 2556 ANSELMUS,
2525 2488 2692 2558 gratia
2743 2488 2839 2542 Dei
2889 2488 3352 2560 archiepiscopus,
3409 2489 3557 2544 fratri
3611 2498 3667 2545 et

2075 2576 2185 2631 filio
2217 2578 2466 2632 RICARDO
2498 2563 2781 2631 monacho
2799 2563 3052 2644 salutem,
3085 2585 3139 2630 et
3163 2577 3621 2633 benedictionem.

2147 2666 2357 2730 Audivi,
2419 2666 2607 2719 Frater
2663 2666 2755 2731 mi,
2813 2665 2940 2734 quia
2996 2674 3287 2737 antequam
3366 2670 3663 2724 monachus

2076 2753 2248 2822 fieres,
2284 2756 2337 2807 in
2370 2753 2688 2824 aegritudine
2733 2753 2925 2809 vovisti
2981 2761 3033 2809 te
3081 2754 3280 2832 iturum
3319 2755 3386 2811 ad
3420 2756 3477 2812 S.
3508 2757 3662 2830 Egi-

2073 2843 2218 2898 dium
2251 2864 2264 2909 ;
2299 2851 2351 2898 et
2374 2843 2572 2898 idcirco
2605 2843 2767 2898 modo
2790 2842 3009 2897 timidus
3039 2851 3094 2898 et
3122 2842 3281 2898 nimis
3309 2844 3570 2900 sollicitus
3601 2863 3662 2902 es

2071 2933 2141 2987 de
2168 2940 2294 2986 voto
2319 2932 2409 2986 illo
2440 2931 2724 2992 solvendo,
2752 2931 2828 2985 ita
2844 2939 2902 2985 ut
2931 2931 3209 3002 quiescere
3231 2947 3340 2987 non
3382 2933 3662 3003 possitcor

1993 3033 2042 3095 ο
2073 3026 2241 3086 tuum,
2303 3021 2408 3074 nisi
2456 3020 2524 3073 ad
2583 3021 2638 3074 S.
2670 3020 2940 3090 Egidium
2972 3019 3155 3075 iveris.
3213 3022 3292 3076 De
3339 3037 3447 3092 qua
3477 3039 3660 3079 renon

2075 3110 2244 3165 debes
2267 3117 2465 3164 tantum
2498 3108 2720 3164 credere
2746 3109 2840 3162 tibi
2863 3113 3123 3179 quantum
3153 3110 3336 3164 abbati
3367 3119 3480 3179 tuo,
3510 3112 3662 3181 Cujus
3717 3151 3732 3161 .

2073 3199 2300 3253 consilio
2331 3205 2382 3252 et
2407 3197 2734 3253 ordinationi
2755 3200 2990 3252 animam
3032 3207 3180 3253 tuam
3238 3199 3578 3267 commiSisti,
3610 3209 3664 3257 et

2073 3287 2190 3341 aliis
2220 3287 2309 3357 qui
2342 3287 2534 3342 melius
2565 3295 2616 3340 te
2645 3287 2825 3341 sciunt
2855 3287 2980 3357 quid
3013 3289 3188 3360 magis
3216 3289 3428 3359 placeat
3456 3291 3516 3320 ³⁸⁸
3549 3291 3662 3347 Deo

2074 3385 2127 3432 et
2155 3376 2333 3448 magis
2365 3375 2534 3447 prosit
2557 3375 2892 3430 animantum.
2928 3375 3268 3448 Quapropter
3309 3381 3538 3434 consulo
3568 3377 3664 3433 tibi

2074 3473 2128 3520 et
2159 3466 2410 3535 praecipio
2441 3473 2516 3528 ut,
2550 3465 2770 3518 omnino
2813 3465 3090 3520 dimittens
3131 3465 3483 3522 intentionem
3529 3484 3664 3537 prae-

2076 3556 2168 3610 fati
2191 3555 2400 3609 itineris
2428 3563 2481 3608 et
2530 3553 2950 3608 sollicitudinem
3009 3552 3117 3609 vOti
3145 3553 3311 3620 illius,
3355 3553 3427 3609 'in
3458 3572 3666 3628 pr0po-

2073 3643 2176 3698 sito
2195 3643 2332 3713 quod
2350 3642 2693 3713 assumpsisti
2711 3643 2925 3712 quietus
2945 3641 3306 3697 etimmobilis
3323 3660 3662 3714 permaneas,

2073 3741 2122 3786 et
2144 3733 2330 3804 quiete
2351 3735 2410 3765 1”
2431 3730 2498 3784 ad
2531 3731 2631 3786 hoc
2645 3729 2787 3799 quod
2807 3729 3158 3801 proposuisti,
3174 3729 3226 3786 id
3242 3732 3399 3786 estad
3417 3733 3666 3787 obedien-

2073 3821 2199 3876 tiam
2219 3829 2269 3876 et
2287 3821 2652 3892 paenitentiam
2678 3835 2772 3890 pro
2789 3818 3024 3890 peccatis
3038 3819 3158 3888 tuis,
3177 3829 3230 3875 et
3251 3820 3316 3874 ad
3331 3819 3470 3876 alios
3492 3822 3666 3877 bonos

2072 3927 2251 3967 mores
2306 3910 2542 3965 studeas.
2576 3909 2772 3964 Certus
2803 3907 2944 3962 enim
2992 3924 3112 3964 esse
3169 3908 3341 3965 debes
3385 3911 3513 3982 quia
3541 3927 3666 3966 cum

1666 4054 1897 4111 VARUE
1935 4054 2234 4110 LECTION
2242 4055 2344 4110 ES.

437 4169 757 4242 "‘Episcopi
815 4186 926 4224 ms.
995 4167 1249 4238 Episcopi
1309 4169 1529 4242 vestris.
1584 4169 1788 4226 "‘Cum
1846 4171 2036 4228 eodem
2094 4187 2201 4224 ms.
2260 4165 2894 4242 collata._"‘Ecclesiae
2917 4184 3053 4242 __ms.
3119 4166 3380 4242 Ecclesia;
3433 4173 3656 4242 nostrae.

363 4238 567 4312 ffYCuni
596 4238 785 4298 eodem
818 4258 923 4297 ms.
955 4242 1167 4296 collata
1197 4245 1251 4296 et
1273 4256 1401 4296 cum
1433 4241 1583 4297 Edit.
1646 4243 1804 4298 60th.
1857 4247 1913 4298 et
1947 4243 2060 4298 Col.
2123 4242 2281 4296 1573.
2338 4238 2550 4308 "'Quid
2592 4240 2803 4311 placeat
2851 4238 3004 4294 Edit.
3050 4239 3138 4309 qui
3199 4239 3374 4312 magis
3428 4239 3655 4311 placeat.

363 4308 624 4383 "’Quiete
656 4313 804 4368 Edil.
839 4313 896 4366 in
923 4313 1126 4384 quiete.

1571 4410 1863 4466 JOANNIS
1894 4410 2171 4466 PICARDI
2199 4409 2426 4464 ΝΟΤΔΕ.

363 4537 1018 4618 pi°udentius_.nt\ntonino
1037 4545 1167 4618 erat“
1177 4536 1230 4590 in
1254 4537 1392 4618 votis
1429 4536 1537 4591 illic
1558 4544 1806 4618 .attexere
1835 4537 1956 4618 epi-
1991 4540 2040 4600 D
2076 4535 2303 4618 $abell.,
2325 4534 2482 4618 Plat...
2502 4531 3166 4618 Dargome_ns.,Scbedel.,
3190 4535 3341 4618 putet
3363 4531 3669 4605 intelligen-

362 4607 505 4664 toma
539 4609 891 4670 mirabilium,
925 4609 1093 4663 sancti
1127 4609 1389 4664 Osmundi
1427 4607 1675 4678 precibus
1703 4617 1753 4661 et
1786 4609 1956 4662 meri—

362 4682 429 4734 tis
448 4689 748 4752 gestorum,
783 4680 877 4752 sed
903 4680 1177 4752 abstinuit,
1212 4697 1335 4733 cum
1369 4681 1513 4752 taedii
1546 4678 1748 4732 vitandi
1806 4696 1957 4752 ergo,

363 4751 473 4806 tum
507 4753 646 4821 quod
683 4751 922 4805 libellum
954 4751 1002 4804 id
1037 4751 1963 4818 argumenticontinentemjusserit

363 4824 415 4877 in
453 4822 1139 4879 Eccleisianarisberiensis
1167 4823 1434 4877 tabulario
1451 4821 1657 4876 servari
1680 4840 1694 4883 ;
1719 4821 1959 4890 adquam

368 4896 528 4949 mittit
585 4895 839 4949 lectorem
904 4894 1156 4961 cupidum
1231 4894 1473 4948 historia:
1552 4892 1955 4947 ecclesiasticae.

367 4968 564 5021 Praeter
585 4965 839 5018 Antonin.
875 4965 1037 5031 hujus
1056 4979 1272 5032 quoque
1284 4966 1645 5032 apotheoseos
1661 4965 1960 5017 meminere

360 5038 551 5108 Polyd.
581 5036 768 5106 Virgil.
804 5036 1059 5108 lib.xxlu
1090 5035 1278 5108 hiistOr.
1309 5035 1531 5108 Anglor.
1557 5042 1614 5108 et
1641 5034 1956 5108 anteillum,

359 5105 551 5164 Matth.
581 5109 814 5161 Palmer.
861 5107 1110 5172 Pisanus,
1139 5107 1327 5159 Petrus
1359 5105 1706 5159 a’Natalibus
1752 5105 1827 5158 lib
1861 5120 1956 5167 xu,

359 5195 461 5249 cap
493 5184 580 5240 22,
617 5175 868 5232 Schedel.
903 5181 1123 5249 Galate
1154 5177 1235 5249 sui
1270 5175 1508 5249 registri,
1544 5175 1960 5249 Chronic_.rBer-

363 5247 513 5319 go'm.
544 5249 639 5302 lib.
675 5265 761 5310 xv,
795 5248 1160 5315 supplement.
1185 5248 1434 5301 Chronic.
1468 5247 1734 5319 Sabellic.
1755 5247 1854 5301 lib.
1879 5265 1956 5319 vr,

363 5317 611 5376 Eadmer.
649 5321 734 5381 IO,
770 5319 971 5371 Platina
995 5319 1048 5370 in
1076 5319 1280 5372 Calixto
1313 5320 1412 5372 Ill.
1453 5319 1560 5372 Sed
1583 5318 1635 5370 in
1687 5317 1768 5370 his
1800 5318 1960 5388 quin-

360 5410 464 5460 que
495 5389 883 5462 posterioribus
923 5390 1060 5462 mire
1095 5390 1296 5462 variata
1326 5389 1836 5462 estfortographia,’
1887 5389 1957 5442 ita

361 5471 422 5517 ut
462 5460 559 5531 pro
609 5460 1100 5531 Osmundo.legas
1123 5461 1538 5526 Hosimundum,
1573 5460 1955 5519 Edimundum,

359 5530 784 5600 Eadimundum,
845 5530 930 5588 vel
965 5532 1328 5588 Edmundum.
1391 5533 1503 5586 Nec
1561 5539 1643 5586 est
1681 5531 1961 5603 quodquis

2071 4609 2172 4662 dos
2203 4607 2270 4661 de
2291 4606 2497 4661 sanctis
2528 4604 3062 4673 Edmundoregeaut
3089 4603 3663 4673 archiepiscOpo,cum

2074 4679 2165 4733 ille
2216 4680 2378 4745 longe
2433 4685 2577 4738 ante,
2635 4675 2722 4729 hic
2771 4691 2898 4729 vero
2954 4674 3194 4728 coalitum
3228 4690 3455 4729 numero
3494 4674 3667 4729 fuerit

2073 4749 2346 4815 ascriptus
2368 4763 2512 4802 anno
2536 4748 2691 4801 1246.
2710 4746 2948 4799 testibus
2962 4745 3254 4814 Walsingh
3270 4787 3282 4798 .
3319 4748 3372 4799 in
3391 4745 3665 4813 Neustria,

2071 4831 2121 4875 et
2153 4821 2339 4873 Matth.
2379 4818 2548 4878 Paris,
2576 4826 2672 4870 aut
2703 4818 2857 4872 1248.
2892 4825 2951 4870 ut
2981 4825 3132 4871 notat
3160 4816 3360 4871 Molan.
3395 4817 3447 4870 in
3477 4816 3657 4871 addit.

2071 4891 2302 4947 Usuard.
2327 4889 2463 4960 prid.
2481 4890 2628 4960 Non.
2646 4887 3008 4960 Decembliis
3023 4886 3178 4956 plura
3197 4887 3665 4960 refertMalmesb.

2075 4963 2127 5015 in
2149 4957 2420 5031 episcopis
2463 4958 2984 5031 Sarisberiensibus.
3011 4960 3364 5031 interumque
3390 4957 3665 5031 Polydor.

2071 5034 2162 5088 lib.
2185 5029 2272 5093 ix,
2309 5046 2484 5102 pauca
2513 5030 2753 5101 quidem,
2786 5030 2880 5084 sed
2912 5030 3114 5102 optima
3141 5037 3194 5083 et
3243 5029 3525 5102 praeclara.
3561 5029 3666 5083 Mi-

2071 5104 2248 5172 gravit
2272 5100 2489 5156 tandem
2521 5100 2589 5154 ad
2620 5101 3238 5171 superossanctissimus
3254 5100 3493 5170 pontifex
3522 5115 3667 5172 anno

2073 5170 2230 5232 1099.
2312 5174 2660 5242 episcopatus
2697 5170 2795 5226 sui
2829 5188 2974 5236 XXIV,
3038 5172 3362 5228 Sarisberise
3412 5170 3662 5235 sepultus

2071 5244 2556 5307 (consentientibus
2582 5244 2818 5299 Henrico
2845 5243 3139 5310 IIuntidon,
3169 5242 3264 5296 lib.
3298 5247 3460 5310 vii,et
3479 5243 3664 5297 Matth.

2075 5317 2298 5384 Parisio)
2329 5315 2627 5385 prid.Non.
2656 5315 2920 5369 Decemb.
2954 5315 3224 5372 utBaron.
3249 5315 3374 5368 Post
3390 5312 3666 5385 Molanum

2071 5383 2344 5442 advertit.—
2389 5386 2614 5456 Quibus,
2657 5388 2836 5443 haecce
2893 5385 3220 5454 exciderant,
3298 5383 3528 5442 collecta
3583 5385 3673 5440 hic

2070 5459 2430 5530 reposuimus.
