4010 6064
313 213 382 269 es
1572 203 1699 265 LIB.
1732 205 1826 278 111,
1857 202 2076 264 EPIST.
2109 203 2339 266 xxxv.
3547 233 3616 289 66

310 340 544 410 teipsum
575 340 690 393 Deo
723 345 888 393 totum
920 337 1120 395 vovisti
1149 343 1202 391 et
1234 335 1525 427 reddidisti
1571 351 1668 406 per
1711 349 1901 427 mona-
1936 335 1989 393 A
2020 348 2141 427 suo,
2174 333 2409 427 viriliter
2437 353 2654 411 semper
2681 342 2968 412 proficere,
3005 355 3061 401 ut
3109 347 3184 404 illi
3229 353 3322 423 qui
3363 359 3618 427 superio-

231 439 236 448 ‘
309 430 520 484 chicam
571 427 988 499 professionem,
1040 426 1244 482 solvisti
1290 426 1476 481 omnia
1538 431 1661 480 vota
1704 426 1912 479 minora

306 516 673 589 quarumlibet
705 518 978 574 actionum
1007 532 1128 586 quas
1159 515 1312 581 prius
1339 516 1458 570 sine
1479 513 1839 584 jurejurando
1862 523 1916 568 et

305 605 435 661 ﬁdei
465 607 778 679 alligatione
809 606 870 634 ”°
899 605 1219 677 promisisti.
1262 604 1396 658 Esto
1424 619 1556 674 ergo
1598 603 1813 673 quietus
1861 606 1915 657 et

304 693 552 762 sciturus,
585 703 639 751 et
666 711 771 766 ego
802 703 853 750 te
885 711 952 750 ea
981 695 1304 752 auctoritate
1333 709 1493 763 quam
1540 701 1639 763 per
1675 691 1910 763 gratiam

304 785 410 841 Dei
434 786 616 840 habeo
645 797 817 856 super
843 792 916 852 te,
949 787 1020 839 ab
1049 783 1145 838 illo
1176 790 1305 838 voto
1333 782 1586 838 absolvo.
1629 780 1782 836 Vale.

737 907 1076 964 EPISTOLA
1115 905 1357 963 XXXIV
1388 905 1472 960 ⁹⁰¹.

510 1025 580 1064 ΑΒ
611 1023 950 1064 ινιιιιςωιωί
978 1022 1289 1063 ΜΟΝΑΟΗυΜ
1321 1020 1699 1061 (:ESTRENSEM.

304 1127 620 1196 Proﬁtetur
665 1141 725 1182 se
765 1140 882 1181 non
927 1141 1047 1180 esse
1099 1129 1328 1196 tantum
1368 1123 1582 1196 virtute
1626 1125 1904 1194 quantum

472 1197 825 1254 carminibus
859 1212 990 1251 eum
1028 1195 1341 1252 monachus
1373 1195 1734 1266 depinxerat.

371 1318 676 1370 ANsa-Luus
705 1311 882 1385 gratia
914 1311 1010 1366 Dei
1041 1311 1506 1381 archiepiscopus,
1541 1309 1694 1364 fratri
1725 1307 1903 1364 etﬁlio

305 1403 653 1472 charissima,
709 1402 974 1457 monacho
1046 1400 1325 1456 Cestrensi
1393 1398 1695 1465 Willelmo,
1755 1398 1905 1452 salu-

302 1503 439 1550 tem.

381 1580 648 1653 Quamvis
675 1597 764 1636 me
795 1580 955 1635 talem
985 1578 1226 1634 nesciam
1271 1576 1494 1651 qualem
1522 1593 1611 1632 me
1639 1576 1754 1630 suis
1779 1591 1902 1630 car-

203 1693 222 1697 -
305 1673 546 1728 minibus
577 1667 669 1726 tua
695 1669 954 1740 praedicat
999 1667 1400 1732 benevolentia,
1433 1682 1539 1721 non
1590 1675 1770 1720 tamen
1813 1666 1900 1718 in-
1934 1693 1984 1751 Β

305 1770 499 1835 gratus
527 1776 650 1814 esse
671 1759 845 1813 debeo
867 1757 1124 1827 quoniam
1148 1758 1249 1810 hoc
1266 1756 1391 1810 facit
1411 1756 1714 1810 dilectionis
1734 1754 1900 1808 abun-

301 1849 510 1905 dantia.
533 1849 691 1918 Saepe
712 1846 853 1902 enim
876 1845 1010 1900 solet
1030 1845 1261 1900 dilector
1296 1844 1480 1898 dilecti
1521 1843 1647 1897 vitia
1675 1851 1766 1897 aut
1793 1858 1900 1896 non

303 1939 526 2005 sentire,
546 1945 637 1992 aut
657 1935 1066 2002 leviajudicare
1090 1948 1104 2002 ;
1140 1933 1279 1988 bona
1304 1948 1458 1997 vero,
1484 1949 1603 2002 qua:
1626 1948 1730 1988 nou
1754 1939 1898 1996 sunt,

304 2027 518 2098 epinari
541 2041 555 2094 ;
590 2033 642 2080 et
671 2041 793 2096 quae
823 2031 966 2088 sunt,
987 2038 1344 2094 exaggerare.
1372 2021 1528 2089 Quod
1549 2021 1766 2092 quando
1788 2020 1904 2074 sola

306 2118 436 2173 facit
481 2115 719 2171 charitas
765 2128 870 2168 nec
911 2126 1066 2167 error
1114 2115 1200 2166 est
1259 2110 1635 2180 suscipiendus
1681 2118 1905 2178 promer

310 2205 565 2262 affectum
613 2203 808 2270 moris,
857 2216 957 2257 nec
1004 2215 1161 2256 amor
1206 2198 1636 2255 contemnendus
1675 2206 1905 2270 prOpter

311 2295 529 2366 culpam
562 2291 782 2347 erroris.
817 2290 927 2346 Sed
956 2290 1034 2345 sic
1063 2288 1224 2343 debet
1256 2304 1413 2342 amor
1452 2286 1642 2342 nutriri
1673 2296 1726 2342 ut
1757 2303 1908 2342 error

317 2374 648 2455 corrigatur,
677 2379 754 2436 sic
783 2395 938 2435 error
965 2378 1126 2434 debet
1154 2377 1349 2447 expelli
1382 2385 1437 2431 ut
1482 2392 1633 2431 amor
1670 2377 1907 2432 retinea-

314 2484 416 2530 tur.
454 2471 661 2526 Gratias
690 2468 786 2523 tibi
833 2483 940 2539 ago
997 2465 1125 2537 quia
1181 2483 1267 2520 me
1324 2466 1486 2520 talem
1543 2466 1733 2536 diligis
1785 2481 1910 2520 esse

314 2563 532 2635 qualem
563 2575 652 2614 me
682 2557 982 2628 praedicas:
1009 2563 1060 2609 et
1091 2556 1278 2610 hortor
1305 2570 1371 2609 ne
1402 2571 1489 2609 me
1520 2554 1682 2608 talem
1711 2555 1906 2624 opine-

314 2653 410 2720 ris,
442 2649 540 2705 sed
577 2648 758 2719 potius
787 2639 913 2701 ores
959 2653 1014 2699 ut
1063 2644 1221 2699 talem
1275 2645 1421 2698 Deus
1471 2643 1628 2698 faciat
1673 2643 1905 2712 quadem

315 2757 443 2798 esse
472 2755 559 2793 me
601 2736 786 2808 diligis
825 2742 878 2789 et
927 2733 1234 2789 existimas.
1274 2734 1405 2787 Cum
1453 2732 1597 2787 enim
1640 2733 1902 2804 scriptum

313 2831 388 2886 sit
417 2845 431 2883 :
458 2828 535 2884 Ne
558 2825 753 2881 Iaudes
793 2823 1078 2879 hominem
1099 2825 1161 2877 in
1182 2823 1297 2877 vita
1327 2837 1430 2876 sua
1455 2822 1649 2888 (Eccli.
1669 2839 1743 2889 x1,
1777 2823 1864 2889 30)
1889 2843 1904 2892 ;

311 2927 369 2976 et
388 2917 518 2974 alibi
542 2933 556 2971 :
583 2916 752 2970 Orate
773 2928 872 2983 pro
891 2913 1131 2967 invicem
1151 2915 1216 2966 ut
1231 2912 1528 2966 salvemini
1550 2911 1692 2980 (Jac.
1712 2927 1763 2981 ν,
1782 2914 1867 2981 16)
1887 2931 1900 2976 ;

310 3023 421 3064 non
452 3005 617 3060 debet
645 3005 808 3057 homo
836 2998 1113 3055 hominem
1147 3000 1196 3052 in
1229 2999 1334 3054 hac
1357 3000 1464 3054 vita
1488 3015 1689 3072 magno
1709 3011 1905 3054 conatu

308 3096 555 3163 laudare,
588 3092 684 3147 sed
715 3090 895 3161 magis
950 3097 1008 3142 ut
1063 3088 1354 3143 laudabilis
1411 3087 1504 3142 ﬁat
1557 3104 1656 3160 pro
1713 3087 1906 3144 affectu

311 3201 472 3242 orare
503 3201 518 3237 :
550 3180 771 3236 laudem
805 3193 933 3234 vero
963 3179 1078 3232 Deo
1110 3178 1468 3245 committere,
1506 3178 1597 3232 cui
1626 3178 1906 3248 proprium

311 3284 399 3331 est
428 3271 622 3328 merita
647 3269 917 3340 judicare.
949 3267 1070 3321 Non
1099 3267 1223 3322 dico
1252 3266 1516 3322 bonorum
1534 3267 1775 3322 virorum
1799 3266 1908 3322 vir-

309 3372 452 3418 tutes
482 3361 548 3416 ad
579 3352 888 3427 exemplum
922 3355 1060 3410 bene
1088 3355 1304 3411 vivendi
1335 3355 1456 3409 aliis
1484 3371 1589 3409 non
1622 3372 1738 3410 esse
1755 3372 1908 3410 mon-

310 3452 590 3516 strandas,
621 3445 960 3503 sed‘eisdem
995 3445 1128 3515 ipsis
1158 3460 1265 3499 non
1294 3460 1416 3499 esse
1466 3446 1902 3517 exaggerandas.

308 3527 586 3610 Quoniam
617 3545 797 3592 autem
827 3550 966 3606 opus
996 3533 1270 3589 charitatis
1301 3549 1407 3588 non
1456 3533 1620 3588 debet
1643 3551 1763 3590 esse
1789 3536 1905 3592 sine

306 3625 686 3696 retributione,
744 3639 846 3696 pro
906 3623 1235 3679 carminibus
1291 3637 1534 3694 prosam,
1589 3639 1689 3694 pro
1744 3624 1905 3680 laude

305 3718 478 3774 redde
535 3713 990 3770 exhortationem.
1023 3713 1198 3777 Certe,
1240 3710 1331 3765 ﬁlii
1388 3712 1481 3778 mi,
1533 3727 1655 3768 cum
1713 3713 1770 3767 in
1817 3730 1904 3769 me

307 3823 466 3864 amas
495 3813 551 3862 et
579 3804 768 3858 laudas
797 3802 942 3856 bona
971 3816 1098 3872 quae
1128 3801 1182 3853 in
1214 3815 1302 3855 me
1347 3800 1582 3870 opinaris
1612 3817 1754 3868 esse,
1785 3801 1905 3872 ipso

307 3906 400 3952 tuo
417 3909 588 3966 opere
624 3891 842 3947 testaris
860 3890 985 3961 quia
1007 3888 1252 3943 amabilis
1271 3895 1353 3942 est
1374 3893 1426 3943 et
1456 3887 1745 3943 laudabilis
1780 3906 1904 3945 om-

305 3985 394 4041 nis
426 3982 519 4053 qui
548 3980 733 4036 studet
763 3979 938 4034 bonus
967 3973 1112 4032 esse.
1143 3976 1276 4030 Cum
1304 3991 1439 4048 ergo
1469 3992 1659 4032 omnes
1676 3979 1904 4034 velimus

304 4090 415 4129 non
449 4071 571 4126 dico
602 4068 836 4134 laudari,
869 4067 967 4121 sed
1008 4065 1274 4121 amabiles
1319 4074 1370 4120 et
1413 4066 1716 4121 laudabiles
1759 4085 1900 4136 esse,

216 4233 218 4236 ν
301 4161 442 4220 nihil
484 4167 694 4216 tantum
748 4148 966 4211 studere
1020 4153 1283 4210 debemus
1339 4167 1498 4226 quam
1554 4163 1613 4210 ut
1664 4156 1791 4211 boni
1847 4158 1902 4212 in

301 4257 610 4323 conSpectu
644 4248 760 4316 ejus
821 4245 914 4317 qui
969 4260 1079 4299 non
1137 4243 1701 4313 fallitur,judicemur
1755 4263 1897 4304 esse.

304 4344 487 4398 Bonus
519 4340 710 4392 autem
743 4335 975 4405 quisque
1006 4331 1186 4388 ﬁdelis
1214 4332 1285 4387 ab
1314 4348 1381 4388 eo
1406 4332 1703 4404 judicatur,
1736 4335 1825 4407 qui
1848 4336 1901 4390 in

1936 3049 1985 3113 C

2023 423 2104 516 ris
2132 425 2555 516 propositisth
2585 445 2678 485 eos
2729 435 2820 502 qui
2866 434 3144 492 inferioris
3187 450 3310 496 sunt
3356 423 3618 516 superent

2024 511 2330 606 humilitate
2359 512 2438 582 ὀί,
2474 515 2526 569 in
2559 535 2667 588 qua
2699 531 2953 589 quantum
2984 524 3044 552 ²⁰³
3075 529 3239 585 homo
3270 511 3446 605 magis
3476 553 3616 606 pro-

2023 598 2148 664 ﬁcit,
2211 609 2356 657 tanto
2415 607 2596 677 magis
2652 609 2977 667 sublimatur
3029 620 3085 670 et
3157 618 3279 673 aliis
3331 598 3617 680 virtutibus

2025 689 2263 745 excellit.
2309 690 2757 766 Quapropter,ﬁli
2789 701 3130 771 charissima,
3149 723 3370 778 semper
3398 729 3618 770 memor

2022 786 2139 831 esto
2187 779 2346 876 cujus
2394 785 2657 853 propositi
2702 789 2932 858 gradum
2982 796 3316 863 ascenderis,
3360 817 3462 857 nec
3509 820 3617 858 un-

2019 955 2109 1026 qui
2156 956 2474 1012 inferiorum
2521 963 2794 1031 graduum
2835 975 2979 1032 sunt,
3014 975 3434 1031 transcenderis.
3462 980 3614 1037 Sicut

2017 1045 2162 1097 enim
2192 1045 2267 1098 illi
2312 1047 2404 1117 qui
2461 1048 2732 1106 inferioris
2787 1058 3046 1126 pr0positi
3104 1069 3245 1127 sunt,
3277 1064 3618 1124 laudabiliter

2017 1133 2084 1186 ad
2118 1137 2338 1225 virtutes
2365 1139 2664 1207 superioris
2694 1145 3012 1211 ascendunt,
3048 1147 3118 1201 ita
3169 1150 3246 1203 illi
3279 1155 3370 1221 qui
3400 1157 3612 1225 majora

2016 1222 2208 1314 sectari
2240 1236 2663 1314 proposuerunt,
2689 1230 3074 1301 vituperabiles
3105 1245 3229 1291 sunt
3257 1241 3302 1292 si
3332 1244 3402 1295 ad
3432 1222 3610 1314 aequa-

2018 1309 2225 1365 litatem
2273 1312 2483 1368 minora
2539 1315 2873 1387 elegentium
2921 1321 3284 1380 descendunt.
3345 1309 3613 1397 Quoniam

2015 1413 2148 1471 ergo
2191 1402 2515 1456 monachum
2567 1412 2618 1459 te
2661 1405 2850 1460 habitu
2895 1409 3176 1479 proﬁteris,
3230 1416 3430 1484 hortor,
3481 1437 3612 1491 pre-

2015 1502 2128 1554 cor,
2161 1491 2384 1545 consulo
2413 1501 2469 1545 ut
2494 1509 2714 1564 semper
2745 1495 2798 1548 in
2830 1509 3124 1568 conspectu
3157 1503 3257 1558 Dei
3307 1506 3450 1561 intus
3490 1519 3610 1566 stu-

2014 1577 2146 1632 deas
2177 1593 2294 1632 esse
2325 1581 2468 1650 quod
2497 1583 2624 1636 foris
2652 1583 2706 1636 in
2737 1597 3031 1656 conspectu
3063 1590 3343 1648 hominum
3378 1598 3602 1655 videris.

2013 1667 2136 1720 Non
2168 1677 2344 1722 autem
2377 1668 2462 1723 hic
2493 1670 2688 1741 loquor
2718 1675 2874 1744 quasi
2904 1677 3003 1731 hoc
3032 1694 3139 1733 non
3192 1679 3379 1750 facias,
3411 1687 3508 1741 sed
3556 1698 3612 1744 ut

2014 1771 2232 1824 semper
2255 1757 2323 1810 ad
2352 1758 2577 1814 meliora
2625 1775 2856 1831 paterna
2903 1767 3277 1826 exhortatione
3315 1789 3610 1834 succensus

2014 1844 2280 1897 proﬁcias.
2319 1847 2467 1897 Vale.

2011 1845 2280 1914 proﬁcias.
2319 1847 2467 1902 Vale.

2358 1938 2525 2005 379
2563 1939 2897 1996 EPISTOLA
2942 1943 3149 2001 XXXV
3179 1946 3259 2004 ¹⁰⁵.

2392 2057 2466 2096 AD
2497 2059 2811 2104 WALTERUM
2843 2065 3220 2110 CARDINALEM.

2017 2143 2218 2234 Secum
2250 2145 2432 2234 illoide
2453 2147 2714 2234 Ecclesia;
2729 2155 3159 2234 necessitatibus
3178 2176 3291 2214 non
3307 2177 3466 2234 posse
3485 2169 3608 2226 sine

2084 2224 2206 2285 ejus
2247 2233 2481 2302 assensu
2519 2225 2576 2273 et
2623 2224 2867 2302 atiorum
2919 2224 3319 2302 episcoporum
3371 2224 3606 2296 consilio

2084 2292 2377 2382 (Lipare-agt
2403 2292 2482 2382 eis
2504 2293 2826 2382 providere,
2858 2312 2919 2351 eo
2949 2292 3201 2356 maxime
3233 2292 3606 2382 temporaque

2087 2357 2269 2412 hostes
2299 2359 2360 2411 in
2391 2357 2656 2430 Any—tiam
2686 2357 2993 2422 irruerent.

2087 2455 2318 2549 Domino
2350 2466 2400 2512 et
2431 2461 2727 2517 reverendo
2754 2464 3009 2522 Romana:
3051 2468 3314 2530 Ecclesiae
3341 2475 3522 2549 legato
3554 2487 3608 2538 et

2015 2545 2278 2599 cardinali
2333 2549 2600 2619 episcOpo
2657 2551 2968 2622 WALTERO,
3000 2561 3324 2629 ANSELuus,
3387 2545 3606 2627 vocatus

2014 2635 2450 2733 arch'iepiscOpus
2484 2639 2805 2710 Cantuariaa,
2825 2645 3010 2701 ﬁdeles
3039 2651 3332 2722 orationes,
3365 2665 3417 2711 et
3448 2657 3606 2718 ﬁdele

2011 2737 2308 2780 servmum.

2087 2812 2246 2905 Quod
2270 2815 2652 2905 matidathmihi
2693 2821 2932 2890 prudens
2973 2833 3154 2882 vestra
3196 2831 3519 2905 sollicitudo,
3552 2848 3608 2896 ut

2013 2901 2195 2972 aliquo
2224 2903 2280 2956 in
2331 2905 2451 2959 loco
2483 2900 2541 2928 ’°°
2572 2911 2962 2966 conveniamus
3009 2914 3076 2969 de
3111 2919 3292 2973 causis
3321 2918 3382 2949 ²⁰⁷
3407 2900 3606 2983 Eccle-

2014 2990 2216 3044 siarum
2247 2992 2348 3046 Dei
2379 2992 2624 3051 fraterno
2651 3013 2715 3052 ac
2744 2999 3064 3058 charitativo
3093 3007 3160 3059 ad
3204 3008 3438 3066 invicem
3467 3030 3608 3072 con-

2017 3079 2138 3134 silio
2155 3081 2364 3176 actuari
2383 3090 2436 3137 et
2451 3101 2574 3155 quae
2600 3085 2927 3159 corrigenda
2948 3101 3075 3146 sunt
3094 3102 3408 3169 correcturi,
3425 3106 3607 3176 utique

2015 3170 2310 3224 secundum
2361 3171 2714 3229 intentionem
2763 3183 3001 3234 vestram
3050 3183 3208 3239 valde
3253 3170 3606 3249 laudabilem

2015 3265 2112 3326 est,
2145 3267 2195 3313 et
2225 3260 2524 3315 secundum
2551 3265 2696 3334 quod
2728 3267 2963 3336 expedit,
2997 3271 3142 3325 valdi
3182 3275 3312 3330 utile
3359 3287 3528 3352 esset,
3561 3285 3607 3340 si

2013 3361 2255 3446 congruo
2287 3357 2530 3421 tempore
2559 3353 2676 3406 ﬁeri
2707 3363 2914 3424 posset.
2949 3358 3056 3412 Sed
3095 3371 3271 3418 vestra
3315 3370 3608 3436 prudentia

2014 3451 2120 3536 non
2152 3440 2370 3508 ignorat
2398 3440 2526 3510 quia
2555 3456 2654 3496 nos
2693 3444 2801 3498 duo
2847 3445 2977 3500 nihil
3019 3447 3359 3510 efﬁceremus
3387 3456 3467 3528 "9,
3500 3462 3606 3519 nisi

2009 3532 2086 3580 rei
2117 3535 2436 3598 suggestum
2468 3535 2630 3595 esset,
2666 3539 2723 3586 ut
2752 3532 2872 3601 ejus
2922 3551 3150 3593 assensu
3187 3547 3244 3596 et
3288 3547 3489 3604 auxilio
3531 3553 3602 3608 ad

2013 3613 2269 3670 affectum
2312 3618 2701 3687 perduceretur
2727 3619 2790 3648 ²¹⁰
2837 3625 2986 3694 quod
3028 3628 3467 3700 disponeremus.
3509 3641 3605 3696 Est

2013 3711 2066 3758 et
2096 3704 2262 3770 aliud,
2279 3706 2404 3774 quia
2433 3723 2539 3779 ego
2564 3724 2593 3762 a
2617 3711 3019 3768 Cantuarberia
3039 3717 3282 3788 elongari
3301 3725 3604 3786 nullatenus

2013 3791 2206 3865 audeo,
2241 3796 2496 3865 quoniam
2529 3799 2767 3867 quotidie
2797 3815 3179 3873 exspectamus
3219 3817 3277 3864 ut
3320 3814 3504 3872 hostes
3551 3829 3605 3876 et

2012 3882 2147 3937 ultra
2175 3899 2325 3938 mare
2348 3885 2406 3938 in
2456 3886 2708 3957 Angliam
2756 3905 2858 3958 per
2897 3891 3022 3947 illos
3070 3905 3281 3965 portus,
3315 3904 3404 3970 qui
3453 3906 3603 3963 Can-

2012 3971 2298 4027 tuarberiae
2329 3973 2491 4028 vicini
2529 3984 2669 4046 sunt,
2705 3977 2928 4036 irruant.
2962 3982 3185 4054 Propter
3231 3992 3377 4059 quod
3420 3994 3605 4052 domi-

2010 4075 2113 4150 nus
2143 4077 2300 4116 meus
2329 4077 2425 4116 rex
2455 4077 2552 4117 ore
2583 4080 2683 4119 suo
2714 4067 2845 4120 mihi
2886 4074 3165 4143 praecepit,
3199 4086 3491 4150 antequam
3535 4089 3601 4142 ab

2010 4147 2104 4203 illo
2125 4150 2269 4219 apud
2285 4150 2647 4220 Notingeham
2680 4153 3043 4226 discederem,
3069 4169 3122 4215 et
3146 4147 3434 4237 postquam
3453 4173 3602 4229 Can-

2009 4237 2334 4332 tuarberiam
2365 4240 2524 4308 redii,
2559 4241 2686 4295 mihi
2715 4244 2991 4301 mandavit
3018 4265 3115 4318 per
3141 4251 3346 4310 litteras
3375 4265 3601 4332 proprio

2011 4328 2195 4399 sigillo
2252 4329 2518 4401 signatas,
2567 4339 2626 4385 ut
2677 4333 3125 4393 Cantuarberiam
3183 4328 3500 4418 custodiam,
3548 4362 3602 4408 et

303 4446 405 4486 suo
455 4423 650 4483 ordine
693 4423 1100 4494 perfectionem
1143 4421 1408 4493 attingere
1464 4429 1718 4480 conatur.
1763 4425 1899 4478 Nam
1929 4407 1982 4468 D
2013 4431 2232 4488 semper
2258 4427 2480 4488 paratus
2523 4420 2626 4474 sim
2685 4429 2742 4476 ut
2797 4439 3120 4496 quacunque
3169 4430 3302 4487 hora
3359 4407 3602 4497 [ιω]ιῖυῷ

308 4519 408 4576 etsi
439 4529 633 4573 omnes
663 4515 731 4566 ad
760 4509 1112 4582 perfectionis
1139 4525 1404 4564 summam
1445 4510 1658 4580 pariter
1700 4527 1901 4582 perve-

307 4609 427 4663 nire
456 4620 568 4661 non
598 4615 908 4672 possumus,
940 4615 1048 4654 non
1078 4607 1258 4654 tamen
1290 4599 1492 4654 erimus
1519 4609 1674 4655 extra
1705 4618 1900 4670 nume,-

304 4713 429 4753 rum
478 4695 771 4755 bonorum,
829 4689 966 4744 sicut
1017 4688 1281 4758 scriptum
1338 4694 1417 4742 est
1446 4680 1468 4742 ε’
1501 4685 1902 4761 Imperfectum

306 4800 501 4842 meum
523 4781 793 4841 viderunt
815 4778 967 4833 oculi
991 4777 1094 4844 tui,
1109 4781 1164 4831 et
1184 4778 1246 4831 in
1271 4775 1407 4832 libro
1430 4780 1525 4832 tuo
1547 4794 1739 4835 omnes
1754 4781 1902 4837 scri-

306 4877 513 4931 bentur
560 4867 1044 4941 (Psal.’cxxxv111,
1098 4865 1210 4935 16),
1236 4865 1280 4919 si
1329 4865 1398 4919 ad
1446 4881 1568 4920 eam
1613 4869 1901 4936 perfectio-

305 4981 429 5020 nem
451 4963 789 5016 incessanter
807 4963 861 5011 et
891 4954 1100 5010 fortiter
1132 4955 1318 5009 conari
1345 4953 1593 5010 velimus.
1628 4957 1902 5016 Conantur

305 5054 471 5126 igitur
499 5048 628 5104 laici
657 5048 717 5100 in
745 5059 844 5100 suo
884 5043 1094 5113 ordine,
1127 5042 1312 5099 clerici
1341 5043 1398 5097 in
1425 5059 1544 5113 suo,
1564 5050 1814 5104 monachi
1843 5050 1898 5106 in

2009 4521 2198 4561 eorum
2230 4508 2321 4578 qui
2373 4507 2553 4564 littora
2585 4510 2752 4565 maris
2793 4512 2866 4566 ob
2909 4515 3012 4570 hoc
3047 4516 3226 4587 ipsum
3272 4529 3582 4587 custodiunt

2011 4595 2255 4691 audiero,
2289 4597 2533 4669 undique
2559 4602 2852 4655 convocari
2877 4575 3105 4670 jubeam
3148 4613 3357 4680 equites

2010 4681 2175 4752 dites,
2227 4685 2317 4755 qui
2361 4693 2676 4742 accurentes
2723 4689 2993 4746 violentias
3037 4696 3271 4754 hostium
3316 4681 3598 4766 obsistunt.

2009 4775 2079 4829 Et
2109 4773 2313 4829 idcirco
2343 4773 2411 4829 de
2436 4775 2732 4832 Cantuaria
2782 4779 2936 4836 exire
2988 4799 3103 4838 non
3159 4791 3333 4847 audeo
3389 4797 3496 4852 nisi
3546 4800 3602 4856 in

2009 4863 2157 4917 illam
2218 4870 2422 4936 partem
2453 4880 2516 4919 ex
2551 4881 2655 4936 qua
2686 4867 2919 4924 hostium
2970 4885 3349 4945 exspectamus
3400 4887 3603 4943 adven-

2011 4963 2142 5010 tum.
2185 4953 2380 5007 Precor
2426 4953 2588 5025 igitur
2633 4958 2934 5013 sanctitatis
2973 4971 3172 5021 vestraa
3217 4969 3601 5034 discretionem

2010 5052 2270 5116 quatenus
2301 5056 2457 5111 aequo
2483 5050 2535 5098 et
2562 5053 2756 5115 pacato
2777 5046 2958 5106 animo
2987 5055 3246 5127 suscipiat
3275 5061 3374 5118 bas
3391 5075 3602 5124 nostras

1596 5203 1823 5261 νΑΒιιΕ
1862 5199 2278 5258 LECTIONES.

375 5346 758 5419 “illegatione
813 5345 969 5419 Edit.
1042 5345 1381 5419 alligatione.
1438 5343 1647 5419 “Cum
1693 5344 1888 5400 eodem
1943 5344 2314 5419 msscollatu.
2351 5342 2905 5419 ’"Suntﬂhumililate
2959 5349 3115 5405 Edit.
3155 5349 3278 5408 Pic.
3327 5364 3454 5411 sunt
3510 5375 3600 5413 su-

308 5428 498 5519 ppr-ent
526 5413 848 5519 tiulmilitate.
910 5415 1038 5519 :f'ln
1066 5413 1322 5519 quaiitum
1492 5417 1546 5470 in
1579 5431 1684 5486 qua
1715 5425 1994 5519 quant‘um.
2050 5413 2321 5519 ’f‘Eaﬂililo
2350 5431 2530 5519 mshep
2560 5415 2708 5473 illos.
2749 5419 2954 5519 ὀξςωη
3001 5422 3190 5477 eodem
3225 5440 3327 5479 ms.
3352 5429 3562 5484 collata

443 5506 566 5519 .nnn
619 5505 717 5519 Αηη
750 5505 834 5519 ην..
882 5503 908 5519 α
935 5504 1060 5519 ιηιιΛ
1090 5506 1140 5519 ιη
1197 5504 1294 5519 Ann
1469 5504 1496 5519 η
1527 5501 1682 5519 nnnco
1715 5503 1805 5519 nmo
1896 5504 1926 5519 ιλ
1951 5501 2126 5519 nauigia
2296 5502 2360 5519 an
2406 5503 2430 5519 α
2477 5489 2546 5519 ἕο
2577 5506 2664 5519 mn.
2728 5505 2789 5519 un
2819 5508 2830 5519 ι
2857 5503 2884 5519 Λ
2909 5493 3172 5519 ΙησιΑηΙ.;Ιι.
3227 5493 3561 5519 soonm-:-___,

371 5471 731 5561 Aliquorloco
750 5471 1144 5561 ms._a_liquojin
1175 5491 1316 5544 loco.
1354 5485 1497 5561 ’f'De
1527 5471 1688 5542 causa
1715 5471 1824 5543 ins.
1857 5488 1926 5542 de
1950 5486 2150 5561 causis.
2187 5483 2548 5561 "'Laudabile
2577 5471 3194 5548 m}.'va1(1é'1iuaii3i1él

308 5576 420 5617 ms.
456 5557 825 5617 e’ﬁiceremus.
864 5557 994 5614 "'Et
1025 5560 1218 5629 ejus...
1254 5559 1655 5632 produceretur
1678 5575 1794 5616 ms.
1835 5565 1891 5613 ut
1920 5559 2110 5630 ejus...
2143 5558 2560 5628 perduceretur.
