3998 6076
544 151 619 207 67
1117 156 1174 211 S.
1203 161 1511 218 ANSELMI
1544 164 1881 221 CANTUAR.
1915 161 2234 224 ARCHIEP.
2272 162 2422 227 OPP.
2460 176 2634 236 PARS
2677 180 2767 237 IlI.
2798 217 2869 226 —
2915 185 3289 254 EPISTOLE.
3529 160 3532 162 Ὺ
3786 207 3854 263 68

537 289 906 356 rationabiles,
932 299 984 345 et
1040 309 1159 363 qua}
1216 289 1473 344 inﬁrmari
1525 299 1818 359 nequeunt,
1865 292 2120 362 quoniam
2153 296 2210 353 A
2240 294 2497 369 elongare
2528 305 2594 358 ab
2626 310 2759 364 urbe
2808 313 2860 366 in
2907 331 3012 384 qua
3050 333 3221 386 eram,
3255 325 3363 378 nisi
3410 343 3601 384 versus
3650 333 3849 390 hostes

536 393 681 432 verae
733 387 879 444 sunt,
936 381 1334 436 excusationes.
1387 378 1536 433 Sciat
1592 395 1690 448 pro
1749 389 1896 434 certo
1952 389 2131 436 vestra

536 469 845 521 reverentia
876 469 1002 537 quia
1032 470 1284 524 eumdem
1327 468 1562 522 animum
1611 483 1773 536 quem
1819 470 2044 539 habetis,
2076 479 2134 525 ut

537 555 886 627 corrigantur
917 573 1036 624 quae
1077 556 1405 627 corrigenda
1457 564 1602 621 sunt,
1637 557 1837 611 habeo.
1880 558 1986 612 Sed
2030 574 2133 613 ex-

538 653 723 713 specto
769 645 996 698 reditum
1035 645 1240 699 domini
1290 644 1394 699 mei
1442 643 1607 714 regis.
1654 652 1707 698 et
1751 646 2132 716 episcoporum

538 741 591 786 et
636 733 937 802 principum
983 734 1073 804 qui
1113 749 1236 787 cum
1284 749 1349 787 eo
1393 740 1540 798 sunt,
1583 741 1845 801 quatenus
1888 735 1967 788 illi
2016 751 2137 805 qua:

535 820 751 891 agenda
769 829 913 889 sunt,
934 831 1242 891 Opportune
1262 830 1314 877 et
1337 821 1728 876 rationabiliter
1743 838 2125 893 suggeramus.

534 908 604 962 Et
633 909 730 975 sic,
765 910 881 963 Deo
909 909 1224 978 adjuvante,
1258 912 1382 981 ejus
1409 926 1632 964 assensu
1672 917 1721 964 et
1754 912 1966 966 auxilio
2015 912 2137 966 elﬁ-

536 997 717 1053 cacius
745 999 1069 1066 expleamus
1093 999 1238 1069 quod
1262 999 1655 1055 desideramus.
1680 1000 1738 1054 Si
1768 1007 1948 1055 tamen
1980 1001 2138 1056 vobis

533 1085 707 1157 placet
739 1095 792 1140 ut
822 1103 918 1155 per
945 1087 1356 1142 dilectissimum
1410 1088 1629 1142 fratrem
1683 1096 1921 1142 nostrum
1976 1106 2134 1144 reve-

535 1174 762 1228 rendum
827 1175 1074 1229 abbatem
1135 1176 1203 1231 H.
1247 1174 1307 1202 ²¹¹
1364 1175 1497 1229 mihi
1551 1176 1836 1230 consilium
1895 1186 2135 1232 vestrum

537 1263 826 1329 mandetis,
860 1264 928 1316 de
960 1264 1152 1332 quibus
1198 1265 1363 1319 rebus
1407 1277 1461 1318 et
1501 1266 1782 1334 quomodo
1831 1282 1950 1321 cum
2003 1284 2136 1338 rege

535 1351 685 1422 loqui
717 1351 968 1416 debeam,
1003 1354 1103 1406 hoc
1135 1353 1365 1407 libenter
1398 1354 1657 1422 suscipio.
1692 1355 1798 1409 Sed
1847 1365 1901 1409 et
1930 1357 1971 1409 si
2019 1358 2135 1423 regi

531 1439 804 1495 monendo
835 1441 1122 1496 consulere
1155 1442 1358 1510 aliqmd
1389 1443 1456 1497 de
1501 1442 1817 1510 hujusmodi
1849 1444 2008 1499 rebus
2038 1461 2137 1516 per

538 1530 789 1584 eumdem
820 1529 1073 1584 abbatem
1108 1541 1159 1585 et
1190 1532 1550 1585 reverendum
1601 1533 1919 1603 episcopum
1962 1534 2132 1587 \Vin-

532 1617 700 1672 tonius
730 1618 1032 1688 prudentiae
1061 1627 1261 1676 vestrae
1290 1620 1574 1690 placuerit,
1619 1621 1778 1676 laudo
1811 1627 1864 1677 et
1893 1623 2128 1693 postulo.

967 1797 1304 1852 EPISTOLA
1336 1798 1571 1854 XXXVI
1601 1798 1683 1854 m.

1147 1927 1220 1966 AD
1255 1928 1510 1968 EUMDEM.

531 2010 857 2066 Calumnias
876 2011 1164 2082 impositas
1181 2015 1379 2066 excuti
1386 2016 1428 2073 t.
1455 2014 1508 2067 et
1525 2026 1584 2066 se
1601 2027 1704 2066 nec
1725 2013 2020 2068 schismati
2040 2016 2130 2082 fa-

600 2097 750 2144 vere,
783 2098 906 2153 inec
944 2083 1106 2136 rebus
1145 2085 1413 2138 Ecclesiw
1459 2088 1600 2139 tunc
1643 2099 1802 2153 posse
1839 2086 2130 2140 consulere

600 2152 914 2223 signiﬁcat.

599 2257 831 2312 Domino
863 2265 916 2312 et
945 2258 1248 2314 reverenda
1295 2260 1551 2330 episc0po
1594 2260 1890 2315 Albanensi
1920 2270 1975 2316 et
2005 2277 2128 2317 car-

529 2345 696 2400 dinali
716 2346 1030 2414 WALTERO,
1052 2345 1462 2403 Cantuariensis
1482 2347 1542 2375 ¹¹³
1564 2348 1752 2403 divina
1773 2350 2130 2420 dispositione

527 2435 974 2506 archiepiscopus
993 2438 1325 2505 ANSELMUS,
1344 2437 1649 2492 orationum
1669 2436 1983 2494 ﬁdelitatem
2007 2456 2130 2495 cum

529 2520 770 2575 servitio.

600 2609 813 2662 Litteris
843 2625 870 2663 a
903 2617 1088 2664 vestra
1135 2611 1420 2665 sanctitate
1460 2610 1594 2665 milii
1638 2611 1875 2680 directis,
1909 2613 1950 2667 si
1995 2613 2128 2670 lice-

530 2703 639 2765 ret,
699 2696 914 2767 plenius
971 2713 1132 2766 quam
1190 2699 1498 2766 epistolaris
1570 2700 1813 2755 brevitas
1869 2703 2125 2772 patiatur,

528 2785 943 2856 responderem.
984 2786 1083 2841 Pro
1114 2787 1378 2856 temporis
1409 2795 1590 2842 tamen
1637 2791 2033 2860 opportunitate
2061 2792 2126 2846 ad

535 2890 806 2929 summam
838 2891 1030 2929 sensus
1072 2876 1284 2929 illarum
1327 2876 1585 2945 breviter,
1619 2879 1765 2946 quod
1795 2879 1861 2932 ad
1893 2897 1978 2933 me
2009 2881 2130 2935 atti-

534 2971 646 3028 net,
691 2963 1014 3033 respondeo.
1070 2963 1262 3018 Dicitis
1307 2963 1435 3034 quia
1480 2976 1789 3034 0portuerat
1838 2983 1935 3022 nos
1981 2969 2128 3038 loqui

535 3050 697 3104 simul
726 3051 793 3104 de
828 3051 983 3104 vinea
1013 3051 1249 3118 Domini,
1285 3069 1405 3122 qua:
1433 3053 1487 3106 in
1528 3054 1629 3108 hoc
1671 3071 1844 3125 regno
1888 3056 2128 3112 destrui-

525 3148 638 3203 tur,
664 3155 733 3194 ne
764 3139 978 3209 penitus
1027 3140 1476 3207 confunderetur,
1509 3143 1863 3214 quoadusque
1909 3157 2128 3201 sanctus

529 3228 722 3282 Petrus
752 3227 1050 3297 apostolus,
1085 3244 1186 3297 per
1215 3231 1470 3284 vicarium
1503 3247 1656 3284 suum
1692 3232 1970 3288 Urbanum
1988 3253 2130 3289 sum-

526 3333 676 3371 mum
709 3314 769 3344 ³¹⁴
800 3315 1111 3385 pontiﬁcem
1165 3317 1409 3372 visitaret
1458 3335 1601 3374 eam.
1637 3321 1751 3376 Hoc
1795 3323 1976 3390 utique
2024 3340 2127 3393 ego

524 3406 644 3476 ipse
668 3405 981 3470 voluissem,
1017 3406 1059 3460 si
1091 3421 1332 3478 congruo
1365 3416 1612 3479 tempore
1651 3403 1848 3464 factum
1881 3421 2040 3479 esset,
2073 3413 2124 3466 id

523 3503 605 3549 est
637 3494 856 3566 quando
879 3493 1133 3548 dominus
1165 3512 1318 3549 meus
1347 3513 1468 3561 rex,
1503 3506 1555 3552 et
1585 3498 1851 3568 episc0pi,
1885 3510 1937 3554 et
1969 3502 2126 3570 prin-

523 3583 675 3652 cipes
730 3582 900 3652 hujus
945 3583 1104 3654 regni
1145 3583 1304 3636 vobis
1352 3594 1647 3653 praesentes
1701 3597 1792 3641 aut
1840 3589 2127 3660 propinqui

526 3678 700 3725 erant.
742 3671 1031 3738 Postquam
1081 3687 1211 3724 vero
1260 3671 1530 3725 licentiam
1581 3676 1870 3745 accepistis
1919 3692 1952 3731 a
1994 3695 2126 3748 rege

530 3758 791 3813 redeundi
827 3758 1075 3824 Romam,
1109 3764 1160 3813 et
1193 3775 1282 3813 rex
1316 3759 1368 3812 in
1398 3761 1798 3830 expeditionem
1831 3780 1986 3819 suam
2005 3783 2124 3821 cum

520 3846 932 3916 archiepiscopo
979 3847 1310 3902 Eboracensi
1375 3857 1426 3903 et
1477 3850 1796 3918 quibusdam
1850 3854 1971 3908 aliis
2015 3857 2125 3926 epi-

519 3936 702 4006 scopis
727 3942 782 3989 et
814 3933 1152 4004 principibus
1181 3936 1296 3989 suis
1329 3938 1444 4001 ivit,
1480 3941 1533 3992 et
1565 3955 1664 3994 vos
1691 3939 1756 3992 ab
1784 3941 1902 4006 illis,
1939 3951 1989 3996 et
2021 3960 2125 4016 ego

521 4039 552 4078 a
586 4023 746 4078 vobis
779 4022 1148 4089 discessimus,
1185 4025 1350 4079 veluti
1381 4041 1491 4080 non
1526 4042 1623 4081 nos
1656 4027 1717 4056 ’³⁵
1749 4029 1802 4082 in
1832 4030 1932 4086 hac
1981 4040 2126 4089 terra

523 4112 758 4184 amplius
790 4112 1026 4167 invicem
1060 4113 1258 4175 visuri;
1293 4123 1343 4168 et
1371 4123 1656 4186 postquam
1687 4134 1784 4173 rex
1815 4119 1944 4173 milii
1975 4137 2123 4191 prae-

522 4203 669 4272 cepit
697 4210 754 4256 ut
785 4201 932 4254 illam
964 4210 1168 4271 partem
1202 4204 1361 4274 regni
1395 4204 1484 4258 sui
1515 4204 1566 4258 in
1600 4223 1704 4274 qua
1736 4208 1971 4264 maxime
1994 4211 2124 4266 irru-

521 4293 769 4364 ptionem
804 4292 1038 4345 hostium
1081 4293 1324 4361 quotidie
1374 4294 1652 4362 timemus,
1685 4295 1974 4367 diligenter
2014 4316 2115 4354 cu-

2239 385 2328 455 qui
2358 388 2702 464 timebantur,
2750 406 2874 456 tunc
2902 405 3139 461 monitus
3169 419 3226 463 ut.
3255 413 3410 468 vobis
3459 433 3848 492 occurrerem,

2242 486 2510 544 quatenus
2537 485 2970 556 colloqueremur
2997 494 3064 550 de
3093 497 3177 552 his
3207 517 3328 571 quae
3371 507 3695 579 corrigenda
3726 485 3851 569 sunt

2242 563 2297 616 in
2327 565 2428 622 hoc
2459 587 2650 641 regno,
2683 578 3058 637 rationabilem
3090 594 3142 640 et
3191 563 3597 660 susceptibilein
3633 600 3850 656 reddidi

2244 668 2484 724 causam,
2518 662 2645 731 quia
2678 676 2904 736 propter
2935 673 3252 741 praedictum
3286 680 3582 750 periculum
3619 695 3672 741 et
3703 706 3848 758 pra:-

2245 752 2458 812 ceptum
2491 749 2636 820 regis
2667 755 2849 811 venire
2880 774 2984 814 non
3017 775 3284 831 pateram,
3313 777 3363 823 et
3415 772 3546 826 nihil
3594 775 3848 834 eﬂicere-

2246 849 2365 886 mus
2393 851 2492 889 nos
2519 839 2653 905 duo,
2686 843 2914 900 absente
2945 865 3073 921 rege
3102 862 3156 907 et
3185 854 3308 910 aliis
3359 875 3588 927 quorum
3619 881 3849 923 assensu

2246 928 2298 975 et
2339 925 2566 981 consilio
2609 937 2660 982 et
2707 934 3021 1000 operatione
3068 941 3138 994 ad
3191 925 3440 1001 effectum
3486 950 3610 1006 duci
3661 960 3851 1023 posset

2245 1010 2575 1082 colloquium
2609 1027 2871 1077 nostrum.
2907 1024 3021 1096 Ego
3050 1030 3197 1083 enim
3230 1032 3344 1102 ipse
3377 1035 3536 1093 video
3566 1010 3688 1108 qua;
3716 1059 3848 1097 cor-

2246 1097 2470 1169 rigenda
2526 1116 2673 1170 sunt,
2703 1116 2755 1162 et
2813 1111 2988 1168 habeo
3045 1097 3398 1188 voluntatem,
3448 1097 3607 1194 quam
3661 1131 3845 1187 nullus

2244 1185 2409 1242 homo
2442 1191 2574 1245 mihi
2605 1202 2783 1263 potest
2811 1185 3511 1278 augere,corrigendi,tDe-o
3527 1215 3841 1285 adjuvante,

2246 1291 2343 1344 per
2370 1293 2654 1334 assensum
2687 1292 2740 1338 et
2769 1289 3026 1344 auxilium
3059 1293 3264 1350 domini
3307 1300 3414 1354 mei
3446 1305 3594 1374 regis
3622 1314 3678 1360 et
3699 1307 3843 1362 alio-

2244 1381 2363 1418 rum
2409 1367 2474 1420 ad
2520 1385 2658 1439 quos
2706 1377 2956 1443 pertinet,
2997 1396 3121 1435 cum
3172 1384 3327 1441 locus
3370 1393 3425 1443 et
3467 1396 3845 1462 opportunitas

2244 1453 2360 1507 erit.
2405 1453 2564 1522 Quod
2599 1469 2779 1516 autem
2829 1470 3224 1537 conquerimini
3275 1491 3372 1530 vos
3418 1491 3660 1536 moratos
3697 1501 3841 1552 esse,

2241 1542 2389 1596 velut
2420 1546 2808 1604 infructuosam
2839 1556 3090 1611 arborem
3123 1569 3175 1614 et
3208 1567 3559 1636 peregrinum
3591 1587 3701 1627 non
3730 1574 3841 1629 ha-

2159 1647 2213 1706 B
2242 1629 2458 1686 bentem
2488 1635 2815 1704 adjutorium
2848 1653 2938 1698 aut
2969 1648 3261 1705 consiiium
3295 1653 3362 1709 de
3392 1655 3510 1711 aliis
3535 1675 3635 1714 vos
3665 1662 3837 1730 scitis,

2240 1718 2308 1774 de
2343 1737 2428 1777 me
2457 1733 2635 1780 autem
2667 1745 2773 1801 ego
2803 1731 2914 1787 scio
2955 1735 3080 1804 quia
3125 1755 3234 1794 non
3277 1744 3531 1812 prohibui
3575 1764 3672 1804 vos
3716 1751 3840 1806 fru-

2239 1808 2500 1875 ctiﬁcare,
2533 1830 2711 1884 neque
2741 1835 2918 1874 meum
2948 1824 3208 1881 auxilium
3237 1835 3332 1884 aut
3372 1835 3653 1890 consilium
3687 1838 3842 1894 vobis

2240 1913 2336 1967 pro
2369 1901 2577 1956 ratione
2607 1913 2659 1958 et
2701 1910 3059 1974 possibilitate
3103 1931 3226 1971 meo
3265 1919 3532 1992 denegavi
3583 1933 3828 1996 tempore

2240 1986 2612 2043 fructiﬁcandi.
2649 1993 2804 2060 Quod
2835 2014 2967 2054 vero
2997 2004 3238 2070 queritis
3267 2023 3296 2060 a
3329 1986 3541 2066 me—cur
3570 2014 3630 2042 ’1'
3661 1986 3839 2087 etque

2235 2074 2448 2144 justitia
2479 2079 2721 2151 episcOpi
2752 2085 2843 2139 alii
2875 2103 2963 2142 me
2984 2091 3348 2164 abnegantes,
3382 2113 3415 2152 a
3451 2115 3538 2155 me
3567 2074 3844 2160 discesse-

2241 2175 2378 2233 runt,
2413 2185 2511 2222 nec
2542 2178 2666 2223 sunt
2687 2177 2892 2228 reversi
2925 2177 3144 2248 dignam
3178 2194 3407 2252 agentes
3443 2191 3839 2261 paenitentiam,

2238 2255 2342 2310 hoc
2375 2256 2552 2326 potius
2601 2258 2670 2313 ab
2717 2262 2823 2317 illis
2868 2270 3229 2334 quaerendum
3281 2283 3397 2329 erat
3438 2255 3600 2346 quam
3650 2297 3680 2334 a
3729 2255 3837 2338 me.

2240 2345 2358 2415 Ego
2390 2347 2533 2400 enim
2565 2349 2751 2405 nescio
2782 2368 2868 2408 me
2891 2354 3088 2412 fecisse
3105 2375 3202 2414 cur
3224 2363 3327 2418 hoc
3345 2345 3528 2421 facere
3548 2367 3837 2425 deberent.

2240 2433 2459 2488 Reversi
2493 2444 2670 2492 tamen
2701 2439 2963 2498 hactenus
3007 2456 3152 2513 sunt,
3187 2456 3245 2505 ut
3283 2452 3429 2508 illam
3474 2456 3842 2514 obedientiam

2240 2537 2405 2593 quam
2437 2525 2814 2583 Cantuariensi
2845 2532 2964 2586 sedi
2995 2538 3373 2607 promiserant,
3405 2560 3466 2598 se
3494 2545 3625 2600 mihi
3656 2564 3842 2604 serva-

2240 2619 2386 2665 turos
2444 2611 2762 2671 faterentur.
2831 2619 3018 2675 Dicitis
3069 2627 3338 2695 quosdam
3413 2631 3625 2688 illorum
3678 2637 3843 2691 vobis

2238 2699 2471 2756 dixissse
2499 2701 2622 2757 ideo
2650 2721 2759 2759 non
2793 2706 3091 2767 offendisse
3115 2712 3176 2741 ’ν’
3204 2715 3257 2769 in
3290 2733 3378 2772 me
3437 2721 3561 2788 quia
3613 2724 3839 2791 permisi

2234 2804 2320 2843 me
2351 2804 2383 2843 a
2410 2791 2671 2846 catholica
2700 2795 2949 2853 Ecclesia
2995 2803 3272 2858 transferri
3316 2807 3386 2861 ad
3433 2810 3831 2879 schismaticos,

2239 2885 2291 2932 et
2321 2878 2390 2932 ab
2415 2879 2524 2933 illis
2568 2886 2896 2953 consecrari,
2930 2888 2974 2942 si
3022 2889 3158 2959 ﬁeri,
3190 2895 3330 2949 sicut
3375 2896 3591 2965 additis,
3624 2878 3833 2971 potest;

2159 3004 2208 3067 Ο
2239 2975 2292 3020 et
2321 2983 2351 3022 a
2383 2969 2731 3027 schismatico
2760 2991 2891 3045 rege
2923 2979 3297 3036 investituram
3347 2969 3640 3058 accepisse,
3676 2999 3727 3045 et
3757 2992 3837 3046 illi

2236 3055 2546 3112 ﬁdelitatem
2599 3070 2649 3113 et
2697 3062 2972 3120 hominum
3024 3067 3237 3139 fecisse,
3287 3090 3422 3143 quos
3467 3055 3657 3134 omnes
3701 3081 3834 3136 scie-

2238 3145 2358 3199 bam
2390 3163 2515 3202 esse
2543 3150 2914 3208 scliismaticos
2943 3164 2996 3210 et
3023 3158 3224 3214 divisos
3255 3162 3325 3216 ab
3349 3164 3592 3220 Ecclesia
3616 3169 3830 3239 Christi,

2236 3242 2288 3288 et
2315 3251 2346 3288 a
2389 3237 2563 3306 capite
2616 3255 2739 3295 meo
2788 3243 3002 3300 Urbano
3058 3250 3339 3317 pontiﬁce,
3369 3270 3527 3324 quem
3587 3257 3712 3326 ipsi,
3741 3237 3834 3315 me

2235 3325 2510 3390 audiente,
2561 3327 2852 3400 abnegant.
2917 3335 3072 3389 Certe
3140 3339 3467 3396 niesciebam
3540 3361 3641 3400 nec
3720 3348 3833 3403 scio

2236 3427 2328 3466 eos
2356 3414 2756 3484 scliismaticos,
2791 3428 2883 3474 aut
2912 3422 2992 3476 sic
3023 3424 3228 3482 divisos
3253 3428 3324 3482 ab
3373 3431 3620 3488 Ecclesia
3642 3434 3828 3502 fuisse,

2237 3510 2292 3555 ut
2319 3502 2520 3557 dicunt.
2555 3502 2622 3557 Et
2655 3506 2699 3559 si
2730 3507 2926 3577 aliquis
2955 3526 3144 3567 eorum
3176 3517 3265 3584 qui
3305 3518 3410 3574 hoc
3458 3521 3615 3575 vobis
3646 3524 3834 3579 dicunt

2235 3606 2322 3644 me
2352 3601 2618 3660 przesente
2649 3597 2752 3661 hoc
2791 3595 3015 3664 diceret,
3048 3604 3392 3660 ostenderem
3443 3610 3834 3667 rationabiliter

2235 3695 2341 3732 non
2374 3681 2444 3732 ita
2475 3696 2616 3736 esse.
2651 3683 2729 3736 Illi
2775 3686 2918 3740 enim
2969 3705 3076 3743 non
3113 3690 3460 3763 abnegabant
3507 3700 3833 3755 canonicum

2235 3768 2534 3823 Romanum
2581 3772 2909 3842 pontiﬁcem,
2946 3777 3252 3851 quicunque
3303 3793 3471 3850 esset,
3505 3803 3606 3841 nec
3652 3788 3829 3843 Urba-

2232 3872 2362 3910 num
2393 3859 2669 3929 negabant
2697 3877 2822 3916 esse
2853 3865 3196 3938 pontiﬁcem;
3223 3871 3319 3925 sed
3337 3872 3659 3931 dubitabant
3689 3894 3827 3948 pro-

2234 3954 2352 4015 pter
2379 3945 2527 3999 illam
2579 3964 2699 4017 qute
2746 3953 2908 4006 modo
2953 3964 3075 4009 nata
3105 3955 3166 3983 ’³⁸
3197 3966 3275 4012 est
3325 3960 3742 4036 dissensionem,
3776 3976 3830 4022 et

2231 4043 2452 4103 propter
2480 4035 2869 4094 dubitationem
2902 4040 3052 4097 illum
3100 4047 3373 4117 suscipere
3421 4053 3572 4121 quasi
3616 4035 3826 4110 certum

2231 4121 2597 4190 differebant;
2633 4142 2733 4182 nec
2763 4127 2932 4182 ullum
2959 4131 3224 4198 judicium
3257 4151 3356 4191 eos
3385 4135 3444 4168 ’³⁸
3469 4141 3539 4194 ab
3578 4143 3826 4200 Ecclesia

2229 4223 2639 4285 segregaverat,
2662 4223 2714 4269 et
2744 4218 2966 4274 omnino
2995 4221 3357 4280 obedientiam
3383 4228 3644 4286 Romanae
3674 4235 3824 4288 sedis

2231 4309 2412 4356 tenere
2441 4317 2500 4357 se
2528 4302 2854 4369 fatebantur.
2883 4316 2935 4361 et
2965 4310 3066 4363 sub
3117 4314 3460 4381 professione
3497 4319 3825 4378 obedientiae

1637 4360 1644 4362 _
1783 4360 1812 4367 ν
2843 4360 2854 4369 ,
2897 4360 2930 4361 ρ
2971 4360 3058 4363 ηρ-
3117 4360 3459 4381 νην--.νην
3499 4360 3822 4378 ...ιη-...ηπ

519 4360 799 4448 stodirem,
836 4389 888 4434 et
920 4360 1158 4449 quotidie
1201 4386 1424 4450 paratus
1470 4399 1642 4436 essem
1688 4385 1934 4440 hostibus
1975 4390 2112 4442 resi-
2146 4360 2197 4420 D
2227 4391 2456 4444 Romani
2484 4391 2756 4459 pontiﬁcis
2788 4411 2873 4450 me
2922 4411 3299 4457 consecraunt.
3363 4406 3611 4477 Denique
3638 4410 3822 4466 domi-

517 4477 659 4524 stere
713 4470 758 4522 si
813 4469 1105 4535 irruerent,
1138 4468 1275 4522 sicut
1330 4469 1383 4522 in
1441 4471 1682 4540 periculo
1732 4476 1978 4530 vastandi
2027 4478 2113 4532 vel

514 4557 777 4629 perdendi
835 4565 1066 4622 terram;
1102 4574 1229 4612 cum
1286 4557 1435 4613 nullo
1494 4560 1658 4614 modo
1715 4562 1979 4618 auderem
2023 4583 2112 4622 me

2223 4497 2322 4534 nus
2356 4495 2496 4550 papa
2527 4481 2730 4537 sciebat
2761 4501 2846 4539 me
2877 4502 2998 4542 esse
3030 4504 3433 4563 consecrarunt,
3459 4505 3512 4551 et
3539 4514 3570 4551 a
3600 4499 3818 4570 quibus,

2220 4578 2273 4624 et
2303 4569 2385 4623 cui
2414 4569 2532 4642 regi
2563 4574 2798 4627 feceram
2829 4575 2974 4646 quod
3004 4577 3130 4635 feci.
3163 4581 3230 4634 Et
3259 4590 3434 4639 tamen
3459 4586 3568 4656 (11)
3592 4569 3817 4658 pallium

1819 4687 2057 4744 VARle
2090 4691 2507 4751 LECTlONES.

584 4781 915 4836 ’“Abbatcm
971 4779 1042 4836 N.
1101 4796 1204 4834 ms.
1265 4779 1526 4834 Abbatem
1589 4781 1656 4834 Il.

1735 4780 1940 4841 "’Cum
1998 4789 2187 4844 eodem
2242 4807 2348 4847 ms.
2416 4793 2651 4848 collata.

514 4852 856 4909 ’“Summum
888 4869 993 4905 ms.
1045 4867 1317 4904 summum
1378 4851 1715 4938 Pontiﬁcem.
1748 4853 1964 4938 ’"Nonm
1988 4875 2083 4938 vo_s_
2137 4861 2453 4938 Edit_.__Pic._
2482 4881 2588 4919 non
2645 4881 2766 4921 uos.
2800 4866 3122 4938 “Quaeritis
3181 4891 3277 4928 cur
3305 4893 3411 4932 ms.

2729 4793 3172 4867 "'Cantnarieusi
3229 4821 3334 4860 ms.
3399 4807 3811 4867 Cantuariensis

3472 4883 3720 4948 quaeritis
3779 4901 3812 4941 a

2757 4920 2760 4921 ν
2877 4920 3121 4938 ,ναυη-
3182 4920 3262 4928 ν...
3307 4920 3411 4932 η...
3513 4920 3720 4939 mnus
3779 4920 3810 4941 α.

516 4941 605 4980 me
634 4942 750 4979 cur.
784 4923 980 4978 ’"ldeo
1012 4937 1107 4976 vos
1134 4920 1420 4978 offendisse
1450 4941 1556 4980 ms.
1593 4925 1718 4979 ideo
1747 4941 1856 4981 non
1885 4927 2200 4986 offendisse.
2231 4929 2493 4989 “'Mundo
2523 4944 2654 4993 nata
2682 4955 2789 4994 ms.
2821 4942 2988 4997 modo
3031 4952 3173 5001 nata.
3203 4920 3532 5005 1""lndiciu‘tin
3582 4969 3678 5009 eos
3719 4971 3810 5012 ms

1698 5066 1998 5125 JOANNIS
2037 5072 2325 5128 PICARDI
2363 5075 2590 5132 NOTAE.

518 4997 785 5066 judicium
811 5011 927 5050 eos.

584 5165 628 5229 (1
647 5165 694 5231 1)
718 5165 964 5218 Pallium
979 5161 1120 5233 quod
1135 5159 1590 5233 archiepiscopus
1615 5165 1940 5224 Cantuariae
1959 5173 2101 5227 solet

512 5233 732 5301 habere,
749 5235 890 5288 mihi
904 5251 1004 5305 per
1018 5237 1260 5288 vestram
1279 5233 1936 5298 charitutem,etc.misit.
1953 5243 2097 5296 Pallii

509 5306 573 5358 ad
607 5321 666 5358 se
697 5304 998 5357 transmissi
1024 5319 1238 5380 rursurs
1259 5305 1502 5357 meminit
1520 5307 1572 5380 in
1589 5311 1830 5377 sequenti
1851 5315 2095 5380 epistola,

509 5377 831 5445 Urbanoque
864 5375 1068 5446 gratias
1104 5374 1290 5428 scribit
1323 5390 1389 5428 eo
1424 5374 1680 5446 nomine,
1702 5381 1792 5446 qui
1828 5374 1894 5435 ut
1925 5374 2098 5439 bono:

507 5445 898 5500 riﬁcentissime
930 5446 1074 5525 misit
1115 5445 1252 5525 (erat
1289 5447 1433 5525 enim
1471 5445 1645 5525 luculo
1684 5448 1948 5525 inclusum
2000 5471 2097 5508 ar-

508 5521 730 5592 genteo)
757 5519 833 5574 sic
851 5515 1148 5572 Anselmus
1169 5515 1535 5584 devotissime,
1543 5515 1701 5588 juxta
1720 5537 1780 5577 ac
1799 5522 2096 5581 lentissime

2210 5177 2445 5254 excepit,
2476 5194 2600 5254 nam
2632 5179 2860 5238 Walero
2892 5185 3147 5254 legatoid
3165 5188 3448 5249 deferente
3468 5195 3685 5251 obviam
3707 5197 3806 5253 ivit

2209 5247 2484 5329 pontiﬁcia
2511 5250 2729 5332 indutus
2759 5247 3079 5332 vestimenta
3099 5268 3151 5332 et
3172 5263 3372 5318 nudato
3395 5247 3553 5332 pede.

2208 5326 2388 5399 autem
2420 5319 2635 5391 insigne
2664 5323 2969 5405 depositum
2994 5330 3054 5405 in
3086 5331 3254 5405 altare
3303 5319 3552 5405 suscepit
3582 5319 3804 5394 *éi'iiiii

2208 5391 2373 5442 meris
2402 5391 2944 5466 composuit,’sicque
2974 5400 3170 5455 diurna
3212 5404 3301 5457 illa
3349 5391 3636 5464 decoratus
3667 5411 3812 5466 stola

2205 5476 2324 5514 rem
2354 5469 2805 5545 sacramnperegit
2838 5469 3116 5545 Dominico
3147 5473 3214 5527 de
3245 5485 3437 5545 quarto
3459 5480 3587 5533 Idus
3616 5482 3809 5537 Iunias

2203 5545 2347 5588 anno
2378 5537 2516 5589 1095
2564 5535 2921 5606 (ιιιωσθηὶηι
2967 5535 3277 5601 Florentius
3325 5535 3810 5622 Vigerniensispe‘t
