4010 6064
336 138 423 196 δρ
855 176 863 181 .
1576 134 1711 194 LIB.
1758 136 1855 207 ιιι,
1899 139 2127 196 EPIST.
2173 138 2436 199 xxxvt.
3580 159 3648 225 πο

342 263 500 336 quod
545 261 989 353 archiepiscopus
1037 261 1343 317 Cantuariaa
1374 261 1512 353 solet
1548 260 1771 353 habere,
1822 263 1955 353 mihi
1982 265 2035 325 A
2066 264 2233 332 disse,
2266 276 2525 338 quantum
2573 246 2841 341 potuistis,
2873 277 2928 328 et
2957 290 3020 331 ea
3050 279 3336 334 occasione
3365 282 3648 353 negotium

342 368 452 423 per
480 364 715 406 vestram
744 351 1081 419 charitatem,
1115 367 1220 406 non
1251 359 1309 405 ut
1344 352 1727 421 scliismatico,
1758 350 1856 407 sed
1888 360 1952 406 ut

342 450 603 512 accepto,
636 457 746 495 non
784 446 841 494 ut
871 441 1199 511 reprobans,
1235 440 1331 494 sed
1365 438 1748 510 utapprobans
1778 440 1949 508 misit,

338 539 399 584 et
419 530 501 586 sic
530 530 679 601 quod
698 528 767 584 de
784 545 869 583 me
897 528 1099 585 factum
1123 537 1234 583 erat
1253 528 1611 583 conﬁrmavit.
1640 530 1762 599 Ipse
1789 528 1953 599 hujus

338 616 785 675 conﬁrmationis
830 625 1044 688 auctor,
1081 626 1133 672 et
1163 617 1417 673 dominus
1464 616 1756 672 Gualterus
1783 618 1952 686 380

340 706 643 778 episcopus
664 707 799 762 Alba
810 708 998 761 nensis
1017 713 1069 761 et
1085 704 1387 762 cardinalis
1405 707 1522 761 haec
1539 707 1732 761 eadem
1750 705 1949 770 sciens,

343 794 602 851 minister
638 795 759 864 ejus
790 803 841 850 et
868 801 1174 850 exsecutor.
1218 795 1275 850 Si
1317 796 1474 850 vobis
1520 796 1635 850 haec
1682 794 1955 850 calumnia

346 884 692 940 attendenda
731 884 962 951 videtur,
1009 899 1108 938 cur
1136 899 1255 937 eam
1285 891 1412 938 ante
1444 883 1592 954 pallii
1636 882 1954 938 concessio—

348 989 483 1029 nem
535 972 667 1027 mibi
698 971 1031 1039 tacuistis;si
1065 972 1399 1044 negligenda
1433 980 1667 1043 putatur,
1717 987 1820 1026 vos
1860 971 1955 1041 ju-

348 1062 540 1118 dicate
568 1077 731 1131 quam
760 1060 1056 1132 diligenter
1084 1060 1155 1114 sit
1183 1076 1215 1115 a
1244 1060 1400 1116 vobis
1431 1060 1768 1116 inculcanda.
1796 1060 1957 1115 Plura

344 1166 577 1222 possem
607 1150 785 1205 adhuc
802 1149 986 1205 dicere
1019 1149 1088 1203 ad
1119 1148 1501 1203 inﬁrmandum
1549 1149 1776 1204 verbum
1834 1164 1957 1202 ma-

345 1239 486 1295 lilia“:
507 1255 698 1295 eorum
731 1238 860 1311 quid
888 1239 993 1293 hoc
1010 1237 1156 1309 quod
1186 1236 1362 1293 dicitis
1383 1237 1540 1292 vobis
1569 1238 1869 1292 obtendunt
1891 1236 1959 1291 ad

346 1328 699 1386 excusandas
728 1327 1184 1383 excusationesiu
1217 1327 1475 1399 peccatis,
1494 1326 1594 1380 sed
1629 1327 1959 1396 sapientiam

350 1428 592 1475 vestram
646 1417 762 1472 scio
821 1431 929 1471 non
973 1414 1221 1486 indigerc
1290 1422 1489 1484 apertae
1535 1414 1615 1470 rei
1676 1414 1959 1485 multiplici

349 1507 696 1563 ostensione.
760 1505 951 1560 Videat
1004 1504 1173 1576 igitur
1226 1504 1467 1575 prudens
1532 1503 1853 1574 simplicitas
1907 1511 1963 1557 et

2061 363 2278 424 propter
2298 358 2442 426 quod
2471 360 2717 426 venistis,
2750 361 3068 432 impeditum
3112 383 3285 438 usque
3323 385 3491 426 nunc.
3547 373 3651 428 Pro

2059 440 2204 497 bona
2233 445 2449 515 quidem
2485 449 2756 504 voluntate
2784 451 3121 508 defensionis
3149 456 3357 527 gratias
3381 473 3507 528 ago,
3540 461 3652 514 im-

2061 531 2429 601 pedimentum
2454 544 2631 591 autem
2664 539 2765 595 hac
2806 542 3094 597 occasione
3127 543 3325 599 factum
3352 547 3507 602 vobis
3539 549 3653 603 uti-

2063 634 2167 687 que
2211 617 2273 647 ²¹¹
2304 623 2513 679 nescio.
2552 626 2614 679 Et
2640 627 2683 680 si
2704 631 2779 682 rei
2810 629 3048 684 medulla
3077 632 3374 705 diligenter
3402 637 3656 693 conside-

2063 716 2213 763 ratur
2242 710 2381 765 sicut
2432 722 2626 783 potest,
2658 724 2712 770 et
2741 718 3025 786 prudentia
3064 729 3245 776 vestra
3276 738 3362 778 me
3405 724 3656 781 defendit

2064 805 2327 869 quantum
2356 808 2551 870 potest,
2588 813 2767 858 certus
2795 822 2915 860 sum
2946 807 3071 877 quia
3100 812 3436 867 conscientia
3465 822 3653 869 vestra

2064 885 2117 940 in
2151 887 2231 941 his
2250 902 2374 958 quae
2403 906 2567 959 supra
2586 891 2733 947 dicta
2763 902 2886 949 sunt
2924 911 3179 953 accusare
3202 914 3286 953 me
3310 916 3420 956 non
3450 911 3649 971 potest.

2068 975 2244 1044 Quod,
2279 978 2416 1032 sicut
2452 978 2603 1047 dicit,
2636 996 2735 1036 nec
2772 998 2981 1038 mecum
3027 1002 3127 1041 nec
3170 1002 3295 1042 cum
3343 988 3463 1044 aliis
3506 991 3659 1063 loqui

2067 1063 2207 1119 sicut
2235 1067 2401 1121 voluit
2427 1069 2600 1138 potuit
2637 1078 2809 1125 vestra
2838 1074 3142 1127 reverentia
3174 1090 3361 1131 carens
3391 1078 3660 1134 obedien-

2067 1152 2140 1208 tia
2170 1153 2426 1210 Romana:
2456 1158 2737 1225 Ecclesiae,
2768 1160 3034 1231 sciatipsa
3063 1179 3158 1216 cur
3185 1179 3294 1218 non
3315 1167 3505 1235 potuit.
3535 1168 3657 1240 Ego

2069 1250 2249 1297 autem
2280 1245 2393 1300 scio
2428 1260 2514 1300 me
2535 1245 2626 1301 diu
2658 1256 2710 1302 et
2749 1249 2974 1303 multum
3004 1250 3351 1309 desiderasse
3373 1262 3427 1309 et
3456 1272 3659 1327 exspe-

2070 1339 2246 1387 ctasse
2295 1333 2441 1404 loqui
2492 1335 2798 1403 vobiscum,
2846 1349 3131 1410 antequam
3170 1350 3493 1409 possem;et
3529 1360 3658 1399 cum

2071 1422 2284 1475 tandem
2334 1423 2501 1493 potui,
2535 1440 2643 1479 non
2674 1433 2877 1480 tantum
2907 1428 3147 1496 potuisse
3183 1439 3445 1500 quantum
3479 1432 3650 1488 volui.

2072 1509 2296 1581 Rogatis
2326 1528 2413 1565 me
2443 1520 2500 1566 ut
2530 1513 2723 1568 fratres
2767 1524 2994 1570 nostros
3023 1517 3423 1576 Cantuariensis
3464 1521 3660 1578 Eccle-

350 1595 592 1666 siinplex
640 1594 930 1665 prudentia
971 1602 1150 1648 vestra
1197 1592 1428 1664 qualiter
1458 1608 1622 1682 super
1670 1592 1785 1647 haec
1842 1607 1962 1661 qua?
1990 1619 2045 1682 Β
2072 1599 2167 1653 sire
2189 1600 2369 1671 quiete
2399 1616 2462 1656 ac
2490 1601 2709 1672 paciﬁce
2730 1603 3013 1674 possidere
3038 1606 3368 1663 dimmittam
3398 1626 3484 1665 res
3514 1626 3660 1667 suas.

353 1684 475 1739 dixi
496 1682 789 1753 suscipere
807 1690 860 1737 et
889 1696 1224 1753 exaggerarc
1253 1680 1453 1735 debeat
1473 1678 1728 1735 confictas
1750 1680 1962 1734 calum-

357 1773 501 1839 nias,
535 1779 585 1825 et
629 1769 989 1826 calumniosas
1030 1766 1379 1823 confictiones
1429 1769 1718 1824 adversum
1750 1785 1838 1823 me
1895 1768 1965 1823 ab

366 1860 482 1915 illis
508 1859 605 1930 qui
635 1858 879 1914 fecerunt
912 1865 1101 1913 contra
1120 1872 1208 1911 me
1237 1871 1342 1923 pro
1367 1857 1724 1913 excusatione
1753 1872 1873 1921 sua,
1901 1872 1967 1911 ne

365 1946 675 2005 videamini
718 1946 859 2002 velle
901 1943 1178 2000 infirmare
1209 1942 1273 1972 ”°
1310 1946 1452 2015 quod
1483 1946 1803 2000 auctoritate
1857 1944 1966 1999 do-

359 2037 499 2091 mini
531 2052 687 2107 papze
716 2043 769 2090 et
798 2042 972 2089 vestra
1002 2035 1346 2090 exsecutione
1385 2050 1492 2088 non
1541 2034 1860 2104 ignoranter
1886 2041 1969 2088 est

372 2125 782 2183 conﬁrmatum.
814 2124 1027 2195 Nempe
1057 2141 1165 2178 non
1218 2125 1299 2178 sic
1343 2123 1526 2194 accepi
1557 2124 1715 2195 (teste
1761 2123 1972 2195 Anglia:

360 2215 569 2287 regno)
616 2228 815 2269 nomen
857 2212 1071 2267 domini
1110 2211 1314 2268 Urbani
1362 2228 1513 2283 papae
1541 2211 1596 2265 in
1639 2228 1861 2277 vanum,
1914 2219 1972 2266 ut

362 2306 477 2360 hoc
509 2321 594 2359 me
639 2303 709 2357 ab
741 2301 835 2356 illo
856 2301 943 2356 vel
970 2316 1002 2355 a
1031 2299 1284 2356 ﬁdelibus
1314 2301 1430 2370 ejus
1460 2301 1721 2356 meruisse
1756 2316 1971 2372 cogno-

363 2408 546 2449 scam.
585 2391 776 2449 Dicitis
802 2406 901 2446 vos
930 2405 1160 2446 causam
1195 2405 1398 2458 meam,
1430 2397 1565 2444 teste
1607 2389 1743 2456 Deo,
1775 2389 1970 2444 defen-

2072 1688 2155 1741 Ad
2216 1689 2360 1760 quod
2406 1692 2705 1761 respondeo
2756 1692 2885 1765 quia
2927 1694 3109 1749 nullus
3172 1698 3350 1768 magis
3389 1698 3664 1755 desiderat

2074 1777 2310 1848 quietem
2353 1793 2421 1833 ac
2460 1795 2652 1849 pacem
2700 1780 2914 1835 illorum
2964 1798 3125 1851 quam
3169 1800 3292 1856 ego,
3343 1802 3445 1842 nec
3491 1788 3664 1857 magis

2073 1863 2333 1920 sollicitus
2364 1872 2448 1920 est
2492 1883 2590 1937 pro
2611 1867 2838 1923 utilitate
2868 1868 3110 1937 ejusdem
3142 1872 3404 1929 Ecclesiae
3429 1892 3444 1942 ;
3467 1883 3519 1930 et
3572 1875 3664 1929 id-

2073 1954 2218 2008 circo
2267 1955 2515 2010 voluntas
2546 1972 2663 2011 mea
2694 1966 2771 2011 est
2822 1965 2992 2013 utres
3040 1960 3178 2029 ejus,
3212 1961 3324 2017 Deo
3371 1972 3665 2032 annuente,

2074 2042 2354 2114 disponam
2387 2044 2457 2098 ad
2481 2045 2760 2101 utilitatem
2793 2056 3115 2117 praesentem
3146 2059 3196 2104 et
3217 2050 3469 2119 futuram,
3502 2061 3664 2123 prout

2075 2135 2270 2189 melius
2317 2135 2486 2188 sciam
2537 2143 2590 2189 et
2632 2144 2840 2206 potero.
2894 2137 3080 2192 Valeat
3123 2139 3396 2195 beatitudo
3455 2150 3663 2210 vestra,

2076 2231 2129 2277 et
2157 2224 2408 2296 dignetur
2444 2225 2637 2291 Deum,
2671 2234 2728 2280 ut
2773 2242 2858 2281 me
2888 2233 2942 2281 et
2986 2242 3178 2284 omnes
3225 2231 3469 2286 actiones
3515 2244 3666 2285 meas

2080 2311 2281 2384 dirigat
2327 2328 2487 2368 orare

1684 2523 1911 2578 VARIIE
1945 2516 2351 2577 LECTIONES.

436 2618 842 2678 “'Conﬁrmare
866 2637 975 2677 ms.
1008 2620 1311 2677 inﬁrmare.
1345 2620 1609 2692 "’Utique
1637 2637 1742 2676 ms.
1766 2620 1949 2692 utique
1975 2617 2181 2675 nescio.

1588 2743 1882 2801 JOANNIS
1923 2742 2210 2800 PICARDI
2248 2739 2479 2796 ΝΟΤιΕ.

366 2842 702 2899 Honedenus
729 2843 1000 2912 notarunt)
1031 2848 1087 2899 et
1115 2841 1351 2912 reliquos
1372 2843 1617 2912 astantes
1644 2838 1776 2895 illud
1805 2856 1967 2897 oscu-
1999 2839 2048 2902 C
2078 2839 2163 2912 dis
2192 2836 2486 2912 virtutibus
2517 2835 2839 2912 _auditorum
2861 2836 3090 2912 _animos
3121 2838 3455 2912 demulcens,
3503 2840 3559 2896 in
3588 2840 3672 2896 ira

369 2914 515 2969 latos
545 2915 714 2968 fuisse
744 2930 840 2985 pro
856 2911 1167 2969 reverentia
1196 2911 1370 2985 sancti
1402 2914 1568 2968 Petri.
1588 2911 1762 2981 Quem
1784 2913 1962 2985 ritum,

372 2985 504 3056 quia
542 2983 1083 3058 cognoscereroperae
1124 2984 1358 3058 pretium
1406 2984 1735 3058 existimavi,
1784 2983 1969 3038 lubuit

372 3054 703 3112 observare.
761 3055 911 3111 Pallii
942 3054 1139 3112 autem
1197 3054 1670 3125 archiepiscopalis
1714 3056 1967 3121 formam,

375 3129 594 3199 aliaque
622 3128 758 3182 scitu
783 3143 888 3181 non
917 3128 1146 3199 indigna
1175 3127 1445 3199 describit
1471 3126 1731 3199 0nufrius
1762 3126 1814 3179 in
1858 3127 1971 3179 Ex-

375 3197 681 3268 plicatione
702 3212 896 3252 vocum
916 3197 1424 3264 ecclesiasticarum,
1440 3206 1494 3251 et
1513 3198 1669 3252 Joan.
1692 3199 1971 3251 Durantus

377 3269 474 3323 lib.
510 3285 543 3322 ιι
587 3269 665 3323 De
694 3269 893 3338 ritibus
921 3268 1204 3334 Ecclesizn,
1246 3284 1368 3338 cap.
1402 3271 1455 3329 9.
1509 3284 1657 3322 num.
1702 3271 1792 3331 41,
1826 3268 1891 3321 42
1923 3275 1976 3321 et

379 3339 622 3394 caeteris.
676 3336 818 3406 Quid
860 3348 1041 3393 autem
1074 3336 1331 3410 mysterii
1362 3340 1657 3404 contineat,
1689 3338 1977 3410 Jarlandus

379 3411 871 3480 Cbrysopolttanus
915 3410 1009 3466 lib.
1042 3427 1071 3465 v
1104 3409 1187 3465 sui
1231 3410 1418 3479 operis
1467 3411 1635 3481 (quod
1679 3409 1976 3464 Candelam

382 3483 737 3548 nuncupavit)
767 3482 928 3536 docet
948 3498 1015 3536 ex
1047 3481 1280 3549 epistola
1327 3482 1521 3535 Leonis
1548 3497 1701 3552 papae
1750 3481 1805 3534 in
1838 3481 1978 3535 hanc

381 3552 707 3607 sententiam
735 3570 747 3606 :
778 3575 799 3600 α
822 3554 1252 3622 Archiepiscopo
1293 3552 1435 3619 pallii
1470 3551 1644 3607 honor
1677 3551 1981 3607 decernitur

385 3633 441 3677 ut
471 3637 742 3693 purpureo
776 3622 956 3679 crucis
985 3623 1222 3691 ejusdem
1258 3623 1568 3677 vestimenti
1625 3622 1906 3694 signaculo
1947 3638 1980 3676 a

384 3702 548 3774 tergo
571 3701 869 3774 et_pectore
886 3694 1458 3774 depictodemonstret
1490 3695 1696 3774 populo
1728 3696 1981 3774 signacu-

388 3764 530 3838 lum‘
552 3764 942 3838 redemptionis
990 3771 1210 3838 nostrae,
1241 3773 1296 3818 et
1336 3765 1426 3838 pia
1454 3764 1658 3836 Cogitet
1685 3764 1980 3838 mente_d_e

387 3834 643 3907 passione
710 3836 1088 3904 Redemptoris
1145 3834 1362 3907 dicens:
1383 3834 1760 3907 Mihi'antem
1834 3834 1985 3890 absit

386 3905 649 3977 gloriari,
692 3908 807 3961 nisi
840 3907 902 3961 in
934 3922 1098 3962 cruce
1130 3906 1359 3961 Domini
1388 3909 1573 3962 nostri
1601 3905 1738 3961 Jesu
1770 3906 1984 3961 Christi

388 3976 545 4047 (Gal.
587 3993 667 4045 vr,
704 3976 809 4045 14).
834 4000 855 4024 υ
894 3979 1057 4032 Leoni
1087 3978 1439 4043 conjunxerat
1488 3977 1834 4031 Amalarium.
1871 3977 1983 4031 Ve-

390 4047 668 4119 rumquia
697 4056 752 4102 et
781 4049 921 4119 hunc
946 4056 1128 4103 noster
1154 4049 1311 4119 Hugo
1342 4056 1421 4103 est
1449 4048 1685 4102 imitatus
1715 4048 1815 4102 lib.
1856 4063 1873 4101 ι
1904 4048 1984 4119 De

389 4118 585 4173 officiis
614 4118 1012 4185 ecclesiasticis,
1045 4134 1174 4187 cap.
1227 4118 1426 4181 ultim..
1461 4120 1557 4173 ubi
1610 4120 1733 4175 vice
1760 4118 1983 4174 auctarii

2070 2910 2343 2979 judicium
2372 2910 2490 2963 sine
2515 2907 2597 2963 ira
2626 2915 2836 2981 tenens,
2859 2908 2914 2962 in
2946 2911 3338 2981 tranquillitate
3356 2907 3671 2967 severitatis

2072 2984 2232 3051 justa
2261 2995 2545 3051 censuram
2576 2995 2684 3034 non
2712 2979 2997 3036 deserens.
3044 2979 3189 3045 Haec,
3226 2983 3391 3037 frater
3409 2983 3670 3038 charissi-

2081 3049 2189 3117 me,
2251 3050 2399 3122 pallii
2443 3049 2893 3122 dignitas;quam
2963 3051 3009 3105 si
3056 3052 3291 3108 sollicite
3347 3054 3668 3120 servaveris,

2082 3123 2225 3192 quod
2276 3123 2402 3177 foris
2442 3123 2719 3192 accepisse
2767 3122 3091 3190 ostenderis,
3150 3125 3294 3177 intus
3343 3126 3592 3180 habebis.
3643 3149 3667 3173 ι»

2084 3195 2172 3250 Sic
2208 3192 2485 3247 Paschalis
2510 3194 2562 3246 in
2580 3193 2743 3262 epist,
2766 3208 2934 3262 quam
2962 3194 3318 3250 Floriacensis
3339 3195 3674 3252 Bibliotheca

2084 3265 2265 3320 exibet
2307 3264 2575 3337 integram
2624 3263 2969 3337 lecturienti._
3006 3265 3372 3337 Peculiariter,
3416 3268 3674 3337 quando-

2085 3339 2301 3406 quidem
2333 3336 2407 3389 ita
2436 3335 2769 3406 tulitsermo.
2788 3335 3116 3397 notabimus.
3149 3335 3452 3391 lianfranco
3478 3337 3676 3391 collata

2087 3405 2249 3462 fuisse
2275 3406 2383 3460 duo
2414 3405 2598 3476 pallia,
2629 3413 2687 3460 ut
2716 3406 2945 3472 ipsemet
2991 3407 3238 3461 scribens
3269 3407 3580 3461 Alexander
3602 3407 3674 3460 HI

2088 3485 2481 3533 commemorat
2515 3478 2671 3546 epist.
2707 3481 2755 3549 3.
2783 3498 2804 3521 α
2831 3477 3139 3549 Nunquam,
3171 3478 3366 3546 inquit,
3401 3494 3490 3532 res
3521 3493 3678 3549 qum-

2089 3550 2219 3604 liliet
2246 3548 2314 3603 de
2343 3563 2470 3602 arca
2514 3548 2750 3617 pectoris
2778 3547 2884 3602 mei
2918 3548 3115 3615 ejicere
3159 3549 3352 3619 quavis
3391 3547 3678 3604 occasione

2090 3619 2289 3691 poterit
2347 3619 2645 3691 inauditam
2687 3619 2837 3691 illam
2868 3620 3276 3691 humanitatem,
3337 3636 3503 3691 quam
3542 3619 3679 3673 mihi

2089 3689 2340 3746 extremo
2370 3690 2670 3756 hominum,
2703 3690 2866 3762 tantis
2895 3689 3120 3762 indigno
3152 3689 3444 3746 honoribus
3496 3691 3681 3762 Romae

2090 3763 2426 3827 exhibuistis,
2465 3762 2717 3833 quodque
2761 3761 2867 3815 duo
2898 3761 3082 3830 pallia,
3124 3778 3291 3817 unum
3321 3763 3389 3817 de
3419 3761 3571 3817 altari
3597 3776 3682 3833 rex

2091 3850 2264 3899 more,
2297 3843 2348 3888 et
2375 3832 2601 3887 alterum
2650 3848 2759 3903 quo
2808 3834 3071 3887 sanctitas
3098 3843 3275 3887 vestra
3308 3834 3501 3887 missas
3528 3832 3679 3888 cele-

2092 3905 2254 3958 brare
2284 3911 2656 3968 consueverat,
2690 3903 2757 3957 ad
2788 3903 3178 3958 ostendendam
3209 3905 3361 3960 circa
3392 3919 3478 3958 me
3510 3904 3678 3957 bene-

2091 3975 2388 4031 volentiam
2440 3985 2674 4028 vestram
2724 3975 2856 4027 mihi
2909 3975 3263 4044 impendistis.
3302 4000 3324 4024 ι
3360 3976 3493 4030 Post
3536 3975 3683 4028 Lan-

2093 4047 2338 4101 francum
2370 4046 2420 4099 id
2457 4045 3031 4113 prodideruntChron.
3066 4046 3325 4101 Beccens.
3359 4062 3460 4099 ms.
3488 4046 3542 4098 in
3565 4046 3682 4111 ejus

2092 4118 2279 4190 gestis,
2329 4125 2388 4190 et,
2429 4116 2699 4190 Willelm.
2754 4117 3036 4190 Malmesb.
3072 4117 3191 4190 λιιι).
3244 4132 3305 4170 ιιι
3345 4118 3425 4170 De
3483 4115 3681 4190 pontif.

389 4191 780 4259 interpretatur
809 4190 1056 4254 spinulas
1076 4186 1323 4257 ejusdem
1358 4190 1504 4260 pallii
1535 4190 1708 4256 missi,
1754 4199 1983 4259 praeter-
2012 4195 2070 4259 D
2098 4186 2312 4260 Anglis.
2353 4187 2657 4260 Caeterode
2680 4187 3191 4260 honore,petitione
3220 4199 3273 4242 et
3294 4205 3387 4241 usu
3409 4186 3557 4260 pallii
3576 4195 3688 4241 tota

392 4259 733 4332 quamgquod
753 4277 939 4314 rursus
970 4263 1037 4315 de
1068 4261 1161 4315 illo
1180 4269 1307 4331 agat
1326 4259 1409 4332 lib
1438 4278 1475 4314 ιι
1500 4261 1578 4315 De
1606 4262 1983 4329 sacramentis,

393 4330 520 4401 cap.
558 4330 645 4394 16,
679 4340 829 4399 parte
860 4339 1066 4401 quarta.
1112 4330 1389 4386 Paschalis
1418 4332 1691 4385 secundus
1736 4331 1989 4387 scribens

393 4400 801 4457 ad’Guidonem
829 4400 1047 4458 Viennae
1067 4401 1365 4457 Galliarum
1397 4403 1863 4472 archiepiscopum
1882 4402 1992 4456 sin-

392 4472 598 4554 gulare
615 4473 908 4544 quodpiam
932 4475 1254 4554 mysterium
1294 4474 1525 4554 advertit
1555 4489 1587 4528 a
1615 4473 1990 4554 superioribus

395 4544 777 4614 incogitatum.
855 4567 877 4593 ιι
932 4544 1074 4600 Palio
1142 4544 1210 4598 ad
1265 4545 1550 4600 missarum
1617 4544 1990 4599 tantummodo

398 4615 664 4669 solemnia
694 4614 800 4668 illis
828 4615 1192 4670 sollummodo
1219 4614 1412 4669 diebus
1456 4615 1531 4669 uti
1560 4614 1868 4670 fraternitas
1899 4624 1991 4669 tua

401 4685 731 4749 meminerit,
763 4686 855 4757 qui
877 4686 980 4739 tuis
1011 4686 1504 4756 prtedecessoribus
1521 4686 1777 4742 Romanae
1797 4694 1990 4742 aucto-

401 4758 568 4828 ritate
595 4756 850 4828 Ecclesia
877 4757 1124 4812 concessi
1173 4766 1299 4812 sunt
1322 4758 1509 4827 ;cujus
1536 4765 1590 4811 te
1618 4758 1865 4814 volumus
1893 4773 1993 4828 per

403 4827 592 4882 omnia
611 4827 882 4897 gremium
924 4843 1267 4882 conservare.
1310 4828 1481 4898 Hujus
1510 4829 1652 4882 enim
1690 4827 1992 4883 indumenti

404 4900 579 4971 honor
607 4898 883 4971 humilitas
911 4908 1075 4971 atque
1098 4898 1311 4971 justitia
1341 4908 1441 4955 est.
1465 4900 1600 4971 Tota
1634 4915 1767 4971 ergo
1814 4907 1993 4971 mente

405 4967 718 5023 fraternitas
748 4973 843 5023 tua
864 4984 922 5024 se
951 4967 1207 5024 eihibere
1238 4970 1458 5025 festinet
1489 4968 1542 5023 in
1575 4967 1857 5039 prosperis
1895 4971 1992 5025 hu-

405 5039 610 5103 milem,
643 5047 697 5112 et
719 5039 773 5092 in
794 5039 1051 5112 adversis
1073 5038 1141 5112 (si
1173 5043 1387 5111 quando
1415 5038 1729 5109 adveniunt)
1751 5042 1993 5096 invenia-

410 5118 498 5163 tur
527 5125 649 5165 cum
672 5110 883 5179 justitia
909 5110 1111 5175 erecta,
1135 5110 1311 5165 amica
1343 5112 1524 5174 bonis,
1558 5113 1827 5180 perversis
1856 5128 1994 5168 con-

409 5182 596 5245 traria,
632 5181 831 5254 nullius
863 5198 1097 5254 unquam
1126 5182 1316 5254 faciem
1352 5199 1448 5254 pro
1478 5183 1698 5237 veritate
1743 5184 1995 5254 loquente

409 5261 669 5317 tremens,
694 5253 1076 5307 misericordiae
1105 5253 1360 5321 operibus
1378 5253 1538 5322 juxta
1563 5253 1826 5309 virtutem
1856 5256 1984 5309 sub-

408 5322 617 5377 stantiae
647 5324 899 5394 insistens
928 5333 980 5377 et
1023 5332 1202 5377 tamen
1252 5340 1415 5394 supra
1463 5325 1713 5380 virtutem
1746 5325 1996 5379 insistere

408 5395 655 5463 cupiens,
686 5392 912 5448 inﬁrmis
941 5392 1336 5463 compatiens,_
1362 5395 1501 5449 bene
1523 5394 1823 5450 valentibus
1871 5412 1997 5451 con-

409 5465 678 5538 gaudens,
710 5465 780 5538 de
816 5465 1008 5538 alienis
1053 5464 1292 5538 gaudiis
1339 5475 1594 5538 tanquam
1656 5467 1735 5538 de
1770 5467 2002 5537 propriis

412 5534 716 5605 exsultans,
748 5537 804 5591 in
825 5534 1168 5609 corrigendis
1184 5536 1329 5595 vitiis
1344 5536 1433 5609 pie
1446 5534 1701 5608 saviens,
1724 5534 1783 5594 in
1811 5534 2001 5598 foven-

2100 4257 2211 4314 est'
2227 4260 2527 4315 centesima
2558 4257 2803 4312 Gratiani
2857 4258 3151 4321 distinctio,
3184 4274 3252 4312 ex
3282 4260 3435 4324 cujus
3478 4258 3504 4311 1
3549 4273 3679 4311 can.

2097 4346 2219 4386 cum
2252 4329 2592 4398 praecipiatur
2615 4328 3083 4397 metropolitanum
3124 4328 3282 4384 fidem
3323 4344 3479 4382 suam
3513 4343 3689 4395 expo-

2098 4417 2227 4456 nere
2257 4402 2427 4455 tribus
2455 4417 2484 4455 a
2512 4401 2915 4456 consecratione
2946 4400 3243 4462 mensibus,
3279 4407 3331 4453 et
3352 4399 3421 4454 ab
3445 4398 3692 4454 Ecclesia

2097 4472 2336 4527 Romana
2385 4472 2604 4543 pallium
2638 4473 2934 4543 postulare,
2981 4471 3171 4526 merito
3222 4472 3425 4542 Roger.
3478 4471 3688 4543 Honed.

2097 4541 2396 4614 suspectus
2430 4544 2640 4597 videtur
2668 4558 2860 4612 parum
2904 4541 3136 4614 fideliter
3180 4541 3348 4597 notaii
3380 4542 3527 4607 anni,
3582 4557 3690 4614 quo

2098 4612 2389 4669 Anselmus
2432 4615 2652 4684 pallium
2698 4613 2977 4683 receperit.
3030 4615 3165 4669 Cum
3205 4614 3349 4669 enim
3379 4612 3689 4668 testimonio

2100 4701 2203 4757 suo
2232 4687 2526 4740 Anselmus
2559 4685 2715 4757 fuerit
2736 4685 3012 4740 sublectus
3042 4685 3681 4757 etin‘auguratuswponti-

2098 4755 2188 4810 fex
2218 4772 2361 4811 anno
2402 4759 2559 4819 1093.
2594 4756 2706 4810 miti
2748 4757 2990 4826 profecto
3023 4773 3131 4811 non
3161 4755 3219 4811 ﬁt
3248 4755 3694 4826 verisimileeum

2094 4827 2233 4896 juris
2280 4828 2634 4883 ecclesiastici
2674 4824 2780 4883 non
2838 4829 3085 4883 inscitum
3145 4828 3422 4897 recepisse
3470 4824 3697 4896 pallium

2099 4899 2282 4970 sesqui
2310 4913 2466 4970 anno
2499 4909 2621 4969 post
2667 4900 3156 4954 consecrationem.
3222 4898 3374 4955 Unde
3421 4897 3696 4970 seipsumf

2103 4967 2510 5042 quodammodo
2541 4970 2829 5042 damnans,
2854 4970 3165 5042 dolensque
3183 4970 3325 5040 quod
3348 4985 3444 5040 per
3475 4967 3697 5038 Anglici

2101 5040 2252 5111 regis
2292 5040 2585 5111 malignam
2618 5041 2964 5111 pervicatiam
2997 5058 3104 5096 non
3136 5040 3353 5095 daretur
3390 5048 3482 5094 aut
3513 5055 3698 5111 proro-

2103 5110 2337 5183 garetur
2384 5110 2633 5166 facultas
2660 5113 2821 5165 eundi
2856 5113 3103 5173 Romam.
3148 5112 3363 5167 dicebat
3407 5127 3574 5181 supra
3627 5110 3695 5163 ad

2104 5183 2309 5237 calcem
2343 5183 2501 5251 epist.
2556 5187 2642 5237 24.
2677 5184 2734 5239 Si
2765 5184 3228 5253 Metropolitanus
3272 5185 3562 5255 episcopus
3595 5197 3698 5255 per

2109 5259 2293 5309 totum
2310 5255 2559 5323 primum
2572 5270 2923 5311 annumnec
2938 5252 3144 5324 papam
3161 5252 3567 5314 viventemmrc
3579 5252 3699 5322 pal-

2109 5326 2251 5397 lium
2276 5327 2524 5397 requiro,
2536 5327 2693 5397 juste
2714 5327 2780 5397 ab
2797 5326 2917 5397 ipso
2940 5327 3149 5397 honoi'e
3165 5326 3532 5381 remouendus
3546 5339 3697 5397 sunt.

2107 5395 2227 5464 Qua
2255 5396 2324 5450 de
2351 5393 2543 5450 causa
2583 5393 2865 5450 Matthaeus
2914 5396 3058 5450 Paris
3106 5397 3352 5450 exactius
3396 5393 3702 5463 supputavit

2106 5469 2249 5525 hanc
2276 5467 2644 5539 receptionsm
2666 5484 2808 5524 anno
2840 5467 2977 5524 1094
3006 5467 3062 5523 in
3090 5466 3327 5522 Historia
3356 5466 3580 5534 majore.
