4010 6064
483 246 542 302 71
1026 249 1081 306 S.
1125 247 1431 306 ANSELMI
1469 244 1817 304 CANTUAR.
1860 249 2195 305 ARCHIEP.
2239 247 2395 306 OPP.
2430 247 2604 305 PARS
2642 253 2739 309 III.
2772 285 2839 296 —-
2869 254 3247 315 EPISTOLIE.
3717 262 3786 319 72

870 373 1222 429 EPISTOLA
1270 373 1536 427 XXXVII
1581 371 1667 427 ²²².

945 514 1017 552 AD
1065 513 1332 554 URBANUM
1378 512 1584 553 PAPAM.

555 605 660 661 Cur
677 605 949 662 hactenus
959 621 1168 678 papam
1185 621 1298 660 non
1315 605 1545 667 adierit,
1566 605 1805 677 quidque
1821 609 1942 676 fact
1950 621 1979 661 ο
1995 608 2074 662 sit

765 710 903 767 Opus
930 694 994 750 ob
1025 695 1214 749 eodem
1243 694 1464 749 moneri
1480 695 1794 766 supplicat.

549 817 869 874 Reverendo
921 832 984 872 ac
1029 825 1341 872 reverenter
1394 816 1739 887 suscipiendo
1793 819 2071 875 catholicae

477 907 740 963 Ecclesiae
768 922 979 961 summo
1025 905 1267 976 pontifici
1303 907 1556 970 Unnmo,
1608 910 1927 972 ANSELIIUS,
1961 925 2067 964 non

411 1043 413 1048 .
475 996 587 1052 suis
642 995 865 1065 meritis,
914 995 1010 1050 sed
1059 1004 1186 1050 nutu
1233 996 1437 1060 divino,
1497 997 1803 1052 Cantuariaa
1849 1006 2074 1053 vocatus

474 1084 924 1156 metropolitanus
989 1084 1296 1155 episcopus,
1366 1083 1606 1140 debitam
1677 1085 2070 1154 subjectionem

474 1189 604 1231 cum
626 1173 834 1229 servitii
864 1173 1175 1228 devotione.

541 1263 758 1318 Gratias
775 1277 880 1327 ago
908 1270 1105 1318 sanctae
1135 1261 1523 1318 munificentiae
1573 1267 1773 1318 vestrae
1803 1263 1947 1335 quod
1979 1263 2067 1317 di-

470 1369 610 1424 gnos
631 1351 938 1422 apostolica:
968 1351 1113 1406 sedis
1143 1351 1353 1422 legatos
1373 1351 1443 1405 ad
1467 1367 1569 1406 nos
1591 1352 1870 1407 direxistis
1892 1352 2067 1423 ;quod

472 1441 625 1513 pallii
681 1438 1029 1509 beneficium,
1109 1441 1225 1494 sola
1279 1440 1470 1512 gratiae
1529 1450 1721 1496 vestrae
1789 1441 2063 1512 largitate,

471 1529 603 1584 mihi
687 1529 892 1600 porrigi
950 1529 1280 1598 praecepitis.
1343 1529 1531 1584 Nostri
1589 1530 1810 1599 quippe,
1871 1529 2062 1596 fateor,

468 1617 674 1675 ordinis
723 1627 775 1673 et
811 1616 978 1673 officii
1034 1618 1284 1672 intererat
1321 1625 1374 1673 et
1435 1619 1780 1688 prmsentiam
1837 1627 2062 1673 vestram

2104 377 2159 436 A
2190 375 2300 429 mili
2329 375 2532 448 aliquid
2579 393 2743 450 agere
2784 381 3032 450 videbar,
3066 383 3118 436 in
3151 383 3369 438 sublimi
3402 385 3606 455 positus
3647 404 3785 458 prae-

2182 465 2373 536 grandi
2421 481 2585 521 onere
2624 485 2846 537 pressus
2874 488 2975 526 nec
3029 473 3161 526 mihi
3193 472 3423 528 fructum
3471 474 3628 541 facio,
3678 493 3783 533 nec

2181 552 2323 606 utilis
2371 553 2531 609 alicui
2563 557 2760 613 existo.
2811 557 2975 616 Oneri
3009 561 3227 630 quidem
3284 564 3596 632 succumbo,
3653 567 3781 636 quia

2182 642 2400 708 virium,
2443 643 2717 712 virtutum,
2758 648 3060 715 industriae,
3093 651 3354 717 scientiae,
3388 659 3536 708 tanto
3591 653 3780 712 ofﬁcio

2181 732 2600 801 competentium
2625 734 2883 806 inOpiam,
2916 737 3038 808 plus
3069 755 3235 809 quam
3266 741 3529 796 credibile
3583 743 3779 799 videa-

2181 826 2281 886 tur,
2316 820 2516 890 patior.
2557 821 2753 876 Curam
2778 826 3174 895 importabilem
3207 829 3368 899 cupio
3399 829 3610 900 fugere,
3644 848 3778 901 pon-

2179 906 2279 961 dus
2321 909 2668 979 relinquere:
2701 913 2873 968 Deum
2907 931 2935 968 e
2967 917 3238 970 contrario
3271 919 3432 974 timeo
3462 917 3766 977 offendere.

2180 996 2362 1052 Timor
2391 996 2494 1052 Dei
2524 1000 2654 1054 illud
2689 1018 2773 1056 me
2814 1005 3086 1074 suscipere
3118 1006 3400 1076 compulit,
3427 1008 3590 1064 timor
3629 1009 3775 1067 idem

2180 1099 2318 1138 onus
2344 1086 2486 1140 idem
2521 1104 2607 1142 me
2660 1090 2892 1145 retinere
2924 1094 3224 1163 compellit.
3271 1095 3326 1148 Si
3355 1095 3493 1150 inter
3523 1099 3634 1153 haec
3669 1117 3774 1154 vo-

2176 1171 2436 1228 luntatem
2481 1176 2578 1230 Dei
2611 1193 2980 1248 agnoscerem,
3017 1182 3206 1250 procul
3237 1183 3401 1238 dubio
3437 1186 3766 1243 voluntatem

2176 1278 2350 1316 meam
2383 1271 2436 1317 et
2465 1273 2623 1319 actus
2646 1282 2796 1322 meos
2843 1284 2943 1337 pro
2976 1271 3330 1336 possibilitate
3360 1273 3426 1327 ad
3455 1273 3596 1329 illam
3628 1292 3766 1332 con-

2176 1349 2401 1407 ferrem.
2437 1353 2598 1408 Nunc
2648 1355 2771 1427 quia
2813 1357 3065 1412 voluntas
3113 1360 3214 1414 Dei
3246 1377 3330 1415 me
3374 1361 3523 1430 latet,
3552 1372 3604 1418 et
3641 1367 3770 1437 quid

2175 1455 2333 1510 agam
2367 1443 2565 1505 nescio,
2601 1444 2942 1500 errabundus
2963 1447 3199 1518 suspiro,
3223 1457 3274 1504 et
3306 1467 3465 1520 quem
3493 1455 3571 1508 rei
3599 1452 3766 1511 ﬁnem

2173 1527 2458 1598 imponere
2499 1531 2730 1587 debeam
2780 1533 3000 1606 ignoro.
3039 1537 3255 1592 Postulo
3297 1538 3476 1612 itaque
3522 1552 3765 1599 sanctam

2172 1617 2516 1672 clementiam
2568 1629 2622 1675 et
2668 1622 2988 1678 clementem
3031 1627 3366 1682 sanctitatem
3417 1639 3660 1686 vestram
3709 1642 3766 1688 ut

470 1725 540 1764 ex
569 1723 720 1762 more
769 1706 1013 1770 visitare,
1046 1713 1100 1761 et
1156 1722 1274 1761 eam
1308 1713 1365 1760 ut
1421 1705 1542 1760 tieri
1571 1707 1726 1761 decet
1781 1707 2060 1778 condigna
2090 1733 2142 1792 Β
2174 1713 2395 1776 propter
2430 1708 2628 1772 Deum,
2677 1719 2900 1781 propter
2933 1728 3052 1767 eam
3084 1716 3400 1771 cbaritatem
3433 1735 3539 1788 qua
3571 1720 3762 1777 Eccle-

469 1796 774 1854 reverentia
809 1795 1102 1849 honorare.
1142 1795 1210 1848 Et
1242 1794 1294 1848 id
1330 1794 1547 1863 quidem
1580 1812 1641 1849 ex
1675 1811 1781 1866 quo
1831 1795 2058 1866 gradum

463 1884 826 1956 episcopalem
856 1885 1068 1953 suscepi
1097 1899 1312 1938 summo
1343 1883 1615 1939 desiderio
1645 1884 1822 1940 facere
1853 1901 2059 1941 concu-

459 1974 592 2046 pivi,
640 1980 756 2028 tum
800 1972 928 2044 quia
972 1971 1108 2027 ratio
1153 1972 1205 2025 id
1238 1971 1356 2027 fieri
1403 1973 1730 2043 postulabat,
1776 1980 1887 2028 tum
1937 1974 2061 2044 quia

461 2063 690 2119 consilio
722 2070 772 2117 et
801 2061 1042 2134 alloquio
1073 2066 1257 2116 vestro
1289 2061 1390 2116 frui
1426 2061 1828 2125 desiderabam,
1865 2072 1922 2116 ut
1973 2079 2060 2117 me

460 2152 529 2207 de
587 2151 756 2206 rebus
812 2149 1140 2204 necessariis
1184 2157 1291 2204 tam
1347 2149 1576 2219 publicis
1611 2165 1771 2220 quam
1831 2151 2059 2219 privatis

460 2242 893 2312 interrogantem
939 2248 1123 2294 vestra
1159 2238 1448 2308 prudentia
1494 2240 1730 2304 doceret,
1765 2248 1818 2294 et
1865 2248 2058 2295 aucto-

459 2331 593 2384 ritas
637 2330 945 2383 roboraret.
999 2327 1158 2394 Quod
1209 2343 1298 2382 me
1345 2343 1453 2382 non
1497 2327 1744 2400 exegisse
1796 2344 1936 2399 rogo
1987 2345 2056 2384 ne

461 2434 608 2490 zegre
638 2425 824 2472 sancta
865 2416 1158 2471 eminentia
1187 2421 1365 2471 vestra
1396 2432 1497 2472 nec
1542 2433 1681 2471 meae
1711 2417 2057 2489 negligentiae

458 2511 553 2563 aut
583 2505 910 2578 arrogantia:
940 2505 1191 2559 ascribat.
1226 2504 1402 2559 Testis
1439 2506 1584 2560 enim
1616 2505 1745 2559 mihi
1777 2516 1861 2559 est
1916 2521 2054 2560 con-

458 2595 688 2652 scientia
745 2611 867 2648 mea
917 2595 1048 2664 quia
1090 2601 1371 2664 postquam
1420 2594 1473 2646 in
1517 2594 1796 2648 cacumine
1852 2603 2056 2649 sanctae

455 2684 716 2740 Ecclesiae
742 2682 1066 2737 sublimatos
1093 2698 1191 2738 vos
1227 2699 1344 2736 esse
1374 2683 1628 2754 cognovi,
1663 2684 1892 2755 gavisus
1911 2700 2048 2748 sum,

455 2781 509 2828 et
548 2775 862 2826 reverenter
900 2770 1064 2824 dilexi
1096 2779 1144 2824 et
1178 2770 1366 2840 diligo,
1406 2776 1461 2825 et
1483 2770 1862 2841 quotidianum
1921 2787 2050 2842 pro-

453 2871 670 2918 vectum
704 2868 941 2917 vestrum
973 2858 1088 2914 fieri
1118 2860 1300 2930 Optavi
1348 2868 1401 2914 et
1433 2868 1581 2930 OplO,
1615 2867 1669 2915 et
1707 2859 1902 2915 factum
1955 2877 2054 2915 au-

455 2952 612 3006 diens
658 2949 888 3004 exsulto.
929 2948 1036 3003 Sed
1087 2951 1215 3019 quia
1257 2949 1414 3003 bellis
1464 2949 1704 3020 undique
1762 2949 2050 3020 quatimur,

454 3038 680 3094 hostiles
727 3037 960 3106 impetus
990 3036 1358 3092 indesinenter
1387 3045 1440 3092 et
1468 3037 1692 3092 insidias
1748 3038 2052 3093 adversan-

456 3128 591 3182 tium
615 3127 921 3191 metuimus,
955 3125 1214 3180 dominus
1244 3130 1427 3181 noster
1466 3142 1557 3181 rex
1612 3135 1765 3181 extra
1820 3143 2048 3198 regnum

451 3233 541 3272 me
592 3215 886 3286 procedere
935 3215 1190 3269 hactenus
1236 3231 1348 3269 non
1403 3215 1667 3285 permisit,
1716 3231 1817 3271 nec
1867 3217 2049 3272 adhuc

448 3305 747 3377 procedere
803 3319 966 3374 posse
1039 3302 1306 3358 allatenus
1374 3304 1628 3360 assensit.
1689 3305 1952 3360 Praeterea
2003 3305 2047 3361 si

446 3395 609 3450 nullae
637 3393 755 3448 aliae
778 3408 950 3448 causae
979 3400 1358 3448 concurrerent
1404 3409 1525 3462 quae
1569 3409 1657 3447 me
1690 3393 1888 3448 faciem
1945 3411 2046 3449 ve-

446 3493 618 3540 stram
648 3485 749 3538 hoc
779 3490 1024 3551 tempore
1062 3481 1205 3552 quod
1235 3482 1390 3537 valde
1421 3482 1645 3537 moleste
1678 3481 1811 3548 fero,
1858 3483 2044 3539 videre

443 3573 816 3647 prohiberent,
874 3571 1072 3625 sufﬁcit
1128 3570 1272 3641 quod
1329 3579 1483 3635 aetas,
1545 3572 1689 3641 quod
1749 3572 2036 3642 aegritudo,

443 3661 588 3734 quod
615 3660 867 3715 debilitas
894 3659 1137 3729 corporis
1165 3658 1274 3713 mei
1333 3659 1702 3729 impatientem
1745 3677 1831 3716 me
1871 3667 2040 3732 agunt

441 3760 494 3807 et
548 3748 748 3822 prolixi
778 3747 986 3803 itineris
1015 3756 1068 3802 et
1099 3749 1380 3802 immensae
1425 3749 1637 3802 viarum
1695 3750 2026 3818 asperitatis.

441 3839 550 3896 Sed
596 3839 736 3893 inter
773 3839 910 3903 haec,
944 3852 1052 3908 quo
1083 3836 1292 3901 labore,
1346 3853 1559 3908 quaque
1603 3837 1874 3894 anxietate
1898 3854 2036 3910 gra-

435 3937 618 3995 vatus,
678 3927 778 3981 iter
821 3925 1061 3996 arripere
1115 3941 1360 3991 conarer,
1404 3929 1449 3980 si
1490 3926 1832 3998 omnipotens
1889 3928 2035 3983 Deus

437 4026 492 4074 et
538 4017 592 4071 in
623 4030 797 4088 regno
826 4013 1126 4086 Anglorum
1173 4013 1321 4069 bella
1361 4015 1602 4079 sedaret,
1664 4028 1715 4071 et
1744 4015 1797 4069 in
1849 4017 2036 4087 regnis

437 4115 491 4162 et
519 4120 810 4177 regnorum
838 4103 1162 4172 provinciis,
1194 4120 1293 4173 per
1343 4120 1476 4174 quas
1517 4105 1582 4158 ad
1615 4121 1712 4159 vos
1761 4113 1843 4160 est
1894 4122 2033 4160 eun-

435 4195 587 4260 dum,
607 4194 753 4249 illam
773 4207 964 4263 pacem
988 4192 1265 4257 tribueret,
1300 4200 1359 4246 ut
1381 4193 1836 4264 quemadmodum
1861 4210 2030 4264 opor-

437 4292 576 4341 teret
607 4291 661 4338 et
690 4282 990 4352 expediret,
1039 4282 1143 4336 iter
1172 4281 1353 4352 ipsum
1395 4282 1614 4352 expiere
1655 4281 1860 4338 liceret.
1923 4283 2028 4338 Sed

436 4373 673 4445 quandiu
704 4371 759 4425 id
780 4369 840 4399 ’”
890 4371 1004 4425 fieri
1043 4386 1148 4424 non
1180 4378 1380 4439 potest,
1413 4370 1596 4426 tandin
1640 4370 2030 4440 inpossibilitas

2170 1795 2306 1847 siam
2340 1795 2438 1849 Dei
2485 1798 2812 1852 contenditis
2853 1801 3133 1871 adjuvare,
3193 1806 3476 1874 penuriam
3512 1823 3617 1863 con
3654 1810 3761 1864 silii

2176 1883 2344 1937 nostri
2377 1889 2682 1940 vestrarum
2709 1903 2872 1942 manu
2900 1895 3205 1945 sanctarum
3237 1894 3540 1950 orationum
3571 1913 3759 1967 pasca-

2169 1972 2255 2038 tis,
2294 1990 2360 2027 ne
2393 1975 2776 2044 cogitationem
2814 1977 3000 2032 talium
3054 1979 3307 2036 fluctibus
3361 1985 3614 2054 agitatus,
3660 1992 3756 2042 aut

2167 2062 2353 2116 omnio
2391 2079 2562 2131 ruam,
2613 2073 2704 2118 aut
2755 2066 2905 2120 mihil
2934 2070 3358 2138 apprehendam.
3391 2073 3545 2145 Rogo
3575 2075 3756 2140 etiam,

2168 2157 2221 2204 et
2247 2151 2529 2205 submissis
2560 2153 2759 2207 mentis
2785 2156 3079 2225 gemitibus
3107 2159 3398 2215 humibiter
3417 2163 3664 2233 supplico
3700 2164 3763 2192 ”‘

2168 2239 2368 2293 celsam
2398 2242 2603 2311 etpiam
2637 2244 3012 2312 paternitatem
3049 2255 3296 2314 vestram,
3321 2259 3377 2304 ut
3403 2250 3454 2304 in
3477 2252 3762 2325 naufragio

2164 2327 2394 2397 positus,
2436 2330 2485 2382 si
2545 2331 2763 2401 quando
2822 2333 3073 2402 procellis
3125 2336 3455 2395 irruentibus
3505 2341 3763 2410 adjutorii

2165 2417 2330 2471 vestri
2356 2417 2607 2488 indigens
2639 2420 2706 2472 ad
2729 2420 2905 2475 sinum
2929 2423 3114 2478 matris
3148 2423 3406 2482 Ecclesiae
3438 2429 3757 2502 confugero,

2164 2512 2386 2574 prOpter
2429 2522 2552 2560 eum
2598 2508 2688 2579 qui
2720 2510 3036 2579 sanguinem
3087 2530 3239 2568 suum
3272 2515 3422 2570 dedit
3451 2533 3549 2588 pro
3581 2521 3757 2586 nobis,

2163 2596 2308 2663 pium
2341 2602 2394 2649 et
2424 2606 2730 2666 promptum
2756 2599 3082 2668 adjutorium
3115 2612 3166 2657 et
3211 2605 3453 2661 solamen
3485 2607 3758 2664 inveniam

2162 2680 2215 2734 in
2249 2683 2424 2737 vobis.
2461 2685 2562 2740 Pro
2594 2685 2815 2742 domino
2863 2689 3215 2747 Belvancensi
3249 2693 3482 2750 Fulcone
3529 2697 3758 2768 supplex

2161 2785 2260 2825 oro
2289 2771 2616 2827 dementiam
2651 2784 2911 2842 vestram,
2944 2788 3098 2847 prout
3129 2784 3587 2851 vestrajudicabit
3622 2803 3758 2856 pru-

2160 2859 2367 2913 dentia.
2452 2862 2511 2914 ln
2569 2866 2892 2920 munusculo
2950 2877 3131 2924 nostro
3181 2873 3502 2942 magnitudo
3557 2883 3754 2942 vestra,

2159 2963 2312 3019 rego,
2347 2964 2452 3004 non
2485 2950 2657 3005 solam
2692 2961 2892 3023 penset
2923 2956 3307 3026 quantitatem,
3353 2961 3449 3015 sed
3475 2970 3528 3017 et
3560 2964 3754 3019 bonam

2162 3052 2269 3106 qua
2313 3037 2538 3092 missum
2580 3048 2632 3094 et
2663 3040 3015 3100 voluntatem.
3076 3044 3432 3118 Omnipotens
3462 3051 3604 3106 Deus
3660 3053 3754 3108 diu

2159 3124 2319 3179 nobis
2376 3127 2752 3197 paternitatem
2785 3142 3022 3187 vestram
3078 3133 3134 3188 in
3161 3136 3337 3208 gratia
3382 3153 3482 3194 sua
3525 3150 3576 3195 et
3619 3157 3754 3213 pace

2158 3213 2459 3270 custodiat.
2499 3218 2706 3274 Amen.

2453 3315 2614 3383 381
2651 3325 2986 3383 EPISTOLA
3032 3330 3319 3387 XXXVIII
3370 3332 3450 3389 ἠ.

2578 3453 2652 3492 ΑΙ)
2686 3455 3022 3500 LAMBERTUM
3051 3462 3323 3504 ΑΒΒΑΤΕΜ.

2232 3580 2297 3636 Ut
2327 3582 2630 3652 profugum
2661 3585 3004 3642 monachum
3035 3592 3277 3663 recipiat
3303 3596 3704 3665 pamitentem.

2226 3670 2562 3738 ANSELML‘S,
2599 3672 2698 3728 Dei
2729 3674 3083 3745 dispositione
3124 3689 3340 3736 vocatus
3369 3684 3748 3756 archiepisco-

2148 3772 2251 3826 pus
2307 3758 2637 3828 Cantuariae,
2688 3762 2914 3819 domino
2963 3775 3016 3821 et
3043 3766 3190 3822 fratri
3245 3769 3298 3824 in
3355 3772 3470 3827 Deo
3523 3773 3743 3843 delicto,

2144 3845 2324 3900 abbati
2357 3848 2674 3916 Lunenro,
2723 3853 3157 3912 misericordiam
3199 3859 3572 3931 impendenda
3603 3871 3747 3919 tem-

2145 3935 2408 4005 poralem,
2442 3938 2874 3997 misericordiam
2907 3947 3106 4000 mereri
3138 3949 3549 4019 sempiternam.

2214 4024 2405 4078 Frater
2452 4027 2549 4081 iste
2598 4031 2897 4085 comedens
2926 4033 2994 4087 de
3051 4034 3202 4105 ligno
3231 4037 3471 4093 scientiae
3517 4041 3645 4095 boni
3687 4049 3746 4097 et

2143 4113 2269 4167 mali
2295 4115 2666 4183 experimento
2696 4119 2883 4174 didicit
2914 4132 3112 4190 quanta
3150 4134 3222 4179 sit
3269 4125 3572 4184 diﬂ‘erentia
3599 4130 3744 4185 inter

2141 4200 2364 4256 delicias
2378 4205 2611 4272 paradisi
2642 4206 2953 4264 claustralis
2984 4219 3038 4266 et
3067 4214 3315 4270 exsilium
3351 4219 3474 4273 vitae
3503 4219 3739 4275 saecula-

2139 4291 2229 4345 ris.
2289 4292 2560 4348 Pmnitens
2603 4293 2768 4366 igitur
2811 4305 2863 4352 et
2907 4299 3118 4370 dolens,
3169 4303 3308 4358 sicut
3351 4306 3601 4378 lacrymae
3647 4316 3738 4364 te-

2136 4387 2359 4448 stantur,
2397 4381 2683 4439 conﬁtetur
2710 4401 2770 4440 se
2818 4387 2980 4444 nimis
3010 4407 3295 4464 peccasse,
3327 4403 3379 4450 et
3415 4399 3737 4466 promittens

435 4480 524 4519 me
572 4461 788 4517 retinet.
844 4459 1040 4514 Divina
1087 4459 1373 4514 clementia
1426 4459 1664 4528 iuvante,
1721 4460 2028 4533 ubicunque
2056 4456 2108 4516 D
2138 4484 2198 4522 se
2228 4469 2492 4541 deinceps
2528 4488 2708 4527 mores
2737 4490 2866 4530 suos
2903 4487 3291 4548 correcturum,
3341 4492 3395 4537 et
3435 4486 3734 4542 secundum

364 4596 366 4598 τ
432 4554 583 4608 fuero
627 4550 711 4617 ω,
743 4549 897 4606 vobis
939 4549 1168 4604 obedire
1197 4564 1262 4604 ac
1292 4549 1512 4614 servire,
1557 4557 1610 4604 et
1653 4549 2026 4605 celsitudinem

430 4648 671 4698 vestram
719 4640 990 4695 honorare
1029 4645 1248 4708 paratus
1291 4652 1407 4692 ero.
1444 4639 1512 4691 Et
1567 4636 1715 4708 quia,
1756 4638 1894 4694 sicut
1930 4641 2025 4694 de-

433 4731 633 4799 sidero,
682 4729 1021 4800 quotidianas
1051 4727 1285 4781 miseriae
1332 4724 1392 4754 ’³³
1421 4743 1558 4782 mea:
1603 4728 1857 4798 querelas
1914 4745 2024 4784 non

431 4821 558 4876 licet
599 4817 731 4872 mihi
777 4832 1034 4872 coronam
1078 4815 1252 4885 posito
1312 4813 1590 4870 eﬁ‘undere
1633 4815 1688 4869 in
1730 4825 2022 4887 conspectu

431 4919 635 4975 vestro,
670 4913 885 4962 sanctas
909 4905 1216 4960 serenitatis
1244 4912 1438 4959 vestrae
1477 4920 1635 4959 aures
1664 4905 1847 4974 paucis
1893 4921 2022 4974 que-

432 4999 604 5055 stibus
631 5004 685 5052 et
703 4996 938 5065 scriptus
966 4992 1271 5064 inquietare
1287 5008 1580 5062 praesumo.
1606 4993 1807 5050 Sancte
1839 4994 2016 5062 Pater,

427 5089 590 5145 doleo
618 5102 705 5142 me
727 5100 847 5141 esse
876 5083 1021 5155 quod
1053 5097 1192 5147 sum,
1225 5080 1383 5136 doleo
1427 5098 1515 5137 me
1557 5098 1664 5138 non
1701 5099 1826 5138 esse
1872 5082 2018 5154 quod

428 5178 524 5234 fui.
565 5176 736 5231 Doleo
795 5188 883 5228 me
913 5187 1036 5227 esse
1086 5170 1422 5240 episcopum,
1456 5170 1578 5241 quia
1617 5172 1854 5240 peccatis
1882 5172 2018 5226 meis

424 5265 767 5332 facientibus,
800 5277 909 5316 non
939 5275 1045 5332 ago
1075 5258 1320 5331 episcOpi
1361 5259 1621 5314 ofﬁcium.
1674 5261 1736 5314 In
1766 5260 1886 5316 loco
1917 5261 2016 5316 hu-

2135 4565 2368 4613 vestram
2428 4559 2840 4631 dispositionem
2899 4565 3216 4624 obedienter
3252 4570 3538 4638 victurum,
3587 4583 3729 4642 orat,

2133 4651 2336 4717 quanto
2365 4647 2557 4704 aﬁ'ectu
2590 4659 2783 4720 potest,
2818 4657 2874 4707 ut
2917 4654 3057 4710 intra
3112 4658 3252 4713 ovile
3282 4659 3349 4715 de
3379 4678 3485 4734 quo
3530 4668 3730 4734 sponte

2130 4735 2507 4792 miserabiliter
2534 4738 2764 4812 aufugit,
2809 4741 3140 4802 admittatur.
3173 4747 3241 4802 Et
3288 4750 3414 4818 quia
3444 4752 3728 4822 supplica-

2127 4821 2330 4877 tionem
2358 4840 2508 4878 suam
2542 4842 2640 4896 pro
2689 4828 3059 4898 magnitudine
3085 4842 3268 4888 reatus
3315 4821 3568 4894 sufficere
3615 4856 3730 4896 non

2129 4918 2298 4980 putat,
2333 4914 2529 4967 nostris
2581 4915 2834 4984 precibus
2865 4933 2992 4972 suas
3022 4921 3164 4991 apud
3208 4934 3440 4987 vestram
3477 4928 3723 4984 clemen-

2129 4999 2256 5053 tiam
2308 5001 2550 5068 adjuvari
2579 5009 2858 5074 precatur.
2906 5007 3167 5072 Quamvis
3200 5012 3363 5084 igitur
3389 5032 3494 5088 ego
3524 5017 3592 5072 de
3622 5035 3724 5074 ve-

2125 5095 2236 5142 stra
2266 5089 2550 5146 sanctitate
2580 5092 2732 5147 mihil
2763 5099 3172 5164 promeruerim.
3213 5109 3390 5158 tamen
3420 5105 3544 5177 quia
3574 5107 3723 5163 invi-

2124 5192 2240 5232 cem
2283 5180 2518 5248 compati
2551 5188 2603 5235 et
2633 5198 2731 5252 pro
2776 5184 3014 5241 invicem
3050 5203 3211 5244 orare
3252 5190 3538 5262 jubemur,
3568 5213 3719 5266 pra:-

2123 5279 2280 5321 sumo
2307 5266 2611 5338 supplicare
2661 5279 2924 5344 quatenus
2952 5276 3041 5332 ovi
3071 5294 3234 5350 quam
3283 5280 3529 5338 Christus
3558 5301 3718 5357 qua-

1743 5410 1975 5467 VARUE
2008 5411 2315 5471 LECTION
2319 5417 2428 5472 ES.

503 5540 711 5598 ’"Cum
741 5537 1065 5616 ιεὀιίεγηφηεἶ
1099 5530 1782 5622 collata.m’:’Sedptandiu
1944 5538 2180 5622 quandiu
2209 5557 2324 5622 ms,
2350 5542 2446 5598 sed
2462 5546 2717 5622 _q_nandiu
2747 5547 2845 5622 id..
2869 5548 3073 5606 tandiu.
3127 5552 3370 5616 "‘Ruero
3399 5575 3506 5618 ms.
3556 5562 3712 5622 fuero

420 5613 722 5669 "‘Miseriae
752 5625 856 5665 ms.
887 5606 1118 5663 miseriae
1145 5621 1306 5662 meae.
1339 5601 1663 5676 “‘Supplico
1693 5622 1805 5663 ms.
1846 5601 2121 5667 humiliter
2147 5612 2422 5684 supplico.
2460 5601 2674 5674 "’Cum
2703 5601 3288 5685 εοάὲὴῖἆῆῖὶοιιαῖἇί
