4010 6064
211 195 288 250 73

216 420 430 479 portat,
493 420 669 467 vestra
692 413 994 481 paternitas
1045 410 1242 465 ostium
1291 410 1447 464 ovilis
1501 417 1687 465 contra
1745 428 1832 465 me

216 498 288 569 If.
320 501 470 554 aad.
503 500 631 570 non]
670 502 904 567 claudat,
955 515 1023 554 ne
1080 498 1319 552 Christus
1378 498 1520 552 idem
1566 499 1832 567 perditam

212 589 551 659 quaerendo,
601 597 653 643 et
695 590 973 643 iuventam
1028 587 1377 656 reportando,
1431 586 1634 641 frustra
1684 589 1829 643 labo-

209 694 377 732 rasse
397 678 642 732 videatur
674 698 687 744 ;
713 689 763 732 et
783 678 898 748 ipse
928 678 1070 747 apud
1101 678 1312 731 amicos
1345 684 1397 729 et
1426 677 1650 743 vicinos,
1693 694 1828 747 quos

206 767 284 821 ad
347 767 812 838 eongaudcndum
863 780 1163 820 convocare
1221 765 1502 830 debuerat,
1554 781 1663 820 non
1718 773 1825 820 tam

205 871 383 910 ovem
434 871 596 925 quam
628 856 887 925 seipsum,
919 862 992 921 et,
1044 853 1187 923 quod
1236 854 1395 908 valde
1435 854 1823 908 attendendum

206 953 319 1011 est,
386 953 672 998 oneratum
735 942 819 1010 "9,
873 952 987 998 eta
1026 958 1128 997 suo
1183 941 1315 996 mili
1364 943 1644 996 exclusum
1702 959 1824 997 esse

204 1040 601 1103 conqueratur.
635 1031 821 1102 Itaque
850 1031 1289 1086 misericordiam
1320 1039 1369 1085 et
1389 1030 1655 1100 judicium
1688 1046 1823 1085 can-

204 1128 321 1175 tate
378 1121 632 1188 Domino,
683 1129 738 1174 et
780 1120 858 1175 sic
907 1128 963 1175 ut
1022 1119 1394 1175 misericordia
1448 1119 1823 1190 superexaltet

198 1210 493 1281 judicium
528 1208 610 1264 ”°.
654 1210 803 1265 Vale.

652 1315 983 1371 EPISTULA
1022 1315 1265 1369 XXXIX
1305 1312 1387 1368 ²⁸¹.

630 1456 700 1495 AD
740 1455 1041 1495 MONACHOS
1081 1454 1408 1493 BECCENSBS.

204 1534 521 1589 Beccenses
539 1533 603 1586 in
620 1529 841 1588 ordinis
865 1531 1217 1584 observantia
1242 1529 1468 1582 stabiles
1506 1528 1809 1583 collaudat.

280 1607 355 1659 Et
390 1610 457 1658 ut
486 1605 714 1674 praelati
730 1604 889 1673 facta
908 1617 1021 1654 non
1034 1600 1300 1669 judicent
1312 1615 1431 1669 pra:
1451 1601 1671 1654 steteris
1688 1600 1813 1655 hor-

283 1682 468 1731 tatur.

280 1763 537 1819 Dominis
592 1771 642 1817 et
710 1761 969 1815 fratribus
1032 1758 1369 1814 charissimis
1437 1759 1492 1812 in
1555 1758 1812 1814 Beccensi

202 1853 468 1910 ccenobio
512 1850 998 1915 commanentibus,
1028 1847 1200 1902 frater
1244 1851 1559 1913 Ansecuus,
1614 1848 1812 1902 volun-

202 1947 321 1996 tate
354 1939 647 1995 Beecensis
680 1937 991 2002 monachus,
1039 1936 1361 1990 necessitate
1397 1944 1618 1991 vocatus
1664 1937 1809 1991 Can-

205 2028 504 2083 tnariensis
531 2026 996 2097 archiepiscopus,
1030 2024 1314 2093 praesentis
1345 2023 1465 2078 vitm
1496 2025 1808 2079 continuam

202 2118 556 2173 sanctitatem
588 2123 641 2169 et
678 2114 870 2169 futuras
898 2123 1154 2168 mternam
1178 2112 1516 2167 felicitatem.

278 2206 552 2274 Quamvis
606 2212 850 2257 nostram
879 2217 1007 2256 raro
1074 2200 1354 2270 epistolam
1409 2202 1656 2264 videatis,
1698 2201 1811 2259 scio

207 2304 393 2350 tamen
420 2293 549 2364 quia
579 2291 926 2347 dilectionem
959 2294 1199 2345 vestram
1229 2290 1286 2342 in
1316 2290 1523 2344 intimis
1543 2286 1606 2315 ⁸⁸²
1634 2291 1813 2346 cordis

208 2383 321 2438 mei
344 2382 558 2437 fervere
592 2396 697 2435 non
728 2379 1005 2433 dubitatis.
1058 2380 1138 2432 De
1170 2394 1277 2449 qua
1319 2378 1606 2434 dilectione
1665 2389 1813 2434 tanto

209 2488 333 2528 esse
383 2470 649 2525 certiores
694 2467 928 2529 debetis,
992 2479 1192 2537 quanto
1250 2482 1369 2521 eam
1411 2467 1479 2521 de
1536 2470 1816 2535 praeterito

210 2558 571 2631 C)gDOSCIllS,
603 2566 655 2611 et
682 2558 783 2611 hoc
814 2563 1036 2624 propter
1080 2554 1224 2623 quod
1256 2564 1307 2608 et
1344 2555 1411 2609 ad
1443 2556 1585 2625 quod
1609 2572 1705 2610 vos
1736 2556 1815 2610 di-

208 2648 341 2716 lexi,
380 2648 567 2701 facere
612 2644 951 2699 contenditis.
1002 2643 1176 2697 Audio
1235 2643 1377 2697 enim
1437 2644 1579 2714 quia,
1638 2644 1817 2715 gratia

210 2737 309 2791 Dei
343 2734 650 2805 inspirante
691 2740 743 2788 et
802 2740 1154 2802 cooperante,
1206 2731 1260 2785 in
1318 2732 1494 2787 studio
1538 2733 1677 2786 bene
1730 2732 1815 2787 vi-

212 2824 378 2881 vendi
410 2824 659 2884 fervetis,
715 2829 768 2876 et
797 2822 851 2875 in
892 2820 1221 2891 paupertatis
1272 2836 1527 2890 pressura
1577 2824 1818 2891 rigorem

213 2914 379 2969 vestri
409 2912 621 2967 ordinis
675 2910 1039 2964 inﬂexibiliter
1065 2909 1280 2964 tenetis.
1323 2909 1414 2964 Sic
1469 2912 1617 2964 enim
1666 2910 1817 2964 decet

1569 192 1695 251 LIB.
1738 194 1833 264 III,
1875 188 2093 253 EPIST.
2138 200 2250 257 XL.

216 321 389 375 sitam
423 330 477 377 et
506 322 779 377 inventam
802 318 859 377 in
893 320 1129 376 humeris
1158 320 1264 375 suis
1317 320 1388 375 ad
1442 319 1587 377 ovile
1617 327 1675 355 ²²⁸
1734 338 1825 378 re~
1854 319 1912 380 A

3467 216 3536 275 74

2436 330 2770 388 EPISTOLA
2808 335 2901 391 XL
2940 344 3001 375 m
3015 378 3028 391 .

2398 436 2467 472 AD
2508 438 2827 478 PASCHALEM
2868 442 3065 482 PAPAM.

1939 503 2192 588 Excusat
2218 523 2285 588 se
2306 510 2447 588 quod
2475 511 2727 588 nonduin
2754 530 2856 584 per
2888 516 3117 570 litteras
3146 533 3279 573 eum
3305 521 3521 575 saluta-

2012 580 2191 658 vei:i_t,_
2230 582 2303 641 et,
2355 580 2939 658 calamitatibussuis
2978 590 3268 658 expositis,
3321 608 3521 646 causas

2008 647 2191 701 rer/(lit
2224 665 2326 728 cur
2355 654 2662 728 e._r_,tnglia
2708 653 2935 728 abierit,
2960 662 3015 710 et
3051 647 3116 713 ta
3142 662 3203 713 in
3254 647 3521 728 Hizgliam

2006 733 2120 770 non
2138 720 2329 773 redeat
2348 722 2458 774 nisi
2483 727 2641 777 rebus
2660 720 3203 783 omnibusEcclesire
3232 720 3520 786 restitutis

2005 790 2244 871 suppleat
2261 792 2597 871 obtestatur.
2641 795 2905 871 Lugduni
2935 799 3174 853 interim
3206 802 3271 856 ab
3301 804 3521 859 archie-

2002 867 2227 929 piscopo
2257 867 2575 918 sustentari
2603 882 2658 919 se
2689 867 2963 922 declarat.

2004 946 2239 1001 Domino
2293 952 2346 1002 et
2396 951 2540 1019 patri
2600 957 2921 1022 reverendo,
2982 959 3260 1013 Pascaam
3311 977 3521 1017 summo

1930 1033 2195 1102 pontifici,
2229 1038 2551 1105 ANSELML‘S,
2585 1056 2777 1096 servus
2806 1044 3066 1101 Ecclesiae
3094 1047 3516 1118 Cantuariensis,

1930 1122 2165 1177 debitam
2224 1141 2290 1177 ex
2345 1128 2506 1183 corde
2562 1130 2971 1200 subiectionem,
3032 1141 3085 1189 et
3112 1136 3438 1204 orationum,
3471 1138 3520 1192 si

1929 1213 2058 1284 quid
2089 1214 2286 1279 valent,
2319 1215 2694 1273 devotionem.

1998 1302 2155 1371 Quod
2211 1304 2279 1359 ad
2335 1314 2565 1361 vestram
2610 1309 2980 1366 celsitudinem
3023 1320 3232 1369 tantum
3281 1328 3517 1378 moratus

1925 1407 2043 1446 sum
2074 1394 2314 1447 nuntium
2348 1396 2555 1451 mittere
2585 1406 2872 1469 postquam
2904 1401 2970 1456 de
3007 1410 3158 1457 certa
3204 1406 3392 1462 notitia
3424 1426 3517 1465 ve-

1924 1486 2050 1534 strae
2079 1482 2472 1539 subliiuationis
2520 1488 2635 1541 Deo
2680 1485 2739 1514 ³³⁵
2791 1490 2996 1559 gratias
3043 1502 3287 1562 agentes,
3337 1498 3517 1567 gavisi

1923 1594 2131 1645 sumus,
2179 1580 2294 1633 haec
2342 1578 2440 1633 fuit
2491 1593 2658 1632 causa
2688 1577 2814 1647 quia
2854 1578 3072 1646 quidam
3105 1582 3325 1637 nuntius
3363 1587 3511 1655 regis

1838 1668 2226 1738 BAnglorum
2285 1668 2431 1723 venit
2497 1667 2562 1720 ad
2622 1666 2982 1721 venerabilem
3040 1670 3507 1743 archiepiscopum

1920 1758 2337 1829 Lugdunensem
2369 1774 2465 1827 pro
2494 1772 2655 1811 causa
2684 1760 2885 1821 nostra,
2919 1772 3026 1811 non
3057 1764 3237 1813 tamen
3268 1759 3511 1817 efferens

1921 1848 2065 1918 quod
2119 1846 2517 1917 suscipiendum
2567 1853 2717 1901 esset
2749 1864 2764 1912 ;
2796 1853 2848 1899 et
2900 1845 3129 1901 audiens
3184 1864 3508 1918 responsum

1918 1936 2311 2006 archiepiscopi
2341 1951 2595 1989 reversus
2624 1941 2706 1988 est
2735 1933 2803 1987 ad
2832 1949 3039 2004 regem,
3089 1937 3408 2004 promittens
3450 1956 3511 1995 se

1920 2026 1976 2079 in
2005 2026 2250 2095 proximo
2279 2024 2598 2095 Lugdunum
2657 2022 2953 2077 rediturum
2981 2020 3071 2079 ’“.
3109 2025 3264 2080 Hune
3304 2042 3506 2097 exspe-

1917 2115 2060 2170 ctavi
2092 2123 2147 2168 ut
2161 2114 2359 2169 scirem
2389 2113 2517 2182 quid
2547 2111 2702 2169 vobis
2733 2112 2803 2166 de
2833 2112 2980 2182 regis
3030 2113 3304 2169 voluntate
3357 2116 3506 2171 noti-

1918 2202 2081 2258 licare
2110 2218 2349 2272 possem,
2411 2202 2511 2256 sed
2559 2217 2669 2255 non
2699 2200 2869 2255 venit.
2924 2202 3157 2255 Causam
3214 2203 3395 2274 itaque
3420 2221 3510 2261 no-

1920 2300 2084 2346 stram
2114 2292 2355 2345 breviter
2383 2290 2592 2354 intimo,
2624 2289 2747 2360 quia
2786 2290 3014 2358 quando
3052 2290 3238 2345 Romae
3268 2300 3513 2348 moratus

1921 2397 2061 2446 sum,
2111 2396 2227 2433 eam
2285 2379 2512 2434 domino
2568 2395 2723 2449 papae
2745 2378 2989 2443 Urbano,
3031 2385 3083 2432 et
3132 2378 3333 2443 multis,
3369 2382 3509 2450 aliis,

1922 2472 2059 2525 sicut
2111 2470 2234 2534 scit,
2267 2476 2323 2523 ut
2352 2476 2501 2538 puto,
2529 2468 2787 2522 sanctitas
2817 2471 3020 2535 vestra,
3080 2483 3224 2537 saepe
3272 2467 3513 2526 narravi.

1925 2559 2186 2615 Videbam
2236 2557 2290 2610 in
2321 2556 2516 2627 Anglia
2571 2556 2736 2610 multa
2793 2555 2954 2620 male,
3016 2571 3249 2625 quorum
3300 2559 3368 2613 ad
3427 2575 3518 2616 me

1922 2648 2235 2720 pertinebat
2288 2646 2570 2710 correctio,
2631 2661 2752 2715 qua:
2785 2660 2885 2699 nec
2932 2644 3226 2716 corrigere,
3268 2663 3371 2704 nec
3402 2648 3521 2705 sine

1926 2747 2148 2808 peccato
2176 2752 2301 2790 meo
2330 2735 2568 2790 tolerare
2588 2741 2854 2802 poteram.
2881 2733 3159 2805 Exigebat
3184 2735 3331 2790 enim
3364 2752 3398 2792 a
3431 2753 3521 2794 me

1927 2843 2018 2881 rex
2068 2834 2124 2879 ut
2164 2824 2529 2880 voluntatibus
2597 2822 2729 2888 suis,
2806 2837 2924 2891 quae
2979 2830 3167 2878 contra
3248 2825 3429 2897 legem
3470 2835 3523 2882 et

1927 2915 2260 2971 voluntatem
2292 2913 2389 2968 Dei
2411 2918 2586 2978 erant,
2615 2911 2718 2965 sub
2746 2912 2971 2966 nomine
3027 2911 3368 2969 rectitudinis
3426 2931 3523 2969 as-

214 3018 404 3058 servos
428 3001 549 3067 Dei,
592 3010 653 3054 ut
683 3007 884 3071 quanto
930 2999 1106 3070 magis
1122 3013 1215 3053 eos
1244 2997 1618 3053 tribulationes
1670 3015 1815 3069 prae-
1846 3010 1895 3072 Ο
1925 3021 2140 3064 sensum
2174 3004 2493 3073 praeberem.
2525 3001 2662 3054 Nam
2693 2999 2808 3054 sine
2848 3015 2943 3054 sua
2963 3000 3206 3068 jussione
3257 3002 3520 3073 apostoli-

215 3092 388 3145 sentis
410 3090 536 3145 vitae
559 3096 880 3159 angustant,
940 3095 1090 3141 tanto
1147 3087 1427 3141 ardentius
1482 3088 1550 3141 ad
1583 3088 1820 3160 quietem

215 3189 440 3234 aeternae
498 3178 624 3232 vitae
681 3176 907 3231 tendant
939 3183 993 3230 et
1022 3191 1079 3230 se
1107 3175 1175 3229 ad
1205 3176 1460 3231 virtutum
1517 3175 1819 3246 profectum

217 3267 534 3323 extendant.
570 3265 681 3320 Sed
709 3264 965 3335 quamvis
1001 3264 1199 3318 sanctis
1239 3264 1483 3318 moribus
1513 3273 1565 3318 et
1590 3265 1816 3337 religio-

217 3358 289 3411 sis
314 3355 574 3427 operibus
602 3354 779 3407 studio
807 3362 1106 3422 spontaneo
1152 3351 1433 3419 insudetis,
1496 3353 1618 3408 novi
1639 3361 1815 3409 tamen

216 3445 578 3500 sinceritatem
611 3450 804 3496 vestrae
824 3441 1153 3503 dilezlionis,
1197 3441 1322 3511 quia
1352 3447 1631 3513 gratanter
1661 3444 1811 3498 acci-

217 3536 323 3606 piet
355 3534 403 3586 si
432 3548 532 3587 vos
553 3547 817 3586 monuero
850 3538 905 3583 ut
936 3530 989 3583 in
1022 3529 1128 3584 hoc
1160 3530 1209 3583 in
1239 3545 1345 3600 quo
1377 3530 1506 3584 estis
1549 3547 1813 3600 perseve-

218 3625 368 3679 retis.
395 3621 554 3690 Quod
587 3630 642 3673 ut
673 3618 943 3675 efficacius
973 3619 1270 3688 adimplere
1320 3618 1561 3684 valeatis,
1587 3636 1810 3674 necesse

219 3722 298 3767 est
352 3720 407 3765 ut
466 3718 655 3764 sancta
697 3707 1049 3761 unanimitate
1104 3707 1365 3777 colligati,
1441 3715 1493 3760 et
1548 3708 1710 3761 corde
1759 3718 1809 3763 et

220 3802 490 3855 voluntate
521 3799 744 3868 praelato
795 3805 975 3850 vestro
1033 3796 1302 3850 obediatis
1337 3814 1349 3858 ;
1387 3795 1523 3848 facta
1560 3804 1611 3848 et
1666 3797 1809 3852 dicta

219 3891 328 3958 ejus
379 3903 488 3941 non
520 3885 845 3953 dijudicetis,
907 3884 1002 3939 sed
1061 3883 1179 3938 sine
1223 3884 1369 3938 omni
1412 3884 1804 3951 retractatione,

216 3976 367 4049 quasi
398 3975 658 4029 divinitus
688 3972 953 4042 inspirata
1007 3971 1317 4027 venerando
1363 3981 1541 4026 mente
1573 3974 1806 4043 benigna

216 4065 458 4121 servetis.
510 4063 611 4117 Ubi
660 4061 805 4115 enim
838 4059 1033 4114 subditi
1058 4061 1262 4129 praelati
1290 4057 1591 4128 ’“judices
1650 4061 1801 4129 tiunt,

217 4168 393 4225 aperte
418 4152 514 4206 Dei
546 4150 890 4211 ordinationi,
916 4151 1068 4215 cujus
1101 4148 1454 4218 dispositione
1494 4150 1597 4204 sibi
1656 4168 1800 4221 prte-

217 4245 349 4299 latus
376 4249 481 4305 est,
511 4240 802 4294 detrahunt
849 4246 899 4292 et
957 4238 1368 4300 contradicunt;
1403 4239 1599 4309 quibus
1654 4241 1802 4294 Deus

1931 3113 2061 3153 cum
2091 3094 2310 3149 nolebat
2339 3090 2527 3160 recipi,
2561 3096 2652 3143 aut
2690 3088 2953 3159 appellari
2980 3088 3035 3143 in
3058 3089 3254 3161 Anglia
3288 3106 3301 3158 ;
3337 3107 3438 3147 nec
3463 3097 3523 3148 ut

1927 3184 2206 3255 epistolam
2250 3181 2299 3235 ei
2344 3179 2635 3242 mitterem,
2677 3186 2768 3232 aut
2824 3177 2891 3231 ab
2947 3193 3011 3232 eo
3056 3179 3280 3233 missam
3302 3180 3521 3250 recipe-

1924 3290 2060 3341 rem,
2120 3272 2205 3327 vel
2253 3269 2487 3327 decretis
2545 3267 2667 3336 ejus
2707 3266 3012 3322 obedirem.
3071 3267 3368 3323 Concilium
3409 3284 3519 3324 non

1922 3357 2450 3435 permisiteelebrari
2485 3356 2538 3409 in
2581 3372 2755 3427 regno
2795 3370 2893 3410 suo
2953 3372 3021 3411 ex
3078 3371 3185 3424 quo
3215 3372 3313 3410 rex
3344 3357 3517 3410 factus

1914 3452 2028 3521 jam
2060 3467 2156 3520 per
2187 3446 2658 3503 trcdecimannos.
2706 3445 2903 3498 Terras
2961 3444 3220 3499 Ecclesia:
3275 3444 3513 3500 homini-

1922 3543 2019 3594 bus
2045 3541 2161 3594 suis
2193 3537 2353 3590 dahat
2386 3550 2398 3603 ;
2432 3535 2484 3588 in
2517 3533 2772 3588 omnibus
2802 3532 2884 3585 his
2917 3540 2967 3587 et
2997 3532 3264 3588 similibus
3297 3534 3344 3586 si
3374 3548 3511 3588 con-

1916 3630 2090 3683 silium
2124 3627 2391 3698 petebam,
2440 3640 2628 3679 omnes
2649 3624 2716 3677 de
2748 3637 2915 3691 regno
2946 3622 3103 3692 eujus
3131 3622 3292 3677 etiam
3313 3622 3509 3678 suifra-

1916 3718 2075 3789 ganei
2108 3716 2212 3770 mei
2271 3713 2513 3782 episeipi
2546 3713 2822 3783 negabant
2847 3727 2904 3766 se
2949 3712 3233 3765 consilium
3266 3712 3506 3779 daturos,

1916 3808 2019 3861 nisi
2048 3805 2341 3882 scentulum
2376 3802 2702 3857 voluntatem
2740 3801 2904 3871 regis.
2938 3801 3065 3855 Haec
3084 3809 3134 3855 et
3166 3800 3332 3855 multa
3380 3801 3507 3868 alia,

1915 3913 2034 3966 quas
2064 3906 2249 3949 contra
2271 3892 2602 3947 voluntatem
2652 3897 2702 3943 et
2732 3890 2911 3961 legem
2970 3888 3069 3943 Dei
3117 3897 3260 3954 sunt,
3295 3888 3503 3958 videns,

1913 3984 2041 4055 petii
2074 3983 2345 4037 licentiam
2377 3980 2443 4033 ab
2484 3995 2549 4034 eo
2593 3978 2779 4034 sedem
2837 3977 3073 4032 adeundi
3130 3977 3504 4041 apostolicam.

1913 4083 1968 4128 ut
1998 4073 2123 4127 inde
2144 4071 2424 4127 consilium
2456 4068 2528 4123 de
2558 4067 2737 4121 anima
2776 4082 2895 4120 mea
2932 4074 2983 4121 et
3022 4066 3087 4120 de
3133 4065 3313 4120 ofncio
3370 4064 3503 4120 mihi

1910 4162 2151 4231 injuncto
2196 4159 2528 4227 acciperem.
2595 4154 2892 4225 Respondit
2924 4170 3021 4208 rex
3081 4170 3166 4209 me
3192 4154 3244 4208 in
3275 4170 3332 4208 se
3363 4168 3501 4223 pec-

1910 4267 2061 4307 casse
2093 4265 2191 4320 pro
2223 4248 2340 4302 sola
2364 4244 2716 4316 postulatione
2742 4243 2901 4310 hujus
2945 4242 3195 4309 Iicenlize,
3265 4249 3317 4296 et
3368 4257 3497 4311 pro-

217 4344 263 4389 et
290 4348 403 4386 sure
432 4326 844 4401 gubernationis
873 4327 1141 4381 subtrahit
1196 4326 1473 4393 auxilium,
1533 4335 1584 4381 et
1624 4344 1717 4383 eos
1748 4330 1879 4428 inD
1911 4339 2087 4412 ροειιίι
2135 4337 2265 4391 mihi
2350 4342 2405 4389 ιιι
2454 4341 2545 4387 ειη
2599 4332 2666 4385 de
2723 4332 2822 4386 hac
2880 4347 2960 4396 re,
3018 4331 3151 4384 sicut
3198 4331 3263 4384 de
3317 4330 3499 4400 culpa,

216 4422 406 4494 proprii
439 4417 639 4474 erroris
696 4415 1020 4486 prmeipitari
1054 4416 1309 4486 permittit
1364 4416 1649 4471 consilium
1673 4437 1683 4472 :
1710 4419 1799 4472 ubi

219 4527 337 4568 vero
364 4507 620 4580 praelatus
667 4521 789 4561 cum
823 4504 1190 4572 veneratione,
1251 4509 1506 4574 tanquam
1555 4506 1797 4560 Christus

218 4598 516 4668 suscipitur,
548 4595 622 4651 ibi
654 4602 765 4649 tota
795 4594 984 4661 domus
1013 4592 1210 4648 Christi
1243 4594 1450 4663 regitur
1492 4595 1720 4651 consilio
1749 4604 1803 4651 et

219 4686 513 4761 protegitur
542 4693 594 4740 et
622 4689 946 4739 sustentatur
974 4682 1197 4737 auxilio.
1240 4680 1456 4750 Quanto
1487 4683 1628 4737 enim
1667 4684 1799 4739 sub-

218 4779 309 4832 diti
344 4793 403 4832 ιε
461 4773 665 4830 vicario
720 4773 839 4842 ejus
896 4771 1186 4840 subjiciunt
1239 4772 1502 4838 securius,
1537 4780 1685 4828 tanto
1708 4774 1802 4830 ille

220 4867 430 4938 praelato
461 4872 513 4918 et
542 4861 778 4916 subditis
797 4868 985 4916 cuncta
1015 4864 1272 4930 procurat
1308 4860 1621 4932 benignius.
1662 4861 1799 4918 Om-

220 4957 455 5027 nipotens
504 4953 652 5006 Deus
711 4966 807 5005 sua
863 4966 959 5004 vos
1011 4949 1391 5004 benedictione
1422 4949 1478 5003 in
1534 4959 1798 5007 azternum

219 5052 492 5118 beatificet,
525 5050 727 5105 fratres
750 5057 802 5104 et
831 5046 990 5103 amici
1021 5047 1348 5103 charissimi.
1379 5050 1573 5106 Amen.

1909 4427 2303 4493 satisfacerem,
2341 4432 2393 4479 et
2445 4437 2698 4478 securum
2756 4420 2903 4473 illum
2944 4418 3228 4475 redderem
3263 4436 3332 4475 ne
3371 4436 3497 4474 am-

1904 4519 2050 4590 plius
2079 4526 2316 4588 peterem
2348 4515 2489 4569 hanc
2532 4509 2821 4574 licentiam,
2878 4524 2982 4564 nec
3019 4508 3310 4579 aliquando
3357 4524 3498 4580 apo-

1912 4606 2160 4662 stolicum
2212 4604 2567 4675 appellarem,
2608 4607 2697 4655 aut
2717 4598 2785 4653 de
2814 4604 2956 4653 terra
2980 4598 3098 4665 ejus
3133 4597 3235 4652 cito
3267 4597 3495 4654 exirem.

1908 4696 2066 4768 Elegi
2116 4694 2296 4765 pmius
2351 4690 2498 4746 exire
2530 4704 2694 4760 quam
2754 4686 3007 4742 nefandae
3065 4687 3137 4741 rei
3171 4687 3497 4743 consentire.

1909 4787 2137 4840 Romam
2183 4782 2327 4844 veni,
2378 4786 2434 4832 ut
2491 4778 2636 4833 scitis
2693 4773 2774 4844 "7,
2831 4783 2882 4831 et
2922 4776 3145 4830 domino
3177 4790 3334 4847 papze
3383 4790 3500 4831 rem

1909 4882 2076 4929 totam
2106 4868 2352 4941 exposui.
2384 4869 2518 4932 Rex,
2553 4882 2677 4921 mox
2708 4874 2763 4921 ut
2794 4866 2858 4920 de
2889 4864 3083 4937 Anglia
3124 4863 3287 4933 exivi,
3318 4872 3500 4921 taxato

1908 4961 2220 5033 simpliciter
2252 4958 2392 5014 victu
2424 4965 2474 5012 et
2498 4955 2695 5011 vestitu
2726 4955 3113 5009 monachorum
3165 4960 3498 5019 nostrorum,

1908 5059 2075 5107 totum
2105 5047 2622 5119 archiepiscopatum
2654 5044 2845 5101 invasit
2874 5052 2926 5099 et
2964 5043 3017 5097 in
3076 5041 3321 5114 preprios
3370 5058 3501 5098 usus

1500 5175 1631 5229 VAR
1644 5176 1725 5231 ΙίΕ
1764 5175 2162 5235 LECTIONES
2176 5215 2189 5228 .

284 5276 420 5332 ’"Ad
473 5290 608 5330 oves
635 5287 740 5327 ms.
773 5271 841 5325 ad
872 5270 1038 5325 ovile.
1096 5267 1431 5325 "’Orbatum
1454 5288 1559 5329 ms.
1594 5260 1895 5332 Oneralum.

219 5348 402 5405 ’"Cum
424 5347 618 5404 eodem
646 5360 751 5399 ms.
784 5343 1013 5397 collata.

218 5420 423 5493 pralati.

1106 5341 1232 5396 "’ln
1264 5343 1466 5397 intimis
1520 5359 1625 5400 ms.
1656 5346 1708 5399 in
1742 5348 1949 5402 intimis
1979 5341 2165 5402 cordis
2207 5343 2333 5398 mei.

508 5416 717 5471 "‘Cum
765 5414 951 5470 eodem
985 5428 1091 5469 ms.
1151 5413 1379 5471 collata.
1440 5413 1696 5473 '"Vestra
1752 5419 1868 5476 Deo
1920 5435 2025 5476 ms.
2084 5424 2273 5475 vestrae
2329 5413 2731 5472 sublimationis
2765 5414 2899 5471 Deo.
2956 5411 3336 5470 mReliturum
3390 5428 3495 5469 ms.

1990 5272 2451 5343 “Superexaltet
2464 5268 2731 5343 judicium
2764 5285 2867 5343 ms.
2893 5269 3267 5343 Asuperexultet
3295 5267 3497 5343 judicio

2418 5340 2641 5397 "'Enim
2699 5340 2906 5412 praelati
2951 5358 3056 5412 ms.
3091 5342 3233 5395 enim
3293 5341 3500 5397 subditi

228 5479 535 5569 Lugdunum
567 5485 899 5543 rediturum.
962 5479 1166 5541 ’"Veni
1198 5498 1211 5556 ;
1246 5485 1397 5544 scitis
1424 5504 1530 5546 ms.
1565 5489 1711 5561 veni,
1746 5496 1806 5547 ut
1827 5491 2002 5551 scitis.

496 5586 771 5655 ΡΔπιοι..
814 5580 1028 5649 CLIX.

3162 5583 3199 5651 8
