4010 6064
502 263 569 320 ’75
1009 264 1070 319 S.
1120 262 1419 319 ANSELMI
1460 256 1804 317 CANTUAR.
1846 254 2171 313 ARCHIEP.
2222 251 2372 309 OPP.
2416 246 2588 305 PARS
2628 247 2730 305 III.
2779 283 2849 293 —
2889 244 3275 309 EPISTOLE.
3722 250 3796 305 76

499 388 782 445 convertit.
821 388 1052 444 Monitus
1083 395 1135 443 et
1166 388 1331 456 382
1366 386 1589 455 rogatus
1614 396 1647 435 a
1676 380 1898 435 domino
1944 393 2087 450 papa
2115 380 2171 439 Α
2200 382 2252 430 te
2274 373 2489 443 suscepi
2523 391 2535 435 ;
2570 375 2636 429 de
2668 391 2792 445 quo,
2854 376 2899 430 si
2956 375 3077 431 fieri
3127 379 3330 446 posset,
3385 372 3638 428 libentius
3668 388 3791 428 eam

500 485 557 531 ut
612 478 715 533 hoc
764 477 1086 550 corrigeret,
1139 473 1488 545 contempsit,
1558 477 1610 525 et
1659 470 1836 525 adhuc
1879 470 1937 523 in
1990 469 2093 523 hoc

502 574 833 637 perseverat.
877 567 996 621 Jam
1056 572 1134 620 est
1164 564 1351 620 tertius
1407 577 1577 615 annus
1614 575 1684 613 ex
1742 574 1846 628 quo
1904 557 1980 612 sic
2024 558 2092 611 de

500 655 697 727 'Anglia
729 654 871 710 exivi
906 672 920 720 ;
952 668 1127 725 pauca
1158 668 1279 722 quae
1309 664 1523 705 mecum
1552 647 1665 713 tuli,
1699 655 1753 702 et
1783 647 1952 701 multa
1970 660 2092 716 quae

500 750 776 798 mutuatus
807 758 949 809 sum,
981 757 1214 813 quorum
1229 739 1539 794 adhucsum
1570 736 1804 803 debitor,
1836 732 2089 805 expendi.

500 833 591 889 Sic
620 833 744 903 plus
772 831 980 885 debens
1008 846 1174 901 quam
1194 828 1403 884 habens
1430 825 1516 895 ³³⁸,
1548 824 1690 896 apud
1721 822 2092 879 venerabilem

500 923 716 975 Patrem
747 926 996 974 nostrum
1029 916 1504 986 archiepiscopum
1540 913 1958 985 Lugdunensem
1990 912 2091 966 de-

500 1015 702 1078 tentus,
735 1009 852 1077 ejus
882 1005 945 1034 ²⁸⁹
966 1005 1208 1077 benigna
1236 1004 1490 1074 largitate
1532 1010 1586 1056 et
1625 1002 1777 1073 larga
1834 1000 2091 1070 benigni-

495 1106 601 1154 tate
632 1103 927 1152 sustentor.
960 1095 1085 1149 Non
1117 1096 1217 1148 hoc
1247 1091 1367 1146 dico
1395 1090 1547 1160 quasi
1581 1089 1889 1145 desiderem
1914 1089 2093 1143 redire

492 1187 549 1242 in
603 1185 880 1257 Angliam,
913 1182 1009 1237 sed
1040 1181 1202 1236 timeo
1260 1196 1329 1235 ne
1365 1179 1502 1233 mihi
1547 1185 1726 1233 vestra
1784 1176 2093 1232 sublimitas

496 1277 833 1341 succenseat,
870 1271 915 1325 si
945 1270 994 1327 ei
1025 1276 1274 1325 nostrum
1304 1284 1422 1323 esse
1468 1283 1580 1323 non
1610 1266 1853 1321 notifico.
1888 1267 2093 1321 Precor

493 1363 663 1435 igitur
683 1368 736 1416 et
756 1361 1008 1424 obsecro,
1055 1365 1256 1429 quanto
1288 1372 1507 1427 possum
1564 1354 1778 1421 aﬂ'ectu,
1836 1362 1898 1409 ut
1943 1354 2091 1409 nullo

494 1452 657 1507 modo
704 1466 791 1504 me
839 1447 894 1505 in
930 1448 1187 1519 Angliam
1235 1445 1412 1500 redire
1456 1443 1718 1513 jubealis,
1767 1443 1870 1497 nisi
1913 1444 1987 1497 ita
2034 1450 2091 1497 ut

495 1542 676 1613 legem
699 1546 750 1594 et
780 1538 1112 1593 voluntatem
1140 1534 1258 1600 Dei,
1310 1541 1363 1588 et
1399 1533 1615 1588 decreta
1663 1531 1956 1602 apostolica
1988 1548 2090 1588 vo-

494 1630 688 1686 luntati
716 1626 954 1682 hominis
1012 1624 1175 1679 liceat
1219 1622 1351 1677 mihi
1400 1621 1654 1693 prmferre
1690 1639 1701 1673 :
1735 1630 1788 1675 et
1844 1620 1945 1676 nisi
1991 1636 2089 1676 rex

492 1718 629 1775 mihi
686 1724 850 1771 terras
908 1711 1166 1768 Ecclesiae
1210 1708 1525 1777 reddiderit,
1588 1714 1644 1764 et
1698 1708 1959 1780 quidquid
2019 1710 2086 1765 de
2112 1730 2168 1791 B

493 1805 983 1876 archiepiscopatu,
1015 1807 1235 1871 prOpter
1263 1800 1369 1853 hoc
1426 1798 1553 1870 quia
1603 1797 1793 1853 sedem
1821 1798 2087 1868 apostoli-

492 1911 612 1953 cam
670 1892 821 1965 petii,
871 1889 1120 1959 accepit;
1152 1887 1238 1944 vel
1295 1890 1462 1953 certe,
1516 1886 1661 1958 quod
1718 1901 1820 1956 pro
1895 1887 2087 1941 borum

492 1985 659 2057 digna
686 1977 1192 2048 recompensatione
1223 1975 1488 2030 Ecclesiae
1509 1974 1704 2044 prosit.
1745 1974 1914 2029 Aliter
1943 1975 2085 2030 enim

494 2070 841 2129 ostenderem
859 2083 947 2121 me
972 2065 1247 2120 hominem
1280 2065 1395 2118 Deo
1428 2062 1635 2118 debere
1656 2078 1997 2133 praeponere,
2032 2069 2090 2118 et

489 2163 633 2235 juste
663 2157 951 2228 spoliatum
983 2170 1106 2209 esse
1137 2152 1263 2225 quia
1284 2152 1471 2207 sedem
1531 2150 1892 2222 apostolicam
1941 2150 2087 2206 volui

492 2248 797 2322 requirere.
858 2244 920 2272 ²⁴⁰
978 2242 1122 2314 quod
1203 2240 1333 2296 satis
1403 2246 1545 2311 patet
1624 2255 1783 2311 quam
1858 2238 2085 2294 noxium

491 2336 801 2408 exemplum
858 2331 926 2387 sit
980 2330 1232 2402 posteris,
1304 2336 1357 2383 et
1422 2326 1774 2383 exsecrabile.
1823 2325 2088 2396 Quaerunt

490 2428 709 2501 quidam
766 2423 945 2478 minus
986 2418 1329 2490 inelligentes
1378 2432 1475 2472 cur
1554 2431 1658 2488 ego
1703 2432 1891 2488 regem
1977 2432 2086 2472 non

490 2511 907 2573 excommunico
942 2527 954 2573 ;
988 2508 1083 2563 sed
1114 2506 1490 2577 sapientiores,
1524 2512 1577 2560 et
1634 2512 1842 2561 rectum
1874 2504 2084 2561 haben-

491 2615 573 2662 tes
630 2600 937 2665 consilium,
987 2595 1275 2652 consulunt
1313 2609 1383 2649 ne
1432 2594 1489 2647 id
1543 2593 1757 2661 faciam,
1813 2593 1936 2663 quia
1975 2609 2083 2649 non

489 2692 727 2766 pertinet
753 2688 823 2743 ad
854 2703 939 2741 me
967 2689 1276 2755 utrumque,
1315 2689 1369 2738 et
1416 2682 1816 2753 querimoniam
1877 2683 2082 2737 scilicet

492 2790 547 2839 et
575 2779 866 2838 vindictam
897 2774 1102 2830 facere.
1137 2771 1380 2843 Denique
1409 2770 1478 2825 ab
1522 2771 1710 2826 amicis
1763 2770 1959 2826 nostris
1989 2771 2082 2841 qui

493 2871 597 2928 sub
649 2866 843 2924 eodem
898 2878 1032 2934 rege
1080 2868 1222 2928 sunt,
1280 2859 1594 2916 mandatum
1655 2859 1784 2913 mihi
1814 2868 1892 2914 est
1956 2860 2084 2931 quia

489 2975 615 3017 mea
634 2952 1146 3016 excommunicatio,
1177 2949 1222 3004 si
1243 2949 1414 3016 ﬁeret,
1460 2948 1528 3003 ab
1558 2948 1651 3003 illo
1700 2958 2082 3004 contemnere-

489 3058 576 3106 tur
602 3046 663 3077 ’“
695 3052 747 3101 et
776 3044 830 3098 in
859 3040 1102 3097 derisum
1134 3044 1560 3094 converteretur.
1609 3037 1693 3092 Ad
1735 3038 1851 3093 haec
1902 3038 2082 3093 omnia

489 3135 788 3194 auctoritas
817 3137 1011 3187 vestrae
1032 3126 1336 3199 prudentia:
1353 3124 1418 3153 ’“
1447 3130 1640 3181 nostro
1671 3141 1778 3181 non
1800 3133 1925 3198 eget
1941 3141 2080 3181 con-

488 3226 631 3283 silio.
664 3222 899 3279 Oramus
953 3225 1011 3273 ut
1068 3218 1214 3271 Deus
1262 3216 1603 3285 omnipotens
1658 3214 1817 3269 faciat
1892 3230 2082 3270 omnes

488 3323 638 3372 actus
666 3319 876 3369 vestros
907 3306 1011 3363 sibi
1031 3306 1268 3376 placere,
1302 3312 1356 3359 et
1390 3303 1695 3360 Ecclesiam
1726 3303 1787 3333 ’“
1817 3321 1965 3359 suam
2013 3304 2083 3361 de

486 3402 657 3462 vestri
680 3398 970 3472 regiminis
998 3394 1359 3466 prosperitate
1380 3393 1471 3447 diu
1500 3393 1767 3464 gaudere.
1807 3395 1997 3449 Amen.

975 3482 1315 3539 EPISTOLA
1353 3483 1472 3536 XLI
1513 3480 1593 3535 ⁹⁴⁴.

665 3592 893 3634 IIENRICI
932 3588 1096 3629 REGIS
1135 3586 1437 3625 ANGLORUM
1476 3586 1546 3624 AD
1584 3586 1903 3626 ANSELMUM.

484 3673 741 3731 Exeusat
762 3660 1329 3734 seinauguratum‘ab
1347 3660 1481 3734 aliis
1504 3662 1775 3734 episwpis
1802 3661 2079 3731 obingru-

558 3740 935 3807 enteshostes,
969 3731 1033 3790 ut
1048 3735 1109 3787 in
1126 3732 1393 3803 Angliam
1432 3731 1707 3786 citissime
1748 3737 2074 3787 revertatur

557 3812 862 3871 supplicat.

557 3831 624 3871 su
704 3830 862 3865 ucar.

554 3830 862 3964 HEP:RICUS,
920 3892 1020 3950 Dei
1060 3890 1243 3963 gratia
1297 3907 1397 3946 rex
1442 3890 1774 3961 Anglorum,
1835 3889 2080 3961 piissimo

485 3991 630 4050 Patri
651 4004 749 4044 suo
774 3982 1041 4057 spirituali
1069 3983 1355 4045 Assumo,
1390 3978 1766 4034 Cantuariensi
1796 3980 2076 4050 episcopo,

485 4083 714 4141 salutem
743 4082 796 4132 et
823 4071 1000 4130 omnis
1033 4069 1281 4124 amicitiae
1310 4067 1720 4124 exhibitionem.

553 4169 727 4235 Scias,
788 4165 946 4219 Pater
1000 4157 1335 4222 charissima,
1368 4156 1512 4227 quod
1556 4155 1727 4211 frater
1776 4171 1930 4211 meus
1975 4173 2073 4210 rex

486 4256 809 4317 Guillelmus
837 4256 1079 4305 mortuus
1100 4254 1177 4301 est
1208 4266 1223 4313 ;
1258 4253 1310 4301 et
1343 4260 1468 4316 ego,
1501 4252 1633 4299 nutu
1682 4244 1802 4312 Dei,
1853 4259 1886 4298 a
1933 4243 2079 4301 clero

485 4358 538 4406 et
584 4364 616 4404 a
663 4341 864 4417 populo
894 4337 1107 4408 Anglia
1154 4335 1376 4399 electus,
1432 4337 1487 4388 et
1561 4333 1811 4404 quamvis
1855 4333 2074 4401 invitus,

482 4443 706 4510 propter
727 4428 1026 4486 absentiam
1050 4423 1142 4494 lui,
1176 4439 1269 4478 rex
1297 4422 1412 4492 jam
1457 4429 1801 4477 consecratus
1855 4421 2071 4493 requiro

482 4508 556 4593 te,
588 4524 724 4577 sicut
756 4520 985 4582 Patrem,
1017 4528 1140 4568 cum
1174 4510 1321 4566 omni
1370 4508 1570 4581 populo
1592 4509 1825 4581 Anglice,
1876 4517 2071 4581 quate-

482 4630 585 4670 nus
612 4609 746 4665 mihi
776 4605 887 4660 filio
914 4612 1002 4658 tuo
1033 4610 1085 4657 et
1114 4601 1295 4656 eidem
1327 4598 1528 4670 pepulo
1551 4597 1704 4667 cujus
1732 4598 1834 4652 tibi
1866 4598 2075 4653 anima-

483 4718 603 4759 rum
625 4711 755 4756 cura
784 4693 1082 4752 commissa
1107 4698 1204 4756 est,
1229 4704 1392 4762 quam
1425 4687 1580 4743 citius
1612 4687 1840 4758 poteris,
1882 4688 2073 4743 venias

480 4793 549 4850 ad
575 4784 984 4847 consulendum.
1043 4779 1308 4847 Meipsum
1364 4776 1584 4849 quidem
1631 4792 1660 4830 a
1708 4777 1869 4832 totius
1915 4776 2072 4848 regni

477 4879 694 4953 Anglia)
724 4873 1002 4947 pepulum,
1057 4875 1150 4922 tuo
1179 4881 1483 4936 eorumque
1513 4864 1738 4921 consilio
1768 4864 1859 4934 qui
1890 4872 2069 4921 tecum

478 4970 610 5027 mihi
646 4964 932 5024 consulere
975 4958 1190 5026 debent,
1281 4954 1558 5012 committo
1592 4972 1605 5018 ;
1645 4962 1697 5010 et
1751 4969 1947 5025 precor
1998 4969 2068 5010 ne

476 5058 577 5119 tibi
604 5053 886 5127 displiceat
943 5044 1090 5121 quod
1137 5042 1343 5117 regiam
1389 5041 1828 5100 benedictionem
1864 5041 2071 5112 absque

2199 464 2536 533 susciperem
2587 478 2748 532 quam
2800 464 2868 519 de
2926 465 3031 519 alio
3073 464 3279 534 aliquo.
3328 462 3437 518 Sed
3497 464 3795 519 necessitas

2202 552 2299 607 fuit
2322 551 2461 618 talis,
2520 551 2649 622 quia
2705 551 2911 608 inimici
2958 554 3237 623 insurgere
3293 552 3549 607 volebant
3603 559 3793 607 contra

2199 656 2289 695 me
2320 647 2374 694 et
2403 639 2663 710 populum
2695 657 2854 710 quem
2892 641 3066 697 habeo
3124 641 3192 696 ad
3243 640 3653 713 gubernandum
3687 658 3702 708 ;
3736 646 3793 696 et

2199 728 2323 784 ideo
2355 728 2590 783 barones
2617 729 2744 794 mei,
2779 737 2835 783 et
2861 728 3006 784 idem
3036 729 3289 800 pupulas,
3326 729 3611 784 noluerunt
3666 745 3791 784 am-

2198 816 2339 887 plius
2367 831 2488 871 eam
2519 817 2779 887 protelari
2812 837 2823 872 :
2854 818 2956 873 hac
3012 819 3193 888 itaque
3252 818 3539 873 occasione
3594 834 3625 872 a
3680 819 3792 873 tuis

2199 904 2414 961 vicariis
2438 904 2586 959 illam
2618 906 2827 976 accepi.
2866 907 3139 961 Misissem
3172 906 3391 978 quidem
3422 906 3490 961 ad
3535 914 3584 962 te
3606 922 3638 962 a
3664 923 3791 964 meo

2200 993 2367 1048 latere
2394 993 2605 1064 aliquos
2634 1010 2732 1065 per
2759 1010 2895 1066 quos
2928 995 3023 1049 tibi
3054 996 3219 1051 etiam
3260 996 3327 1051 de
3383 1012 3501 1050 mea
3559 996 3793 1067 pecunia

2198 1082 2582 1149 destinassem,
2645 1083 2741 1138 sed
2799 1099 2902 1154 pro
2954 1092 3131 1140 morte
3159 1082 3220 1111 "5
3251 1084 3440 1140 fratris
3496 1087 3605 1139 mei
3652 1085 3795 1141 circa

2200 1187 2430 1241 regnum
2463 1170 2671 1243 Angliw
2703 1172 2776 1226 ita
2834 1181 2974 1227 totus
3032 1174 3182 1228 orbis
3226 1190 3518 1229 concussus
3573 1182 3673 1241 est,
3731 1180 3794 1228 ut

2199 1258 2507 1313 nullatenus
2561 1261 2632 1313 ad
2693 1268 2743 1315 te
2791 1261 3076 1317 salubriter
3125 1262 3409 1333 pervenire
3466 1263 3787 1333 potuissent.

2200 1347 2382 1402 Laudo
2404 1362 2535 1418 ergo
2559 1355 2611 1403 et
2635 1348 2833 1403 mando
2864 1366 2931 1404 ne
2963 1366 3060 1420 per
3087 1350 3532 1406 Northmanniam
3580 1352 3787 1421 venias,

2198 1436 2294 1490 sed
2319 1452 2417 1506 per
2446 1436 2734 1502 Guitsand,
2758 1445 2811 1493 et
2840 1455 2944 1509 ego
2975 1439 3245 1494 Doveram
3302 1439 3517 1495 obviam
3574 1441 3790 1497 habebo

2197 1523 2294 1577 tibi
2326 1523 2560 1578 barones
2584 1540 2757 1593 meos,
2793 1533 2845 1580 et
2867 1527 3155 1596 pecuniam
3187 1528 3256 1582 ad
3288 1536 3339 1582 te
3377 1528 3784 1598 recipiendum;

2197 1619 2250 1666 et
2304 1611 2568 1678 invenies,
2625 1614 2740 1668 Deo
2790 1614 3032 1684 juvante,
3082 1616 3227 1671 unde
3281 1616 3420 1672 bene
3476 1620 3787 1688 persolvere

2201 1700 2403 1771 poteris
2444 1702 2705 1772 quidquid
2761 1707 2948 1758 mutuo
3005 1705 3291 1775 accepisti.
3337 1705 3551 1761 Festina
3602 1708 3784 1780 igitur,

2198 1790 2377 1856 Pater,
2412 1789 2615 1857 venire,
2647 1807 2721 1846 ne
2777 1800 2948 1848 mater
2982 1801 3161 1848 nostra
3215 1794 3625 1853 Cantuariensis
3672 1798 3788 1853 Ec-

2197 1878 2367 1933 clesia
2420 1878 2515 1933 diu
2570 1878 2836 1935 ﬂuctuans
2884 1888 2941 1937 et
2986 1882 3249 1949 desolata,
3298 1899 3465 1940 causa
3509 1885 3608 1953 tui,
3664 1902 3787 1942 am-

2196 1967 2341 2037 plius
2382 1968 2649 2023 sustineat
2705 1969 3018 2025 animarum
3064 1970 3409 2028 detrimenta.
3470 1974 3630 2030 Teste
3685 1975 3788 2031 Gi-

2196 2056 2358 2111 rardo
2395 2055 2677 2127 episcopo,
2728 2066 2782 2112 et
2827 2058 3119 2114 Guillelmo
3173 2061 3541 2117 Wintoniensi
3612 2064 3788 2123 electo

2195 2143 2472 2214 episcopo,
2531 2152 2584 2199 et
2640 2144 2933 2202 Guillelmo
2977 2147 3045 2203 de
3100 2149 3471 2217 Warelimast,
3509 2159 3563 2207 et
3590 2154 3789 2210 comite

2195 2232 2449 2299 Henrico,
2474 2240 2527 2288 et
2555 2233 2796 2289 Roberto
2824 2234 2937 2292 ﬁlio
2958 2236 3257 2307 Haimonis,
3273 2239 3603 2296 etHaimone
3622 2241 3786 2313 dapi-

2196 2319 2333 2391 fero,
2367 2328 2419 2376 et
2448 2322 2568 2377 aliis
2591 2327 2697 2377 tam
2728 2324 3001 2394 episcopis
3032 2340 3195 2397 quam
3216 2325 3534 2384 baronibus.
3578 2330 3777 2388 Valde.

2717 2430 3051 2486 EPISTOLA
3089 2432 3261 2490 XLII.

2503 2551 2807 2592 PASCIIALIS
2845 2554 2996 2593 ΡΑΡᾹΞ
3033 2554 3101 2593 ΑΙ)
3141 2556 3468 2598 ANSELMUM.

2197 2643 2261 2699 Ut
2278 2643 2537 2722 Ecctesiw
2557 2644 2960 2722 Cautuoriemi
2977 2647 3278 2704 restitutus
3290 2649 3416 2716 jam
3445 2650 3538 2706 det
3554 2667 3781 2722 operam

2265 2715 2591 2795 {tnglicanaz
2620 2717 2882 2795 Ecclesiae
2901 2722 3315 2795 restaurationi
3338 2726 3430 2795 :et
3460 2715 3781 2795 Ang'lorum

2262 2785 2460 2854 Regem
2491 2800 2618 2841 cum
2641 2787 2963 2843 Normanice
2992 2792 3193 2845 comite
3217 2793 3506 2848 conciliet.

2262 2872 2565 2928 Pssumus
2597 2873 2902 2946 episcopus,
2938 2892 3127 2933 servus
3157 2895 3437 2935 servorum
3474 2882 3589 2948 Dei,
3621 2899 3783 2940 reve-

2191 2960 2509 3017 rendissimo
2540 2963 2699 3017 fratri
2747 2972 2801 3019 et
2855 2964 3176 3036 coepiscopo
3229 2966 3531 3036 ANSELMO,
3579 2972 3781 3028 Canta-

2112 3083 2161 3146 α
2191 3048 2450 3104 riensium
2509 3052 2937 3124 archiepiscopo,
3005 3054 3234 3110 salutem
3307 3065 3363 3113 et
3427 3060 3783 3129 apostolicam

2195 3137 2295 3191 ben
2303 3138 2625 3195 edictionem
2639 3182 2651 3193 .

2263 3227 2411 3283 Sicut
2440 3228 2650 3296 injuriis
2679 3229 2782 3284 tuis
2804 3238 2856 3284 et
2909 3231 3101 3287 exsilio
3130 3234 3397 3305 compassi
3430 3251 3637 3306 sumus,
3660 3242 3773 3299 etc.

2198 3316 2323 3373 Vide
2347 3318 2411 3372 in
2441 3318 2707 3373 Pascholi
2738 3318 2806 3386 II,
2829 3319 3007 3389 infra,
3041 3320 3113 3376 ad
3141 3337 3238 3377 an.
3265 3324 3422 3379 1118.

2653 3424 2993 3481 EPISTOLA
3032 3426 3205 3481 XLIII
3243 3427 3325 3485 "‘.

2189 3544 2423 3585 ANSELMI
2453 3544 2527 3585 AD
2556 3546 2919 3587 BURGUNDIUM
2950 3549 3020 3588 ΕΤ
3048 3551 3323 3593 ΠῐΟΠΕΖΛΗ
3361 3553 3588 3595 UXOREM
3617 3555 3773 3601 EJUS.

2195 3637 2428 3693 Gratula
2437 3641 2532 3692 tur
2547 3643 2805 3709 nepotem
2820 3656 2987 3695 suum
3010 3642 3116 3697 Deo
3131 3644 3192 3698 in
3207 3647 3538 3701 servitutem
3557 3664 3673 3703 esse
3686 3649 3781 3704 di-

2226 3712 2437 3771 catum,
2509 3711 2754 3780 quodque
2790 3711 2933 3766 Deus
2974 3715 3222 3779 iuniores
3239 3731 3429 3770 eorum
3460 3718 3659 3774 liberos
3680 3738 3783 3776 ra-

2220 3782 2385 3849 pueri
2394 3784 2504 3845 t,ut
2510 3785 2635 3850 jam
2651 3781 2667 3835 ι
2675 3781 2812 3837 iberi
2821 3800 2883 3837 us
2900 3785 3010 3854 ipsi
3025 3786 3130 3840 Deo
3150 3789 3261 3840 lota
3275 3792 3467 3842 mente
3479 3791 3777 3847 servirent.

2259 3883 2562 3936 ANSELMCS
2579 3883 3046 3955 archiepisc0pus,
3071 3884 3295 3943 domino
3308 3896 3360 3942 et
3386 3889 3563 3945 amico
3579 3892 3786 3947 charis-

2189 3967 2328 4023 simo
2349 3969 2674 4024 BUBGUNDIO
2706 3980 2753 4025 et
2771 3972 2924 4027 uxori
2941 3974 3059 4042 ejus
3081 3974 3259 4030 sorori
3278 3992 3391 4032 suae
3415 3977 3782 4037 dilectissimus

2188 4064 2468 4132 Ricuuzaa,
2505 4067 2731 4123 salutem
2760 4077 2813 4123 et
2839 4069 3273 4127 benedictionem
3306 4074 3433 4129 Dei.

2260 4155 2448 4209 Sciatis
2487 4156 2612 4226 quia
2661 4155 2803 4211 ﬁlius
2860 4166 3043 4214 vester
3069 4161 3378 4230 Auselmus,
3424 4164 3781 4225 charissimus

2190 4260 2362 4313 nepos
2421 4252 2633 4312 noster,
2688 4260 2850 4301 sanus
2907 4254 2960 4303 et
3014 4247 3171 4303 lectus
3223 4258 3301 4305 est
3376 4267 3590 4309 mecum
3634 4257 3783 4326 apud

2185 4333 2508 4403 Lugdunum
2542 4350 2554 4397 ;
2592 4341 2643 4388 et
2672 4349 2796 4406 ego,
2830 4334 2929 4390 Dei
2948 4337 3141 4406 gratia,
3177 4353 3435 4410 prospere
3464 4357 3550 4397 me
3575 4342 3778 4402 habeo.

2188 4420 2408 4502 De‘filio
2434 4429 2612 4477 vestro
2633 4422 2737 4478 hoc
2758 4423 2912 4478 vobis
2940 4424 3062 4481 dico
3097 4425 3225 4498 quia
3269 4428 3512 4500 gaudere
3555 4433 3785 4502 potestis

2185 4492 2351 4561 383
2418 4510 2669 4583 multum,
2718 4512 2861 4582 quod
2894 4513 3053 4568 illum
3102 4492 3217 4570 Deo
3270 4492 3572 4573 obtulistis:
3619 4521 3785 4577 Amat

2184 4596 2329 4652 enim
2372 4599 2567 4667 Deum,
2622 4608 2675 4656 et
2721 4602 2865 4673 quod
2912 4618 3098 4658 amare
3147 4603 3347 4671 debet;
3384 4606 3526 4663 unde
3572 4609 3782 4679 gratias

2181 4701 2344 4758 agere
2382 4687 2593 4743 debetis
2650 4689 2763 4745 illis
2793 4698 2847 4746 et
2875 4707 2969 4746 eos
2998 4707 3185 4747 amare
3209 4693 3303 4764 qui
3354 4710 3477 4750 eum
3508 4696 3564 4751 in
3588 4713 3778 4756 amore

2180 4775 2280 4830 Dei
2310 4784 2363 4830 et
2387 4776 2469 4831 sui
2499 4777 2709 4834 ordinis
2738 4786 2791 4834 et
2830 4779 2885 4834 in
2934 4780 3089 4836 bonis
3142 4782 3385 4837 moribus
3439 4786 3767 4845 nutrierunt.
3854 4830 3861 4835 ι

2177 4865 2247 4919 Et
2297 4872 2444 4920 certe
2496 4867 2658 4923 credo
2715 4867 2841 4938 quia
2879 4877 3107 4940 propter
3163 4873 3263 4926 hoc
3320 4872 3571 4929 meritum
3629 4877 3779 4946 quod

2179 4953 2603 5028 primogenitum
2640 4966 2883 5012 vestrum
2916 4958 3031 5014 Deo
3063 4959 3257 5015 devota
3316 4970 3497 5019 mente
3522 4963 3774 5035 dedistis,

2176 5043 2350 5098 noluit
2378 5044 2526 5100 Deus
2543 5044 2775 5117 perdere
2797 5044 2967 5103 ullum
2997 5047 3065 5105 de
3092 5049 3246 5120 prole
3277 5058 3460 5107 vestra
3490 5066 3504 5122 ;
3538 5068 3777 5126 necper-

1774 5194 2005 5251 VARIzE
2050 5193 2474 5253 LECTIONES.

545 5308 606 5341 ’³³
634 5301 841 5364 Debilis
869 5314 1032 5373 quam
1058 5293 1261 5373 habilis
1288 5309 1396 5373 ms.
1428 5291 1634 5373 debens
1664 5307 1823 5373 quam
1856 5292 2086 5373 habens.

479 5363 654 5458 eius:
696 5363 1076 5443 atoﬁeqilll'el‘e.
1103 5366 1624 5458 QUEFUD’E‘ﬁiC.ﬂtS.
1659 5365 1951 5435 requirere.
1985 5363 2138 5458 Quod
2167 5364 2295 5419 satis
2322 5371 2473 5458 patet
2497 5382 2655 5458 quam
2681 5363 2908 5458 perium
2956 5363 3266 5442 exemplum
3324 5372 3390 5429 sit

1323 5435 1837 5491 ’“Contemneretur
1867 5453 1973 5499 ms.
1995 5444 2435 5491 contemneretur
2463 5445 2516 5491 et
2561 5439 2615 5493 in
2662 5439 2903 5496 derisum
2954 5435 3394 5501 converteretur.

463 5443 785 5515 eiecrabile.
816 5444 1088 5515 (luserunt
1104 5443 1211 5495 etc.

459 5507 595 5589 ritas
621 5507 1643 5589 vestraiprudentiaeuips.authoritatis
1698 5515 1890 5563 vestrm
1937 5507 2254 5589 prudeptjze.

2172 5288 2656 5388 "ibugdpnensem
2703 5293 2821 5384 ejus
2873 5311 2980 5354 ms.
3041 5296 3464 5388 Lugdunensem
3519 5300 3773 5388 detentus

3431 5382 3773 5507 peﬁglilifboit

2340 5502 2703 5581 “Ecclesium
2763 5527 2876 5569 ms.
2917 5511 3217 5573 Ecclesiam
3279 5530 3462 5575 suam.
3551 5502 3764 5581 “Cum

468 5576 789 5669 ediximus.
821 5576 1054 5655 collata.
1111 5580 1511 5643 “'Permortem
1542 5595 1643 5638 ms.
1676 5594 1779 5656 pro
1809 5576 2008 5638 morie.
2070 5576 2278 5637 “Cum
2306 5578 2495 5639 eodem
2528 5596 2612 5638 ms
2632 5582 2869 5643 collata.
