4010 6064
158 294 223 353 17
1437 282 1564 343 LIB.
1594 282 1686 353 III,
1715 280 1931 341 amsr.
1966 281 2182 341 XLVII.
3382 294 3450 351 τε

158 421 322 489 misit,
355 434 454 474 eos
484 432 622 490 quos
649 414 908 486 genuistis
947 428 1121 484 usque
1146 412 1213 469 ad
1231 411 1378 468 illam
1424 418 1639 467 aetatem
1688 410 1742 464 in
1771 409 1827 468 A
1859 409 2328 465 Cantuariensium
2371 411 2800 488 archiepiscOpo,
2846 416 3214 485 BENEDICTUS,
3247 417 3302 473 in
3332 419 3451 475 Do—

160 527 261 585 qua
293 507 537 580 peccatis
566 513 617 559 et
648 503 862 558 malitiae
890 503 1053 570 hujus
1093 500 1277 555 mundi
1323 500 1748 563 sordidarentur,

158 597 462 671 pervenire,
495 603 551 649 ut
584 594 747 648 vitam
778 600 1033 646 aeternam
1074 590 1388 660 perderent,
1418 590 1511 643 sed
1558 603 1754 642 omnes

162 704 249 744 eos
274 687 423 741 bono
446 683 553 737 ﬁne
583 682 649 736 de
680 681 781 736 hac
810 681 920 734 vita
960 679 1027 734 ad
1075 695 1132 733 se
1183 678 1409 732 transire
1458 676 1613 732 fecit.
1651 679 1751 730 In—

165 792 331 847 super
361 774 405 827 si
453 772 733 841 sapientes
773 768 918 835 estis,
949 775 1003 822 et
1046 766 1318 838 sapienter
1362 764 1750 833 consideratis,

157 862 475 934 intelligetis
504 861 676 914 Deum
712 857 906 914 fecisse
936 856 1093 912 vobis
1136 871 1389 927 magnam
1439 854 1752 909 misericor—

158 954 301 1009 diam
335 951 405 1005 de
437 948 594 1004 vobis
641 947 789 1016 ipsis,
822 946 1081 1015 quoniam
1129 944 1350 1000 abstulit
1397 943 1550 999 vobis
1596 959 1755 999 occa-

161 1044 371 1098 sionem
400 1036 614 1093 amandi
648 1038 749 1091 hoc
778 1034 1053 1099 saeculum,
1082 1042 1134 1088 et
1171 1033 1513 1088 desiderandi
1541 1048 1606 1087 ea
1636 1047 1755 1101 quae

162 1136 461 1192 transeunt,
492 1142 616 1183 cum
646 1126 801 1180 vobis
829 1122 1053 1178 abstulit
1102 1122 1349 1177 haeredes
1377 1122 1431 1175 in
1477 1122 1577 1176 hac
1624 1122 1751 1187 vita,

165 1231 213 1277 et
238 1220 367 1275 fecit
393 1218 535 1273 ﬁlios
560 1224 772 1270 vestros
800 1228 924 1268 suos
970 1212 1214 1267 haeredes
1256 1219 1311 1265 et
1346 1226 1471 1265 suos
1516 1210 1657 1265 ﬁlios
1702 1211 1757 1265 in

165 1318 371 1365 aeterna
394 1308 531 1364 vita.
571 1306 729 1359 Nunc
759 1302 901 1375 agite
933 1300 1137 1373 gratias
1166 1301 1279 1354 Deo
1309 1298 1437 1369 quia
1483 1299 1757 1354 exonerati

163 1398 294 1455 estis
354 1403 407 1452 et
464 1392 724 1465 expediti,
760 1398 817 1445 ut
867 1390 1039 1445 libere
1097 1396 1210 1443 toto
1266 1389 1447 1456 corde,
1502 1396 1611 1443 tota
1666 1388 1755 1441 in-

166 1487 403 1543 tentione
434 1488 488 1539 et
518 1482 645 1538 totis
674 1479 877 1536 viribus
924 1478 1147 1533 curratis
1195 1477 1263 1531 ad
1312 1478 1508 1544 Deum,
1543 1484 1595 1532 et
1640 1477 1756 1532 sol-

162 1577 295 1635 liciti
318 1574 438 1628 sitis
478 1569 815 1627 solummodo
861 1567 930 1623 de
978 1567 1155 1622 salute
1203 1565 1502 1620 animarum
1549 1574 1757 1621 vestra-

162 1683 322 1728 rum;
358 1672 411 1719 et
462 1668 519 1715 ut
566 1660 692 1714 illuc
737 1666 1037 1728 spontanee
1080 1656 1354 1711 voluntate
1404 1656 1755 1725 perveniatis,

1861 498 2006 553 mino
2030 500 2276 554 salutem.

1931 589 2101 643 Amor
2155 590 2412 658 scribere,
2472 601 2524 648 et
2580 594 2736 650 dolor
2790 597 2970 651 cordis
3036 596 3141 652 mei
3188 597 3454 669 gemitum

1861 677 2105 731 charitati
2136 686 2328 735 vestra:
2356 683 2632 752 compellit
2676 685 2909 755 aperire.
2949 688 3014 740 Et
3063 688 3189 756 quia
3235 688 3453 757 sapien-

1863 765 2004 820 tibus
2032 766 2243 835 loquor,
2280 776 2332 823 et
2362 771 2451 840 qui
2492 771 2558 827 de
2604 789 2779 843 parva
2826 776 3054 830 materia
3100 785 3290 831 norunt
3338 777 3452 832 fer-

1862 855 1983 909 cula
2013 855 2283 911 conﬁcere
2312 858 2499 925 multa,
2535 860 2654 916 ideo
2675 862 2911 918 breviter
2932 864 3311 936 succincteque
3335 882 3455 920 san-

1864 944 2034 999 ctitati
2090 952 2280 1000 vestrae
2325 947 2448 1002 dico
2496 950 2750 1019 quoniam
2800 951 3022 1006 Satanas
3078 952 3288 1008 videtur
3333 970 3456 1009 esse

1865 1033 2090 1087 solutus.
2121 1034 2235 1088 Rex
2266 1050 2499 1107 namque
2529 1038 2796 1108 superbiae
2840 1056 3007 1111 prope
3054 1049 3171 1108 est;
3205 1050 3275 1109 et,
3310 1043 3454 1113 quod

1864 1121 1970 1175 dici
2002 1123 2152 1175 nefas
2183 1130 2282 1189 est,
2316 1125 2650 1180 sacerdotum
2681 1127 2731 1182 ei
2777 1139 3116 1199 praeparatur
3158 1132 3447 1200 exercitus,

1865 1209 1988 1279 quia
2020 1210 2233 1266 cervice
2262 1213 2402 1268 elata
2460 1214 2690 1269 militant
2748 1217 2842 1287 qui
2894 1218 3166 1289 praepositi
3218 1228 3342 1274 sunt
3395 1228 3452 1275 ut

1863 1299 2146 1367 praebeant
2177 1302 2425 1372 exempla
2455 1303 2767 1359 humilitatis
2798 1320 2810 1359 :
2846 1306 2926 1361 sic
2962 1314 3020 1361 ut
3067 1307 3308 1362 Danielis
3357 1324 3458 1364 va-

1868 1386 2107 1442 ticinium
2163 1389 2412 1444 videatur
2463 1407 2586 1447 esse
2639 1394 2994 1465 completum.
3047 1397 3195 1467 Ergo
3253 1396 3342 1468 qui
3399 1397 3457 1452 in

1865 1476 2053 1531 Judaea
2085 1484 2164 1532 est
2195 1478 2263 1532 ad
2297 1488 2506 1535 montes
2537 1482 2803 1553 tugiat,et
2833 1486 2928 1555 qui
2954 1484 3018 1539 in
3050 1489 3193 1541 tecto
3223 1490 3324 1554 est,
3346 1502 3461 1542 non

1871 1566 2175 1621 descendat
2213 1569 2407 1623 tollere
2456 1571 2672 1641 aliquid
2714 1572 2780 1626 de
2830 1573 2987 1629 domo
3040 1573 3258 1638 (Matth.
3299 1591 3453 1641 xxtv,

1868 1656 1977 1723 Π),
2010 1662 2114 1710 etc.
2148 1655 2381 1711 Proinde
2430 1674 2547 1726 v05,
2579 1659 2670 1730 qui
2718 1659 2771 1713 in
2822 1668 2962 1715 tecto
3005 1662 3219 1716 Domini
3267 1676 3460 1732 passer

162 1772 268 1828 quo
303 1756 455 1810 Deus
482 1750 623 1804 ﬁlios
652 1756 859 1802 vestros
900 1745 989 1815 qui
1034 1746 1231 1799 mortui
1278 1752 1421 1814 sunt,
1452 1744 1606 1800 vobis
1653 1760 1753 1799 no-
1785 1760 1840 1821 Β
1870 1744 2136 1798 solitarius
2182 1746 2454 1811 extitistis,
2506 1755 2559 1801 et
2605 1763 2791 1820 agrum
2840 1750 2939 1804 Dei
2996 1765 3213 1805 vomere
3254 1751 3459 1824 linguae

164 1844 423 1908 lentibus,
458 1836 877 1893 misericorditer
922 1834 1099 1897 traxit,
1132 1836 1187 1887 et
1236 1849 1343 1903 quo
1391 1834 1545 1887 istum
1595 1850 1759 1904 quem

162 1935 276 1990 Deo
306 1930 562 1993 dedistis,
597 1927 709 1981 Deo
737 1923 1048 1995 adjuvante,
1072 1932 1454 1993 perventurum
1478 1932 1759 1992 exspecta-

162 2039 303 2083 mus,
356 2018 449 2073 ubi
496 2015 700 2088 pariter
751 2021 906 2084 pater
953 2022 1003 2067 et
1052 2022 1242 2076 mater,
1295 2009 1389 2064 ﬁlii
1436 2020 1487 2066 et
1534 2010 1658 2068 ﬁliae
1704 2012 1760 2066 in

162 2116 465 2180 c005pectu
495 2105 592 2160 Dei
619 2104 675 2158 in
703 2103 879 2176 gloria
915 2109 1112 2156 aeterna
1142 2099 1456 2171 gaudeatis;
1488 2108 1541 2154 et
1587 2118 1760 2156 unus-

159 2201 393 2271 quisque
446 2199 655 2251 tantum
702 2193 771 2247 de
818 2191 1046 2262 singulis
1085 2188 1206 2243 aliis
1256 2198 1515 2260 quantum
1583 2190 1649 2245 de
1700 2206 1758 2244 se

158 2289 452 2361 glorietur.
486 2287 651 2356 Ergo,
683 2279 1020 2336 dilectissimi
1048 2277 1110 2307 ²⁴⁷
1139 2286 1190 2334 et
1220 2277 1557 2343 amicissimi,
1592 2278 1760 2333 frater

156 2378 482 2434 charissime
545 2381 597 2429 et
657 2387 812 2427 soror
864 2369 1199 2435 charissima,
1248 2383 1457 2439 precor,
1510 2368 1756 2437 obsecro,

157 2483 377 2533 moneo,
414 2462 644 2520 consulo
675 2477 745 2516 ne
771 2459 1129 2517 contemnatis
1151 2456 1576 2512 misericordiam
1596 2473 1757 2527 quam

155 2559 304 2613 Deus
338 2553 500 2610 vobis
526 2568 634 2607 non
678 2547 1185 2620 praemeditantibus
1235 2545 1397 2615 fecit;
1428 2554 1479 2599 et
1519 2561 1587 2600 ne
1635 2562 1759 2616 per-

155 2647 291 2702 datis
320 2644 559 2717 gloriam
590 2655 754 2713 quam
784 2640 927 2694 Deus
955 2636 1129 2701 vobis,
1163 2634 1207 2689 si
1237 2636 1397 2705 culpa
1426 2640 1610 2689 vestra
1654 2650 1761 2690 non

156 2736 335 2803 fuerit,
405 2730 760 2803 praeparavit.
838 2726 1185 2799 Cognoscite,
1254 2725 1569 2797 cognoscite
1635 2725 1760 2795 quia

158 2826 298 2897 quod
354 2826 503 2879 Deus
551 2837 648 2876 vos
695 2821 767 2874 ita
815 2816 1065 2873 omnibus
1115 2814 1240 2868 ﬁliis
1284 2814 1504 2868 orbatos
1552 2814 1608 2867 in
1658 2814 1760 2869 hac

158 2915 263 2969 vita
309 2914 467 2968 solos
516 2911 665 2975 fecit,
708 2924 816 2963 non
865 2914 949 2961 est
991 2905 1071 2959 ira
1118 2903 1238 2972 Dei,
1272 2903 1369 2958 sed
1413 2903 1589 2974 gratia
1636 2903 1756 2968 Dei,

159 3013 212 3058 ut
259 3003 357 3073 qui
403 3003 521 3071 jam
568 3000 669 3054 soli
726 2995 1080 3075 remansistis,
1120 2992 1258 3047 nihil
1302 2992 1562 3046 habentes
1615 2992 1757 3061 quod

1872 1832 2098 1887 viriliter
2126 1834 2486 1901 conscidistis,
2519 1836 2589 1890 ad
2623 1846 2835 1892 montes
2867 1839 3052 1911 fugere
3098 1856 3198 1895 nec
3243 1847 3462 1911 oportet

1868 1920 1935 1975 de
1964 1922 2127 1992 plano
2159 1921 2365 1993 aliquid
2398 1923 2611 1980 tollere.
2646 1926 2763 1979 Etsi
2802 1927 2986 1982 Romae
3033 1943 3145 1982 non
3197 1939 3275 1984 est
3314 1947 3461 1987 nunc

1870 2011 2192 2081 Gregorius,
2242 2015 2324 2065 est
2365 2020 2541 2067 tamen
2592 2014 2802 2086 Anglia:
2856 2016 3226 2086 Augustinus;
3274 2028 3325 2072 et
3369 2020 3460 2090 qui

1870 2099 2022 2153 dedit
2051 2099 2100 2153 ei
2129 2100 2286 2172 signa
2334 2108 2389 2155 et
2435 2102 2689 2173 prodigia
2734 2103 2935 2172 tacere,
2969 2105 3121 2159 dabit
3163 2106 3324 2161 vobis
3362 2123 3461 2177 pro

1870 2188 2060 2242 Christi
2084 2186 2187 2242 ﬁde
2204 2190 2269 2243 ad
2316 2188 2474 2245 ﬁnem
2498 2207 2669 2261 usque
2708 2191 2937 2247 viriliter
2969 2201 3175 2249 certare
3209 2212 3221 2248 :
3254 2196 3463 2253 Fidelis

1868 2284 1951 2332 est
1981 2279 2133 2332 enim
2154 2280 2318 2345 Deus,
2339 2281 2434 2348 qui
2456 2296 2569 2335 non
2588 2283 2846 2352 patietur
2862 2298 2951 2337 vos
2974 2286 3189 2339 tentari
3208 2300 3383 2355 supra
3404 2284 3462 2341 id

1868 2367 2009 2438 quod
2053 2365 2198 2420 terre
2241 2370 2481 2438 potestis
2529 2370 2573 2437 (Ι
2623 2369 2749 2424 Cor.
2783 2387 2836 2436 x,
2873 2373 2987 2439 13).
3024 2370 3462 2428 Benedictionem

1867 2462 2046 2509 autem
2080 2464 2311 2509 vestram
2341 2471 2448 2527 qua
2479 2455 2640 2512 debui
2678 2466 2857 2512 mente
2908 2460 3145 2528 suscepi,
3177 2460 3318 2516 bene
3365 2477 3462 2517 sa-

1868 2544 2133 2613 pientem,
2165 2543 2305 2599 bene
2333 2544 2691 2601 redolentem.
2729 2547 2844 2601 Deo
2873 2554 3053 2602 autem
3084 2549 3290 2619 gratias
3336 2549 3462 2619 agi-

1869 2650 2006 2701 mus,
2040 2632 2169 2706 quia
2199 2648 2457 2705 saporosa
2491 2642 2613 2688 sunt
2639 2642 2691 2689 et
2719 2636 2949 2690 odorosa
2975 2653 3094 2707 quae
3126 2638 3305 2709 agitis,
3342 2653 3466 2709 quae

1867 2723 2069 2788 dicitis,
2110 2738 2231 2792 quae
2277 2723 2437 2777 datis.
2474 2725 2551 2778 De
2594 2724 2701 2780 vita
2745 2735 2925 2779 autem
2976 2734 3153 2780 vestra
3201 2726 3457 2783 dicamus

1868 2811 2090 2882 pariter,
2121 2811 2362 2866 dicamus
2405 2827 2636 2867 omnes:
2685 2813 2874 2869 Gloria
2924 2814 2987 2869 in
3037 2816 3278 2871 excelsis
3325 2817 3455 2884 Deo,

1867 2906 1923 2956 et
1953 2902 2014 2956 in
2047 2905 2202 2956 terra
2229 2918 2345 2972 pax
2368 2901 2688 2957 hominibus
2716 2903 2873 2958 bona:
2886 2904 3199 2960 voluntatis
3220 2906 3381 2975 (Luc,
3399 2922 3460 2974 ιι,

1870 2990 1977 3059 14).
2012 2991 2168 3063 Rogo
2197 3006 2317 3056 vos,
2349 2994 2498 3046 orate
2525 3007 2626 3062 pro
2674 3007 2763 3047 me
2809 3000 2868 3047 ut
2915 2993 3104 3048 Simon
3145 3009 3234 3049 me
3275 2993 3461 3065 aliqua

161 3092 377 3156 ametis,
413 3090 534 3144 sine
564 3087 715 3142 omni
765 3084 1152 3155 impedimento
1198 3082 1268 3135 ad
1314 3080 1462 3134 illum
1510 3081 1756 3147 curratis,
1790 3115 1838 3181 Ο
1866 3087 2021 3150 parte
2052 3095 2407 3150 corrumpere
2437 3088 2685 3152 nequeat,
2714 3088 2768 3137 et
2805 3082 2948 3139 Deus
2995 3082 3064 3139 ab
3112 3084 3216 3140 hoc
3261 3082 3461 3157 pelago

161 3190 208 3236 et
235 3181 287 3235 ei
329 3194 432 3234 vos
482 3184 535 3232 et
577 3181 757 3231 vestra
793 3173 1057 3229 reddatis.
1095 3170 1453 3240 Omnipotens
1494 3170 1642 3224 Deus
1683 3169 1760 3224 sic

162 3286 251 3325 vos
278 3283 382 3323 suo
408 3282 601 3322 amore
630 3263 894 3319 accendat
918 3269 976 3316 ut
1004 3276 1216 3316 omnem
1262 3258 1422 3328 hujus
1489 3260 1612 3315 vitae
1660 3259 1762 3314 de-

166 3358 535 3421 lectationem,
570 3354 735 3409 faciat
763 3358 1133 3417 contemnere,
1168 3355 1221 3404 et
1250 3347 1321 3404 ad
1350 3363 1410 3404 se
1443 3355 1550 3404 toto
1565 3346 1763 3405 aﬂ'ectu

166 3447 388 3502 tendere
416 3452 472 3501 et
494 3441 806 3515 pervenire.
839 3443 1032 3495 Amen.

684 3546 1020 3603 EPISTOLA
1050 3545 1238 3602 XLIV.

495 3652 791 3694 PASCHALIS
819 3650 977 3691 PAPE
1004 3652 1075 3690 AD
1100 3648 1423 3690 ANSELMUM.

170 3733 227 3789 Ut
256 3733 561 3789 constante
590 3744 649 3783 se
698 3730 858 3797 gerat
911 3727 971 3780 in
1008 3725 1218 3781 tuenda
1261 3723 1523 3779 Ecclesia:
1569 3722 1759 3794 Angli-

716 3813 873 3852 cance
908 3798 1167 3851 libertate
1180 3834 1192 3848 .

228 3892 541 3945 Pssumus
591 3886 901 3957 episcOpus,
945 3900 1137 3939 servus
1183 3898 1463 3938 servorum
1506 3882 1625 3948 Dei,
1658 3898 1758 3938 ve-

163 3979 386 4035 nerabili
419 3976 581 4032 fratri
608 3984 663 4029 et
690 3974 1015 4044 coepiscOpo
1038 3975 1304 4028 ANSELMO
1322 3972 1754 4038 Cantuariorum,

164 4070 392 4124 salutem
424 4075 479 4120 et
508 4064 857 4136 apostolicam
886 4062 1349 4118 benedictionem.

225 4159 352 4213 Non
378 4157 607 4227 ignoras
636 4153 836 4209 divinae
860 4151 1151 4209 voluntatis
1165 4152 1472 4223 consilium,
1506 4158 1608 4208 etc.
1632 4151 1756 4209 Vide

161 4248 213 4301 in
243 4246 516 4303 Paschali
544 4243 597 4298 II
615 4243 687 4298 ad
716 4260 812 4298 an.
849 4242 1009 4297 1118.

689 4348 1029 4405 EPISTOLA
1058 4349 1225 4406 XLV.

639 4453 892 4493 EJUSDEM
922 4455 991 4493 AD
1018 4453 1274 4495 EUMDEM.

162 4531 419 4589 Anselmo
438 4545 569 4586 eum
584 4528 651 4584 de
667 4530 883 4601 aliquot
898 4527 1081 4583 dubiis
1092 4529 1415 4585 consulenti
1432 4529 1746 4601 respondet.

225 4623 540 4675 Pascnsus
573 4617 877 4688 episcopus,
912 4632 1101 4671 servus
1132 4633 1416 4673 servorum
1444 4617 1562 4684 Dei,
1586 4634 1755 4674 vene-

161 4709 315 4764 rabili
342 4708 495 4763 fratri
524 4715 578 4762 et
607 4706 935 4777 coepiscopo
965 4708 1249 4775 Assumo,
1282 4707 1510 4763 salutem
1542 4714 1591 4762 et
1623 4723 1755 4778 apo.

161 4799 398 4853 stolicam
430 4796 888 4850 benedictionem.

226 4885 491 4942 Consulta
539 4883 635 4939 illa
678 4901 796 4954 quae
842 4902 938 4956 per
984 4885 1325 4943 venerabiles
1372 4884 1586 4939 nuntios
1638 4892 1755 4941 tuos

163 4977 481 5033 Baldemum
512 4981 565 5030 et
594 4974 995 5049 Alexandrum,
1018 4983 1119 5031 etc.
1148 4975 1271 5031 Vide
1305 4977 1364 5030 in
1390 4976 1653 5031 Paschali
1684 4975 1747 5031 II.

580 5064 749 5132 334
793 5064 1129 5119 EPISTOLA
1184 5064 1355 5118 XLV.

583 5166 877 5207 BENBDICTI
907 5170 982 5207 AD
1013 5168 1337 5207 ANSELMUM.

222 5245 612 5305 Consolatoria
641 5248 725 5300 est
756 5247 811 5301 et
842 5244 1044 5299 amicis
1077 5243 1310 5300 condita
1361 5241 1671 5314 affectibus.

222 5334 444 5393 Domini
473 5342 529 5391 et
558 5332 855 5391 venerabili
910 5331 1065 5390 Patri
1106 5334 1395 5403 ANSELMO,
1428 5332 1609 5406 gratia
1658 5331 1757 5388 Dei

1870 3169 1939 3224 ad
1966 3175 2176 3241 portam
2207 3169 2395 3224 salutis
2423 3169 2700 3239 perducat.

2316 3284 2654 3341 EPISTOLA
2692 3285 2887 3343 XLVII
2926 3286 3007 3343 ²⁴⁸.

2200 3388 2446 3429 ANSELMI
2474 3391 2544 3428 AD
2574 3390 2897 3433 PASCHALBM
2925 3391 3125 3434 PAPAM.

1869 3492 2093 3550 Auditis
2144 3492 2384 3547 decretis
2444 3493 2677 3548 Romani
2718 3494 2968 3561 concilii,
3015 3496 3109 3551 cui
3160 3492 3460 3553 Anselmus

1938 3565 2308 3638 interfuerat.
2336 3579 2446 3638 rex
2501 3564 2567 3618 de
2622 3565 2741 3619 illis
2780 3583 3075 3638 summum,
3114 3568 3457 3638 pontiﬁcem,

1938 3633 2178 3710 requirit
2203 3654 2220 3699 ;
2252 3633 2382 3710 quid
2399 3638 2590 3710 autem
2612 3652 2756 3708 papa
2764 3633 3126 3708 jadicaverit,
3146 3633 3329 3710 sibiga
3367 3643 3410 3696 i-

1939 3707 2102 3774 ﬁcari
2136 3708 2434 3761 Anselmus
2460 3707 2629 3777 petit.

1940 3816 2170 3872 Domino
2216 3816 2537 3883 reverendo,
2570 3824 2621 3871 et
2669 3817 2813 3872 Patri
2860 3819 3140 3892 diligendo
3184 3820 3463 3875 PASCHAL!

1867 3902 1949 3974 "°,
1998 3921 2209 3961 summo
2260 3905 2517 3976 pontiﬁci,
2568 3908 2885 3973 ANSELMUS,
2949 3925 3139 3964 servus
3205 3907 3465 3965 Ecclesia

1867 3994 2287 4062 Cantuariensis,
2319 3993 2558 4050 debitam
2608 3995 3002 4065 subjectionem
3056 4003 3110 4053 et
3158 3996 3461 4054 orationum

1865 4084 2255 4141 assiduitatem.

1935 4176 2229 4244 Postquam
2285 4180 2576 4229 revocatus
2635 4173 2702 4229 ad
2762 4174 3134 4245 episcopatum
3197 4173 3333 4231 redii
3401 4175 3459 4231 in

1864 4264 2141 4335 Angliam,
2175 4261 2386 4317 ostendi
2432 4262 2654 4317 decreta
2705 4262 3001 4333 apostolica
3059 4279 3181 4333 quae
3233 4263 3288 4317 in
3344 4263 3458 4319 Ro-

1863 4368 2027 4409 mano
2055 4350 2287 4408 concilio
2326 4367 2565 4421 praesens
2606 4350 2821 4415 audivi;
2854 4352 2922 4406 de
2953 4367 3059 4421 qua
3098 4368 3158 4405 re
3205 4350 3461 4407 dominus

1782 4471 1839 4535 D
1861 4458 2017 4497 meus
2039 4457 2138 4496 rex
2174 4448 2408 4497 vestram
2433 4440 2717 4511 requisivit
2746 4440 3084 4494 sanctitatem
3103 4454 3201 4509 per
3217 4438 3459 4511 legatum

1863 4548 2043 4597 suum,
2064 4536 2115 4585 et
2137 4544 2243 4600 ego
2263 4544 2363 4598 per
2384 4528 2663 4599 epistolam
2687 4544 2872 4583 meam
2901 4534 3146 4584 vestrum
3182 4526 3452 4600 inquisivi,

1863 4618 2158 4677 secundum
2191 4617 2335 4686 quod
2366 4633 2481 4672 rem
2512 4616 2938 4688 cognosceretis,
2972 4615 3282 4674 consilium.
3320 4618 3460 4691 Regi

1862 4725 1961 4780 per
1991 4708 2202 4762 litteras
2232 4713 2440 4761 vestras
2466 4705 2847 4775 respondistis,
2876 4704 3005 4759 mihi
3036 4720 3167 4760 vero
3197 4705 3458 4773 minime;

1862 4798 1955 4854 sed
1986 4796 2238 4869 quoniam
2284 4794 2363 4849 illi
2406 4810 2731 4864 responsum
2779 4793 2925 4865 quod
2974 4793 3053 4847 illi
3102 4793 3369 4851 sufficeret
3398 4795 3459 4826 "°

1861 4903 1970 4943 non
2000 4884 2243 4951 dedistis,
2276 4883 2453 4938 adhuc
2478 4891 2715 4937 vestram
2759 4899 2860 4954 pro
2912 4883 3105 4938 eadem
3152 4899 3211 4939 re
3257 4885 3460 4942 adeunt

1863 4976 2086 5048 quidam
2117 4972 2357 5043 episcopi
2390 4972 2772 5042 praesentiam;
2806 4980 2859 5027 et
2901 4988 3004 5043 ego
3038 4980 3257 5027 nostros
3308 4975 3460 5033 mitto

1861 5066 2089 5137 legatos,
2122 5061 2366 5131 responsi
2412 5061 2577 5117 vestri
2624 5061 2754 5116 mihi
2800 5060 3062 5116 relaturos
3112 5064 3456 5134 sententiam,

1863 5171 1931 5210 ne
1965 5153 2098 5209 forte
2129 5152 2313 5206 videar
2360 5150 2524 5207 alicui
2574 5167 2698 5206 meo
2749 5149 2864 5206 solo
2902 5166 3064 5204 sensu
3112 5150 3198 5206 vel
3239 5154 3459 5224 propria

1862 5244 2137 5301 voluntate
2176 5234 2494 5312 ‘quidquam
2553 5240 2755 5297 facere.
2815 5240 3041 5293 Servata
3088 5239 3260 5311 igitur
3312 5243 3460 5314 apud

1864 5350 1953 5389 me
2023 5328 2326 5387 reverentia
2396 5329 2545 5385 sedis
2616 5326 2950 5401 apostolica,
3000 5343 3197 5400 precor
3263 5338 3321 5388 ut
3387 5331 3458 5391 de

1478 5429 1705 5486 VARIE
1735 5428 2125 5486 LECTIONES

223 5526 406 5603 mEgo
436 5528 775 5603 dilectissimi
808 5543 907 5585 ms.
937 5541 1072 5603 ergo
1103 5527 1469 5603 dilectissimi.
1538 5526 1742 5603 "Cum
1765 5529 1955 5603 eodem
1985 5527 2353 5603 m_s_.__collata.

163 5599 460 5659 schali'ms-
495 5601 730 5658 Domino
759 5599 1059 5657 reverenda
1108 5608 1156 5655 et
1190 5600 1336 5655 Patri
1378 5599 1659 5671 diligendo
1688 5600 1959 5657 Paschali.

2432 5521 2731 5581 ’“Domino
2763 5526 2819 5580 et
2849 5524 2997 5582 Patri
3028 5527 3326 5586 reverenda
3358 5527 3456 5584 Pa-

2038 5597 2315 5653 ’“Vestras
2364 5597 2869 5667 responsumquod
2912 5598 2990 5655 illi
3035 5599 3306 5657 sufﬁceret
3350 5618 3458 5667 ms.

167 5672 385 5734 Vestras
415 5671 803 5748 respondistis,
836 5671 967 5728 mihi
998 5686 1127 5730 vero
1156 5671 1378 5729 minime
1408 5687 1421 5729 :
1455 5665 1549 5729 scd
1580 5672 1839 5744 quoniam
1872 5672 1951 5730 illi
1978 5670 2297 5747 responsum
2329 5665 2473 5743 quod
2504 5667 2583 5725 illi
2613 5665 2906 5728 sufﬁceret.
