4010 6064
550 233 617 292 79
1109 234 1166 293 S.
1201 238 1503 294 ANSELMI
1534 239 1882 299 CANTUAR.
1918 235 2237 301 ARCHIEP.
2274 246 2424 303 OPP.
2461 252 2634 308 PARS
2665 254 2759 310 III.
2793 285 2863 297 —-
2890 252 3262 321 EPISTOLE.
3775 266 3849 324 80

549 361 810 431 petitione
853 374 1012 432 quam
1061 360 1216 416 vobis
1270 362 1520 432 praedicti
1577 362 1821 435 episcopi
1871 375 2140 437 exponent
2170 368 2229 429 A
2257 370 2588 430 charissimis
2618 379 2896 436 monachis
2927 382 2981 437 in
3010 385 3279 443 Cestrensi
3307 391 3554 448 coenobio
3586 392 3648 450 S.
3684 396 3852 451 Wer-

544 450 722 518 385
782 449 927 520 quod
985 449 1176 503 melius
1251 458 1302 503 et
1375 451 1556 505 utilius
1630 452 1893 521 sapientia
1964 464 2147 509 vestra

553 538 859 593 secundum
912 539 1084 592 Deum
1128 537 1473 606 judicaverit,
1514 539 1858 611 disponatis;
1890 550 1940 596 et
1988 544 2144 615 quid-

548 626 678 697 quid
710 628 839 680 illud
898 626 1075 696 fuerit,
1110 643 1204 697 per
1258 627 1470 697 legatos
1527 634 1739 684 nostros
1796 647 1882 685 me
1939 640 2143 687 certum

546 714 783 770 faciatis.
843 715 986 771 Sicut
1042 717 1188 769 enim
1240 731 1349 770 non
1407 717 1638 788 pertinet
1695 718 1763 773 ad
1821 736 1908 775 me
1955 721 2139 777 absol—

549 820 676 860 vere
723 805 867 875 quod
916 804 1119 877 ligatis,
1154 806 1229 860 ita
1279 821 1385 861 non
1435 814 1518 861 est
1564 823 1741 862 meum
1783 807 1955 881 ligare
1995 810 2139 882 quod

544 892 838 951 absolvitis.

1001 982 1346 1039 EPISTOLA
1421 984 1666 1040 XLVIII.

1028 1087 1265 1127 ANSELMI
1290 1087 1363 1127 AD
1386 1089 1640 1131 EL'MDEM.

549 1161 859 1218 Consilium
886 1160 1216 1216 inadversz‘s
1246 1177 1367 1233 qua:
1406 1163 1533 1232 jam
1576 1178 1679 1234 per
1720 1181 1916 1221 novem
1957 1183 2137 1223 annos

608 1237 945 1307 passus_cst
987 1237 1301 1307 exspectat.
1349 1235 1732 1305 Precaturque
1780 1240 1845 1291 ut
1892 1239 2136 1307 pallium

612 1304 787 1358 electo
810 1304 1145 1358 Eboracensi
1169 1305 1423 1375 cpiscOpo
1453 1304 1756 1361 concedat.

612 1391 841 1445 Domino
872 1399 924 1444 et
955 1391 1095 1443 Patri
1119 1394 1425 1447 reverendo
1449 1394 1737 1461 PASCIIALI,
1763 1412 1982 1451 summo
2002 1412 2133 1468 pon-

534 1477 684 1543 tiﬁci,
736 1482 1054 1543 ANSELMUS,
1128 1495 1316 1534 servus
1381 1480 1637 1537 Ecclesia
1711 1484 2130 1552 Cantuariensis,

532 1566 771 1622 debitam
803 1567 918 1636 subj
928 1567 1217 1623 ectionem.

606 1654 822 1722 Quanto
852 1641 1049 1710 studio-
1076 1672 1231 1711 mens
1279 1672 1401 1712 mea
1458 1674 1558 1729 pro
1614 1676 1714 1715 sua
1770 1661 2127 1732 possibilitate

2256 460 2439 532 burga:
2470 470 2934 525 commanentibus
2951 473 3178 530 salutem
3195 485 3249 533 et
3266 478 3698 539 benedictionem
3721 485 3843 551 Dei,

2252 558 2305 604 εἰ
2334 566 2507 606 suam.

2322 667 2642 726 Benedictus
2671 674 2817 729 Deus
2844 675 2900 730 in
2932 678 3088 735 donis
3118 682 3249 749 suis,
3283 692 3335 739 et
3375 695 3596 743 sanctus
3625 688 3681 743 in
3710 706 3835 744 om-

2250 755 2407 811 nibus
2437 760 2700 829 operibus
2728 764 2859 829 suis,
2890 767 2980 835 qui
3019 776 3072 823 et
3118 785 3216 825 vos
3245 771 3307 800 ’”
3338 774 3469 830 facit
3515 785 3566 831 et
3609 793 3842 834 numero

2246 861 2491 901 crescere
2521 857 2573 903 et
2598 860 2891 922 augmento
2927 855 3212 927 religionis
3263 861 3544 932 proﬁcere.
3579 864 3842 933 Quamvis

2247 936 2389 990 enim
2419 937 2485 991 de
2514 939 2759 994 omnium
2791 958 3072 998 servorum
3112 947 3211 1002 Dei
3256 951 3499 1020 profectu
3542 956 3839 1028 gaudeam,

2243 1023 2299 1077 in
2331 1024 2487 1079 vobis
2516 1030 2697 1082 tamen
2729 1029 2929 1100 aliquid
2956 1032 3133 1090 habeo
3169 1038 3407 1107 speciale
3435 1057 3530 1095 cur
3554 1023 3624 1097 de
3652 1023 3838 1101 vestro

2243 1111 2415 1167 laetari
2444 1114 2685 1183 profectu
2717 1117 2967 1186 debeam,
3001 1122 3256 1190 quoniam
3284 1142 3384 1197 per
3412 1145 3497 1183 me
3527 1131 3671 1186 Deus
3700 1149 3838 1188 con—

2242 1202 2578 1271 gregationis
2597 1212 2792 1261 vestrae
2808 1216 2887 1262 est
2905 1209 3160 1280 dignatus
3180 1212 3462 1272 instituere
3480 1219 3832 1291 principium,

2242 1290 2515 1357 abbatem,
2548 1293 2824 1348 dominum
2854 1297 3063 1354 scilicet
3104 1301 3411 1373 Ricardum,
3445 1290 3832 1365 charissimam

2241 1378 2409 1433 ﬁlium
2441 1389 2706 1436 nostrum.
2744 1382 2964 1440 Gratias
2994 1388 3159 1459 igitur
3197 1408 3303 1464 ago
3351 1394 3468 1449 Deo
3518 1413 3620 1466 pro
3659 1400 3833 1469 gratia

2242 1482 2345 1522 sua
2376 1485 2538 1537 quam
2567 1472 2803 1526 ostendit
2829 1473 2884 1527 in
2918 1475 3074 1531 vobis
3099 1492 3112 1545 ;
3146 1487 3198 1533 et
3227 1495 3326 1536 oro
3355 1490 3431 1550 ut,
3464 1483 3602 1539 sicut
3640 1486 3832 1542 eadem

2238 1557 2418 1627 gratia
2449 1573 2548 1613 vos
2578 1562 2878 1629 praevenire
2906 1563 3166 1636 dignatus
3206 1577 3308 1635 est,
3339 1569 3414 1625 ita
3460 1572 3834 1631 indesinenter

2239 1646 2619 1715 subsequatur,
2653 1657 2920 1721 quatenus
2949 1668 3221 1724 nunquam
3254 1672 3352 1713 vos
3378 1660 3446 1714 de
3467 1660 3568 1716 hoc
3590 1661 3659 1717 ad
3682 1664 3831 1735 quod

533 1744 678 1800 sedis
706 1744 1017 1814 apostolicae
1044 1747 1408 1801 reverentiam
1440 1724 1491 1802 et
1521 1724 1882 1804 obedientiam
1912 1750 2122 1821 ample-
2154 1724 2208 1785 Β
2239 1749 2336 1789 V05
2390 1737 2660 1805 Ριόνθκίῑν
2708 1741 2983 1807 Permittitt
3036 1743 3287 1811 deﬁcere:
3342 1747 3437 1802 Sed
3483 1765 3699 1821 semper
3754 1754 3827 1809 ad

534 1840 725 1899 ctalur,
761 1839 1026 1887 testantur
1054 1835 1232 1888 multa:
1261 1843 1313 1889 et
1360 1836 1701 1906 gravissimas
1749 1838 2126 1895 tribulationes

535 1920 712 1975 cordis
739 1920 865 1988 mei,
899 1921 1000 1976 soli
1044 1921 1159 1976 Deo
1207 1929 1257 1977 et
1307 1922 1437 1976 mihi
1481 1933 1641 1989 notae,
1675 1941 1811 1995 quas
1856 1927 1926 1981 ab
1974 1927 2126 1983 initio

534 2008 878 2079 episc0patus
909 2009 1015 2064 mei
1046 2010 1304 2065 continue
1328 2010 1445 2079 jam
1476 2028 1574 2082 per
1611 2028 1805 2068 novem
1849 2030 2040 2081 annos,
2074 2024 2129 2071 et

529 2095 584 2151 in
615 2096 807 2151 exsilio
837 2105 891 2152 et
938 2097 1249 2168 episcopatu
1296 2115 1489 2169 passus
1532 2117 1671 2166 sum,
1706 2104 1832 2172 quia
1879 2103 2126 2172 ejusdem

527 2185 674 2240 sedis
704 2185 1026 2254 subjectioni
1071 2194 1122 2241 et
1171 2187 1494 2245 obedientia:
1536 2189 1975 2261 inseparabiliter
2021 2194 2124 2247 ad-

526 2274 685 2329 haesi.
723 2277 769 2327 Α
798 2290 907 2345 qua
934 2274 1232 2330 intentione
1262 2292 1419 2346 spero
1449 2277 1503 2330 in
1534 2279 1648 2333 Deo
1695 2279 1818 2349 quia
1868 2281 2001 2335 nihil
2048 2290 2128 2336 est

526 2361 671 2434 quod
702 2378 793 2417 me
825 2362 999 2433 possit
1027 2365 1328 2418 retrahere.
1362 2364 1631 2432 Quoniam
1677 2367 1746 2422 de
1796 2368 1879 2422 his
1927 2369 2124 2439 quibus

523 2451 903 2506 excellentiam
931 2459 1163 2506 vestram
1208 2453 1462 2523 requisivi
1511 2470 1609 2522 per
1649 2455 1933 2525 epistolam
1986 2458 2122 2512 mis-

522 2554 639 2594 sam
694 2540 821 2595 olim
878 2556 974 2609 per
1026 2540 1402 2608 Guillelmum,
1435 2543 1582 2613 regis
1631 2545 1801 2599 nostri
1856 2546 2119 2617 legatum,

521 2628 724 2682 nullum
767 2627 984 2697 suscepi
1025 2642 1369 2696 responsum,
1400 2630 1592 2684 iterum
1631 2646 1696 2685 ea
1743 2648 1970 2689 necesse
2016 2638 2119 2688 ha-

520 2716 626 2770 beo
650 2723 917 2785 repetere.
951 2716 1029 2768 De
1061 2717 1164 2770 hoc
1193 2717 1336 2785 quod
1383 2718 1523 2772 inter
1570 2735 1754 2790 regem
1801 2729 1854 2775 et
1897 2738 1983 2777 me
2038 2732 2121 2778 est

521 2802 771 2859 sulticere
801 2812 930 2873 puto
959 2803 1236 2873 sapientiae
1267 2812 1462 2860 vestrae
1492 2806 1635 2875 quod
1665 2808 1718 2861 in
1769 2810 1893 2864 aliis
1925 2811 2119 2866 litteris

518 2891 768 2966 signiﬁco
799 2899 850 2947 et
879 2892 1021 2960 quod
1051 2908 1148 2962 per
1177 2892 1385 2963 legatos
1406 2904 1625 2949 nostros
1648 2900 2012 2968 cognoscetis.
2038 2902 2117 2956 De

520 2997 634 3053 qua
670 2997 728 3034 re
775 2994 888 3033 non
935 2986 1018 3033 est
1066 2980 1380 3035 humilitatis
1431 2998 1565 3037 meae
1600 2993 1788 3041 vestrae
1832 2988 2115 3057 sapientiae

2233 1822 2462 1877 meliora
2483 1824 2655 1879 'donet
2703 1826 3006 1896 proficere;
3042 1833 3185 1902 quod
3227 1849 3325 1903 pro
3373 1845 3520 1892 certo
3569 1838 3687 1908 ipse
3736 1840 3826 1895 fa-

2233 1912 2361 1977 ciet,
2393 1912 2577 1967 sinon
2605 1914 2945 1985 negligentes
2996 1918 3202 1975 fueritis
3245 1923 3386 1978 bona
3432 1924 3501 1980 ad
3549 1944 3668 1998 quae
3710 1930 3825 1998 jam

2233 2001 2575 2070 pervenistis,
2607 2018 2853 2059 servare.
2887 2006 3022 2060 Cum
3053 2008 3197 2062 enim
3238 2011 3337 2066 Dei
3385 2013 3450 2067 sit
3499 2030 3597 2069 sua
3643 2017 3825 2087 gratia

2233 2105 2453 2159 semper
2482 2106 2582 2144 nos
2612 2093 2909 2161 praevenire
2936 2093 3018 2162 ⁸⁸⁸,
3053 2106 3294 2153 nostrum
3325 2110 3408 2155 est
3443 2104 3585 2174 quod
3617 2105 3823 2176 accipi-

2231 2194 2379 2243 mus,
2411 2180 2531 2249 ejus
2560 2180 2761 2236 auxilio
2788 2183 3027 2239 studiose
3066 2187 3355 2244 custodire.
3387 2190 3527 2245 Nam
3570 2195 3823 2262 quamvis

2230 2282 2334 2322 nec
2363 2267 2566 2324 habere
2596 2285 2697 2324 nec
2735 2286 2956 2328 servare
3003 2275 3277 2343 possimus
3325 2278 3548 2349 aliquid,
3576 2282 3679 2335 nisi
3725 2299 3828 2353 per

2230 2355 2405 2424 illum,
2440 2357 2667 2427 perdere
2714 2366 2893 2415 tamen
2937 2369 2990 2415 et
3037 2362 3271 2419 deﬁcere
3317 2382 3424 2421 non
3474 2377 3572 2434 est,
3607 2370 3705 2425 nisi
3754 2389 3825 2427 ex

2231 2453 2417 2499 nostra
2448 2446 2805 2517 negligentia,
2832 2465 2952 2518 qua:
2981 2452 3279 2521 saepissime
3302 2454 3489 2526 incipit
3509 2472 3541 2512 a
3562 2458 3823 2528 minimis,

2228 2531 2283 2586 in
2314 2534 2508 2603 quibus
2556 2551 2656 2589 nos
2700 2536 2926 2591 callidus
2972 2539 3143 2594 hastis
3196 2542 3332 2598 solet
3386 2544 3665 2616 decipere,
3696 2564 3824 2603 cum

2230 2621 2389 2676 nobis
2412 2624 2701 2692 persuadet
2718 2641 2780 2678 ea
2803 2640 2909 2680 non
2945 2628 3134 2699 magni
3152 2631 3415 2700 pendere.
3439 2633 3571 2689 Inde
3590 2652 3822 2708 namque

2226 2710 2471 2779 sequitur
2499 2712 2628 2765 illud
2650 2713 2905 2768 damnum
2929 2718 3263 2773 exsecrabile
3288 2721 3431 2791 quod
3464 2723 3675 2795 legitur,
3696 2725 3824 2795 quia

2226 2799 2322 2870 qui
2338 2801 2557 2870 spernit
2575 2802 2812 2868 modica,
2836 2805 3119 2874 paulatim
3136 2807 3355 2864 decidet
3377 2812 3573 2878 (Eccli.
3598 2828 3716 2876 XIX,
3740 2815 3818 2885 1).

2226 2888 2519 2942 Certissum
2580 2906 2815 2961 namque
2871 2901 2974 2964 est,
3006 2896 3153 2965 quod
3206 2897 3262 2950 in
3317 2901 3502 2955 multis
3556 2902 3821 2958 Ecclesiis

2226 2978 2603 3046 experimento
2671 2980 2976 3049 didicimus,
3045 2984 3168 3054 quia
3231 2985 3287 3039 in
3335 2991 3672 3045 monasterio
3726 2992 3823 3046 ubi

519 3069 668 3134 dare,
701 3067 796 3122 sed
826 3067 897 3121 ab
928 3082 989 3122 ea
1020 3076 1334 3139 exspectare
1367 3070 1670 3128 censilium.
1705 3056 1909 3130 Precor
1931 3084 2110 3131 autem
2144 3074 2191 3138 Ο
2222 3067 2442 3123 minima
2495 3068 2736 3123 districte
2790 3056 3180 3139 custodiuntur,
3237 3074 3315 3129 ibi
3388 3077 3538 3150 rigor
3608 3081 3821 3136 ordinis

517 3156 941 3226 omnipotentem
976 3157 1143 3210 Deum
1175 3165 1444 3227 quatenus
1474 3158 1591 3229 ipse
1622 3176 1719 3216 cor
1767 3172 2005 3218 vestrum
2047 3167 2116 3220 ad

517 3243 739 3300 laudem
770 3253 821 3299 et
848 3243 1090 3316 gloriam
1122 3245 1360 3299 nominis
1386 3245 1473 3300 sui
1503 3256 1556 3302 et
1601 3249 1885 3305 utilitatem
1930 3253 2121 3310 Eccle-

514 3336 616 3400 siae
672 3350 785 3389 suae
843 3332 1060 3405 dirigat,
1114 3341 1171 3388 ut
1222 3333 1291 3388 de
1342 3335 1489 3392 vultu
1534 3337 1652 3406 ejus
1704 3340 1970 3409 judicium
2030 3360 2122 3399 ve-

521 3434 705 3482 strum
737 3422 982 3493 prodeat,
1044 3429 1097 3477 et
1153 3422 1295 3478 oculi
1353 3423 1474 3492 ejus
1529 3425 1584 3480 in
1633 3429 1882 3484 omnibus
1911 3431 2121 3487 actibus

524 3513 727 3570 vestris
758 3511 973 3567 videant
1002 3510 1333 3582 aequitatem.
1367 3514 1446 3567 De
1476 3515 1883 3589 archiepiscopo
1910 3521 2119 3577 Ebora—

528 3601 677 3658 censi
707 3600 899 3667 elec-to,
936 3599 1077 3654 sicut
1097 3616 1197 3669 per
1225 3602 1511 3672 epiSCOpos
1553 3605 1643 3674 qui
1690 3621 1810 3660 cum
1861 3625 1926 3664 eo
1973 3620 2123 3696 sunt,

529 3688 781 3762 poteritis
808 3703 1131 3758 agnoscere,
1164 3689 1397 3757 supplex
1426 3706 1618 3759 precor
1647 3704 1907 3762 quatenus
1955 3688 2121 3769 pallio

523 3784 750 3850 propter
780 3776 922 3845 quod
947 3782 1183 3829 vestram
1214 3776 1328 3830 adit
1365 3779 1761 3851 excellentiam,
1792 3786 1949 3840 nobis
1992 3805 2117 3844 eum

524 3864 906 3922 confirmatum
938 3871 989 3918 et
1019 3864 1194 3935 gratia
1221 3874 1397 3920 vestra
1440 3867 1760 3924 honoratum
1813 3875 2112 3932 remittatis.

526 3954 701 4012 Credo
731 3954 875 4009 enim
908 3952 1051 4024 quod
1080 3968 1184 4008 non
1218 3961 1294 4007 est
1324 3953 1375 4008 in
1409 3956 1600 4027 Anglia
1631 3961 1721 4030 qui
1752 3968 1953 4017 tantum
1979 3981 2113 4035 pos-

525 4042 594 4099 sit
624 4042 680 4097 in
711 4039 1092 4097 ecclesiasticis
1112 4040 1270 4095 rebus
1302 4043 1599 4113 prodesse;
1633 4055 1685 4101 et
1710 4065 1869 4118 spero
1900 4052 1951 4104 in
1975 4055 2113 4123 Deo,

525 4131 653 4204 quia
683 4131 820 4185 sicut
855 4145 886 4183 a
942 4129 1056 4183 Deo
1106 4130 1311 4201 accepit
1368 4130 1703 4201 facultatem,
1734 4138 1895 4194 habet
1950 4142 2112 4198 etiam

523 4222 882 4278 voluntatem.
922 4216 1181 4285 Quaedam
1211 4217 1313 4274 alia
1342 4235 1460 4289 qua:
1505 4223 1672 4277 nostri
1711 4223 1875 4297 legati
1918 4237 2113 4288 vestrae

519 4308 837 4382 paternitati
865 4323 928 4361 ex
959 4314 1141 4361 nostra
1169 4314 1323 4376 parte
1354 4320 1668 4381 suggerent,
1700 4329 1893 4383 precor
1920 4326 1979 4373 ut
2006 4335 2111 4376 au-

2232 3157 2623 3213 monachorum
2672 3157 3049 3215 inviolabiliter
3092 3172 3410 3233 permanet;
3454 3167 3526 3221 ibi
3572 3183 3680 3238 pax
3726 3169 3819 3223 in-

2231 3253 2313 3301 ter
2375 3246 2585 3311 fratres,
2627 3252 2682 3301 et
2746 3247 2800 3299 in
2863 3249 3097 3318 capitulo
3166 3253 3615 3322 proclamatioues
3679 3274 3818 3314 con-

2229 3335 2548 3406 quiescunt;
2582 3334 2674 3388 ubi
2715 3351 2846 3391 vero
2893 3338 3104 3392 minimi
3149 3356 3397 3397 excessus
3444 3345 3815 3418 negliguntur,

2227 3422 2303 3477 ibi
2356 3429 2498 3478 totus
2545 3423 2683 3479 ordo
2739 3425 2989 3493 paulatim
3048 3426 3337 3499 dissipatur
3399 3440 3453 3486 et
3503 3433 3813 3492 destruitur.

2229 3511 2284 3567 Si
2316 3527 2448 3584 ergo
2479 3512 2547 3567 de
2595 3513 2790 3568 virtute
2834 3513 2887 3567 in
2940 3515 3189 3571 virtutem
3237 3527 3289 3572 et
3333 3519 3402 3574 de
3448 3522 3693 3591 profectu
3747 3526 3816 3580 ad

2226 3600 2527 3670 profectum
2575 3601 2737 3655 vultis
2782 3600 2841 3629 ”‘
2886 3604 3198 3673 ascendere,
3251 3623 3470 3679 semper
3532 3610 3716 3667 timete
3761 3614 3819 3668 iu

2226 3688 2454 3760 singulis
2485 3690 2729 3743 minimis
2757 3691 2928 3746 Deum
2959 3691 3256 3749 offendere.
3289 3697 3414 3751 Non
3444 3698 3655 3754 debetis
3679 3717 3814 3756 con-

2224 3776 2463 3831 siderare
2496 3794 2655 3847 quam
2688 3795 2854 3847 parva
2881 3780 2947 3833 sit
2978 3796 3068 3835 res
3096 3799 3253 3851 quam
3286 3792 3469 3840 contra
3502 3789 3816 3858 prohibitio-

2225 3870 2364 3919 nem'
2389 3865 2592 3934 facitis,
2625 3867 2722 3920 sed
2764 3876 3018 3936 quantum
3063 3870 3259 3925 malum
3304 3874 3374 3927 sit
3412 3875 3815 3933 inobedientia-

2224 3969 2382 4025 quam
2416 3969 2515 4023 pro
2547 3970 2713 4024 parva
2743 3971 2800 4009 re
2830 3956 3117 4012 incurritis.
3151 3959 3276 4015 Sola
3315 3961 3460 4016 enim
3508 3964 3815 4022 obedientia

2218 4043 2393 4112 potuit
2422 4043 2696 4096 hominem
2727 4043 2778 4097 in
2810 4045 3057 4114 paradiso
3101 4048 3354 4115 retinere,
3388 4051 3531 4107 unde
3571 4069 3669 4123 per
3717 4055 3806 4110 in-

2219 4130 2585 4186 obedientiam
2613 4131 2819 4200 ejectus
2845 4141 2957 4203 est;
2990 4151 3169 4205 neque
3194 4137 3261 4192 ad
3290 4154 3523 4211 regnum
3554 4143 3813 4199 calorum

2220 4219 2416 4291 aliquis
2447 4221 2544 4274 nisi
2577 4236 2673 4291 per
2700 4220 3067 4278 obedientiam
3114 4226 3424 4295 perducitur
3451 4228 3536 4283 ³⁵⁸.
3578 4231 3815 4288 Pensate

2219 4308 2345 4379 quia
2390 4308 2431 4362 si
2473 4309 2635 4364 homo
2690 4325 2787 4379 per
2843 4326 3007 4365 unam
3063 4313 3229 4367 solam
3287 4315 3706 4374 inobedientiam
3754 4321 3816 4377 in

520 4398 636 4454 dire
666 4406 823 4467 atque
853 4396 917 4450 ad
948 4411 1013 4451 ea
1053 4396 1381 4467 respondere
1419 4398 1735 4471 dignemini.
1770 4404 2006 4463 Oramus
2057 4418 2110 4466 ut
2137 4424 2189 4484 D
2222 4404 2420 4451 tamam
2452 4399 2725 4453 miseriam
2759 4415 2919 4468 quam
2951 4401 3184 4469 Patimur
3211 4403 3266 4457 in
3297 4404 3399 4460 hoc
3428 4407 3628 4462 mundo
3675 4424 3813 4479 ΡΓο-

516 4486 665 4541 Deus
706 4487 1048 4557 omnipotens
1094 4486 1440 4541 sanctitatem
1510 4497 1751 4546 vestram
1801 4493 1893 4549 diu
1954 4498 2112 4554 nobis

514 4582 823 4631 conservet.

983 4661 1319 4720 EPISTOLA
1350 4665 1524 4721 XLIX
1555 4664 1634 4723 ’5‘.

757 4766 999 4807 ANSELMI
1029 4767 1101 4805 AD
1139 4768 1434 4809 MONACIIOS
1474 4772 1849 4815 CESTRENSES.

507 4840 587 4898 De
604 4855 833 4896 suorum
854 4842 1261 4917 monachorum
1280 4847 1539 4917 pro/ccta
1554 4849 1778 4917 gaudet,
1794 4854 1849 4904 et
1861 4850 1933 4906 ad
1943 4868 2105 4910 accu-

580 4918 768 4966 ratam
797 4913 971 4967 etiam
1004 4916 1065 4965 in
1102 4913 1356 4968 minimis
1379 4913 1791 4975 obseruantiam
1815 4921 2098 4989 hortatur,

576 5000 871 5055 Anselmus
910 4999 1375 5071 archiepiscopus,
1411 5003 1670 5061 fratribus
1719 5017 1764 5062 el
1816 5008 1941 5065 filiis
1989 5015 2102 5069 suis

2212 4484 2394 4554 jectus
2424 4493 2525 4556 est,
2557 4496 2835 4558 quamtum
2867 4488 3160 4544 debeamus
3191 4506 3312 4547 eam
3342 4494 3569 4550 horrere
3600 4504 3652 4550 et
3669 4497 3812 4553 obe-

2218 4573 2432 4629 dientize
2461 4574 2606 4630 bono
2636 4576 2873 4631 studere.
2906 4577 2966 4630 In
2996 4577 3309 4635 obedientia
3338 4589 3478 4637 totus
3499 4584 3652 4655 vigor
3666 4584 3812 4642 bene

2218 4662 2439 4718 vivendi
2470 4665 2814 4731 construitur,
2848 4666 2901 4720 in
2932 4665 3052 4735 ejus
3100 4668 3431 4741 negligentia
3477 4672 3801 4729 destruitur.

2214 4750 2405 4805 Abbati
2436 4768 2571 4823 ergo
2602 4760 2779 4809 vestro
2810 4754 3172 4811 obedientiam
3203 4773 3309 4813 non
3340 4759 3513 4814 solum
3546 4760 3598 4814 in
3616 4776 3805 4832 Opere,

2212 4841 2312 4895 sed
2361 4839 2519 4895 etiam
2552 4840 2609 4895 in
2640 4841 2913 4898 voluntate
2969 4861 3068 4914 per
3123 4847 3303 4901 omnia
3360 4848 3607 4905 exhibete
3637 4848 3716 4920 ³⁵⁸,
3750 4861 3811 4909 et

2210 4929 2281 4983 ad
2310 4928 2538 4983 invicem
2570 4945 2759 5000 pacem
2791 4939 2844 4987 et
2872 4934 3214 4988 concordiam
3246 4952 3345 5006 per
3386 4946 3625 4993 mutuam
3656 4941 3804 4996 dile-

2209 5017 2442 5073 ctionem
2476 5017 2704 5086 habete;
2739 5036 2898 5091 quam
2930 5021 3275 5080 dilectionem
3314 5026 3396 5081 sic
3420 5024 3482 5055 ³⁵⁷
3508 5028 3714 5086 nutrire
3745 5038 3804 5087 et

1816 5099 2039 5155 VARIIE
2078 5105 2490 5161 LECTIONES.

570 5175 862 5258 “‘Collatd
880 5192 1008 5234 cum
1033 5177 1359 5274 eodemﬁz‘s.
1395 5185 1452 5237 et
1499 5196 1629 5240 cum
1666 5186 1819 5242 Edit.
1846 5190 2053 5271 Gotaet
2090 5192 2204 5274 got.
2238 5196 2396 5274 1:373.
2429 5193 2615 5274 “’Qui
2644 5212 2771 5274 suos
2817 5216 2921 5255 ms.
2958 5203 3026 5274 et
3072 5202 3221 5258 Edit.
3257 5202 3351 5274 qui
3396 5220 3515 5260 vos.
3567 5204 3801 5263 ’“Sem-

537 5261 601 5350 el:
630 5251 931 5350 Ρνέξνθηίξο
963 5266 1067 5350 τηε.
1101 5255 1156 5304 et
1181 5250 1710 5350 Ifidit.ms'emp'ernos
1741 5263 2066 5350 praevenire.
2097 5261 2225 5318 ’“In
2254 5250 2819 5350 virtutem-TvultiSms.
2844 5275 2900 5326 et
2932 5273 3080 5350 fidit.
3114 5274 3167 5327 in
3198 5250 3451 5350 virltutem
3483 5278 3630 5350 etde
3659 5296 3799 5350 pro-

520 5322 641 5374 ectu
671 5322 739 5374 ad
762 5322 1290 5419 lpt‘OfeCllllﬂL'Vlllj‘IS.
1324 5322 1754 5419 ’f‘Pei-llpcitur;
1776 5332 1987 5411 Abbati,
2021 5342 2129 5389 etc.
2170 5352 2272 5417 ms.
2299 5341 2354 5392 et
2409 5338 2544 5419 edit.
2584 5322 2911 5419 Perducitur.
2932 5322 3170 5419 I’ie'nsa‘te
3210 5322 3344 5415 quia
3370 5322 3432 5400 *εἰ
3483 5322 3643 5403 homo
3659 5322 3798 5419 ’,μέν

493 5406 659 5445 unam
694 5394 861 5444 solam
894 5392 1313 5445 inobedientiam
1346 5395 1398 5446 in
1432 5404 1630 5450 tantam
1663 5400 1940 5456 miseriam

1974 5420 2132 5489 qua'm
2165 5408 2478 5489 patimurin
2528 5410 2631 5465 hoc
2681 5415 3202 5489 mundo_project_us
3236 5408 3332 5489 est
3375 5427 3635 5489 quantum
3684 5408 3794 5476 de-

491 5461 719 5543 beamus
749 5477 871 5557 ﬁam
907 5462 1150 5557 ηοιυςθιθ,
1183 5466 1237 5557 ﬁt
1266 5464 1587 5557 Obefllifintiaz
1618 5461 2033 5557 bongus'tvuderé.
2068 5477 2129 5530 In
2157 5461 2477 5557 obedientia
2513 5461 2865 5557 totusjvigor
2903 5461 3044 5541 bread
3085 5486 3305 5541 vivendi
3355 5461 3700 5557 construitur,
3733 5493 3795 5549 in

492 5533 615 5632 ἔξω
642 5533 976 5614 negligentia
1004 5533 1317 5632 destr’qi‘tur.
1342 5536 1571 5632 “Abbjti,
1602 5548 1707 5632 etc.
1740 5540 2087 5624 "‘V'oluntate
2119 5533 2328 5608 exibete
2360 5533 2470 5609 ms.
2499 5533 2559 5611 et
2579 5533 3052 5613 Editvaoluittate
3081 5533 3787 5632 péi'éxiiniiiﬁwéﬁiiiiér};

494 5601 831 5687 “’quam'sic
863 5621 973 5665 ms.
1010 5608 1065 5664 et
1096 5603 1231 5665 edit.
1267 5620 1428 5682 quam
1459 5601 1800 5670 dilectionem
1833 5615 1931 5674 sic.
