4010 6064
147 302 217 360 81
1501 299 1626 360 LIB.
1669 299 1766 370 III,
1807 300 2027 365 EPIST.
2068 304 2153 367 ιι.
3395 319 3461 376 82

146 445 396 488 servare
424 429 690 503 poteritis,
725 430 770 488 si
800 431 1170 507 unusquisque
1201 447 1308 490 non
1331 436 1391 489 ut
1416 432 1551 489 alius
1578 448 1755 501 suam,
1787 427 1846 492 Α
1875 429 2016 486 dicio
2072 432 2371 488 ostenditur
2418 433 2691 491 sustinens
2722 451 2837 493 esse
2865 454 3012 504 suus,
3045 434 3099 495 in
3139 441 3461 499 monachico

146 520 254 574 sed
313 529 376 575 ut
434 521 553 589 ipse
589 521 813 577 alterius
860 524 1194 579 voluntatem
1243 523 1425 589 faciat,
1473 523 1758 578 studuerit.

145 609 514 666 Otiositatem
549 627 766 683 quoque
801 612 936 667 sicut
984 628 1093 667 rem
1140 613 1413 670 inimicam
1454 614 1760 667 animarum

144 714 180 753 a
212 699 383 753 vobis
405 699 694 764 excludite,
730 708 783 755 et
811 701 1183 774 unusquisque
1214 702 1523 757 consideret
1541 701 1670 771 quia
1692 701 1759 756 de

144 789 397 860 singulis
418 789 709 845 momentis
738 790 861 844 vita!
891 799 1090 846 nostrae
1121 791 1385 845 reddituri
1416 807 1601 845 sumus
1641 791 1758 845 Deo

143 878 448 934 rationem.
482 878 795 950 Cuicunque
827 895 958 951 ergo
989 882 1133 935 Deus
1153 880 1246 935 dat
1269 880 1508 952 aliquam
1529 884 1756 951 gratiam

142 967 217 1021 ad
249 967 561 1039 quamlibet
600 966 905 1031 utilitatem,
964 984 1027 1023 ea
1057 977 1237 1023 utatur
1292 970 1607 1040 inquantum
1657 969 1759 1023 ha-

144 1056 331 1111 buerit
359 1056 841 1126 opportunitatem.
862 1056 965 1125 Qui
989 1058 1129 1112 enim
1160 1073 1269 1113 non
1300 1058 1469 1112 utitur
1494 1065 1758 1128 potestate

142 1144 543 1201 benefaciendi
579 1160 740 1215 quam
769 1146 951 1212 habet,
1015 1145 1069 1199 in
1100 1147 1189 1201 die
1230 1147 1425 1216 judicii
1459 1146 1616 1219 quasi
1647 1162 1755 1201 non

145 1234 361 1288 habens
403 1233 751 1304 judicabitur,
805 1241 855 1289 et
895 1235 962 1289 ab
998 1234 1088 1289 illo
1136 1235 1416 1290 auferetur
1446 1236 1552 1290 hoc
1583 1236 1755 1306 ipsum

146 1322 293 1394 quod
338 1322 551 1377 habere
594 1322 829 1390 videtur,
860 1323 986 1394 quia
1030 1331 1081 1378 et
1112 1323 1338 1394 praemio
1395 1325 1537 1396 quod
1565 1324 1757 1379 mereri

146 1410 323 1482 potuit
386 1410 619 1479 carebit,
673 1416 728 1466 et
773 1411 1033 1482 deinceps
1077 1411 1281 1466 nullam
1336 1413 1569 1482 alicujus
1627 1413 1755 1468 boni

146 1499 331 1571 aperis
370 1505 692 1570 potestatem
746 1502 802 1554 in
853 1502 1032 1570 pmnis
1080 1500 1322 1554 habebit.
1377 1501 1543 1569 Quasi
1574 1509 1752 1555 autem

145 1589 233 1643 alii
255 1588 483 1642 dabitur
505 1588 650 1659 quod
681 1589 751 1643 ab
814 1588 908 1643 illo
966 1589 1262 1655 auferetur,
1298 1590 1519 1659 quando
1560 1589 1634 1643 illi
1662 1590 1752 1661 qui

144 1678 283 1733 bene
314 1680 581 1747 operatur
607 1677 900 1732 secundum
926 1678 1070 1746 quod
1099 1676 1159 1704 ³⁵⁸
1187 1679 1415 1747 accepit,
1469 1677 1753 1749 praemium

144 1765 462 1837 augebitur,
521 1765 648 1843 quia
671 1767 829 1834 juxta
879 1765 1031 1819 illum
1074 1766 1164 1837 qui
1222 1766 1569 1838 negligenter
1593 1766 1744 1835 vixit,
1779 1786 1832 1849 Β

146 1856 258 1922 ejus
287 1854 553 1925 exemplo
585 1871 615 1909 a
645 1855 788 1909 bono
817 1870 986 1924 opere
1015 1870 1127 1909 non
1159 1854 1377 1909 defecit.
1402 1854 1615 1909 Gratias
1644 1870 1748 1926 ago

145 1943 300 1997 vobis
322 1943 451 2013 quia
474 1958 575 2013 pro
606 1959 691 1998 me
721 1943 908 2009 oratis,
942 1950 998 1997 et
1025 1958 1124 1999 oro
1154 1950 1211 1997 ut
1241 1943 1311 1998 ab
1358 1945 1460 1999 hac
1489 1943 1751 1999 charitate

147 2047 251 2085 non
278 2031 589 2088 desistatis.

582 2120 749 2187 386
781 2119 1129 2175 EPISTOLA
1162 2121 1200 2174 L
1230 2118 1314 2173 ²⁵⁹.

407 2224 647 2262 ANSELMI
678 2223 747 2261 Αῐ)
779 2223 1122 2264 BERNABDUM
1152 2224 1481 2264 MONACHUM.

148 2299 334 2353 Pluris
384 2314 505 2353 esse
551 2298 780 2381 unicam
819 2298 1249 2381 imputationem.
1288 2314 1361 2353 ex
1408 2296 1745 2365 obedientia,

387 2385 561 2440 quum
592 2384 926 2424 znnumeras
957 2385 1031 2424 ea:
1058 2384 1283 2440 proprio
1311 2385 1502 2424 sensu.

208 2462 520 2512 Axsawus
573 2457 1035 2528 archiepiscopus,
1094 2458 1419 2523 Bnamano,
1479 2457 1747 2513 monacho

147 2546 380 2601 coenobii
411 2545 472 2601 S.
506 2547 846 2616 Werburgtn,
881 2546 1111 2601 salutem
1143 2553 1195 2601 et
1224 2546 1551 2601 orationem.

208 2634 411 2689 Audivi
443 2649 478 2688 a
506 2634 731 2689 domino
773 2634 967 2689 abbate
1014 2642 1103 2689 tuo
1134 2634 1281 2705 quod
1321 2634 1542 2703 majoris
1573 2634 1748 2689 meriti

141 2723 355 2792 judicas
376 2739 502 2778 cum
524 2722 824 2777 monachus
853 2739 910 2777 se
940 2728 1035 2777 aut
1055 2723 1327 2789 verberat,
1367 2730 1458 2778 aut
1514 2723 1585 2777 ab
1642 2722 1746 2778 alio

145 2829 201 2868 se
228 2811 517 2867 verberari
546 2812 803 2882 postulat,
837 2827 998 2881 quam
1023 2827 1151 2868 cum
1183 2811 1238 2865 in
1263 2812 1499 2883 capitulo
1528 2828 1595 2867 ex
1613 2827 1747 2882 prae-

146 2906 301 2972 cepto
342 2900 573 2972 praelati,
614 2915 723 2955 non
775 2917 839 2956 ex
890 2916 990 2955 sua
1052 2899 1327 2955 voluntate
1384 2900 1605 2970 vapulat
1661 2898 1742 2954 ”°.

148 2988 303 3058 Quod
338 3004 452 3044 non
483 2990 555 3044 ita
585 2996 667 3042 est
695 2989 836 3043 sicut
864 2986 925 3016 ὐ
948 2989 1258 3043 existimas.
1311 2988 1448 3043 lllud
1478 2989 1619 3042 enim
1646 2988 1743 3059 ju-

149 3078 352 3133 dicium
384 3078 533 3149 quod
560 3086 753 3147 sponte
774 3078 875 3132 sibi
915 3076 1115 3148 aliquis
1144 3076 1352 3144 indicit,
1386 3076 1569 3149 regale
1615 3085 1697 3131 est
1727 3095 1741 3142 ;

150 3166 275 3220 illud
307 3164 376 3194 ’⁸²
407 3181 540 3220 vero
571 3166 713 3236 quod
752 3181 848 3236 per
877 3164 1240 3219 obedientiam
1271 3166 1325 3219 in
1352 3165 1586 3233 capitulo
1619 3181 1745 3220 sus-

148 3256 298 3326 tinet,
360 3254 749 3310 monacbicum
783 3262 884 3309 est.
938 3252 1181 3308 Alterum
1212 3262 1293 3309 est
1323 3270 1391 3308 ex
1421 3251 1484 3281 ²⁶³
1517 3270 1614 3308 sua
1646 3269 1745 3310 vo-

149 3343 372 3410 luntate,
400 3343 630 3398 alterum
661 3358 730 3398 ex
759 3342 1218 3409 obedientia,nec
1239 3358 1309 3397 ex
1332 3357 1432 3397 sua
1445 3342 1742 3398 voluntate.

152 3432 280 3487 Illud
341 3432 491 3503 quod
546 3431 732 3504 regale
788 3430 909 3486 dico
940 3446 1085 3501 saepe
1130 3431 1235 3485 sibi
1265 3446 1428 3502 reges
1449 3438 1500 3485 et
1528 3432 1745 3501 superbi

152 3522 344 3576 divites
376 3518 491 3574 ﬁeri
520 3519 868 3590 praecipiunt,
889 3518 1021 3573 illud
1037 3534 1167 3573 vero
1192 3518 1336 3589 quod
1368 3519 1742 3574 monachicum

153 3609 286 3674 dico,
319 3624 429 3664 non
462 3608 865 3679 przecipientes,
928 3607 1025 3661 sed
1055 3606 1369 3662 obedientes
1421 3606 1738 3677 suscipiunt.

154 3696 354 3770 Regale
379 3704 531 3751 tanto
562 3695 734 3750 levius
773 3702 860 3750 est
887 3692 971 3761 ’“,
1005 3701 1208 3766 quanto
1255 3692 1523 3749 voluntati
1581 3694 1744 3749 susti-

154 3786 323 3840 nentis
351 3783 667 3839 concordat.
708 3783 1084 3838 Monachicum
1114 3789 1296 3836 autem
1324 3789 1475 3836 tanto
1522 3783 1745 3852 gravius

154 3883 352 3947 quanto
382 3888 415 3927 a
444 3871 725 3928 voluntate
754 3870 1004 3942 patientis
1031 3869 1332 3926 discordat.
1372 3872 1432 3924 In
1456 3869 1628 3942 regali
1648 3870 1743 3939 ju—

1867 521 2131 590 probatur
2159 539 2263 576 non
2280 540 2396 577 esse
2427 540 2583 579 suus.
2612 526 2750 579 Nam
2770 529 3018 598 quamvis
3048 547 3137 584 rex
3172 540 3262 587 aut
3283 532 3456 600 dives,

1867 621 1988 660 cum
2019 616 2210 677 sponte
2242 610 2480 679 vapulat,
2514 627 2573 665 se
2592 621 2928 680 peccatorem
2960 617 3241 672 humiliter
3271 627 3459 674 osten-

1866 694 1974 761 dat,
2035 696 2182 750 nulla
2214 705 2390 751 tamen
2437 699 2659 752 alterius
2701 701 2935 756 hommis
2966 703 3212 771 iussione
3245 706 3304 734 ’“
3337 707 3459 762 huic

1864 784 2154 839 humilitati
2186 802 2240 839 se
2272 786 2485 854 patiens
2516 788 2796 857 subderet,
2831 791 2927 845 sed
2956 791 3175 860 jubenti
3202 796 3455 850 omnibus

1866 868 2071 924 viribus
2102 871 2393 924 resisteret.
2428 871 2561 925 Cum
2590 879 2766 926 autem
2796 878 3102 930 monachus
3133 893 3195 931 ex
3227 888 3451 933 senten-

1866 958 1939 1012 tia
1971 958 2177 1028 przelati
2199 958 2251 1011 in
2279 959 2513 1029 capitulo
2546 961 2818 1014 humiliter
2846 962 3078 1035 ﬂagellis
3109 982 3170 1019 se
3202 968 3446 1037 subjicit,

1865 1054 2012 1101 tanto
2093 1046 2315 1115 majoris
2372 1048 2550 1101 meriti
2616 1050 2760 1104 hunc
2808 1066 2922 1105 esse
2974 1053 3175 1107 veritas
3226 1056 3450 1123 judicat,

1865 1144 2067 1207 quanto
2120 1136 2295 1208 magis
2343 1145 2395 1191 et
2424 1137 2604 1191 verius
2637 1154 2694 1192 se
2718 1154 2878 1209 quam
2907 1140 3000 1195 ille
3028 1142 3294 1197 humiliat.
3357 1145 3452 1201 Ille

1864 1240 2103 1293 namque
2152 1241 2211 1279 se
2268 1224 2371 1280 soli
2403 1227 2518 1280 Deo
2565 1227 2813 1282 humiliat
2841 1236 3059 1300 propter
3107 1242 3451 1301 peccatorum

1863 1314 2270 1379 conscientiam,
2304 1314 2404 1369 iste
2448 1330 2575 1370 vero
2606 1315 2766 1370 etiam
2812 1318 3041 1387 homini,
3066 1328 3282 1390 propter
3312 1321 3449 1375 obe-

1863 1402 2141 1456 dientiam.
2165 1403 2427 1457 llumilior
2457 1411 2634 1458 autem
2660 1404 2750 1475 qui
2777 1411 2830 1460 et
2860 1407 2974 1461 Deo
3006 1415 3059 1461 et
3084 1408 3288 1463 homini
3319 1425 3449 1479 pro-

1864 1500 1981 1561 pter
2012 1491 2178 1545 Deum
2214 1508 2273 1545 se
2327 1492 2590 1560 humiliat,
2624 1508 2791 1562 quam
2824 1495 2913 1563 qui
2942 1496 3044 1550 soli
3080 1497 3195 1553 Deo
3238 1504 3289 1552 et
3348 1514 3457 1554 non

1862 1580 2110 1634 humanm
2166 1580 2397 1649 jussioui
2429 1597 2485 1635 se
2517 1582 2786 1637 humiliat.
2836 1584 2977 1655 Ergo
3000 1585 3045 1639 si
3077 1584 3167 1657 qui
3190 1602 3247 1641 se
3280 1588 3455 1641 humi-

1862 1667 1972 1739 liat,
2009 1668 2329 1722 exaltabitur
2360 1687 2372 1731 ;
2406 1670 2491 1739 qui
2524 1686 2581 1724 se
2615 1672 2794 1743 magis
2825 1672 3456 1747 humiliat,magisexal—
3517 1727 3520 1731 .

1863 1754 2076 1807 labitur.
2098 1753 2254 1821 Quod
2274 1752 2333 1780 ’“
2364 1761 2542 1808 autem
2599 1754 2733 1821 dixi,
2766 1772 2889 1810 cum
2920 1760 3217 1813 monachus
3274 1775 3452 1830 vapu-

1861 1842 1957 1905 lat,
1989 1843 2094 1896 hoc
2116 1858 2147 1894 τι
2176 1858 2274 1896 sua
2306 1842 2578 1897 voluntate
2595 1844 2926 1910 discordare,
2952 1862 3056 1901 non
3076 1847 3145 1901 ita
3178 1848 3450 1920 intelligas

1860 1931 2010 2000 quasi
2059 1931 2198 1985 nolit
2246 1932 2349 1985 hoc
2401 1931 2672 1985 obedienti
2705 1933 2984 1987 voluntate
3014 1937 3279 2005 patienter
3327 1953 3454 2006 por—

1859 2027 1992 2084 tare,
2027 2019 2397 2089 sedquoniam
2433 2037 2497 2074 ex
2531 2021 2758 2075 naturali
2790 2023 3025 2091 appetitu
3075 2027 3257 2079 carnis
3291 2026 3453 2081 dolo-

1857 2124 1970 2162 rem
2024 2108 2190 2162 nollet
2237 2109 2486 2163 tolerare.
2522 2108 2679 2176 Quod
2708 2111 2755 2163 si
2784 2111 2925 2166 dicis
2962 2131 2973 2165 :
3006 2112 3126 2166 Non
3166 2117 3275 2167 tam
3301 2114 3452 2185 fugio

1858 2196 2128 2265 publicam
2161 2196 2563 2265 vapulationem
2600 2194 2661 2223 ’⁸⁷
2692 2205 2916 2268 prOpter
2945 2199 3159 2254 dolores
3214 2216 3351 2271 quos
3402 2210 3455 2256 et

1857 2292 2062 2339 secrete
2117 2286 2292 2339 sentio
2342 2300 2502 2356 quam
2556 2294 2775 2356 propter
2853 2288 3257 2353 verecundiam,
3316 2289 3451 2344 scito

1857 2372 1983 2443 quia
2016 2373 2103 2426 ille
2127 2372 2315 2427 fortior
2332 2373 2519 2442 estqui
2569 2374 2707 2428 hanc
2738 2390 2953 2445 quoque
3012 2376 3277 2430 sustinere
3306 2392 3452 2448 gau-

1856 2461 1945 2515 det
1976 2468 2199 2531 prOpter
2229 2460 2612 2516 obedientiam.
2640 2461 2825 2515 Certus
2866 2478 2998 2531 ergo
3028 2471 3143 2517 esto
3174 2464 3298 2535 quia
3331 2481 3451 2519 ma—

1850 2549 1987 2617 joris
2019 2549 2189 2602 meriti
2220 2556 2302 2603 est
2344 2566 2450 2604 una
2481 2549 2754 2620 vapulatio
2811 2551 3060 2606 monachi
3092 2552 3323 2608 tolerata
3350 2570 3450 2624 per

1855 2638 2235 2702 obedientiam,
2262 2653 2422 2706 quam
2453 2638 2881 2693 innumerabiles
2933 2648 3169 2709 acceptae
3194 2658 3290 2710 per
3318 2658 3451 2712 pro-

1855 2728 2027 2798 priam
2085 2726 2433 2782 sententiam.
2468 2727 2575 2782 Sed
2607 2743 2729 2783 cum
2790 2727 2909 2782 talis
2956 2736 3039 2783 est
3070 2731 3366 2785 monachus
3398 2739 3456 2786 ut

1857 2826 2149 2886 etsemper
2175 2816 2372 2870 habeat
2402 2831 2496 2870 cor
2553 2824 2804 2886 paratum
2859 2816 2975 2871 sine
3024 2821 3449 2874 murmuratione

1858 2922 1953 2975 per
1980 2904 2349 2959 obedientiam
2381 2904 2658 2974 vapulare,
2710 2912 2833 2959 tunc
2890 2905 3005 2961 sive
3054 2915 3280 2975 secrete,
3328 2907 3445 2963 sive

1853 2993 2072 3062 publice
2098 2993 2338 3063 vapulet,
2374 2992 2554 3064 magni
2576 2993 2747 3047 meriti
2805 3009 2931 3048 eum
2981 2993 3247 3050 debemus
3290 2995 3444 3065 judi-

1852 3098 1995 3137 care.

2364 3168 2708 3225 EPISTOLA
2740 3169 2809 3224 LI
2838 3169 2921 3225 "3.

2049 3274 2286 3314 ANSELMI
2314 3274 2384 3312 AD
2413 3274 2745 3314 STEPIIANUM
2773 3275 3253 3317 ARCHIDIACONUM.

1862 3369 1927 3424 Ut
1955 3367 2306 3438 abbatissam,
2325 3369 2378 3438 et
2408 3365 2879 3438 sanctimoniales
2912 3367 3217 3421 Rumeseia
3246 3383 3448 3438 super-

1927 3439 2143 3492 stitioso
2160 3436 2404 3491 homini:
2421 3436 2699 3507 defuncti,
2722 3452 2884 3507 quem
2912 3454 3011 3507 pro
3039 3443 3236 3492 sancto
3277 3436 3445 3495 habe-

1928 3510 2083 3574 bant,
2118 3508 2280 3562 cultu
2307 3506 2623 3577 prohibeat.

1926 3599 2233 3650 ANSEUIUS
2289 3594 2751 3665 archiepiscopus,
2814 3595 3109 3652 STEPHANO
3163 3595 3445 3653 archidia-

1856 3701 1993 3741 cono
2015 3682 2074 3711 ’⁵⁸
2104 3683 2343 3738 salutem
2373 3690 2425 3737 et
2444 3683 2899 3739 benedictionem.

1927 3772 2119 3826 Mando
2150 3772 2309 3826 vobis
2335 3778 2391 3825 ut
2420 3773 2533 3839 (12)
2556 3772 2692 3826 eatis
2722 3773 2789 3826 ad
2830 3773 3102 3839 Rumesei,
3146 3781 3198 3827 et
3227 3774 3444 3841 dicatis,

1856 3870 1909 3917 et
1938 3860 2168 3917 dicendo
2198 3859 2524 3931 praecipiatis
2552 3861 2766 3916 domnae
2793 3860 3080 3917 abbatissa)
3119 3859 3179 3890 "’°
3211 3871 3263 3919 et
3311 3879 3443 3918 san—

1464 3976 1689 4032 VARUS
1722 3976 2126 4033 LECTIONES.

214 4068 592 4146 “Secundum
623 4071 766 4146 quod
797 4091 901 4146 ms.
943 4079 999 4146 et
1028 4074 1175 4130 Edit.
1208 4071 1504 4146 secundum
1534 4073 1735 4127 donum
1793 4074 1958 4146 quod.
2006 4072 2209 4146 ’“Qnm
2252 4072 2591 4146 eudemon}.
2670 4074 2903 4128 collata.
2944 4073 3239 4142 ’“Vapulat
3272 4075 3443 4146 deest

153 4146 209 4201 tu
262 4162 378 4201 ms.

470 4140 677 4213 "Quid
736 4160 842 4200 non
872 4145 942 4199 ita
970 4145 998 4197 ‘?
1018 4146 1160 4200 sicut
1190 4160 1295 4199 ms.
1332 4142 1489 4209 Quod
1521 4160 1628 4198 non
1658 4146 1731 4199 ita
1754 4140 1831 4199 est
1861 4145 2012 4199 sicut.
2073 4142 2369 4213 “Regale.
2412 4143 2549 4196 Illud
2580 4160 2683 4197 ms.
2706 4146 2887 4213 regale
2935 4154 3049 4198 est:
3082 4140 3234 4198 illud.
3267 4143 3443 4199 smMo-

155 4219 463 4273 nachicum.
518 4211 759 4271 Alterum
817 4230 888 4269 ex
942 4231 1048 4269 ms.
1100 4215 1475 4269 Monachicum
1505 4222 1606 4268 est.
1647 4218 1887 4271 Alterum
1915 4224 1995 4269 est
2053 4232 2139 4268 ex.
2172 4211 2447 4267 "menius
2493 4223 2572 4266 est
2602 4230 2710 4266 ms.

2765 4187 2954 4269 glevius
3002 4224 3104 4268 est.
3136 4213 3439 4271 ’“Altcrius

150 4288 403 4356 jussione
462 4304 568 4342 ms.
619 4285 843 4341 alterius
898 4286 1134 4340 hominis
1198 4286 1464 4355 jussione.
1517 4284 1725 4356 ’“Ergo
1756 4286 1843 4356 qui
1875 4303 1933 4340 se
1966 4286 2205 4356 humiliat
2238 4285 2581 4356 exaltabitur.
2617 4284 2771 4351 Quod
2806 4302 2913 4339 ms.
2956 4302 3087 4355 ergo
3139 4288 3185 4339 si
3237 4289 3327 4356 qui
3387 4304 3448 4341 se

157 4359 396 4413 humiliat
426 4357 772 4421 exaltabitur,
808 4356 897 4425 qui
928 4372 990 4410 se
1021 4356 1203 4426 magis
1233 4357 1499 4419 humiliat,
1534 4358 1707 4426 magis
1737 4357 2080 4426 excitabitur.

2140 4355 2316 4423 Quod.
2348 4352 2819 4424 ’"Appelationem
2864 4373 2971 4410 ms.
3022 4352 3442 4424 vapulatibnem.

155 4426 350 4486 "Cum
406 4429 598 4485 eodem
628 4444 733 4483 ms.
767 4429 1000 4483 collata.
1040 4425 1348 4482 "’Diacono
1377 4443 1482 4481 ms.
1517 4428 1934 4483 Archidiacono.
1989 4425 2300 4481 moDominae
2320 4426 2621 4481 Abbatissae
2648 4442 2750 4480 ms.
2787 4428 3014 4480 Domnoc
3044 4427 3361 4483 abbatissae.

1351 4525 1647 4580 JOANNIS
1685 4525 1963 4581 PICARDI
2001 4523 2214 4580 NOT.E
2227 4564 2241 4577 .

224 4627 340 4693 (12)
373 4626 532 4680 Eatis
562 4623 635 4679 ad
669 4624 947 4691 Bumesei,
982 4627 1039 4679 et
1065 4623 1413 4687 dicatis,etc.
1442 4622 1744 4691 Haudlevi,
1776 4626 1828 4685 D
1858 4622 2179 4677 monasterii
2224 4621 2537 4692 primarium
2569 4630 2621 4676 et
2668 4623 3000 4693 praecipuum
3047 4621 3436 4678 institutorem.

163 4697 252 4751 fuit
279 4695 459 4752 labori
488 4695 574 4750 hic
587 4696 737 4749 locus
768 4694 967 4749 fateor.
1008 4695 1144 4748 Nam
1175 4711 1296 4749 cum
1330 4694 1467 4748 inter
1485 4694 1750 4763 legendos

160 4770 338 4837 script.
349 4766 559 4836 Anglos
576 4769 886 4820 occurreret
898 4766 1101 4835 passim
1116 4765 1750 4837 Rameseia,Ramesien-

162 4835 360 4910 sisque,
395 4835 533 4910 etin
562 4851 623 4890 ea
654 4836 917 4910 degentes
962 4836 1238 4899 monachi,
1288 4835 1746 4910 stabamdubius,

165 4906 349 4963 videns
395 4910 450 4961 in
483 4909 582 4961 hac
609 4907 765 4977 epist.
815 4922 1137 4976 expressum
1169 4922 1370 4961 nomen
1425 4906 1740 4977 abbatissae.

164 4980 373 5034 Tabulae
432 4994 567 5032 vero
624 4976 1026 5032 Lincolniensis
1073 4978 1316 5031 ecclesiae
1347 4993 1449 5030 ms.
1483 4976 1534 5029 in
1567 4985 1752 5031 nostra

166 5051 484 5105 bibliotheca
512 5048 767 5117 injectum
816 5063 1069 5103 exemere
1098 5047 1413 5114 scrupulum
1454 5047 1507 5099 in
1540 5063 1750 5116 paucu—

166 5120 246 5176 lis.
268 5121 544 5176 Aluvinus
561 5119 758 5175 consul
783 5135 844 5173 lu
878 5123 1127 5189 tempore
1149 5118 1432 5173 abbatiam
1453 5119 1752 5172 Remeseiw

170 5194 316 5247 intra
333 5191 569 5262 paludes
590 5190 745 5262 ﬁxit.
770 5190 925 5251 Quod
949 5198 1128 5262 autem
1160 5190 1244 5262 ha:
1286 5189 1530 5262 tribuan_t_
1551 5189 1751 5262 funda-

169 5258 363 5316 tionem
392 5260 769 5316 Ramesieusis
796 5259 1032 5315 emnobii
1066 5260 1296 5314 Aluvino
1326 5258 1535 5314 consuli
1564 5260 1640 5313 ita
1665 5259 1750 5314 vi—

171 5333 264 5388 deo
290 5333 686 5401 accipiendum.
719 5332 843 5401 quia
875 5332 964 5385 ille
994 5330 1287 5400 plurimum
1310 5346 1489 5401 opera:
1511 5339 1562 5383 et
1589 5346 1751 5400 opum

173 5350 264 5388 080
290 5350 400 5386 8001
446 5350 686 5391 tendum.
719 5350 843 5401 qum
876 5350 964 5385 Ille
994 5350 1287 5400 plurimum
1310 5350 1489 5400 opera:
1511 5350 1562 5383 BI
1589 5350 1751 5400 opum

173 5419 377 5458 suarum
407 5350 638 5471 rargitus
658 5401 726 5455 sit
753 5402 821 5456 ad
851 5402 905 5456 id
944 5402 1142 5472 operis.
1192 5400 1402 5471 Reliqui
1449 5401 1595 5455 enim
1624 5401 1753 5456 scri-

173 5483 363 5544 ptores,
387 5482 445 5528 ut
472 5473 818 5529 Malmesber.
851 5472 947 5527 lib.
986 5488 1039 5527 IV
1068 5474 1150 5527 De
1179 5474 1339 5527 Pont.
1366 5472 1523 5543 Angl.
1541 5472 1751 5544 Honed.

174 5542 444 5616 etPolyd.,
473 5552 526 5601 et
554 5544 727 5616 Lilius
754 5544 819 5616 in
840 5544 1039 5616 Chron.
1093 5543 1164 5598 ad
1180 5559 1377 5616 annum
1418 5542 1519 5616 971
1555 5542 1755 5616 praedi-

175 5626 289 5674 cant
318 5612 570 5676 sanctum
599 5613 923 5673 Oswaldum
965 5614 1202 5672 Eboraci
1235 5612 1569 5684 antistitem,
1598 5612 1760 5684 hujus

1858 4694 2208 4748 Malmesber.
2248 4701 2427 4748 tamen
2457 4701 2509 4745 et
2543 4693 2753 4747 Honed.
2786 4692 2985 4745 Annal.
3046 4702 3192 4762 part.
3232 4712 3267 4760 ι,
3303 4710 3445 4749 anno

1858 4766 1982 4824 9'71,
2018 4763 2249 4817 fatentur
2276 4764 2648 4818 communibus
2687 4765 2973 4831 utriusque
3004 4779 3108 4834 ope
3166 4773 3218 4819 et
3252 4766 3448 4834 opibus

1860 4836 2147 4890 ecclesiam
2200 4835 2365 4888 fuisse
2423 4835 2723 4888 conditam.
2788 4836 2845 4886 In
2891 4834 3187 4889 llonedeuo
3242 4844 3442 4901 autem,

1861 4923 2026 4976 quem
2062 4906 2353 4958 Aluviuum
2383 4904 2596 4972 scriptae
2615 4904 2812 4958 tabulae
2844 4904 3248 4960 Lineolnienses
3278 4923 3445 4962 voca-

1860 4975 1985 5032 vere
2020 4976 2379 5031 Etheluvium
2411 4995 2428 5039 ;
2460 4975 2513 5027 in
2546 4976 2825 5029 Malmesb.
2859 4976 3192 5043 Egeluvinus
3212 4979 3452 5046 appella-

1862 5056 1970 5103 tur.
2007 5046 2257 5100 Rumesei
2275 5062 2402 5100 vero
2421 5046 2487 5098 de
2505 5062 2612 5118 quo
2646 5047 2935 5099 Anselmus
2976 5049 3079 5102 hoc
3110 5048 3161 5099 in
3195 5049 3333 5111 loco,
3369 5057 3452 5102 est

1862 5120 2124 5189 partheno
2199 5118 2500 5189 diteceseos
2566 5117 3000 5189 iWintoniensis,
3060 5120 3325 5172 excitatus
3382 5119 3451 5173 ab

1862 5188 2109 5244 Eduardo
2134 5204 2285 5259 rege,
2318 5196 2374 5241 ut
2394 5188 2721 5259 Honedenus
2774 5193 2998 5259 testatur
3045 5190 3190 5243 hisce
3222 5190 3402 5244 verbis
3436 5205 3450 5243 :

1865 5284 1880 5306 ο
1924 5264 2077 5314 Anno
2096 5259 2199 5314 967
2221 5275 2316 5313 rex
2334 5258 2639 5325 Anglorum
2654 5258 2908 5329 paciﬁcus
2920 5260 3165 5329 Edgarus
3180 5260 3233 5312 in
3257 5276 3454 5315 mona-

1861 5331 2336 5402 sterioRumeseie
2350 5332 2484 5402 (non
2503 5330 2809 5402 Rameseie,
2824 5335 2888 5402 ut
2904 5335 3167 5402 corrupte
3195 5332 3457 5402 impressi

1865 5401 2000 5457 libri
2026 5401 2253 5469 habent)
2284 5401 2430 5471 quod
2468 5416 2602 5454 avus
2632 5418 2725 5455 rex
2769 5400 3080 5456 Eduardus'
3106 5400 3293 5455 senior
3321 5418 3455 5456 con-

1862 5480 2158 5538 struxerat,
2219 5471 2655 5526 sanctimoniales
2712 5471 2997 5526 collocavit
3042 5488 3055 5525 :
3108 5482 3456 5541 sanctamque

1868 5542 2158 5598 Mcrvinam
2190 5560 2356 5613 super
2410 5559 2500 5597 eas
2546 5542 2881 5597 abbatissam
2927 5543 3222 5613 constituit.
3260 5563 3281 5590 ν
3315 5542 3458 5595 Mal-

1866 5614 2045 5671 mesb.
2079 5614 2240 5673 etiam
2260 5612 2369 5671 ιω).
2391 5615 2517 5671 nde
2538 5616 2578 5671 P
2592 5655 2606 5669 .
2628 5615 2681 5668 A
2695 5655 2708 5669 .
2733 5629 3025 5670 recensens
3042 5612 3289 5670 ccenobia
3304 5612 3461 5668 Win-
