4010 6064
516 254 580 312 83
1068 255 1125 315 S.
1160 258 1465 317 ANSELMI
1497 258 1844 321 CANTUAR.
1871 262 2198 324 ARCHIEP.
2238 262 2399 323 OI'P.
2436 264 2608 324 PARS
2639 266 2731 323 III.
2764 297 2836 309 -—
2864 263 3245 325 EPISTOLE.
3720 268 3792 330 84

502 378 909 437 ctimonialibns
939 395 1010 436 ex
1039 389 1221 439 nostra
1254 390 1426 455 parte,
1459 391 1512 441 et
1539 401 1611 441 ex
1667 390 1825 457 parte
1855 387 2095 461 episcopi
2123 391 2179 452 A
2207 408 2306 465 pos
2354 393 2445 466 qui
2494 394 2556 449 .in
2584 402 2691 450 tam
2729 393 3079 452 exsecrabilis
3121 392 3342 452 sceleris
3381 394 3791 468 protelationem

502 469 921 537 Wintoniensis,
957 479 1006 525 et
1041 479 1220 527 vestra
1251 470 1332 540 ’7‘,
1364 474 1493 528 utsi
1539 474 1728 530 nolunt
1768 493 1856 532 me
1904 479 2091 550 prohi-

500 558 632 614 bere
661 558 765 613 illis
797 559 1039 613 divinum
1071 560 1311 616 ofﬁcium
1343 561 1543 633 facere,
1577 572 1702 619 tunc
1732 582 1799 620 ex
1822 569 1934 621 toto
1960 583 2094 637 pro-

501 647 726 701 hibeant
755 654 811 702 ut
842 648 1019 702 nullus
1048 651 1241 718 honor,
1296 653 1385 721 qui
1417 653 1577 706 alicui
1625 662 1813 709 saneto
1844 656 2097 711 exhiberi

503 736 665 791 debet
695 736 1016 792 exhibentur
1062 737 1289 805 abillis,
1324 748 1412 793 aut
1457 742 1863 811 permittantab
1912 746 2095 817 aliquo

502 825 746 881 exhiberi
795 832 1005 881 mortuo
1064 826 1139 880 illi
1185 844 1342 898 quem
1389 830 1606 899 quidam
1667 828 1730 859 ’⁷³
1777 834 1962 888 volunt
1991 851 2093 904 pro

504 922 687 970 sancto
709 915 913 971 haberi.
938 915 1132 969 Filium
1149 925 1322 970 autem
1358 918 1530 987 ipsius
1560 921 1757 975 mortui
1804 922 2095 994 propellite

503 1018 537 1059 a
565 1003 713 1071 villa,
746 1019 847 1061 nec
877 1004 1110 1075 amplius
1139 1014 1487 1062 conversetur
1514 1006 1568 1060 in
1599 1008 1709 1063 illa.

1001 1146 1347 1203 EPISTOLA
1386 1149 1482 1203 LII
1514 1147 1595 1206 ’7’.

504 1248 749 1291 ANSELMI
778 1249 849 1288 AD
869 1248 1171 1290 GERARDUM
1187 1252 1659 1296 ARCHIEI‘ISCOPUM
1675 1256 2091 1299 EBORACENSEM.

512 1344 680 1402 Docet
699 1342 961 1424 inducias
976 1358 1075 1398 suo
1092 1360 1327 1424 assensu
1345 1347 1519 1415 fuisse
1536 1348 1602 1403 da
1613 1352 1699 1424 las
1715 1352 1983 1424 sacrilego
2001 1353 2097 1423 qui

716 1414 1015 1470 mulierem
1034 1416 1151 1470 vela
1162 1420 1274 1470 tam
1291 1414 1351 1471 in
1365 1434 1599 1474 uxorem
1614 1420 1878 1476 duxerat.

578 1521 905 1589 ANSELMUS,
938 1520 1111 1593 gratia
1152 1523 1253 1577 Dei
1285 1523 1737 1597 archiepiscopus
1767 1526 2092 1598 Cantuariae,

507 1610 800 1678 Genauno,
834 1610 1246 1682 archiepiscopo
1274 1612 1630 1684 Eboracensi,
1665 1615 1915 1671 salutem.

575 1718 776 1774 Notum
806 1716 965 1786 facio,
999 1717 1194 1774 dilecte
1232 1718 1327 1785 mi,
1361 1722 1679 1777 reverentia:
1725 1730 1937 1792 vestrae,
1971 1724 2097 1795 quia

506 1807 739 1863 induciae
776 1807 846 1862 de
894 1821 1060 1862 causa
1110 1806 1253 1863 illius
1310 1809 1404 1881 qui
1452 1810 1733 1866 mulierem
1782 1812 2015 1867 velatam
2042 1814 2100 1866 in

507 1897 827 1968 conjugium
888 1896 992 1951 sibi
1041 1897 1297 1967 copulare
1353 1900 1724 1971 praesumpsit,
1760 1916 1894 1969 quas
1948 1901 2101 1956 dedit

504 1982 794 2052 episcopus
824 1980 1120 2037 Lundoniae
1149 1989 1331 2037 vestra
1356 1982 1636 2050 instantia,
1655 2001 1739 2039 me
1776 1986 2020 2053 favente,
2044 1987 2098 2041 in

504 2077 714 2125 tantam
772 2069 1054 2124 infamiam
1110 2085 1388 2126 conversae
1436 2077 1560 2126 sunt
1586 2072 1739 2139 mihi,
1772 2082 1825 2128 et
1854 2074 2008 2130 vobis
2049 2082 2100 2130 et

504 2158 756 2213 omnibus
789 2173 1017 2229 quorum
1047 2172 1324 2214 consensu
1360 2161 1505 2215 datae
1531 2172 1671 2221 sunt.
1703 2163 1843 2233 apud
1877 2163 2096 2219 Lundo-

503 2246 719 2301 nienses
740 2253 793 2300 et
815 2247 958 2317 apud
978 2260 1170 2301 omnes
1200 2246 1289 2317 qui
1346 2250 1450 2304 hoc
1498 2250 1738 2319 audiunt,
1786 2259 1845 2305 ut
1902 2252 2100 2307 nullius

504 2336 608 2391 hoc
637 2332 720 2402 ’τῇ
753 2334 857 2389 nisi
886 2334 1148 2406 religioso
1176 2349 1373 2391 carens
1401 2338 1628 2407 pudore,
1657 2340 1705 2394 si
1726 2340 1916 2412 fugere
1932 2340 2096 2408 valet,

502 2421 737 2479 tolerare
766 2430 958 2495 queat.
986 2424 1292 2494 Desperant
1321 2425 1485 2480 etiam
1531 2427 1701 2482 ullum
1760 2428 1962 2484 bonum
1993 2429 2097 2485 ali-

507 2512 728 2585 quando
748 2519 1138 2584 proventurum
1174 2512 1439 2570 Ecclesiae
1468 2516 1567 2572 Dei
1598 2533 1693 2588 per
1728 2517 1852 2575 illos
1882 2519 2100 2588 episco-

2206 485 2518 539 consentire
2548 492 2859 557 potuerunt.
2894 485 3243 556 Quapropter
3293 484 3453 541 decet
3508 502 3631 556 nos,
3680 485 3796 543 imo

2203 589 2435 629 necesse
2493 575 2841 629 estomnibus
2896 573 3055 630 nobis
3102 575 3189 646 qui
3238 574 3292 629 in
3349 575 3452 630 hoc
3508 575 3800 632 consensi-

2203 678 2325 716 mus
2351 661 2432 729 ³⁷⁵,
2468 663 2514 717 si
2545 668 2654 718 tam
2684 662 2960 719 indecenti
3005 664 3335 735 improperio
3374 663 3659 733 subjacere
3686 680 3796 720 no-

2204 751 2399 820 lumus,
2462 760 2726 824 quatenus
2782 753 2897 808 dies
2955 753 3201 822 ejusdem
3253 768 3431 809 causa:
3470 753 3798 809 deﬁnienda:

2203 841 2560 896 constituatur
2609 841 2866 909 celerius,
2926 842 2977 897 in
3004 858 3117 916 quo
3161 843 3501 913 prmsentiam
3547 852 3796 899 nostram

2203 937 2255 985 et
2283 938 2535 997 vestram,
2563 937 2655 986 aut
2686 931 2732 985 si
2762 933 2867 987 hoc
2898 948 3022 987 esse
3054 931 3258 1003 nequit,
3291 932 3527 1004 aliquam
3551 932 3795 987 rationa—

2204 1018 2369 1075 bilem
2401 1037 2466 1076 ex
2491 1030 2681 1076 nostra
2702 1029 2755 1076 et
2785 1021 3033 1076 similiter
3071 1038 3137 1076 ex
3168 1030 3343 1077 vestra
3398 1030 3549 1092 parte
3598 1037 3795 1092 perso-

2203 1124 2332 1163 nam
2388 1110 2583 1165 adesse
2629 1110 2898 1179 cupimus.
2955 1109 3128 1178 Quem
3186 1111 3335 1165 diem
3390 1110 3445 1165 in
3474 1119 3665 1167 octava
3702 1111 3793 1166 die

2203 1198 2514 1253 Nativitatis
2570 1200 2633 1255 S.
2686 1199 2785 1253 Dei
2812 1198 3087 1270 genitricis
3108 1200 3303 1265 Mariae,
3338 1201 3587 1270 quamvis
3634 1200 3797 1255 nobis

2203 1287 2366 1342 nimis
2396 1287 2694 1359 longinqua
2724 1297 2944 1358 prepter
2973 1288 3291 1357 praedictam
3340 1303 3551 1343 causam
3582 1290 3667 1354 sit,
3700 1296 3793 1343 ta-

2204 1393 2329 1432 men
2378 1378 2503 1449 quia
2557 1392 2832 1448 cognosco
2865 1392 2964 1431 vos
3004 1377 3142 1433 velle
3186 1377 3460 1443 interesse,
3521 1379 3793 1449 ponimus.

2205 1466 2419 1537 Quippe
2433 1482 2532 1521 nec
2551 1466 2836 1536 episcopus
2849 1466 2919 1520 ad
2937 1482 3098 1535 quem
3123 1481 3228 1521 cau
3240 1482 3296 1520 sa
3320 1466 3571 1537 pertinet,
3611 1466 3793 1532 vellet,

2205 1557 2251 1611 si
2282 1571 2387 1627 ego
2418 1554 2615 1611 vellem
2649 1570 2661 1622 ;
2695 1570 2796 1610 nec
2826 1570 2932 1627 ego
2961 1554 3183 1623 vellem,
3205 1555 3250 1609 si
3270 1555 3360 1610 ille
3381 1554 3543 1612 vellet
3570 1554 3795 1610 hocdit—

2206 1644 2347 1700 ferre
2376 1644 2599 1711 diutius,
2633 1643 2679 1698 si
2708 1645 2853 1698 Deus
2881 1658 2981 1698 nos
3010 1643 3077 1697 ab
3098 1644 3249 1699 omni
3275 1642 3662 1712 impedimento
3691 1644 3798 1699 de-

2127 1758 2179 1818 B
2211 1732 2462 1789 fenderit.
2513 1734 2652 1787 Nam
2709 1739 2918 1787 tantum
2971 1740 3094 1802 post
3142 1732 3473 1805 colloquium
3526 1738 3795 1799 nostrum,

2209 1822 2495 1877 didicimus
2523 1820 2590 1877 de
2621 1820 2700 1876 rei
2730 1820 2975 1890 veritate,
3020 1828 3079 1875 ut
3134 1820 3180 1874 si
3227 1820 3598 1876 acceleramus
3651 1821 3800 1890 quod

2208 1910 2423 1966 differre
2443 1925 2918 1981 proposueramus,
2937 1908 3084 1963 nulla
3106 1908 3400 1965 notandum
3431 1910 3534 1966 hoc
3563 1906 3623 1937 ³⁷⁸
3645 1909 3712 1965 sit
3741 1910 3799 1965 in

2208 2001 2301 2055 tali
2331 1999 2553 2071 negotio
2582 1997 2821 2055 levitate.

2690 2086 3027 2142 EPISTOLA
3056 2087 3171 2141 LIII
3201 2083 3262 2115 ’⁷⁷
3273 2127 3285 2139 .

2241 2192 2574 2231 BILDEBEBTI
2604 2190 3030 2231 CENOMANENSIS
3060 2190 3301 2230 EPISCOPI
3331 2189 3404 2229 AD
3430 2188 3759 2232 ANSELMUM.

2209 2268 2343 2323 Grai
2349 2282 2404 2321 es
2417 2266 2681 2337 persolvit
2695 2264 2756 2337 ob
2777 2267 3090 2337 tractatum
3104 2266 3178 2319 De
3186 2265 3538 2337 processione
3550 2265 3800 2336 Spiritus

2276 2339 2466 2393 sancti
2493 2339 2690 2392 contra
2710 2336 2923 2391 Grazcos
2938 2336 3217 2406 scriptum
3234 2340 3289 2390 ει
3311 2336 3383 2390 ad
3404 2352 3461 2392 se
3477 2338 3716 2391 missum

2277 2425 2587 2481 Venerabili
2617 2423 3364 2493 Cantuariaearchiepiscopo,
3397 2424 3577 2496 gloria
3606 2428 3661 2478 et
3691 2424 3800 2478 ho-

2208 2531 2342 2572 nore
2371 2513 2715 2585 dignissimo,
2733 2514 3028 2581 ANSELMO,
3045 2513 3438 2569 HILnuannrus
3461 2513 3593 2584 (l3),
3616 2512 3799 2567 humi-

1815 2618 2049 2672 VARUS
2088 2614 2386 2674 LECTION
2394 2614 2495 2669 ES.

579 2704 896 2779 mEpiscOpi
920 2710 981 2783 _et
1008 2714 1333 2783 vestra__rns.
1372 2711 1626 2783 Episcopi
1656 2714 2057 2770 Wintoniensis
2075 2722 2125 2770 et
2157 2722 2359 2768 vestra.
2411 2709 2650 2783 1""Quem
2684 2709 2903 2783 quidem
2933 2726 3044 2764 ms.
3099 2724 3263 2779 quem
3296 2707 3535 2783 quidam.
3599 2703 3803 2783 ξξξςοζ-

521 2782 641 2836 lata
673 2774 800 2835 cum
835 2774 1022 2835 eodem
1044 2796 1149 2835 ms.
1184 2777 1316 2836 ’“Ut
1344 2774 1522 2839 nullus
1550 2774 1649 2839 h‘oc
1671 2803 1777 2841 ms.
1809 2788 2012 2840 nullius
2042 2787 2145 2841 hoc
2166 2786 2259 2840 sed
2287 2785 2462 2840 male.
2487 2774 3010 2837 ήὶῐ⁷⁵⁸0οηεἐξιιειπίῐῐιιιε
3042 2774 3145 2836 ms.
3168 2774 3569 2836 consensimus.
3598 2774 3804 2834 "‘Nul-

508 2850 595 2907 lus
620 2851 724 2907 hoc
740 2866 848 2907 ms.
871 2850 1021 2905 nulla
1038 2852 1331 2907 notandum
1354 2853 1481 2910 hoc.

1557 2853 1843 2913 "7001mm
1873 2875 2003 2913 cum
2033 2857 2221 2914 eodem
2254 2873 2359 2911 ms.
2386 2860 2589 2912 etcum
2618 2870 2749 2909 mss.
2790 2852 2852 2909 S.
2889 2854 3141 2909 Audocni
3168 2853 3500 2922 Rothomag.

1726 2955 2021 3011 JOANNIS
2062 2954 2344 3010 PICARDI
2383 2952 2611 3008 ΝΟΤλΕ.

507 3046 773 3105 toniensis
831 3047 1156 3112 dioeceseos,
1191 3046 1311 3116 ejus
1341 3048 1588 3103 meminit
1639 3057 1693 3104 et
1750 3051 2108 3106 Rumeseiam
2137 3051 2184 3112 C
2215 3064 2306 3104 ces
2338 3063 2350 3114 ;
2383 3048 2567 3103 excusi
2596 3055 2778 3103 autem
2823 3046 3200 3117 Hildebertus,
3248 3050 3346 3105 sed
3377 3057 3427 3105 et
3456 3050 3510 3104 in
3556 3050 3802 3119 ejusdem

513 3128 689 3187 vocat,
723 3118 1134 3192 discrepansab
1166 3119 1484 3186 Honedeno,
1518 3120 1661 3192 quod
1692 3121 1969 3192 Edgarum
2002 3136 2111 3176 non

517 3190 836 3247 Eduardum
898 3190 1233 3262 cqnditorem
1288 3195 1516 3243 asserat.
1576 3190 1849 3246 Locoru'm
1926 3192 2108 3262 igitur,

516 3270 826 3333 temporum
855 3268 907 3314 et
936 3260 1290 3333 fundatorum‘
1312 3261 1761 3333 varietasaperte
1782 3260 2114 3333 distinguunt

517 3330 650 3388 haec
664 3333 771 3387 duo
800 3331 1065 3397 coenobia,
1094 3331 1245 3403 quib.
1279 3330 1455 3386 littera
1483 3348 1525 3387 τι
1554 3330 1618 3385 ἰή
1636 3349 1670 3403 α
1700 3340 1927 3403 mutata,
1948 3330 2111 3388 “idem

519 3419 750 3475 prorsus
780 3411 858 3458 est
888 3417 1085 3458 nomen
1102 3444 1115 3457 .
1141 3402 1410 3475 Caeterum
1436 3405 1599 3457 homo
1621 3402 1731 3469 ille,
1750 3402 2115 3474 quorumdam

521 3473 780 3547 opinione
795 3481 1041 3547 sanctus,
1066 3490 1093 3527 a
1127 3473 1287 3547 cujus
1315 3474 1461 3547 cultu
1491 3479 1559 3547 et,
1577 3473 1782 3547 honore
1821 3475 2118 3547 Anselmus

523 3545 767 3617 praecipit
793 3545 1180 3617 Rumesienses
1220 3545 1462 3617 virgines
1518 3546 1813 3617 abstinere,
1847 3550 1929 3601 est
1986 3545 2115 3601 Val-

526 3614 744 3680 deosu's,
780 3615 1115 3680 Valtheofus,
1167 3614 1425 3668 Valdefus
1458 3631 1555 3669 seu
1587 3616 1901 3684 Veldeotus,
1937 3631 2120 3671 comes

525 3686 915 3753 nobilissimus,
941 3702 1105 3755 quem
1130 3686 1673 3740 GuillelmusNothus
1696 3686 2119 3741 oblevissimam

528 3756 913 3823 conjurationis
946 3756 1309 3825 suspicionem
1366 3756 1540 3826 capite
1598 3757 1896 3812 damnavit.
1950 3760 2117 3813 Inno—

529 3828 760 3885 centiam
791 3842 928 3883 vero
958 3827 1077 3895 ejus
1108 3827 1268 3880 multa
1325 3842 1502 3897 eaque
1544 3827 1803 3897 przeclara
1857 3829 2122 3884 miracula

530 3898 923 3970 significarunt,
944 3897 1139 3970 testib.
1173 3897 1358 3951 Malm.
1400 3899 1447 3970 Ιἶ
1486 3914 1542 3952 1v
1571 3900 1651 3953 De
1680 3907 1834 3968 pont.
1868 3899 2034 3970 Angl.
2068 3908 2123 3954 et

534 3967 821 4039 VValsing.
860 3971 916 4021 in
939 3968 1149 4039 Hypod.
1170 3970 1359 4039 Neuet.
1381 3969 1449 4022 ad
1465 3985 1553 4024 an.
1571 3967 1725 4023 1075.
1749 3967 2122 4025 Rumesiensis

534 4042 702 4113 igitur
731 4037 1110 4113 antistita’vel
1155 4037 1379 4113 alicujus
1433 4040 1676 4113 miraculi
1724 4049 1983 4113 permota
2024 4058 2120 4113 ru—

536 4109 807 4180 musculo,
832 4118 925 4164 aut
954 4109 1139 4179 iniqua
1167 4110 1381 4164 comitis
1400 4126 1554 4177 nece,
1588 4111 1829 4181 publicas
1862 4112 2125 4165 fundebat

533 4189 1001 4255 preces,_vota_quc
1031 4182 1439 4255 nuncupabatur
1466 4183 1520 4235 ei
1550 4198 1711 4255 quem
1742 4182 1997 4255 nondum
2017 4183 2123 4236 Ec-

536 4251 704 4310 clesia
751 4253 803 4306 in
861 4252 1016 4306 divos
1072 4251 1362 4306 retulisset.
1404 4251 1773 4319 Quamobrem
1830 4252 2125 4306 Anselmus

536 4325 729 4381 merito
778 4322 1013 4394 praecipit
1074 4338 1193 4377 eam
1239 4338 1492 4387 cessare;
1528 4339 1703 4393 neque
1732 4323 1873 4376 enim
1923 4324 2122 4394 publici

2218 3120 2402 3174 Gestis
2436 3121 2576 3188 (quae
2607 3119 2886 3190 impetravi
2920 3135 2949 3172 a
2980 3121 3041 3174 V.
3066 3121 3248 3190 priore
3264 3120 3495 3185 Tuﬂero,
3530 3122 3807 3177 coenobita

2221 3192 2278 3246 S.
2315 3190 2577 3244 Vincentii
2605 3190 3051 3259 Cenomanensis)
3097 3200 3381 3261 utramque
3436 3192 3675 3247 vicissim
3707 3210 3805 3247 re-

2219 3262 2356 3332 peri.
2383 3262 2630 3334 Hceccine
2652 3276 2792 3334 vero
2824 3263 3011 3334 Gesta,
3042 3278 3109 3334 ne
3137 3262 3587 3334 diutiusglateant
3616 3272 3805 3334 poste—

2222 3331 2331 3397 ros,
2365 3333 2625 3385 addemus
2651 3331 2740 3385 hic
2773 3350 2784 3385 :
2823 3354 2845 3380 «ι
2883 3332 3220 3387 Venerabilis
3249 3332 3602 3388 Hildebertus
3617 3331 3686 3388 ex
3708 3335 3809 3389 La-

2222 3402 2541 3457 verdinensi
2570 3410 2755 3456 castro
2785 3402 3167 3467 mediocribus,
3218 3404 3314 3459 sed
3344 3412 3521 3459 tamen
3569 3405 3812 3460 honestis

2223 3481 2371 3528 ortus
2395 3472 2711 3545 parentibus
2742 3489 2773 3526 a
2802 3473 3032 3545 Domino
3078 3476 3249 3529 Hoelo
3282 3473 3434 3545 [alias
3464 3476 3666 3545 Boello]
3698 3478 3811 3532 Ce—

2224 3543 2540 3617 nomanensi
2587 3543 2869 3617 episcopo
2926 3544 3097 3599 factus
3160 3543 3421 3617 magister
3475 3543 3809 3614 scholarum,

2226 3615 2423 3670 deinde
2488 3614 2925 3686 archidiaconus,
2998 3623 3051 3686 et
3096 3625 3217 3686 post
3256 3614 3547 3672 decessum
3603 3618 3813 3672 domini

2226 3686 2463 3757 Hoeliiin
2486 3687 2601 3754 ejus
2630 3685 2751 3757 loco
2778 3693 2857 3740 est
2885 3684 3231 3741 substitutus.
3262 3688 3359 3742 Hic
3379 3688 3556 3757 itaque
3570 3688 3812 3743 moribus

2226 3756 2479 3830 placidus
2535 3764 2587 3811 et
2632 3756 2926 3827 modestus,
2977 3757 3150 3827 primo
3180 3758 3330 3813 initio
3360 3759 3442 3812 sui
3463 3756 3812 3830 episcopatus

2228 3828 2828 3907 satagebatresta‘urare
2885 3843 2950 3907 ea
2981 3845 3102 3907 quae
3131 3828 3532 3907 aptecessorum
3564 3828 3812 3907 suorum

2228 3897 2560 3978 negligentia
2578 3897 2674 3978 “vel
2694 3897 2968 3978 destructa
2982 3897 3280 3978 velamissa
3302 3900 3533 3978 fuerant,
3559 3900 3814 3978 infatiga-

2228 3966 2326 4022 bili
2352 3966 2549 4040 studio.
2573 3966 2838 4040 Continuo
2860 3983 3094 4038 namque
3123 3969 3341 4024 domum
3374 3970 3593 4040 capituli
3618 3988 3648 4025 a
3680 3966 3812 4025 frin-

2228 4038 2495 4093 damenlis
2525 4038 2686 4110 erepit
2714 4046 3049 4109 construere,
3112 4048 3165 4094 et
3206 4038 3456 4110 undique
3474 4041 3656 4096 vitreis
3676 4042 3812 4096 illu-

2229 4110 2439 4175 stravit,
2474 4116 2524 4163 et
2546 4108 2782 4162 forniceo
2812 4125 2974 4177 opere
2991 4116 3342 4179 supertegere
3357 4108 3589 4166 curavit.
3606 4113 3814 4167 Eodem

2228 4195 2459 4248 namque
2509 4187 2749 4251 tempore
2772 4180 2970 4233 bellum
3023 4182 3380 4251 gavissimum
3435 4191 3683 4238 exortum
3730 4191 3818 4239 est

2230 4252 2368 4323 inter
2417 4250 2699 4323 Henricum
2749 4251 2769 4302 Ι
2818 4250 3117 4321 Anglorum
3149 4269 3355 4323 regem,
3389 4262 3442 4307 et
3470 4254 3679 4309 Heliam
3711 4269 3816 4309 co-

2231 4321 2412 4375 mitem
2444 4322 3027 4394 Cenomanensem_,peo
3055 4323 3196 4391 quod
3214 4321 3357 4391 “ipse.
3388 4340 3480 4379 rex
3520 4325 3815 4394 episcopa-

536 4391 855 4466 sanctorum
886 4391 1117 4466 honores
1136 4394 1373 4466 pendent
1403 4409 1465 4448 ex
1488 4391 1803 4466 fer_ven_tio_ri
1835 4393 2123 4466 cujuslibet
2152 4408 2202 4466 D
2238 4401 2356 4466 tum
2398 4391 2842 4466 calumniabatur,
2899 4391 3132 4466 ideoque
3193 4394 3515 4449 ordinationi
3560 4391 3815 4465 'episc'Opi

537 4469 676 4529 zelo,
738 4465 833 4520 sed
890 4464 1205 4533 apostolicae
1256 4464 1401 4517 sedis
1447 4472 1509 4533 et
1554 4463 1819 4533 Ecclesiae
1848 4464 2122 4517 catholicae

532 4537 758 4610 judicio,
819 4532 958 4610 licet
999 4535 1053 4588 in
1107 4532 1597 4610 synodoPendini,
1624 4534 1924 4610 habitanti.
1966 4535 2123 4602 1102,

540 4604 661 4664 eam
686 4609 756 4662 ob
774 4622 887 4661 rem
908 4606 961 4659 id
977 4604 1331 4676 promulgarit
1350 4604 1601 4667 edictum,
1620 4605 1773 4676 quod
1786 4604 1968 4657 Malm.
1987 4613 2125 4676 retu-

536 4680 596 4735 li.
616 4681 652 4733 l.
676 4697 692 4732 ι
722 4680 801 4732 De
822 4684 970 4748 pont.
1004 4675 1225 4747 Angl.in
1241 4676 1383 4748 hanc
1402 4675 1753 4729 sententiam:
1784 4700 1804 4723 α
1821 4676 1902 4728 Ne
1922 4675 2127 4748 quiete-

536 4749 773 4806 meraria
793 4746 1027 4803 novitate
1073 4746 1396 4816 corporibus
1426 4754 1763 4800 mortuorum
1802 4753 1891 4799 aut
1919 4746 2113 4800 fontib.

544 4830 634 4877 aut
680 4820 801 4896 aliis
846 4820 1008 4896 rebus
1028 4816 1173 4886 (qua
1200 4816 1494 4896 contigisse
1539 4817 1816 4896 novimus)
1862 4816 1977 4896 sine
2007 4816 2125 4886 epi-

540 4892 742 4964 scopali
765 4890 1084 4964 auctoritate
1102 4887 1455 4964 reverentiam
1474 4887 1782 4942 sanctitatis
1797 4887 2070 4964 exhibeat.
2096 4911 2117 4935 ιο

541 4958 661 5033 Quo
691 4962 974 5017 interdicto
1001 4958 1167 5033 voluit
1198 4958 1487 5033 Anselmus
1532 4973 1886 5033 compescere
1910 4958 2121 5012 subita-

539 5028 673 5091 n'eas
704 5033 969 5102 quasdam
1001 5029 1299 5100 plebeculee
1315 5028 1747 5102 superstitiones,
1780 5045 1842 5083 ex
1872 5028 2121 5102 immatu-

534 5106 662 5163 riori
694 5099 894 5176 pietate
922 5099 1151 5173 genitas,
1206 5115 1315 5154 non
1370 5099 1696 5176 laudabilem
1757 5107 1810 5154 et
1850 5100 2123 5176 antiquam

535 5170 792 5234 Ecclesia:
822 5170 1080 5228 Romanae
1134 5171 1575 5227 consuetudinem
1630 5172 1684 5227 in
1739 5170 2125 5242 apotheosibus

538 5249 745 5303 servari
768 5246 980 5299 solitam
1012 5258 1287 5313 aspernar.

610 5319 722 5387 (13)
754 5311 1128 5371 Hildebertus.
1187 5313 1456 5387 Robertus
1488 5311 1711 5387 Cerialis
1767 5311 1877 5387 lib;
1904 5312 2038 5387 1_I_)e_
2064 5327 2122 5366 re

539 5382 770 5450 Gallica,
804 5387 1067 5458 periocha
1098 5389 1149 5448 6,
1184 5384 1372 5458 scribit
1405 5383 1760 5458 Gildebertus
1792 5401 1806 5450 ;
1837 5382 2117 5458 Guillelm.

537 5461 757 5515 Gemet.
807 5455 923 5511 'lib.
954 5474 1005 5511 v1
1035 5457 1233 5509 Hister.
1268 5455 1465 5510 ducum
1523 5456 1816 5518 Norman.,
1848 5468 1971 5523 cap.
2031 5456 2117 5519 10,

536 5530 839 5608 Ideberlus,
870 5528 959 5608 alii
990 5526 1342 5608 lldeberdua;
1377 5541 1539 5608 quam
1566 5533 1917 5608 postremam,
1938 5525 2121 5608 hujus-

539 5618 646 5675 que
675 5595 834 5676 epist.
854 5598 1202 5672 scriptionem
1227 5595 1540 5671 promiscue
1568 5595 1774 5655 habent
1791 5611 1924 5653 mss.
1950 5595 2121 5653 cordi-

2233 4462 2553 4517 moliebatur
2596 4462 2880 4515 obsistere.
2939 4463 3070 4516 Cum
3125 4472 3304 4519 autem
3335 4466 3572 4520 audisset
3600 4462 3817 4520 ordina-

2232 4540 2344 4605 tum
2392 4549 2527 4596 esse,
2548 4533 2848 4605 manifestis
2877 4533 3140 4605 bellorum
3174 4535 3477 4589 incursibus
3526 4537 3804 4605 patefecit.

2232 4604 2402 4671 Cujus
2434 4604 2667 4675 inceptis
2703 4618 2887 4657 comes
2942 4604 3125 4658 Helias
3181 4607 3341 4675 ccepit
3373 4604 3640 4662 resistere.
3690 4607 3815 4675 Quo

2230 4680 2526 4747 comperto,
2562 4673 2746 4737 Fulco,
2778 4689 2971 4747 comes,
2999 4673 3412 4747 Andegavensis
3454 4677 3506 4731 in
3538 4673 3815 4732 civitatem

2228 4745 2466 4808 advenit,
2518 4749 2571 4799 et
2600 4760 2867 4798 consensu
2923 4744 3128 4800 civium
3160 4744 3232 4799 'in
3263 4748 3654 4803 munitionibus
3672 4750 3814 4803 civi-

2229 4819 2349 4870 tatis
2378 4813 2673 4869 custodiam
2702 4814 2897 4882 posuit,
2915 4814 3097 4883 ibique
3143 4818 3328 4873 relicto
3358 4817 3467 4873 tilio
3510 4834 3608 4873 suo
3623 4819 3690 4873 ad
3705 4819 3817 4874 alia

2230 4886 2576 4967 preparavit,
2608 4886 2815 4966 Interea
2834 4901 2927 4967 rex
2960 4886 3267 4967 Anglorum
3297 4888 3488 4967 videns
3542 4889 3816 4967 civitatem

2231 4955 2321 5029 sui
2344 4955 2610 5026 principis
2659 4956 2910 5029 praesidio
2949 4955 3275 5029 destitutam,
3309 4959 3412 5014 huc
3442 4959 3710 5029 accessit;
3745 4961 3816 5016 ad

2231 5028 2486 5082 Colonias
2516 5026 2722 5101 accedit
2744 5046 2763 5101 ;
2797 5028 3042 5101 consedit
3060 5030 3284 5101 _urbem
3334 5031 3573 5085 exercitu
3590 5026 3813 5101 magno,

2233 5106 2419 5179 postea
2449 5097 2707 5152 cremavit
2728 5096 3025 5179 Coloniam.
3058 5098 3170 5179 Rex
3201 5101 3603 5179 autem,videns
3617 5096 3818 5156 seésse

2231 5169 2470 5233 illusum,
2502 5184 2624 5222 cum
2681 5170 2923 5223 exercitu
2966 5184 3062 5223 suo
3091 5170 3363 5227 discessit.
3425 5172 3583 5227 Cives
3613 5181 3815 5238 autem,

2230 5254 2353 5313 cum
2402 5239 2474 5313 ad
2514 5254 2752 5313 pugnam
2809 5255 2868 5293 se
2899 5249 3313 5313 praeparassent,
3355 5251 3636 5313 comperta
3671 5245 3819 5313 regis

2231 5310 2379 5380 iuga,
2412 5311 2476 5363 ad
2509 5310 2694 5365 urbem
2728 5318 2848 5364 sunt
2876 5312 3100 5366 reversi.
3134 5310 3253 5378 Quo
3283 5313 3464 5369 audito
3483 5310 3496 5313 ⁷
3515 5330 3700 5370 comes
3713 5310 3818 5369 He-

2228 5382 2347 5455 lias,
2381 5382 2580 5455 timens
2605 5397 2674 5435 ne
2703 5381 2872 5455 Fulco
2893 5396 3073 5436 comes
3090 5383 3514 5455 _Andegavensis
3572 5384 3814 5455 proscri-

2228 5451 2398 5525 ptioni
2426 5454 2540 5520 ejus
2569 5453 2901 5525 intenderet,
2939 5453 3221 5507 mandavit
3270 5451 3345 5509 ad
3399 5473 3456 5511 se
3495 5451 3814 5525 episcopum

2226 5523 2621 5588 Hildebertum,
2654 5530 2707 5577 et
2734 5522 2995 5594 quosdam
3026 5540 3092 5578 ex
3111 5524 3441 5593 primoribus
3485 5522 3736 5592 civitatis,
3759 5535 3815 5583 et

2226 5608 2351 5651 cum
2405 5594 2482 5651 eis
2524 5594 2688 5665 coepit
2714 5594 3022 5668 excogitare
3069 5596 3266 5669 quibus
3307 5598 3486 5657 modis
3540 5598 3812 5659 civitatem
