3998 6076
388 226 456 285 87
950 228 1007 288 S.
1038 224 1343 285 ANSELMI
1374 223 1711 283 CANTUAR.
1744 223 2061 282 ARCHIEP.
2096 222 2247 281 OPP.
2283 223 2460 282 PARS
2499 225 2593 281 ῙῐῙ.
2622 256 2694 267 -
2739 224 3114 282 EPISTOLE.
3609 220 3681 279 88

399 360 491 409 aut
534 353 784 426 pelagus,
817 353 1112 411 dummodo
1142 354 1298 410 liceat
1318 351 1601 407 consilium
1636 351 1821 406 salutis
1839 352 1977 407 acei-
2009 352 2060 415 Α
2088 351 2586 424 landi,exspectate
2618 369 2760 417 eum,
2795 352 2921 423 quia
2950 367 3058 406 non
3088 348 3352 419 tardabit;
3385 348 3501 422 ipse
3532 349 3681 407 enim

402 458 534 513 pere
565 442 628 472 ”‘
659 444 756 498 abs
786 452 857 513 te,
893 445 1037 520 quod
1067 458 1332 515 nusquam
1376 458 1497 496 esse
1547 440 1735 508 credo,
1768 441 1875 494 nisi
1917 441 1985 497 sit

402 532 544 603 apud
576 539 645 589 te.

880 619 1219 677 EPISTOLA
1246 621 1375 673 LIV.
1408 617 1467 646 ²⁹⁵
1482 660 1495 673 .

779 741 853 781 ΑΙ)
893 742 1187 782 ΜΟΝᾹοΙίοὲ
1225 742 1578 781 ΑιΒΑΝΕΝΞΕΞ
1589 768 1599 780 .

396 816 669 873 Hortatur
697 817 997 871 monachos
1018 816 1088 869 ad
1118 818 1453 871 continuam
1485 832 1603 870 suae
1650 816 1857 885 regulae
1889 816 1983 873 ob-

622 888 985 941 servantiam.
1021 888 1177 955 (Vide
1209 890 1368 956 epist.
1398 888 1517 951 100,
1551 888 1753 957 infra.)

462 977 785 1035 ANSELMUS.
819 975 1001 1045 gratia
1032 976 1127 1029 Dei
1170 975 1613 1045 archiepiscopus
1658 975 1977 1044 Cantuariae,

391 1064 641 1118 fratribus
679 1061 739 1091 ’⁹⁸
789 1072 839 1118 et
895 1063 1017 1117 ﬁliis
1075 1064 1422 1128 charissimis,
1476 1064 1637 1118 domo
1708 1064 1893 1134 priori,
1929 1072 1979 1118 et

391 1152 513 1207 aliis
542 1153 713 1207 servis
744 1153 840 1206 Dei
871 1153 924 1206 in
956 1154 1284 1207 monasterio
1314 1153 1495 1208 Sancti
1531 1153 1728 1207 Albani
1758 1168 1982 1208 manen-

391 1241 553 1308 tibus,
588 1243 820 1295 salutem
853 1250 905 1296 et
932 1241 1390 1296 benedictionem.

462 1330 676 1385 Gratias
704 1345 807 1401 ago
837 1331 975 1395 Deo,
1006 1346 1042 1384 a
1073 1346 1177 1399 quo
1220 1337 1303 1384 est
1325 1346 1485 1385 omne
1532 1330 1753 1395 bonum,
1779 1339 1831 1386 et
1875 1347 1978 1386 vo-

386 1416 492 1485 bis,
527 1418 617 1490 qui
667 1417 890 1473 servatis
924 1418 1043 1487 ejus
1078 1419 1299 1485 donum,
1333 1419 1459 1491 quia
1505 1419 1572 1473 de
1621 1419 1774 1474 vobis
1819 1420 1978 1473 audio

387 1521 551 1564 omne
595 1506 819 1562 bonum.
856 1508 1120 1562 Memores
1161 1509 1309 1562 enim
1359 1523 1454 1563 vos
1499 1523 1615 1562 esse
1662 1508 1980 1563 monstratis

387 1594 514 1664 quia
550 1602 763 1664 oportet
809 1610 905 1650 vos
953 1612 1052 1666 per
1092 1595 1291 1650 multas
1339 1596 1708 1650 tribulationes
1756 1597 1978 1651 introire

386 1683 440 1737 in
471 1699 700 1756 regnum
732 1684 853 1751 Dei,
886 1692 937 1739 et
967 1685 1093 1756 quia
1123 1684 1344 1739 tentatio
1374 1685 1568 1755 probat
1597 1694 1647 1738 et
1692 1692 1858 1739 tentat
1880 1685 1973 1753 ju-
2011 1710 2058 1769 Β

386 1780 548 1838 stum,
582 1772 625 1826 si
654 1772 849 1843 diligat
879 1774 1074 1840 Deum,
1107 1789 1228 1828 cum
1267 1772 1415 1827 nulla
1459 1789 1554 1828 vos
1602 1774 1899 1828 adversitas
1945 1788 1977 1827 a

386 1860 634 1916 custodia
681 1861 849 1916 vestri
894 1861 1098 1916 ordinis
1148 1862 1433 1932 prohibere
1477 1863 1786 1932 potest.Sic
1834 1862 1977 1916 enim

387 1957 707 2019 exspectare
733 1964 921 2004 secure
952 1950 1179 2018 potestis
1209 1951 1490 2020 praemium
1522 1951 1591 2005 de
1622 1966 1728 2021 quo
1749 1950 1976 2006 dicitur:

388 2038 593 2093 Beatus
630 2039 717 2093 vir
749 2039 844 2109 qui
875 2038 1076 2108 suﬂert
1107 2041 1502 2103 tentationem,
1536 2040 1822 2111 quoniam,
1852 2057 1981 2095 cum

398 2126 665 2196 probatus
696 2128 897 2195 Merit,
921 2127 1159 2197 accipiet
1182 2142 1449 2182 coronam
1473 2130 1601 2182 vilw
1622 2130 1761 2194 (Jac.
1796 2146 1834 2196 ι,
1869 2129 1979 2197 12).

387 2211 603 2281 Quanto
627 2230 763 2284 ergo
794 2229 891 2268 vos
923 2215 1214 2269 studiosius
1259 2216 1328 2269 ad
1379 2216 1816 2270 conservandum
1863 2232 1984 2271 mo-

385 2301 672 2357 nachicum
704 2302 950 2357 ordinem
984 2303 1242 2358 insistere
1291 2318 1589 2375 cognosco,
1627 2312 1778 2359 tanto
1826 2321 1986 2360 secu-

382 2389 495 2444 rius
540 2406 636 2445 vos
679 2399 910 2461 paterna
959 2392 1258 2447 monitione
1303 2395 1561 2448 exhortor
1610 2401 1883 2462 quatenus
1934 2394 1989 2447 in

383 2477 531 2533 bono
560 2480 842 2549 proposito
874 2483 930 2534 et
958 2480 1014 2533 in
1040 2482 1144 2537 hoc
1176 2481 1245 2535 ad
1269 2481 1415 2552 quod
1441 2497 1539 2536 vos
1560 2482 1705 2536 Deus
1722 2482 1986 2551 provexit,

388 2566 786 2636 perseveretis;
823 2576 875 2622 et
921 2584 1140 2639 semper
1178 2569 1249 2624 ad
1296 2569 1543 2635 meliora,
1575 2570 1628 2622 in
1679 2586 1775 2639 spe
1823 2570 1992 2624 divini

387 2654 598 2720 auxilii,
632 2653 897 2724 proﬁcere
923 2664 976 2710 et
1006 2673 1283 2728 nunquam
1308 2656 1538 2713 deﬁcere
1571 2659 1799 2712 tentetis.
1834 2658 1991 2727 Quod

396 2742 694 2797 efficaciter
724 2744 970 2812 poteritis
1000 2743 1234 2812 efﬁcere,
1268 2745 1311 2799 si
1360 2746 1509 2801 nulla
1558 2747 1781 2802 minima
1831 2749 1992 2802 vestri
2023 2757 2028 2760 '

391 2830 598 2885 ordinis
630 2832 909 2887 volueritis
938 2842 1310 2902 contemnere,
1341 2837 1594 2907 quoniam
1635 2838 1730 2908 qui
1778 2840 1995 2907 spernit

395 2918 645 2986 modica,
673 2922 961 2990 paulatim
985 2923 1205 2979 decidet
1231 2924 1427 2992 (Eccli.
1453 2940 1568 2988 xrx,
1592 2927 1662 2994 1).
1683 2925 1830 2979 Deus
1851 2926 1996 2982 videt

396 3007 526 3081 quid
558 3008 713 3065 vobis
745 3011 1001 3082 expediat
1033 3027 1046 3066 :
1080 3012 1125 3067 si
1158 3027 1365 3068 moram
1414 3012 1599 3069 fecerit
1648 3029 1748 3071 vos
1795 3031 1995 3071 conso—

2094 450 2175 495 est
2204 442 2421 510 adjutor
2450 441 2503 495 in
2537 442 3044 512 opportunitatibus,
3080 441 3131 494 in
3163 440 3526 495 tribulatione.
3552 440 3684 496 Om-

2093 531 2343 600 nipotens
2392 531 2536 584 Deus
2579 531 2745 585 corda
2791 540 2969 585 vestra
3011 530 3065 583 in
3111 530 3343 586 servicio
3391 545 3489 584 suo
3548 546 3681 585 cor-

2094 620 2353 674 roborare
2409 619 2661 692 dignatur
2716 627 2767 675 et
2829 617 3125 676 consolari.
3195 618 3303 674 Oro
3360 636 3478 690 vos,
3536 629 3687 676 orate

2092 723 2193 777 pro
2225 724 2327 765 me.

2611 796 2944 853 EPISTOLA
2974 799 3056 854 LV
3088 795 3169 853 “7.

2215 902 2517 942 MATHILDIS
2547 903 2767 941 REGINE
2797 903 3098 942 ANGLORUM
3135 903 3206 941 AD
3237 902 3579 944 ANSELMUM.‘

2221 980 2285 1034 Ut
2313 979 2525 1031 modice
2556 978 2949 1047 quotidianum
2992 978 3221 1031 relaxet
3245 979 3551 1050 jejunium.

2161 1066 2393 1120 Domino
2437 1074 2488 1120 et
2539 1065 2687 1119 Patri
2733 1065 3034 1120 reverendo
3080 1069 3345 1119 Assumo
3376 1064 3455 1132 ”’,
3487 1070 3683 1136 primae

2091 1155 2240 1209 sedis
2285 1155 2718 1224 archiepiscopo,
2752 1155 3109 1208 Hibernorum
3159 1155 3503 1224 omniumque
3551 1172 3689 1225 sep-

2091 1244 2471 1297 tentrionalum
2502 1242 2806 1297 insularum
2841 1259 2961 1311 quae
2991 1242 3235 1296 Oreades
3277 1244 3527 1297 dicantur
3557 1245 3685 1313 pri-

2090 1331 2235 1395 mali,
2254 1333 2583 1395 MATHlLDlS,
2599 1331 2695 1385 Dei
2718 1333 2914 1401 gratia,
2940 1332 3242 1401 Anglorum
3264 1330 3689 1402 regina,humil-

2089 1420 2221 1473 lima
2268 1420 2386 1489 ejus
2429 1419 2651 1485 ancilla,
2704 1420 2991 1489 praesentis
3041 1419 3165 1473 vita:
3226 1434 3383 1474 cursu
3450 1419 3689 1474 feliciter

2088 1519 2329 1578 peracto,
2363 1509 2428 1561 ad
2461 1507 2642 1575 finem,
2675 1508 2768 1579 qui
2801 1508 3041 1562 Christus
3070 1515 3167 1571 est,
3202 1508 3506 1577 pervenire.

2160 1596 2315 1664 Quod
2356 1596 2722 1668 quotidianum
2767 1597 3031 1666 jejunium
3060 1596 3174 1667 jam
3206 1597 3469 1651 verteritis
3503 1596 3554 1650 in
3585 1612 3685 1650 na-

2089 1693 2265 1739 turam
2309 1694 2363 1738 ut
2396 1685 2528 1738 nulli
2554 1683 2614 1712 ”’
2661 1686 2774 1739 fere
2792 1685 3035 1751 dubium,
3060 1685 3128 1739 ita
3157 1700 3255 1740 nec
3272 1685 3401 1739 mihi
3423 1693 3504 1739 est
3520 1685 3689 1757 igno-

2090 1782 2227 1828 tum.
2276 1772 2543 1842 Quodque
2590 1773 2766 1843 magis
2807 1772 3061 1837 admiror,
3107 1772 3344 1843 plurium
3390 1773 3686 1843 proborum

2089 1862 2360 1932 frequenti
2390 1860 2648 1915 relatione
2680 1860 2865 1931 didici,
2899 1868 2952 1915 et
2979 1868 3101 1930 post
3146 1860 3311 1931 longa
3336 1860 3545 1930 jejunia
3574 1877 3691 1916 non

2091 1960 2295 2005 natura
2325 1950 2646 2020 postulante,
2681 1950 2775 2004 sed
2806 1949 3053 2020 quolibet
3086 1964 3116 2003 e
3168 1949 3434 2004 famulitio
3466 1948 3527 1975 ³⁰⁰
3556 1966 3691 2003 sua-

2093 2039 2275 2103 dente,
2308 2039 2487 2094 cibum
2516 2054 2731 2094 sumere
2762 2038 3003 2093 solitum.
3040 2038 3167 2092 lima
3196 2039 3354 2092 etiam
3404 2054 3501 2093 vos
3543 2046 3696 2093 tanta

2098 2128 2408 2198 frugalitate
2441 2143 2657 2181 sumere
2688 2142 2794 2181 non
2819 2127 3030 2197 ignoro,
3052 2134 3110 2179 ut
3150 2127 3323 2196 magis
3360 2127 3697 2194 naturae,jus

2097 2217 2378 2287 prOprium
2410 2215 2700 2279 demendo,
2727 2215 2837 2269 vim
2864 2216 3057 2268 fecisse
3080 2231 3240 2283 quam
3271 2215 3448 2285 legem
3467 2215 3698 2270 solvisse

2098 2303 2412 2358 videamini.
2466 2303 2627 2357 Unde
2677 2318 2802 2358 cum
2850 2302 3055 2367 multis,
3110 2310 3218 2356 tum
3270 2302 3400 2356 mihi
3463 2303 3699 2357 maxime

2096 2392 2445 2448 metuendum
2478 2395 2559 2445 est
2587 2408 2658 2445 ne
2693 2399 2834 2445 tanto
2866 2389 3022 2460 patri,
3059 2390 3217 2459 cujus
3246 2407 3365 2444 sum
3415 2390 3702 2445 beneficiis

2101 2482 2361 2553 obligata,
2395 2488 2504 2533 tam
2537 2480 2668 2533 forti
2698 2479 2799 2533 Dei
2840 2479 3056 2533 athletae
3098 2486 3149 2533 et
3195 2478 3445 2534 humanae
3484 2487 3699 2534 natura?

2102 2569 2311 2633 victori,
2344 2568 2499 2637 cujus
2532 2567 2867 2622 indeﬁcienti
2900 2568 3091 2639 vigore
3121 2583 3228 2638 pax
3259 2567 3415 2638 regni
3446 2567 3700 2622 sacerdo-

2105 2658 2267 2728 tiique
2299 2657 2538 2728 dignitas
2568 2655 2785 2710 ﬁrmata
2814 2663 2897 2709 est
2928 2664 3088 2726 atque
3118 2655 3359 2722 defensa,
3395 2663 3500 2710 tam
3547 2655 3698 2710 ﬁdeli

2107 2755 2325 2818 tamque
2357 2745 2609 2815 prudenti
2641 2746 2736 2799 Dei
2768 2744 3155 2812 dispensatori,
3189 2746 3344 2813 cujus
3374 2761 3490 2798 sum
3522 2744 3700 2799 bene-

2105 2836 2339 2890 dictione
2370 2834 2425 2887 in
2472 2833 2773 2905 legitimum
2828 2831 3225 2887 matrimonium
3277 2840 3515 2901 sacrata,
3541 2833 3702 2901 cujus

2107 2923 2445 2980 ordinatione
2490 2922 2542 2975 in
2590 2922 2784 2976 terreni
2831 2921 2986 2992 regni
3027 2920 3343 2993 dignitatem
3390 2921 3697 2990 sublimata,

2108 3015 2261 3084 cujus
2291 3012 2548 3083 precibus
2578 3011 2631 3066 in
2663 3012 2866 3067 caelesti
2901 3011 3092 3083 gloria,
3126 3012 3240 3066 Deo
3290 3018 3577 3077 annuente,
3606 3025 3699 3065 co-

1707 3144 1933 3199 VARI/E
1970 3140 2383 3197 LECTIONES.

486 3234 846 3291 ’“Consilium
891 3237 1139 3307 accipere
1183 3254 1287 3293 ms.
1350 3240 1485 3295 Vict.
1533 3240 1813 3295 consilium
1864 3240 2046 3293 salutis
2094 3237 2360 3307 accipere.
2394 3235 2676 3307 "‘Collaia
2742 3251 2872 3307 cum
2934 3237 3122 3291 eodem
3192 3254 3303 3291 ms.
3343 3236 3697 3295 ’“Anselmus

410 3315 637 3364 vocatus
665 3306 1113 3379 archiepiscopus
1145 3310 1545 3364 Cantuariensis
1574 3312 1824 3365 fratribus
1873 3328 1978 3365 ms.
2012 3306 2301 3362 Anselmus
2344 3309 2513 3379 gratia
2547 3306 2645 3379 Dei
2668 3306 3136 3379 archiepiscopus,
3171 3307 3452 3363 fratribus.
3491 3308 3698 3367 “Tum

414 3380 606 3434 eodem
636 3396 740 3434 ms.
783 3378 1061 3435 Victorino
1115 3382 1352 3436 collata.
1391 3380 1685 3437 ’"Domino
1736 3390 1787 3437 et
1847 3381 1987 3435 Patri
2042 3378 2365 3434 Reverendo’
2411 3378 2661 3432 Anselmo
2718 3378 3175 3434 ms.Venerando
3206 3381 3352 3435 Patri
3408 3383 3693 3439 Anselmo.

424 3448 773 3506 "’Verteritis
804 3459 860 3507 ut
889 3451 1019 3506 nulli
1051 3468 1155 3507 ms.
1192 3452 1395 3508 vertitis
1427 3452 1483 3507 in
1514 3462 1779 3519 naturam,
1812 3462 1864 3507 ut
1892 3452 2046 3507 nulli.
2073 3450 2425 3505 ”°°Famulitie
2456 3465 2557 3503 ms.
2592 3466 2621 3502 e
2653 3448 2937 3503 famulitio.

1612 3575 1903 3631 JOANNIS
1943 3573 2220 3628 PICARDI
2257 3574 2461 3628 NOTzE
2474 3615 2488 3629 .

416 3680 465 3727 et
510 3671 976 3739 archidiaconum,
1017 3681 1079 3744 et
1122 3681 1244 3728 ante
1293 3673 1562 3728 audivisse
1614 3671 1998 3744 Berengarium
2029 3670 2077 3732 Ο
2105 3672 2308 3725 seheda
2340 3672 2705 3743 manuscripta
2735 3671 3086 3728 Caesaroduni
3117 3673 3390 3729 Turonum
3436 3674 3593 3731 annis
3624 3686 3702 3732 ιιι

413 3750 835 3814 praeceptorum,
882 3743 1161 3801 Guillelm.
1206 3745 1673 3799 Malmesberiens.
1708 3742 2001 3811 eaeierique

416 3815 677 3887 historici,
711 3816 971 3887 adquam
1002 3817 1123 3887 vitae
1154 3816 1449 3870 Hilileherti
1476 3824 1685 3887 partem
1718 3816 1833 3884 ejus
1882 3829 2000 3868 mo-

416 3886 679 3939 nachatus
709 3885 893 3941 reduci
926 3886 1095 3956 possit
1123 3903 1232 3941 non
1262 3886 1443 3942 video.

490 3956 765 4011 Praeterea
793 3954 1087 4013 monachus
1114 3958 1188 4026 (ut
1218 3958 1453 4013 Jacobus
1481 3957 1547 4012 de
1579 3954 1778 4012 Gral‘ﬁs
1809 3969 2005 4009 mona-

421 4028 553 4099 chus
610 4028 813 4082 Cassin.
868 4038 1016 4083 notat
1073 4037 1223 4099 parte
1280 4046 1317 4082 ιι
1390 4030 1737 4083 Decisionum
1794 4042 2003 4088 aurear,

422 4098 629 4170 lih.‘m,
682 4114 800 4169 cap.
842 4100 932 4168 20)
990 4098 1174 4170 nequit
1233 4101 1535 4169 promoveri
1595 4102 1660 4153 ad
1720 4098 2007 4167 dignitates

422 4168 803 4241 Eeclesiarum,
865 4187 989 4241 qum
1046 4168 1153 4225 sint
1180 4168 1405 4226 diversae
1438 4170 1792 4240 professionis
1822 4177 1871 4222 et
1900 4171 2003 4221 ha-

420 4240 585 4294 bitus.
620 4242 921 4296 Ecclesium
952 4259 1083 4297 vero
1105 4245 1573 4296 Ccnomanensem
1608 4252 1715 4293 tum
1748 4244 1869 4307 (nec
1898 4255 2005 4293 non

424 4311 715 4381 hodieque)
746 4313 977 4368 clericos
1009 4314 1299 4369 canonicos
1328 4313 1588 4367 habuisse
1622 4312 1783 4381 liquet
1815 4328 1880 4363 ex
1910 4327 2003 4363 su-

419 4383 743 4454 perioribus.
798 4386 910 4437 lmo
969 4385 1037 4438 ab
1093 4384 1241 4439 initio
1296 4384 1526 4437 clericos
1586 4381 1901 4449 regulariter
1955 4389 2007 4434 et

422 4453 671 4525 exemplo
700 4455 1073 4522 apostolorum
1125 4455 1177 4507 in
1226 4469 1289 4507 ea
1336 4454 1551 4525 vixisse,
1580 4453 1764 4525 palam
1818 4460 1896 4505 est
1940 4468 2002 4505 ex

422 4539 541 4594 cap.
577 4523 604 4578 3
660 4527 791 4580 Vita;
839 4525 1010 4579 sancti
1055 4525 1290 4590 Panacii,
1321 4523 1742 4578 Cenomanensis
1788 4538 2004 4592 quoque

421 4595 698 4667 episc0pi;
730 4597 872 4665 quod
907 4604 960 4648 et
986 4596 1228 4649 Joannes
1248 4610 1288 4667 ra
1318 4596 1490 4667 Bosco
1529 4595 1735 4648 notavit
1781 4594 1999 4647 ibidem.

493 4666 820 4720 Electionem
850 4673 1035 4719 autem
1084 4666 1379 4720 Ilildeberli
1425 4666 1493 4720 ad
1538 4667 2003 4719 Cenomanensem

422 4738 797 4806 episcopatum
843 4736 1101 4791 cecidisse
1147 4753 1293 4790 anno
1352 4740 1488 4791 1106
1536 4736 1687 4805 juxta
1752 4736 1999 4790 Chronic.

421 4807 797 4875 Cluniacense,
829 4824 933 4860 nex
965 4808 1257 4862 Guillielmi
1279 4807 1419 4863 Ruth
1442 4810 1734 4877 Anglorum
1757 4807 1898 4874 regis
1918 4823 2003 4858 su-

417 4877 601 4949 perius
629 4886 920 4933 memorata
951 4886 1274 4949 patrataque
1304 4895 1445 4933 anno
1482 4882 1612 4933 1100
1645 4878 1889 4944 (testibus
1914 4877 2002 4931 Si-

418 4948 648 5020 geherto
678 4950 907 5020 aliisque
939 4950 1004 5004 ad
1038 4948 1201 5020 epist.
1232 4950 1296 5002 40
1346 4965 1527 5005 coram
1575 4949 1792 5018 notatis)
1826 4948 2003 5020 palam

2108 3748 2161 3797 et
2188 3744 2467 3798 mensibus
2502 3746 2555 3801 6.

2183 3814 2425 3869 Priorem
2486 3816 2702 3884 quidem
2762 3813 3112 3883 chronologia
3167 3823 3373 3884 partem
3428 3815 3703 3874 inﬁrmant

2112 3886 2336 3950 epistola
2371 3886 2593 3940 Honorii
2626 3901 2780 3956 papae
2809 3885 3030 3939 secundi
3062 3885 3175 3955 (qui
3202 3892 3414 3942 creatus
3437 3888 3697 3945 fuitanno

2114 3956 2272 4018 1121)
2303 3957 2369 4010 ad
2406 3956 2768 4030 Hildebertum
2793 3957 2904 4024 jam
2935 3956 3303 4030 Turonensem
3325 3959 3697 4030 archiepisco-

2112 4042 2268 4102 pum,
2303 4036 2352 4081 et
2408 4028 2718 4102 llildeberti
2752 4042 3071 4102 reSpousum
3115 4028 3197 4102 ad
3223 4028 3544 4102 Honorium,
3577 4048 3704 4102 quas

2115 4098 2329 4165 quidem
2362 4100 2605 4168 reperies
2637 4099 2793 4168 epist.
2829 4099 2894 4150 67
2926 4106 2977 4151 et
3007 4103 3071 4149 68
3116 4098 3439 4154 Hildeberti.
3475 4102 3548 4155 Ex
3592 4098 3699 4156 ad-

2114 4185 2268 4222 verso
2304 4171 2545 4225 occurrit
2577 4168 2801 4238 epistola
2840 4170 2933 4222 125-
2985 4169 3049 4221 D.
3086 4169 3359 4233 Bernardi,
3393 4187 3515 4225 eum
3566 4173 3699 4227 hor-

2114 4242 2275 4293 tantis
2304 4242 2369 4294 ad
2402 4241 2697 4294 Innocentii
2732 4241 2777 4293 ll
2818 4238 3103 4293 renuntiati
3148 4256 3303 4311 papae
3345 4257 3487 4297 anno
3535 4242 3696 4310 1130,

2114 4312 2362 4364 tutandas
2394 4320 2592 4376 partes.

2182 4382 2233 4435 Si
2253 4383 2473 4435 tandem
2506 4383 2745 4435 dicamus
2787 4380 3155 4434 llildebertum
3189 4382 3470 4450 praefuisse
3508 4384 3685 4438 Ceno-

2113 4455 2356 4507 manensi
2390 4453 2649 4507 Ecclesitv
2681 4453 2836 4507 annis
2876 4451 3066 4522 viginti
3113 4467 3329 4521 novem,
3363 4453 3457 4507 fuit
3503 4464 3699 4508 unctus

2112 4525 2297 4578 saltem
2332 4539 2472 4577 anno
2510 4528 2659 4585 1099,
2694 4539 2724 4576 a
2756 4538 2862 4593 quo
2910 4524 2978 4576 ad
3030 4524 3162 4576 1100
3213 4525 3478 4578 curaverit
3520 4525 3698 4579 aediﬁ-

2112 4596 2254 4649 cium
2285 4595 2583 4663 capitulure
2614 4596 2691 4661 (ut
2719 4594 2953 4665 legimus
2980 4593 3033 4645 in
3065 4595 3325 4664 principio
3356 4597 3696 4665 narrationis)

2112 4682 2362 4734 annoque
2396 4667 2530 4719 1123
2565 4663 2852 4718 translatus
2882 4664 2949 4717 ad
2997 4663 3262 4732 Turonas,
3299 4666 3405 4721 fato
3453 4663 3697 4721 cesserat

2113 4738 2269 4799 1136,
2301 4736 2799 4805 computandosque
2830 4734 3120 4789 additionis
3150 4752 3364 4789 menses
3392 4737 3516 4789 anni
3548 4739 3695 4792 inte-

2111 4809 2196 4877 gri
2246 4808 2380 4861 vice.
2415 4810 2516 4860 Cui
2575 4806 2856 4859 alluhuerit
2908 4814 3107 4858 tantum
3164 4807 3344 4877 egisse
3400 4807 3696 4862 Cenomani

2111 4880 2246 4932 duos
2277 4887 2327 4931 et
2361 4877 2542 4945 viginti
2576 4893 2763 4945 annos,
2796 4877 3006 4945 cogitur
3033 4893 3152 4930 eum
3188 4877 3359 4932 facere
3390 4878 3693 4948 pontificem

2111 4965 2252 5003 anno
2300 4950 2456 5011 1100,
2501 4956 2552 5002 et
2595 4948 3060 5018 archiepiscopum
3106 4949 3262 5015 1123,
3312 4964 3373 5004 ac
3420 4958 3696 5019 postremo

416 5018 645 5091 obsistit.
681 5021 800 5091 Ipse
822 5018 1045 5091 quoque
1071 5018 1269 5075 eodem
1312 5020 1453 5075 libro
1493 5036 1612 5089 cap.
1650 5021 1717 5073 :22
1767 5019 2000 5073 oseitan-
2034 5022 2085 5081 D
2115 5021 2424 5074 defunctum
2460 5020 2617 5091 1130.
2649 5020 2810 5091 paulo
2840 5028 2958 5091 post
2982 5020 3351 5091 innocentium
3374 5018 3442 5087 Il,
3467 5021 3696 5076 electum

416 5088 629 5144 tissime
659 5090 793 5145 dixit
823 5088 1191 5147 Hildébertum
1225 5100 1461 5146 creatum
1510 5088 1679 5145 fuisse
1727 5091 2002 5160 archiepi-

414 5175 636 5229 scopum
685 5161 1053 5216 Turonensem
1099 5177 1247 5215 anno
1295 5164 1453 5217 1106.
1497 5162 1553 5217 Si
1599 5164 1739 5216 hunc
1783 5163 1995 5229 lapsum

409 5230 618 5304 tribuas
661 5231 861 5304 labenti
915 5234 1277 5304 typographo,
1311 5233 1509 5286 tribuo.
1553 5233 1702 5304 Rem
1734 5233 1996 5287 sollicitus

408 5301 717 5356 videamus.
755 5301 1362 5371 Seheda'manu’scripta
1412 5304 1571 5356 habet
1621 5302 1991 5357 Ilildehertum

403 5388 543 5427 anno
603 5376 737 5429 1129
794 5374 1127 5429 Turonensis
1188 5374 1689 5444 archiepiscopatus
1765 5373 1989 5428 infulam

400 5451 679 5513 gestasse;
710 5444 928 5501 Tabulae
957 5448 1398 5501 Cenomanenses
1428 5446 1569 5515 apud
1595 5445 1988 5500 Democharem

398 5524 449 5572 et
476 5515 649 5571 Wion
692 5516 910 5594 signant
956 5518 1160 5575 sedisse
1205 5518 1503 5574 Cenomani
1552 5516 1709 5573 annis
1759 5533 1891 5571 xxix
1937 5525 1989 5573 et

2115 5107 2255 5146 anno
2292 5094 2423 5144 1130
2455 5090 2520 5143 ad
2553 5105 2643 5142 xm
2679 5090 2900 5143 Kalend.
2936 5090 3171 5142 Martias.

2187 5164 2291 5218 Sed
2324 5165 2437 5215 haec
2468 5162 2771 5229 supputatio
2820 5160 3105 5215 dissideret
3134 5160 3201 5213 ab
3232 5159 3379 5214 obitu
3399 5161 3695 5216 Hildeberti

2107 5234 2306 5287 mortui
2361 5248 2490 5284 xviii
2537 5232 2796 5286 Decemb.
2844 5240 3195 5301 praeterquam
3266 5233 3409 5301 quod
3458 5232 3697 5288 coactior

2105 5312 2325 5374 apparet
2357 5301 2794 5372 violentiorqne;
2828 5302 2970 5356 unde
3003 5305 3234 5370 priorem
3263 5302 3538 5356 lubentius
3568 5319 3694 5357 am—

2103 5375 2310 5443 plexor.
2344 5376 2471 5429 llaec
2501 5374 2798 5427 excussisse
2845 5381 2895 5426 et
2942 5374 3234 5427 adnotasse
3280 5375 3459 5444 coegit
3503 5383 3695 5443 aperta

2100 5453 2359 5518 tempora
2372 5446 2755 5518 repugnantia,
2788 5459 2948 5517 quam
2978 5444 3063 5499 vel
3093 5444 3221 5501 cmci
3251 5443 3609 5501 advertissent
3639 5446 3697 5503 in

2097 5517 2493 5591 superioribus.
