4010 6064
238 264 307 327 89
680 226 693 237 ’
1515 260 1652 320 LIB.
1689 260 1785 332 Ill,
1818 260 2039 320 EPIST.
2079 262 2252 320 Lvn.
3465 258 3533 318 90

238 389 503 460 ronanda,
556 404 749 462 corpus
787 389 1068 463 tabescat;
1115 390 1365 448 fenestrae
1415 391 1584 459 visus,
1617 390 1838 446 auditus
1867 388 1920 448 A
1949 390 2236 461 jejunium,
2266 389 2544 447 dedicavit
2582 398 2635 446 et
2678 405 2856 458 esum,
2891 390 3099 448 vadens
3130 391 3195 448 ad
3225 389 3532 448 convivium

238 488 676 553 ceterorumque
717 496 978 535 sensuum
1019 482 1378 549 obturentur;
1427 498 1527 536 vox
1576 482 1838 553 spiritua-

240 572 375 625 lium
406 569 719 626 zedificatrix
748 580 1051 634 raucescat;
1082 580 1137 627 et
1165 588 1285 640 quae
1316 587 1569 626 canorum
1602 587 1664 625 ac
1684 570 1839 625 dulce

240 660 339 715 Dei
372 660 606 714 verbum
637 658 859 723 decoro,
881 660 1069 730 quieto
1100 663 1435 729 remissoque
1466 676 1713 715 sermone
1736 660 1841 713 dis-

238 765 477 821 pensare
507 758 884 817 consueverat,
928 750 980 804 id
1012 756 1158 804 tanto
1189 750 1475 803 remissius
1506 749 1561 804 in
1605 750 1838 803 futurum

242 846 592 909 exsequatur,
624 845 683 891 ut
711 853 956 909 quosque
982 838 1368 909 aliquantisper
1387 853 1418 892 a
1449 846 1499 893 te
1520 839 1839 893 remotiores

244 927 523 981 audientia
554 927 724 995 ipsius
749 927 894 981 vocis
927 926 1187 997 privatos,
1221 926 1399 981 fructu
1438 928 1604 981 etiam
1637 942 1839 982 vacuos

245 1014 606 1084 derelinquat.
646 1014 812 1069 nolite
840 1014 1031 1084 igitur,
1065 1016 1205 1069 bone
1237 1016 1396 1069 Pater
1425 1023 1475 1069 et
1507 1023 1838 1081 sancte,no-

244 1102 337 1157 lite
359 1111 461 1155 tam
482 1102 861 1172 intempestive
882 1103 1129 1173 corporis
1158 1104 1361 1157 viribus
1382 1102 1441 1131 ⁸⁰¹
1464 1104 1646 1157 inedia
1676 1105 1840 1158 desti-

244 1193 340 1253 tui,
377 1207 445 1244 ne
478 1198 662 1245 orator
690 1207 814 1245 esse
846 1191 1140 1247 desistatis.
1176 1191 1331 1260 Quia,
1365 1199 1423 1245 ut
1450 1193 1652 1246 Tullius
1684 1193 1755 1246 ait
1784 1193 1839 1245 in

242 1281 337 1334 lib.
362 1295 523 1351 quem
560 1280 634 1333 De
664 1288 939 1335 senectute
970 1282 1331 1350 conscripsit:
1355 1282 1607 1336 Orator-is
1630 1298 1839 1335 munus

243 1383 359 1424 non
380 1368 602 1439 ingenii
622 1372 707 1422 est
731 1369 934 1431 solum,
954 1370 1049 1424 sed
1074 1371 1320 1424 laterum
1341 1371 1517 1425 etiam
1535 1374 1591 1424 et
1610 1371 1835 1424 virium.

243 1452 364 1521 Quo
394 1453 665 1524 perditum
706 1452 783 1506 ire
814 1452 1027 1508 festinat
1059 1461 1204 1507 tanta
1225 1453 1388 1508 animi
1426 1454 1500 1508 tui
1531 1455 1835 1519 celebritas,

234 1546 386 1596 tanta
408 1540 675 1595 memoria
695 1542 1084 1612 praeteritorum
1104 1542 1517 1614 futurorumque
1539 1543 1839 1613 providen-

235 1630 330 1699 tia,
368 1638 444 1683 tot
473 1637 641 1698 artes,
673 1637 749 1684 tot
780 1630 1042 1696 scientiae,
1078 1638 1153 1685 tot
1203 1632 1447 1695 inventa,
1483 1639 1627 1685 tanta
1660 1647 1839 1685 rerum

1949 482 2280 550 nuptiarum,
2316 480 2404 534 ubi
2451 480 2504 535 in
2539 481 2718 536 vinum
2764 498 2959 553 aquam
2992 483 3290 543 convertit;
3343 482 3410 536 ad
3445 481 3534 536 Si-

1947 570 2121 623 monis
2150 571 2336 639 epulas
2363 570 2650 635 aceedens,
2680 570 2776 624 ubi
2809 588 2839 624 a
2870 571 3037 625 Maria
3080 578 3290 640 septem
3322 571 3536 626 daemo-

1947 658 2110 712 nibus
2132 659 2720 729 ejectis,spiritualibus
2741 676 2858 714 eam
2892 660 3111 715 ferculis
3140 661 3314 730 primo
3345 660 3526 731 pavit;

1948 748 2153 801 Zachaei
2184 748 2470 817 prandium
2501 763 2606 803 non
2653 763 2929 816 recusans,
2964 765 3124 819 quem
3174 750 3241 804 de
3272 755 3537 819 potestate

1948 836 2151 890 militiae
2173 837 2452 891 saecularis
2484 844 2796 903 retractum,
2828 838 2896 892 ad
2944 839 3224 893 cmlestem
3283 838 3536 892 militiam

1947 925 2182 980 vocavit.
2252 925 2414 992 Audi,
2474 926 2646 991 Pater,
2706 927 2829 981 audi
2894 927 3133 992 Paulum,
3195 928 3538 981 Timotheum

1948 1023 2172 1084 propter
2201 1014 2445 1068 dolorem
2474 1015 2756 1079 stomachi,
2790 1015 2971 1069 vinum
2994 1016 3180 1069 bibere
3201 1016 3535 1083 suadentem,

1947 1102 2362 1173 dicentemque:
2398 1106 2522 1158 Jam
2553 1105 2673 1159 noli
2721 1121 2925 1176 aquam
2957 1105 3154 1168 bibere,
3189 1105 3283 1158 sed
3322 1105 3551 1158 modica"

1947 1193 2074 1247 vino
2108 1197 2285 1247 utere.
2318 1193 2456 1247 Ecce
2490 1192 2779 1262 Apostolus
2808 1193 3099 1247 secundum
3148 1192 3473 1261 discipulum
3506 1208 3538 1246 a

1946 1282 2223 1350 proposito
2276 1281 2843 1349 dehortaturjejunio.
2893 1281 2988 1334 Cui
3018 1280 3161 1334 enim
3191 1280 3355 1335 dicit:
3403 1278 3535 1334 Jam

1946 1370 2064 1423 noli
2099 1386 2301 1441 aquam
2331 1369 2531 1435 bibere,
2557 1381 2745 1438 aperte
2775 1369 3051 1423 denuntiat
3074 1386 3196 1423 eum
3229 1368 3359 1421 nihil
3389 1366 3537 1422 aliud

1948 1474 2105 1525 quam
2156 1474 2356 1528 aquam
2397 1467 2520 1512 ante
2574 1458 2796 1512 bibisse.
2848 1457 3137 1512 Imitemini
3184 1456 3533 1528 Gregorium,

1946 1545 2326 1600 lassitudinem
2375 1546 2757 1617 defectumque
2799 1548 3063 1600 stomachi
3109 1545 3217 1600 cibi
3268 1552 3534 1617 potusque

1943 1634 2340 1689 confortatione
2390 1635 2746 1702 revelantem,
2781 1635 3040 1690 doctrinae
3069 1642 3121 1688 et
3169 1634 3537 1704 praedicationi

235 1720 599 1773 humanarum
649 1718 855 1786 notitia,
886 1718 1296 1790 divinitatisque
1340 1736 1462 1773 cum
1492 1720 1834 1789 simplicitate
1863 1742 1917 1800 Β
1949 1723 2179 1778 viriliter
2213 1722 2697 1793 indeﬁeienterque
2742 1723 3101 1778 insistentem.
3150 1723 3327 1779 Facite
3368 1724 3534 1795 igitur

233 1806 549 1879 prudentia.
618 1806 968 1862 Considerate
1043 1808 1439 1862 multitudinem
1512 1809 1833 1862 talentorum

236 1913 359 1967 qua
382 1896 545 1951 vobis
573 1896 727 1951 dives
758 1896 1021 1950 Dominus
1041 1905 1223 1950 vester
1253 1897 1417 1963 dedit,
1446 1897 1573 1966 quid
1604 1897 1838 1952 commi-

238 1985 387 2050 serit,
421 1985 557 2056 quid
602 1984 806 2056 exigat.
858 1985 1129 2039 Deducite
1176 1984 1377 2039 bonum
1423 1984 1479 2039 in
1523 2001 1835 2052 commune,

238 2073 383 2142 quod
417 2073 717 2127 deductum
749 2072 1024 2143 pulchrius
1046 2073 1337 2141 elucescat,
1361 2081 1524 2143 atque
1547 2090 1674 2129 cum
1706 2075 1839 2128 mul-

239 2161 410 2231 tiplici
444 2162 633 2216 fenore
665 2169 972 2232 reportatur
1002 2163 1068 2215 ad
1114 2163 1426 2217 Dominum.
1458 2163 1540 2217 Ne
1582 2163 1840 2217 fraudetis

238 2250 397 2305 vobis
440 2250 578 2320 ipsis
625 2250 889 2315 invicem;
944 2251 1080 2305 sicut
1127 2251 1463 2306 necessarius
1508 2260 1589 2306 est
1646 2252 1840 2306 animae

242 2338 543 2406 spiritualis
586 2347 744 2408 potus
775 2347 825 2392 et
871 2339 1049 2403 cibus,
1084 2340 1159 2393 ita
1212 2344 1265 2394 et
1313 2340 1633 2410 corporalis.
1673 2342 1839 2395 Com-

242 2425 518 2480 edendum
566 2426 739 2497 igitur
786 2434 867 2481 est
912 2427 1088 2493 vobis,
1133 2435 1184 2482 et
1229 2426 1542 2495 bibendum,
1585 2429 1840 2497 quoniam

242 2514 476 2584 grandis
520 2513 697 2581 vobis,
748 2514 847 2568 Dei
901 2525 1052 2579 nutu,
1115 2516 1279 2585 hujus
1336 2516 1460 2571 vitae
1513 2523 1676 2570 restat
1734 2517 1837 2585 via,

242 2602 470 2671 grandis
499 2603 696 2656 messis
734 2603 1070 2671 seminanda,
1102 2604 1416 2659 sarculanda
1464 2620 1526 2659 ac
1564 2606 1837 2675 metenda,

242 2690 301 2743 in
345 2692 544 2745 horreo
576 2706 793 2761 quoque
824 2691 1059 2759 Domini,
1101 2709 1206 2762 quo
1241 2693 1327 2747 fur
1373 2708 1481 2746 non
1529 2694 1838 2764 appropiet,

243 2777 600 2843 collocanda;
623 2778 818 2833 videtis
838 2779 1123 2849 operarios
1145 2781 1198 2834 in
1228 2781 1471 2835 maxima
1494 2796 1678 2836 messe
1700 2797 1840 2851 pau-

244 2865 510 2920 cissimos.
544 2867 605 2920 In
654 2866 941 2922 multorum
987 2868 1206 2923 labores
1255 2868 1508 2935 introisti,
1542 2876 1599 2923 ut
1636 2869 1839 2924 multo-

243 2970 364 3008 rum
385 2953 542 3009 lucra
570 2963 835 3025 reportes.
861 2956 1135 3011 Memento
1158 2972 1284 3011 vero
1305 2972 1402 3012 vos
1426 2958 1596 3012 vicem
1619 2958 1841 3013 Joannis

244 3042 477 3112 apostoli
506 3051 563 3097 et
594 3044 944 3115 evangelista:
982 3045 1133 3099 chari
1181 3045 1412 3100 Domino
1445 3055 1646 3115 tenere,
1680 3063 1839 3115 quem

244 3131 513 3185 Dominus
542 3132 661 3200 ipse
690 3134 1042 3203 supervivere
1075 3134 1259 3200 voluit,
1302 3143 1356 3189 ut
1386 3136 1625 3207 Virginis
1656 3136 1842 3190 matris

244 3220 406 3291 virgo
436 3220 672 3275 dilectus
700 3236 886 3275 curam
917 3226 1150 3292 gereret.
1185 3222 1509 3292 Suscepistis
1545 3225 1843 3296 gerendam

243 3324 429 3363 curam
474 3309 666 3363 matris
695 3309 981 3377 Ecclesiae,
1016 3310 1084 3364 de
1134 3327 1236 3381 qua
1285 3312 1522 3380 quotidie
1561 3313 1843 3382 periclita-

243 3396 462 3462 buntur,
497 3397 600 3451 nisi
633 3414 829 3469 magna
860 3414 986 3453 cura
1037 3400 1385 3468 succurratis,
1420 3401 1610 3455 fratres
1643 3401 1846 3456 Christi

246 3492 298 3540 et
346 3501 580 3552 sorores,
614 3502 752 3558 quos
793 3488 968 3557 pretio
998 3487 1202 3558 proprii
1223 3489 1502 3559 sanguinis
1534 3489 1845 3559 redemptos

243 3574 366 3645 ipse
398 3575 496 3628 tibi
527 3576 964 3630 commendavit.
1008 3576 1242 3643 Pascite,
1275 3593 1308 3631 o
1355 3578 1539 3631 Faster
1569 3578 1698 3631 tanti
1728 3579 1843 3632 Do-

243 3663 397 3729 mini,
420 3679 650 3735 gregem
671 3663 810 3732 ejus,
833 3680 898 3718 ne
922 3673 1109 3734 pastus
1130 3666 1287 3733 inops
1307 3665 1519 3720 deficiat
1551 3665 1602 3719 in
1626 3666 1732 3721 via.
1766 3666 1847 3720 Sit

244 3750 403 3805 vobis
436 3752 490 3804 in
523 3753 777 3823 exemplo
800 3768 950 3807 sacer
970 3753 1225 3808 sacerdos
1247 3754 1528 3822 Martinus,
1550 3754 1631 3806 vir
1651 3751 1847 3809 inetia-

245 3839 389 3907 bilis,
412 3841 507 3909 qui
539 3856 657 3895 cum
692 3841 968 3896 caelestem
1002 3843 1245 3913 requiem
1270 3843 1436 3911 388
1471 3850 1713 3912 paratam
1743 3843 1845 3896 sibi

241 3927 596 3998 praevideret,
631 3928 874 3983 laborem
924 3936 1106 3983 tamen
1139 3946 1239 4000 pro
1288 3930 1474 4000 p0puli
1523 3930 1845 3985 necessitate

242 4033 300 4071 se
334 4032 442 4071 non
469 4031 724 4072 recusare
754 4016 992 4071 dicebat.
1032 4018 1171 4073 Novi
1196 4018 1411 4088 quidem
1432 4034 1528 4073 vos
1560 4019 1843 4073 multorum

242 4105 536 4176 exemplis,
569 4105 753 4159 multis
805 4107 1193 4177 Scriptutarum
1230 4108 1551 4161 testimoniis
1582 4107 1647 4161 ad
1691 4107 1845 4176 jeju-

240 4195 393 4248 nium
446 4195 657 4248 invitari
689 4202 743 4249 et
788 4193 1135 4265 confirmari;
1191 4196 1411 4250 assidua
1446 4196 1644 4267 quippe
1689 4195 1845 4250 lectio

241 4283 397 4336 vobis
446 4282 757 4353 frequenter
803 4284 1046 4356 suggerit
1091 4284 1319 4354 qualiter
1367 4292 1488 4354 post
1550 4283 1843 4354 jejunium,

240 4370 416 4423 Eliam
442 4385 662 4435 corvus,
695 4371 925 4425 Eliseum
958 4372 1138 4438 vidua,
1173 4372 1449 4427 Danielem
1486 4373 1717 4444 angelus
1748 4389 1847 4443 per

244 4457 505 4512 Habacuc
541 4459 787 4528 paverit:
839 4459 1066 4529 qualiter
1120 4462 1334 4530 Moyses
1384 4461 1617 4529 tabulas,
1673 4461 1842 4531 digito

244 4544 345 4598 Dei
388 4545 638 4616 scriptas,
664 4545 874 4614 jejunio
922 4548 1172 4617 accipere
1220 4548 1501 4613 meruerit,
1534 4547 1841 4620 fractasque

244 4649 347 4704 per
401 4633 545 4687 idem
608 4635 1034 4703 recuperaverit.
1099 4635 1391 4691 Gentilium
1460 4652 1676 4708 quoque
1743 4654 1840 4692 vos

244 4722 498 4792 exempla
548 4722 779 4792 plurima
823 4724 890 4777 ad
930 4724 1318 4794 parcimoniam
1368 4725 1617 4779 invitant.
1664 4727 1838 4780 Nemo

243 4819 329 4865 est
353 4810 503 4864 enim
535 4812 625 4881 qui
644 4812 857 4883 ignorat
875 4828 971 4866 vos
989 4812 1188 4883 legisse
1210 4814 1549 4885 Pythagorae,
1575 4815 1834 4883 Socratis,

240 4898 575 4953 Antisthenis
640 4899 1031 4971 frugalitatem,
1100 4910 1524 4972 czeterorumque
1591 4902 1835 4972 philoso-

240 4989 495 5057 phorum,
551 5002 685 5058 quos
724 4996 780 5042 ut
817 5005 1140 5043 enumerare
1188 4989 1409 5061 longum
1458 4995 1560 5054 est,
1604 4991 1677 5045 ita
1734 5007 1836 5048 nec

220 5076 497 5145 ‘preesenti
529 5077 790 5147 opusculo
816 5078 1204 5132 necessarium.
1224 5079 1557 5133 Veniendum
1589 5088 1668 5134 est
1699 5097 1834 5153 ergo

238 5164 306 5220 ad
336 5180 494 5221 novae
530 5164 667 5237 legis
697 5167 950 5237 gratiam.
972 5166 1216 5221 Christus
1246 5168 1417 5235 Jesus,
1445 5169 1533 5239 qui
1564 5168 1835 5225 dedicavit

1947 1812 2091 1883 quod
2124 1813 2213 1866 ille
2246 1812 2388 1877 fecit,
2413 1820 2467 1866 ut
2497 1812 2824 1883 perveniatis
2855 1812 2921 1866 ad
2952 1829 3108 1881 quem
3140 1813 3408 1881 pervenit,
3432 1813 3536 1868 hoc

1946 1908 2025 1954 est
2071 1901 2139 1954 ad
2187 1901 2373 1955 .lesum
2424 1902 2696 1955 Christum
2744 1901 2947 1955 fontem
2993 1902 3135 1968 vitm,
3188 1908 3536 1971 montemque

1947 1990 2243 2054 excelsum,
2280 2005 2402 2044 cum
2436 2005 2546 2058 quo
2573 1989 2640 2044 de
2670 1990 2898 2059 perenni
2927 1990 3102 2061 gloria
3126 1989 3243 2057 jam
3275 1989 3403 2043 olim
3430 2006 3535 2061 ga-

1948 2078 2096 2133 visus
2128 2086 2223 2144 est,
2254 2078 2459 2149 gaudet
2482 2078 2850 2149 gaudebitque
2874 2078 2923 2131 in
2957 2079 3155 2132 saecula
3184 2078 3529 2132 saeculorum.

1948 2168 2131 2221 Valeat
2163 2167 2215 2219 in
2261 2167 2492 2221 Domino
2532 2168 2787 2221 sanctitas
2832 2177 3029 2223 vestra.
3080 2182 3274 2237 meque
3321 2165 3537 2219 fidelem

1948 2263 2187 2311 vestram
2216 2255 2471 2309 famulam
2504 2272 2601 2309 vos
2633 2264 2742 2309 toto
2772 2256 2950 2309 cordis
2979 2254 3171 2310 afl‘ectu
3219 2254 3537 2321 diligentem

1949 2344 2281 2397 orationibus
2314 2344 2571 2412 adjuvare
2618 2344 2782 2397 nolite
2813 2343 3111 2404 desistere;
3166 2350 3218 2396 et
3255 2342 3537 2411 epistolam

1948 2447 2056 2485 non
2087 2431 2292 2497 fictam,
2325 2432 2417 2484 sed
2450 2431 2591 2487 fideli
2623 2431 2885 2487 charitate
2917 2438 2970 2484 et
3000 2429 3151 2484 firma
3200 2429 3357 2485 vobis
3387 2445 3419 2482 a
3450 2445 3537 2484 me

1948 2521 2169 2574 missam
2205 2520 2502 2591 suscipere,
2546 2519 2750 2592 legere,
2808 2519 2997 2573 audire
3052 2526 3218 2589 atque
3276 2516 3538 2573 exaudire

1947 2608 2281 2680 dignemini.

2443 2679 2781 2733 EPISTOLA
2819 2679 2932 2734 LVI
2959 2677 3040 2731 '°’.

2294 2784 2533 2825 ANSELMI
2574 2784 2642 2823 AD
2676 2785 2804 2825 IDAM
2836 2784 3191 2824 COMITISSAM.

1949 2860 2023 2915 De
2059 2859 2177 2927 ﬁlio
2212 2876 2247 2913 α
2287 2874 2345 2914 se
2375 2859 2736 2926 commonita,
2759 2862 2814 2914 et
2841 2857 2911 2913 de
2929 2858 3223 2926 prtebenda
3262 2857 3541 2913 Lamberli

2516 2948 2606 3002 sui
2636 2949 2947 3017 capellam'.

2024 3036 2351 3103 ANSELMUS,
2383 3052 2570 3091 servus
2603 3036 2857 3090 Ecclesiae
2897 3034 3404 3103 Cantuariensis'”,
3437 3034 3541 3090 do-

1952 3125 2132 3193 mina,
2195 3133 2247 3177 et
2302 3124 2477 3190 matri,
2538 3134 2590 3179 et
2646 3124 2771 3178 filiae
2828 3124 3172 3189 charissima},
3233 3123 3541 3179 reverendae

1951 3214 2247 3269 comitissm
2295 3214 2425 3280 lore,
2461 3213 2712 3281 salutem,
2747 3221 2800 3267 et
2842 3213 3275 3268 benedictionem
3326 3213 3448 3279 Dei,
3490 3218 3543 3266 et

1952 3319 2126 3369 suam,
2159 3310 2413 3374 quantum
2445 3309 2636 3372 potest.

2023 3391 2369 3455 Charissima,
2397 3407 2494 3445 vos
2516 3390 2711 3443 salutat
2742 3405 2861 3444 mea
2883 3389 3111 3460 epistola
3136 3407 3150 3455 ;
3183 3389 3278 3443 sed
3301 3388 3541 3457 quotidie

1952 3495 2049 3534 vos
2106 3479 2301 3549 aspicit
2343 3495 2465 3532 mea
2513 3479 2803 3545 memoria,
2850 3485 2903 3531 et
2946 3492 3104 3546 spero
3148 3477 3203 3530 in
3253 3478 3367 3531 Deo
3415 3477 3542 3548 quia

1951 3584 2225 3639 nunquam
2276 3568 2363 3620 illa
2394 3569 2462 3621 de
2512 3566 2673 3621 corde
2722 3582 2844 3620 meo
2901 3565 3184 3621 delebitur.
3243 3567 3375 3621 Cum
3427 3565 3542 3620 filio

1952 3665 2133 3712 vestro
2164 3656 2375 3711 locutus
2400 3673 2539 3721 sum,
2572 3663 2623 3709 et
2653 3663 2913 3725 precatus
2945 3672 3061 3708 sum
3091 3671 3213 3710 eum
3264 3655 3331 3709 de
3361 3655 3540 3721 vobis,

1951 3746 2092 3799 sicut
2139 3744 2381 3799 intellexi
2414 3752 2707 3813 oportere;
2760 3753 2809 3797 et
2840 3746 2957 3814 ipse
2989 3744 3121 3798 mihi
3164 3744 3441 3815 respondit
3481 3760 3538 3797 se

1953 3834 2084 3887 nihil
2150 3834 2402 3888 libentius
2462 3832 2638 3887 facere
2689 3848 2850 3903 quam
2915 3834 3241 3887 voluntatem
3308 3840 3543 3887 vestram

1952 3923 2196 3991 implere.
2231 3923 2495 3975 Dominus
2524 3920 2841 3976 Lambertus
2871 3922 3184 3991 capellanus
3218 3929 3409 3986 vester,
3443 3920 3544 3993 qui

1952 4020 2201 4066 moratur
2246 4010 2300 4063 in
2359 4010 2553 4081 Anglia
2605 4025 2705 4081 pro
2759 4019 2940 4065 vestro
2985 4010 3223 4076 servitio,
3268 4017 3441 4080 rogat,
3492 4017 3545 4063 et

1953 4116 2057 4172 ego
2087 4115 2205 4154 cum
2258 4099 2349 4153 illo
2397 4114 2551 4168 rogo,
2586 4115 2651 4151 ne
2701 4098 2882 4166 aliqua
2925 4098 3231 4163 occasione,
3272 4098 3444 4151 donec
3475 4098 3543 4151 ad

1952 4204 2049 4241 vos
2077 4187 2284 4250 redeat,
2321 4187 2515 4256 perdat
2546 4185 2752 4256 aliquid
2783 4185 2851 4239 de
2880 4187 3189 4254 prmbendae
3219 4202 3332 4240 suae
3372 4186 3546 4239 bene-

1954 4275 2098 4331 ficio.
2156 4276 2444 4330 Precamur
2499 4273 2658 4327 etiam
2706 4277 2763 4327 ut
2820 4273 2922 4327 hoc
2996 4274 3175 4344 ipsum
3243 4273 3544 4328 confratres

1956 4365 2074 4433 ejus
2104 4364 2397 4420 canonicos
2426 4363 2695 4433 precando
2727 4362 3015 4416 moneatis.
3055 4361 3205 4429 Quos
3256 4360 3413 4414 simul
3446 4376 3545 4415 nos

1873 4445 1923 4504 D
1956 4453 2115 4507 ambo
2149 4452 2200 4506 in
2245 4455 2347 4507 hac
2388 4451 2644 4506 schedula
2688 4450 3014 4515 salutamus;
3051 4458 3102 4504 et
3147 4458 3201 4502 ut
3232 4449 3543 4520 petitionem

1953 4551 2189 4597 vestram
2246 4541 2552 4610 admittant,
2614 4539 2780 4593 etiam
2827 4547 2991 4607 atque
3042 4539 3203 4592 etiam
3260 4555 3541 4609 rogamus.

1953 4631 2308 4701 Omnipotens
2340 4631 2484 4683 Deus
2517 4644 2612 4682 vos
2643 4628 2711 4681 ab
2733 4628 3223 4682 omniadversitate
3252 4627 3542 4695 custodiat,

1952 4728 2004 4774 et
2036 4720 2375 4774 desiderium
2408 4725 2649 4773 vestrum
2678 4732 2892 4786 semper
2929 4716 3143 4788 dirigat,
3177 4717 3459 4784 accendat,
3494 4724 3547 4772 et

1949 4809 2216 4880 perficiat.
2248 4813 2435 4866 Amen.

2424 4900 2765 4957 EPISTOLA
2806 4899 2951 4953 LVII
2973 4896 3054 4950 ¹⁰⁶.

2082 5004 2318 5043 ΑΝδΕιιΜι
2347 5006 2417 5043 ΑΙ)
2447 5004 2771 5044 MATIHLDAM
2804 5000 3055 5042 REGINAH
3082 5001 3405 5040 ANGLORUM.

1948 5078 2129 5134 Habet
2145 5081 2361 5148 gratias
2377 5096 2477 5150 pro
2498 5079 2825 5134 muneribus
2843 5082 2896 5132 et
2910 5078 3091 5131 amica
3107 5076 3541 5131 commonitione

2019 5169 2348 5235 MATUILDJ'I,
2369 5169 2620 5239 gloriosae
2643 5167 2847 5239 regina:
2878 5165 3197 5237 Anglorum,
3223 5164 3539 5219 reverendae

1545 5348 1774 5402 VARLE
1813 5346 2220 5402 LECTIONES.

304 5510 762 5593 '°3_Corporalibns
793 5513 999 5593 viribus
1024 5531 1138 5570 ms.
1177 5516 1417 5593 corpogis
1453 5516 1685 5593 _vir_ibu3.
1756 5515 1957 5593 mcum
1985 5518 2196 5593 eodem
2239 5534 2351 5574 ms.
2401 5519 2637 5593 collata.
2706 5517 3053 5593 "fitnselmuS
3084 5512 3531 5585 archiepiscopus

233 5583 649 5638 Cantuariensis
671 5600 775 5641 ms.
802 5585 1089 5641 Anselmus
1115 5583 1306 5643 servus
1338 5587 1600 5645 Ecclesiae
1630 5588 2048 5645 Cantuariensis.
2079 5588 2285 5647 “Cum
2315 5590 2502 5647 eodem
2537 5606 2643 5646 ms.
2674 5590 2906 5647 collata.
