3998 6076
397 197 460 256 91
930 200 986 263 S.
1027 203 1337 263 ANSELMI
1375 202 1718 263 CANTUAR.
1749 199 2078 259 ARCHIEP.
2117 198 2281 258 OPP.
2326 200 2502 262 PARS
2541 202 2730 261 III.-—
2757 199 3136 262 EPISTOLJE.
3624 200 3695 260 92

398 323 653 397 dominae,
684 324 809 384 ﬁliai
828 329 1177 389 charissima.
1203 333 1500 388 ANSELMUS
1521 326 1981 400 archiepiscopus,
2014 328 2070 390 A

397 415 646 472 debitum
690 419 970 486 honorem,
1004 421 1304 486 servitium,
1351 420 1623 476 orationes
1653 424 1709 474 et
1757 415 1987 473 benedi-

400 505 635 562 ctionem
666 508 784 573 Dei,
817 516 869 563 et
898 525 1069 575 suam,
1103 518 1361 581 quantum
1392 514 1596 580 potest.

475 612 691 668 Gratias
720 630 948 686 magnas
990 630 1095 687 ago
1127 624 1319 671 vestrm
1349 614 1647 686 largitioni,
1682 613 1779 668 sed
1811 612 1989 667 multo

401 701 662 769 majores,
711 701 779 756 de
829 718 933 773 qua
979 720 1203 758 munera
1246 706 1563 775 procedunt,
1604 709 1805 757 sanctze
1849 701 1992 756 dile-

400 789 559 843 ctioni
587 807 598 843 :
628 807 747 861 quae
773 792 930 845 etiam
962 792 1093 846 mihi
1120 793 1210 863 pia
1240 792 1602 848 sollicitudine
1655 792 1816 845 instat
1854 797 1910 844 ut
1941 789 1995 843 in

404 878 679 933 alimentis
710 881 990 934 sumendis
1037 883 1256 953 corpori
1306 882 1514 952 largius
1564 880 1895 951 indulgeam,
1930 894 1997 933 ne

402 982 503 1021 vox
522 975 574 1022 et
604 968 749 1023 vires
766 970 833 1022 ad
864 987 1044 1025 curam
1068 972 1359 1039 injunctam
1383 972 1521 1024 mihi
1549 968 1823 1024 deficiant.
1859 969 1996 1022 Nam

407 1057 660 1124 quoniam
694 1058 889 1113 auditis
927 1076 1014 1114 me
1046 1076 1142 1129 pro
1166 1060 1385 1128 jejunio
1422 1059 1584 1114 totius
1627 1058 1754 1120 diei,
1787 1055 1997 1111 etiamsi

404 1144 642 1213 quotidie
672 1145 822 1201 ﬁeret
851 1147 933 1214 3°“,
974 1148 1175 1202 famem
1207 1165 1317 1202 non
1338 1147 1561 1212 sentire,
1593 1146 1795 1200 timetis
1826 1145 1998 1199 rauci-

409 1237 575 1287 tatem
609 1242 662 1288 et
691 1235 1113 1291 imbecillitatem
1146 1237 1276 1291 mihi
1325 1235 1571 1306 corporis
1616 1235 1856 1290 evenire.
1892 1232 2000 1289 Sed

404 1322 627 1376 utimam
660 1331 863 1378 tantum
894 1325 1026 1379 mihi
1055 1326 1321 1396 sapientia
1351 1333 1403 1379 et
1438 1330 1676 1395 potestas
1697 1339 1816 1393 quae
1846 1337 2000 1378 com—

408 1412 563 1481 petit,
597 1420 965 1482 suppeterent,
1000 1423 1255 1485 quantum
1280 1431 1387 1468 vox
1421 1423 1472 1468 et
1504 1413 1644 1468 vires
1662 1428 1797 1482 quas
1826 1411 2003 1465 habeo

414 1498 480 1553 ad
511 1514 648 1568 opus
680 1502 809 1555 milii
836 1503 1138 1572 iniunctum
1170 1503 1497 1558 sufﬁcerent.
1520 1502 1664 1558 Licet
1695 1500 1772 1555 sic
1801 1500 2003 1571 possim

410 1587 527 1643 sine
557 1588 713 1643 famis
761 1590 1016 1645 molestia
1060 1592 1324 1660 jejunare,
1368 1592 1497 1645 satis
1537 1598 1717 1646 tamen
1763 1604 1999 1659 passum,

2468 329 2635 399 339
2668 328 3014 386 EPISTOLA
3044 328 3208 385 LVIII
3229 322 3318 385 θοι.

2418 430 2661 474 ΑΝεΕιΜι
2703 435 2774 473 ΑΙ)
2821 434 2954 474 [DAN
2997 432 3344 474 COMITISSAN.

2104 506 2326 562 Gratias
2348 508 2469 576 agit
2495 523 2598 577 pro
2640 507 2984 564 liberalitate
3013 510 3133 563 suis
3165 508 3364 577 legatis
3395 504 3691 571 exhibita;

2170 582 2227 632 et
2255 579 2375 648 ejus
2406 578 2667 633 timorem
2695 580 2758 633 in
2791 595 2851 634 re
2880 581 3088 634 salutis
3122 579 3337 644 laudat,
3376 594 3608 650 eamque
3656 594 3696 633 α

2167 651 2416 721 peccatis
2437 649 2695 716 absolvit,
2718 653 2982 720 injuncta
3013 651 3376 721 pcenitentia.

2173 739 2495 805 ANSELMUS,
2526 740 2703 809 gratia
2735 740 2836 793 Dei
2879 738 3342 810 archiepiscopus,
3373 738 3613 794 dominae
3645 744 3701 793 et

2104 826 2278 892 matri,
2331 835 2383 881 et
2413 825 2535 882 tiliae
2576 828 2929 895 charissimae,
2963 829 3075 882 Ius;
3116 827 3428 893 comitissae,
3468 827 3701 883 salutem

2105 924 2157 970 et
2187 915 2617 971 benedictionem
2650 916 2769 984 Dei,
2797 924 2851 973 et
2879 934 3052 981 suam,
3085 916 3130 970 si
3161 916 3285 986 quid
3317 916 3481 971 valet.

2177 1003 2390 1059 Gratias
2446 1020 2553 1077 ago
2584 1005 2888 1060 celsitudini
2919 1013 3114 1060 vestra:
3141 1021 3240 1076 pro
3278 1004 3615 1077 benignitate
3646 1012 3705 1060 et

2108 1092 2354 1165 largitate
2385 1111 2545 1165 quam
2576 1095 2775 1166 legatis
2820 1095 3021 1150 nostris
3051 1110 3223 1164 nuper
3258 1095 3428 1149 Roma
3456 1094 3703 1149 redeun-

2108 1183 2250 1237 tibus
2279 1183 2616 1249 exhibuistis,
2651 1182 2790 1238 sicut
2828 1183 2959 1236 mihi
2983 1190 3036 1237 et
3082 1182 3335 1237 omnibus
3365 1181 3568 1236 nostris
3607 1182 3703 1237 fa-

2109 1288 2231 1327 cere
2262 1270 2470 1327 soletis.
2496 1272 2574 1326 De
2597 1272 2699 1327 hoc
2724 1272 2867 1343 quod
2885 1271 3013 1325 mihi
3041 1286 3139 1341 per
3155 1270 3415 1326 damnum
3444 1267 3505 1299 '°"
3522 1271 3701 1326 Joan-

2109 1377 2232 1415 nem
2264 1360 2577 1430 mandastis,
2610 1360 2813 1414 nullam
2844 1375 3067 1430 possum
3098 1367 3337 1417 vestram
3364 1358 3579 1429 culpam
3607 1359 3704 1414 in—

2111 1449 2372 1521 telligere.
2407 1448 2512 1503 Sed
2543 1449 2802 1518 quoniam
2846 1463 3067 1518 semper
3096 1446 3257 1502 tutius
3285 1454 3368 1502 est
3420 1447 3475 1501 in
3504 1446 3564 1476 '°‘
3594 1448 3704 1502 hu—

2107 1535 2347 1607 jusmodi
2378 1536 2557 1608 magis
2587 1537 2777 1591 timere
2805 1552 2964 1608 quam
3007 1534 3303 1605 confidere,
3345 1535 3507 1591 laudo
3534 1536 3706 1592 timo-

2111 1640 2224 1679 rem
2239 1632 2493 1687 vestrum,
2514 1624 2639 1693 quia
2664 1624 2860 1679 beatus
2886 1623 3066 1691 homo,
3081 1624 3177 1695 qui
3197 1640 3416 1696 semper
3430 1629 3514 1680 est
3532 1627 3706 1697 pavi-

407 1683 459 1730 ει
505 1677 629 1779 velo
673 1693 800 1733 cum
831 1680 1021 1779 αρδεοι
1073 1688 1325 1779 quantum
1377 1679 1615 1777 expedit.
1892 1676 1997 1779 θξῑ-
2029 1686 2081 1745 B
2112 1676 2222 1768 at;
2249 1676 2884 1779 est.az..;,'is;a
2905 1676 3707 1769 agitatam;venit.

404 1765 602 1819 mentis
632 1782 897 1823 recreare.
932 1770 1135 1823 Memor
1164 1778 1245 1823 est
1275 1768 1513 1840 benigna
1535 1775 1719 1823 vestra
1751 1764 2000 1837 dignatio

405 1852 460 1906 in
494 1854 717 1925 epistola
747 1872 842 1910 sua
874 1858 1016 1928 quod
1059 1874 1154 1927 per
1182 1874 1271 1911 me
1319 1858 1386 1911 sit
1436 1865 1610 1911 vestra
1650 1854 1915 1911 celsitudo
1946 1853 2002 1907 in

405 1944 725 2014 conjugium
756 1945 1054 2017 legitimum
1086 1947 1427 2016 desponsata,
1460 1954 1511 2000 et
1543 1946 1610 1999 ad
1641 1945 1795 2014 regni
1828 1943 2002 1997 subli-

408 2031 669 2099 mitatem,
704 2050 788 2087 me
816 2041 1085 2099 sacrante,
1118 2043 1392 2090 coronata.
1420 2035 1619 2089 Verum
1645 2049 1763 2089 cum
1798 2032 1863 2086 de
1894 2048 2000 2098 me,

404 2122 496 2189 qui
525 2121 700 2189 hujus
729 2123 805 2177 rei
834 2124 1307 2178 ministertantum
1334 2122 1525 2191 ﬁdelis,
1555 2133 1815 2194 quantum
1837 2120 1891 2174 in
1915 2136 2003 2174 me

405 2208 521 2273 fuit,
555 2211 778 2279 exstitit,
833 2213 935 2268 hoc
957 2220 1064 2266 tam
1094 2212 1349 2283 benigne,
1374 2218 1523 2266 tanta
1549 2210 1725 2284 gratia
1746 2209 2001 2277 recolitis,

406 2298 534 2351 satis
582 2300 832 2354 aestimari
882 2308 1060 2371 potest
1107 2310 1340 2370 quantas
1391 2299 1630 2363 Christo,
1692 2299 1782 2369 qui
1840 2298 2003 2368 hujus

404 2385 533 2441 doni
563 2396 752 2443 auctor
783 2396 835 2444 et
865 2388 1091 2461 largitor
1131 2397 1232 2454 est,
1264 2396 1446 2461 grates
1478 2389 1530 2443 in
1570 2395 1750 2443 mente
1781 2386 2001 2457 persol-

405 2474 551 2531 vitts.
586 2475 734 2544 Quas
765 2478 811 2531 si
855 2486 1019 2542 recte,
1052 2479 1097 2532 si
1126 2479 1286 2546 bene,
1320 2479 1365 2532 si
1420 2477 1708 2533 efﬁcaciter
1737 2476 1856 2547 ipso
1886 2480 2003 2529 actu

406 2562 537 2617 vulti
569 2565 819 2633 reddere,
852 2567 1189 2621 considerate
1235 2567 1481 2637 reginam
1532 2566 1698 2630 illam,
1734 2579 1895 2634 quam
1936 2561 2003 2616 de

407 2652 612 2707 mundo
643 2653 749 2709 hoc
780 2670 1037 2724 sponsam
1069 2655 1172 2709 sibi
1204 2654 1281 2708 illi
1313 2654 1511 2726 placuit
1530 2653 1756 2726 eligere.
1779 2654 1905 2707 Hac
1922 2654 2005 2705 est

408 2754 571 2810 quam
623 2742 925 2812 pulchram,
975 2751 1029 2799 et
1075 2743 1332 2811 amicam,
1380 2750 1436 2797 et
1486 2742 1799 2797 columbam
1848 2754 2003 2794 suam

408 2836 566 2883 vocat
596 2830 651 2883 in
695 2830 1014 2901 Scripturis,
1063 2840 1112 2887 et
1152 2833 1220 2887 de
1264 2848 1368 2902 qua
1413 2831 1488 2886 illi
1525 2830 1724 2885 dicitur
1755 2844 1767 2883 :
1804 2828 2004 2885 Astilit

407 2918 607 2988 regina
630 2920 900 2975 adextris
923 2923 1038 2976 tuis
1068 2921 1242 2990 (Psal.
1291 2937 1437 2987 XLIV,
1473 2924 1582 2988 10).
1620 2919 1751 2973 Haec
1794 2924 1877 2972 est
1920 2914 2007 2971 cui

2108 1802 2300 1858 omnia
2350 1801 2513 1857 verba
2554 1817 2680 1856 mea
2722 1802 2857 1869 (Job.
2892 1817 2969 1867 Ix,
3020 1801 3135 1873 28).
3202 1800 3332 1857 5010
3376 1800 3551 1873 igitur
3596 1802 3709 1857 hoc

2111 1906 2322 1956 amore,
2355 1898 2407 1945 et
2452 1890 2578 1945 mali
2629 1890 2773 1959 quod
2813 1889 3040 1960 contigit
3084 1905 3182 1960 per
3224 1888 3401 1945 malos
3456 1890 3711 1945 homines

2112 1979 2296 2034 dolore
2326 1994 2487 2050 quem
2517 1978 2804 2041 habuistis,
2837 1978 3000 2033 credo
3032 1993 3128 2033 vos
3174 1980 3309 2042 Deo,
3345 1986 3605 2048 quantum
3632 1979 3709 2033 ad

2112 2084 2210 2123 vos
2240 2068 2489 2138 pertinet,
2523 2066 2878 2123 satisfecisse.
2916 2065 3185 2135 Quoniam
3218 2073 3396 2122 tamen
3425 2066 3538 2122 scio
3568 2067 3708 2138 quid

2111 2155 2450 2221 desideretis,
2483 2170 2580 2210 oro
2609 2156 2781 2209 Deum
2812 2162 2870 2209 ut
2900 2169 2998 2209 vos
3028 2154 3097 2208 ab
3128 2154 3232 2210 hoc
3262 2162 3318 2209 et
3346 2154 3414 2209 ab
3451 2155 3710 2210 omnibus

2112 2244 2353 2315 peccatis
2382 2243 2573 2299 vestris
2604 2243 2874 2309 absolvat,
2908 2251 2962 2297 et
2991 2242 3058 2297 ad
3087 2243 3279 2314 gloria:
3308 2257 3418 2297 suae
3461 2251 3711 2298 contem-

2110 2334 2405 2404 plationem
2460 2333 2737 2404 perducat.
2787 2335 2981 2386 Amen.
3022 2333 3199 2387 Unum
3236 2331 3552 2401 psalterium
3605 2348 3710 2403 pro

2112 2422 2366 2479 omnibus
2393 2421 2624 2492 peccatis
2652 2420 2846 2478 vestris
2882 2419 3063 2487 dicite,
3099 2420 3395 2476 secundum
3437 2427 3708 2494 opportu-

2111 2511 2336 2567 nitatem
2365 2518 2602 2567 vestram
2616 2550 2629 2564 .

2607 2599 2952 2656 EPISTOLA
3007 2597 3215 2655 LIX'”.

2351 2702 2592 2744 ANSBLMI
2619 2704 2689 2742 Αι)
2720 2704 3076 2745 CLEMENTI“
3103 2685 3453 2745 courrissm.

2117 2794 2385 2850 Comitem
2428 2795 2632 2850 laudat
2657 2796 2798 2867 quod
2827 2796 3053 2851 nullam
3082 2795 3245 2867 daret
3273 2794 3703 2865 investituram,

2184 2867 2326 2991 Zuod
2342 2866 2643 2921 comitissae
2658 2866 2894 2925 consilio
2915 2870 2972 2923 et
2991 2866 3300 2937 prudentia
3310 2870 3532 2936 factum
3548 2867 3706 2921 cele-

2222 2942 2332 2991 rat.
2354 2938 2421 2991 Et
2457 2942 2520 2991 ut
2544 2938 2740 2991 eadem
2770 2940 2887 2991 viro
2917 2953 3015 2991 suo
3036 2952 3257 2991 semper
3284 2934 3409 2991 iusa
3437 2937 3703 2991 consulat

2222 2942 2332 2991 rat.
2354 2938 2421 2991 Et
2457 2942 2520 3010 ut
2544 2938 2740 2992 eadem
2770 2940 2887 2995 viro
2917 2953 3015 2993 suo
3036 2952 3257 3010 semper
3284 2937 3409 3009 ipsa
3437 2937 3703 2995 consulat

409 3004 479 3059 de
510 3006 702 3061 eodem
734 3008 941 3079 Sponso
986 3025 1085 3063 suo
1117 3008 1339 3065 Christo
1386 3009 1619 3063 dicitur:
1659 3007 1819 3074 Audi,
1852 3006 2002 3074 ﬁlia,
2035 3039 2082 3104 Ο
2186 3009 2483 3063 Anselmus
2500 3009 2782 3064 hortatur.

408 3097 466 3149 et
482 3095 624 3161 vide,
640 3100 698 3151 et
723 3097 945 3154 inclina
973 3115 1171 3154 aurem
1198 3102 1375 3167 tuam,
1403 3102 1458 3153 et
1477 3097 1801 3153 obliviscere
1819 3110 2000 3166 popu-

412 3183 529 3238 lum
546 3188 729 3254 tuum,
754 3190 809 3242 et
827 3186 1049 3242 domum
1070 3188 1256 3258 patris
1278 3189 1365 3243 tui
1391 3204 1404 3249 ;
1434 3190 1490 3242 et
1510 3188 1867 3259 concupiscet
1897 3198 2003 3239 rex

409 3271 663 3329 decorem
687 3278 848 3331 tuum
880 3276 1062 3343 (Ibid.,
1096 3279 1201 3331 11).
1236 3275 1450 3345 Quanto
1482 3274 1625 3329 enim
1664 3273 2003 3328 saecularium

410 3363 856 3431 conversationis,
881 3372 931 3418 et
951 3364 1118 3434 patris
1142 3365 1245 3431 sui,
1272 3364 1435 3435 hujus
1451 3363 1655 3419 scilicet
1677 3362 1882 3427 mundi,
1902 3363 2004 3416 ha-

406 3448 725 3505 bitationem
756 3452 1157 3508 contemnendo
1174 3452 1534 3518 obliviscitur,
1560 3459 1708 3506 tanto
1730 3450 2006 3521 pulchrior

409 3540 718 3608 conspectui
780 3540 976 3608 Sponsi
1033 3541 1120 3594 sui
1175 3548 1227 3594 et
1285 3540 1571 3595 amabilior
1637 3538 2000 3609 cognoscitur.

407 3626 557 3680 Hanc
586 3635 850 3698 quantum
869 3628 1117 3683 dilexerit
1147 3628 1265 3698 ipse
1295 3628 1567 3698 probavit,
1589 3642 1709 3682 cum
1736 3644 1793 3680 se
1823 3627 2005 3696 ipsum

411 3716 571 3770 morti
603 3725 794 3785 sponte
826 3717 1036 3772 tradere
1068 3733 1163 3786 pro
1195 3718 1309 3784 ejus
1339 3732 1524 3770 amore
1566 3731 1674 3770 non
1704 3714 1996 3769 dubitavit.

408 3805 580 3873 Hanc,
615 3803 851 3874 inquam,
900 3806 1233 3860 considerate
1281 3804 1552 3875 quomodo
1599 3803 1810 3859 exsulet
1839 3819 2005 3873 pere-

411 3893 620 3964 grinus,
652 3902 705 3947 et
745 3893 895 3963 quasi
946 3894 1108 3948 vulua
1155 3893 1225 3948 ad
1275 3895 1462 3947 virum
1495 3909 1651 3947 suum
1701 3908 1819 3947 cum
1869 3892 2009 3947 veris

413 3980 543 4036 ﬁliis
570 3983 743 4055 gemit
774 3991 826 4037 et
854 3982 1115 4053 suspirat,
1148 3986 1476 4053 exspectans
1506 3981 1679 4037 donec
1708 3981 1799 4036 ille
1830 3980 1896 4035 de
1926 3997 2009 4035 re-

412 4070 575 4143 gione
597 4072 895 4144 longinqua
918 4071 986 4126 ad
1009 4086 1175 4144 quam
1199 4071 1330 4126 abiit
1347 4071 1595 4141 accipere
1618 4069 1722 4124 sibi
1754 4086 2007 4142 regnum,

412 4160 614 4229 veniat,
646 4164 700 4216 et
744 4176 863 4216 eam
891 4161 961 4217 ad
1010 4177 1239 4232 regnum
1270 4176 1428 4216 suum
1464 4159 1859 4223 transferendo,
1892 4174 2010 4213 om-

411 4249 573 4305 nibus
628 4250 717 4321 qui
775 4251 951 4306 eidem
1012 4250 1202 4306 amica:
1262 4250 1399 4305 bona
1457 4248 1543 4303 vel
1591 4248 1730 4302 mala
1786 4246 2011 4302 fecerint

408 4347 567 4410 prout
595 4339 823 4412 quisque
852 4339 1038 4412 gessit,
1070 4339 1347 4394 retribuat.
1383 4336 1487 4405 Qui
1516 4336 1658 4391 hanc
1708 4337 2000 4402 honorant,

2182 3098 2496 3162 Ausswus,
2529 3096 2778 3166 quamvis
2807 3095 3087 3167 indignus,
3119 3095 3296 3151 dictus
3326 3095 3703 3166 archiepisco-

2101 3201 2202 3256 pus
2231 3184 2536 3240 Cantuariae
2555 3182 2637 3253 "°,
2668 3184 2903 3240 dominae
2945 3192 2997 3239 et
3027 3183 3149 3239 ﬁlius
3178 3183 3530 3252 charissima,
3562 3184 3707 3239 CLE-

2103 3288 2328 3329 Maivrm;
2360 3273 2678 3329 reverendae
2708 3273 3025 3341 comitissm,
3057 3289 3157 3344 per
3199 3272 3507 3327 diuturnam
3534 3272 3705 3342 hujus

2103 3362 2229 3417 vitae
2277 3362 2713 3434 prosperitatem,
2746 3369 3003 3419 :eternam
3054 3361 3251 3417 futura:
3298 3361 3503 3418 mereri
3538 3360 3708 3417 felici-

2105 3458 2285 3506 tatem.

2174 3538 2425 3594 Relatum
2455 3538 2583 3592 mihi
2614 3545 2696 3593 est
2712 3537 2974 3609 quosdam
2994 3537 3219 3594 abbates
3248 3539 3307 3594 in
3333 3537 3590 3594 Flandria
3619 3537 3707 3597 sic

2106 3628 2427 3685 constitutos
2455 3635 2513 3682 ut
2541 3642 2726 3683 comes
2755 3627 2838 3683 vir
2866 3636 3047 3683 vester
3078 3628 3281 3684 nullam
3313 3628 3391 3684 eis
3422 3644 3581 3684 manu
3602 3645 3706 3685 sua

2105 3715 2254 3769 daret
2283 3716 2683 3770 investituram.
2717 3715 2873 3783 Quod
2904 3715 3047 3772 sicut
3093 3731 3199 3772 non
3233 3716 3353 3770 sine
3402 3717 3520 3786 ejus
3554 3732 3705 3788 pru-

2106 3803 2253 3859 denti
2282 3803 2570 3859 clementia
2599 3804 2673 3858 ita
2718 3820 2825 3859 non
2856 3820 2971 3860 esse
3026 3805 3238 3861 aestimo
3253 3804 3315 3834 ⁸³³
3342 3805 3545 3861 factum
3574 3806 3710 3861 abs-

2108 3910 2212 3963 que
2238 3900 2425 3947 vestra
2468 3891 2719 3948 clementi
2747 3893 3056 3963 prudentia.
3089 3892 3269 3950 Tanto
3318 3911 3453 3967 ergo
3491 3895 3557 3949 de
3601 3895 3710 3951 hoc

2108 3989 2291 4039 vestro
2323 3981 2466 4037 bono
2497 3997 2659 4053 opere
2690 3987 2926 4054 gaudeo,
2948 3990 3148 4053 quanto
3179 3999 3279 4039 vos
3310 3984 3501 4038 ambos
3524 3984 3710 4039 verius

2109 4071 2165 4125 in
2184 4071 2297 4125 Deo
2325 4070 2519 4142 diligo.
2547 4070 2680 4125 Cum
2714 4071 2857 4125 enim
2889 4086 2956 4126 ea
2986 4088 3106 4143 quae
3134 4071 3418 4143 religionis
3447 4072 3709 4127 Christia-

2108 4174 2193 4214 nae
2223 4162 2368 4224 sunt,
2402 4158 2664 4213 concordi
2695 4159 2974 4214 voluntate
3024 4158 3220 4226 facitis,
3254 4175 3411 4216 veros
3449 4176 3548 4216 vos
3577 4176 3707 4216 esse

2110 4246 2249 4301 ﬁlios
2280 4247 2538 4303 Ecclesiae
2568 4262 2788 4318 sponsa:
2820 4247 2921 4302 Dei
2952 4256 3007 4302 et
3033 4247 3221 4304 ﬁdeles
3250 4249 3578 4305 advocantes
3607 4266 3710 4305 os-

2119 4334 2359 4390 tenditis.
2395 4337 2516 4390 Non
2547 4335 2690 4390 enim
2736 4326 3240 4406 debent‘principes
3283 4352 3538 4408 sponsam
3580 4338 3710 4408 Dei,

409 4440 531 4480 cum
581 4426 672 4480 illa
701 4396 1142 4487 hbquabuntur;
1176 4424 1265 4495 qui
1298 4425 1437 4476 hanc
1474 4423 1814 4487 conculcant,
1850 4429 2005 4477 extra
2029 4396 2087 4458 D
2122 4432 2350 4479 matrem
2381 4440 2550 4488 suam,
2574 4423 2619 4477 si
2642 4423 3381 4491 Christianisunt,aestimare
3402 4426 3505 4481 sibi
3526 4426 3712 4482 datam

411 4513 559 4569 illam
591 4515 1094 4577 conculcabuntur;
1129 4511 1220 4582 qui
1256 4512 1396 4565 hanc
1444 4510 1699 4577 exaltant,
1731 4526 1850 4564 cum
1900 4526 2003 4563 an-

409 4604 550 4676 gelis
581 4602 984 4670 exaltabnntur;
1012 4602 1105 4672 qui
1134 4602 1270 4655 hanc
1300 4598 1629 4668 deprimunt,
1649 4614 1771 4653 cum
1803 4599 2005 4654 daemo-

408 4692 569 4745 nibus
600 4692 987 4761 deprimantur.
1022 4690 1168 4743 Hanc
1198 4689 1458 4752 exaltate,
1490 4687 1774 4752 honorate,
1808 4688 2003 4743 defen-

410 4780 542 4846 dite,
580 4789 642 4834 ut
670 4795 790 4836 cum
822 4778 913 4832 illa
943 4785 997 4832 et
1042 4778 1095 4831 in
1126 4777 1221 4831 illa
1252 4792 1456 4847 sponsa
1486 4777 1601 4831 Deo
1640 4776 1918 4847 placeatis,
1952 4785 2006 4832 et

409 4868 466 4922 in
509 4876 717 4923 aeterna
764 4866 1096 4923 beatitudine
1142 4881 1266 4921 cum
1313 4865 1405 4921 illa
1438 4866 1722 4938 regnando
1770 4866 1995 4923 vivatis.

412 4956 611 5013 Amen.
648 4957 777 5011 Fiat.

2112 4512 2177 4541 ⁸η
2218 4512 2275 4566 in
2324 4511 2720 4567 hiereditariam
2759 4512 3203 4583 dominationem,
3235 4514 3332 4569 sed
3376 4530 3407 4569 a
3438 4516 3553 4570 Deo
3606 4514 3715 4571 sibi

2112 4599 2569 4669 commendatam,
2602 4607 2659 4654 ut
2710 4600 2825 4669 ejus
2866 4601 3185 4656 cohaeredes
3232 4610 3541 4657 mereantur
3587 4618 3717 4660 esse

2112 4690 2181 4745 ad
2223 4688 2585 4744 reverentiam
2617 4697 2669 4743 et
2700 4688 3109 4745 defensionem.
3140 4690 3255 4745 Rex
3298 4690 3441 4745 enim
3490 4698 3623 4758 erat,
3660 4698 3719 4747 et

2114 4778 2240 4851 quid
2292 4777 2360 4831 ad
2415 4778 2696 4847 principes
2753 4779 3019 4849 pertineat
3074 4778 3366 4851 intelligat,
3417 4780 3509 4851 qui
3567 4780 3718 4852 prin-

2113 4868 2266 4937 cipes
2294 4865 2541 4922 volentes
2589 4867 2955 4922 haereditatem
3004 4868 3380 4923 sanctuarium
3427 4868 3523 4923 Dei
3575 4884 3718 4940 pos-

2114 4954 2314 5023 sidere,
2349 4956 2428 5012 sic
2471 4955 2831 5013 maledicebat
2857 4976 2872 5011 :
2906 4958 3053 5014 Deus
3089 4973 3263 5028 meus,
3296 4973 3439 5031 pone
3469 4957 3597 5015 illos
3644 4961 3722 5015 ut

1679 5137 1911 5195 VARUE
1959 5134 2262 5192 LECTION
2269 5134 2373 5190 ES.

480 5294 721 5349 "’Etiam
749 5292 793 5347 si
824 5291 977 5347 fieret
1004 5308 1117 5347 ms.
1157 5289 1318 5346 etiam
1350 5290 1396 5345 si
1427 5289 1663 5360 quotidie
1684 5289 1854 5345 ﬁeret.
1887 5290 2094 5346 "‘Cum
2132 5288 2327 5345 eodem
2357 5304 2463 5345 ms.
2497 5290 2728 5346 collata.
2761 5287 3115 5347 '"Dominum
3159 5289 3236 5345 N.
3273 5304 3381 5345 ms.
3414 5287 3719 5345 Dominum

409 5368 734 5423 Iohannem.
767 5363 1027 5418 m‘l‘utius
1058 5364 1113 5416 in
1158 5379 1261 5417 ms.
1297 5362 1484 5417 Tutius
1533 5369 1616 5417 est
1644 5362 1718 5415 in.
1752 5361 1955 5419 "’Cum
1989 5362 2177 5417 eodem
2213 5378 2320 5416 ms.
2364 5362 2592 5417 collata.
2619 5361 2975 5419 “°Anselmus
3003 5369 3225 5417 vocatus
3263 5360 3722 5431 archiepiscopus

411 5438 718 5494 Cantuarios
766 5453 870 5491 ms.
905 5435 1188 5507 Anselmus
1217 5435 1474 5507 quamvis
1521 5433 1776 5507 indignus
1804 5431 2248 5505 archiepiscopus
2285 5432 2464 5489 dictus
2503 5432 2820 5490 Cantuariae.
2852 5434 3041 5491 ἰιΝοιι
3082 5434 3292 5491 aestimo
3318 5449 3424 5489 ms.
3455 5447 3567 5489 non
3599 5448 3723 5488 esse

416 5512 644 5567 aestimo.
676 5507 863 5566 "’Sibi
893 5505 1029 5563 dare
1054 5521 1159 5562 ms.
1193 5504 1299 5563 sibi
1326 5504 1528 5562 datam.
