4010 6064
332 290 399 347 93
1602 284 1736 341 LIB.
1784 280 1877 353 III,
1920 278 2147 338 EPIST.
2204 279 2377 339 LXII.
3560 285 3635 345 95

329 416 517 470 rotam
549 429 569 481 ;
601 415 657 472 et
690 414 839 471 sicut
869 413 1145 487 stipulam
1176 417 1312 471 ante
1334 415 1542 486 faciem
1570 412 1929 485 venti(Psal.
1963 408 2019 471 A
2042 409 2255 466 tuitioni
2285 416 2339 467 et
2368 409 2713 482 dispositioni
2768 426 2868 469 vos
2925 410 3291 469 commisistis.
3333 412 3527 486 Utique
3582 414 3640 470 in

325 518 545 572 Lxxxu,
635 505 764 573 ti);
830 511 882 559 et
939 521 1060 575 quae
1128 504 1376 576 proxime
1410 511 1733 576 sequuntur.
1815 502 1937 555 Non

322 592 442 648 haec
471 592 708 664 loquitur
747 593 939 658 David,
987 593 1083 648 sed
1126 594 1356 664 Spiritus
1414 593 1514 647 Dei
1566 592 1686 646 Filii
1743 592 1936 659 David,

325 681 417 751 qui
445 681 624 736 dixit:
662 683 872 737 C(elum
904 687 960 737 et
982 686 1138 737 terra
1186 681 1552 747 transibunt,
1605 681 1772 737 verba
1827 698 1936 736 au-

324 774 439 826 tem
460 787 587 826 mea
609 787 723 827 non
747 771 1077 827 transibunt
1105 772 1328 837 (Matth.
1371 787 1514 835 xxxv,
1550 771 1661 839 35).
1701 770 1783 824 Ad
1839 785 1936 825 vos

326 861 582 930 pertinet,
610 861 909 914 reverenda
940 859 1161 914 domina
1218 868 1270 913 et
1324 860 1434 914 tilia
1491 859 1833 925 charissima,
1876 865 1933 912 ut

321 948 443 1003 haec
468 955 521 1003 et
543 948 860 1016 hujusmodi
892 949 1011 1004 viro
1041 957 1221 1003 vestro
1256 947 1569 1017 frequenter
1612 955 1929 1019 Opportune,

326 1036 637 1105 importune
662 1037 972 1108 suggeratis
1007 1058 1019 1101 ;
1054 1044 1105 1090 et
1135 1044 1191 1090 ut
1213 1053 1317 1091 non
1350 1037 1658 1101 dominum,
1714 1035 1811 1089 sed
1869 1034 1929 1063 ³¹³

321 1125 646 1179 abvocatum
664 1142 676 1187 ;
696 1141 802 1179 non
822 1125 1265 1197 privignum,sed
1293 1124 1482 1179 ﬁllium
1508 1142 1566 1179 se
1598 1124 1791 1195 probet
1811 1140 1929 1178 esse

318 1214 603 1278 Ecclesia),
636 1214 945 1269 consulatis.
973 1216 1130 1268 Certe
1176 1214 1257 1268 sic
1279 1214 1379 1268 erit
1422 1222 1657 1284 potestas
1707 1213 1927 1283 placens

317 1303 457 1369 Deo,
498 1310 551 1356 et
582 1310 941 1357 omnesactus
970 1304 1088 1372 ejus
1107 1303 1415 1374 dirigentur
1447 1303 1517 1357 ab
1549 1318 1632 1367 eo,
1658 1311 1709 1356 et
1738 1311 1926 1357 contra

333 1406 535 1446 omnes
576 1391 700 1460 ejus
728 1391 1076 1447 adversarios
1096 1392 1197 1446 erit
1227 1407 1350 1447 cum
1382 1407 1474 1445 eo.
1498 1392 1707 1445 Monete
1726 1398 1926 1445 eumut

316 1494 600 1549 nunquam
615 1480 903 1534 adversetu
926 1480 1032 1551 legi
1054 1479 1172 1544 Dei,
1198 1480 1326 1551 quia
1339 1479 1428 1549 qui
1450 1479 1525 1532 illi
1547 1479 1748 1533 subditi
1768 1487 1910 1545 sunt,

324 1567 633 1640 Scriptura,
670 1583 791 1640 quae
820 1584 928 1623 non
958 1569 1230 1634 mentitur,
1291 1567 1483 1622 asserit
1534 1568 1653 1622 illos
1698 1567 1918 1621 indubi-

317 1665 501 1712 tanter
531 1657 782 1712 inimicos
796 1673 919 1712 esse
950 1657 1075 1712 Dei.
1115 1658 1195 1712 Ne
1223 1656 1704 1712 credatconsilium
1723 1663 1916 1713 contra

2050 500 2155 556 hoc
2185 501 2285 571 ipsi
2320 502 2495 572 potius
2524 508 2716 557 contra
2747 502 2919 557 Deum
2953 519 3111 574 quam
3143 510 3333 558 contra
3368 519 3466 559 vos
3514 502 3638 559 vio-

2049 590 2177 645 lenti
2214 590 2451 657 fuerunt,
2476 598 2527 645 et
2561 607 2656 644 vos
2688 591 2864 661 magis
2920 592 2985 645 ad
3034 593 3205 646 Deum
3254 591 3531 647 clamastis
3578 599 3639 646 ut

2049 679 2311 749 aspiceret
2340 689 2391 733 et
2416 681 2679 749 judicaret
2711 681 2855 751 quod
2877 681 2951 734 illi
2977 689 3163 736 contra
3186 698 3307 735 eum
3343 681 3493 736 vobis
3549 682 3636 735 in-

2040 768 2191 837 juste
2226 769 2482 822 fecerunt.
2518 770 2637 823 Non
2668 769 2959 833 miremini,
2994 786 3169 837 neque
3218 769 3358 824 ultra
3414 770 3636 825 modum

2049 858 2287 911 turbetur
2316 873 2407 912 cor
2435 866 2691 923 vestrum,
2747 858 2791 912 si
2844 858 3214 913 tribulationes
3273 859 3325 912 in
3386 858 3483 912 hac
3527 860 3634 913 vita

2044 947 2307 1017 patimini,
2342 945 2467 1018 quia
2498 948 2761 1015 scriptum
2800 955 2906 1001 est:
2929 950 3154 1018 (Oportet
3173 964 3272 1003 nos
3295 949 3629 1019 permultas

2044 1036 2442 1092 tribulationes
2472 1038 2715 1091 introire
2732 1039 2791 1091 in
2824 1053 3055 1105 regnum
3072 1038 3165 1091 Dei
3193 1038 3342 1107 (Act.
3371 1052 3487 1100 xw,
3513 1038 3627 1106 21).

2042 1127 2105 1179 Et
2133 1126 2325 1197 gaude:
2346 1143 2372 1179 e
2396 1126 2655 1179 debemus
2686 1141 2806 1180 cum
2838 1126 3109 1195 Apostolo
3168 1125 3219 1178 in
3263 1125 3626 1190 tribulatione,

2038 1217 2277 1270 scientes
2310 1215 2449 1285 quod
2482 1215 2775 1270 tribulatio
2805 1216 3149 1281 patientiam
3190 1218 3481 1286 operatur,
3521 1231 3627 1284 pa-

2039 1306 2241 1360 tientia
2268 1304 2675 1375 probationem,
2698 1305 2951 1376 probatio
2972 1318 3093 1358 vero
3110 1320 3281 1369 spem,
3304 1319 3425 1373 spes
3440 1307 3629 1357 autem

2036 1410 2149 1449 non
2168 1394 2471 1462 confundit
2493 1392 2673 1462 (Rom.
2690 1410 2743 1457 v,
2763 1395 2844 1462 3).
2879 1393 2942 1447 Ει
2966 1407 3188 1462 sperare
3201 1392 3395 1445 debilis
3418 1391 3471 1444 in
3494 1392 3625 1457 Deo,

2035 1482 2163 1554 quia
2195 1482 2373 1536 fidelis
2404 1490 2503 1547 est,
2538 1497 2637 1537 nec
2655 1483 2887 1552 patietur
2907 1482 3099 1535 tentari
3122 1496 3286 1550 supra
3308 1495 3471 1550 quam
3492 1478 3627 1533 ferre

2032 1572 2256 1642 potetis.
2295 1572 2393 1626 Dei
2419 1572 2616 1643 gratia,
2658 1588 2766 1626 non
2824 1570 3071 1641 patimini
3131 1578 3353 1640 propter
3410 1566 3628 1640 aliquod

2032 1660 2263 1727 crimen,
2288 1668 2547 1731 quantum
2588 1660 2655 1715 ad
2703 1662 2995 1714 humanum
3051 1659 3290 1730 pertinet
3326 1657 3621 1728 judicium,

318 1746 612 1801 consilium
628 1746 884 1817 Dei,quia
898 1747 1171 1801 Dominus
1190 1747 1919 1817 reprobatconsitiaprinci-
1948 1756 2000 1815 Β
2032 1749 2130 1804 sed
2159 1753 2381 1820 propter
2405 1748 2672 1817 justitiam
2708 1748 2813 1811 ;illi
2842 1765 2971 1803 vero
3003 1764 3170 1818 super
3201 1764 3296 1803 vos
3344 1763 3403 1800 se
3463 1746 3623 1817 inge-

318 1851 480 1907 pum,
512 1835 813 1890 consilium
844 1838 1039 1891 autem
1060 1836 1493 1891 Dominimanet
1537 1836 1600 1889 in
1643 1839 1924 1893 (etei-num

326 1924 507 1992 (Psal,
536 1924 816 1993 xxx11,10)
840 1929 942 1989 ;ει,
964 1924 1248 1995 sapientia
1278 1926 1410 1992 uias
1428 1925 1642 1988 sa’culi,
1670 1924 1928 1978 stultitia

317 2015 407 2067 est
436 2010 588 2082 apud
616 2011 795 2066 Deum
830 2010 883 2080 (I
927 2012 1048 2068 Cor.
1099 2026 1179 2077 ιιι,
1232 2010 1341 2080 19).
1402 2010 1696 2066 Consilium
1752 2019 1928 2066 autem

320 2097 543 2152 Domini
564 2105 648 2151 est
678 2113 839 2154 sacra
870 2098 1175 2169 Scriptura,
1196 2105 1247 2153 et
1269 2115 1457 2154 eorum
1488 2099 1681 2170 quibus
1728 2099 1864 2153 dixit
1913 2111 1924 2146 :

320 2186 425 2253 Qui
450 2202 540 2241 vos
570 2186 758 2254 audit,
795 2202 884 2241 me
910 2187 1073 2242 audit
1096 2187 1240 2257 (Luc.
1276 2204 1330 2253 x,
1356 2188 1440 2255 16)
1465 2206 1478 2253 ;
1508 2192 1562 2241 ει
1578 2187 1646 2240 ad
1661 2187 1927 2243 Christia—

314 2288 443 2327 nam
474 2273 801 2344 religionem
831 2274 1092 2331 instituta.
1128 2276 1261 2330 Hzec
1288 2290 1347 2320 ιιι
1377 2282 1611 2341 moneat,
1646 2276 1760 2331 haec
1798 2291 1931 2331 con-

317 2361 478 2426 sulat,
516 2378 673 2434 rogo,
732 2363 853 2419 viro
902 2379 1001 2418 suo
1057 2364 1338 2421 comitissa
1390 2363 1718 2427 Clementia.
1772 2371 1836 2418 ut
1877 2354 1929 2418 ει

312 2449 468 2505 illum
491 2458 545 2505 et
574 2450 725 2505 illam
754 2451 824 2506 ad
843 2468 1075 2524 regnum
1131 2455 1394 2510 caelorum
1450 2452 1700 2508 sublevet
1744 2452 1929 2508 divina

313 2537 619 2595 clementia.
652 2538 748 2596 Sic
774 2538 891 2595 ﬁat.
951 2543 1144 2596 Amen.

876 2629 1215 2686 EPISTOLA
1245 2630 1356 2685 LX.

312 2730 572 2773 ANSELHI
593 2732 668 2773 Δῐ)
680 2732 988 2775 GERARDUM
1005 2734 1402 2775 EBORACENSEI
1421 2732 1921 2775 ABGHIEPISCOPUM.

311 2824 384 2880 Se
429 2840 545 2880 non
605 2825 900 2899 scripsisse
942 2827 1168 2899 litteras
1207 2826 1356 2899 unde
1418 2826 1632 2897 Anglice
1677 2827 1925 2899 episcopi

750 2897 937 2968 ipsum
968 2897 1465 2953 criminabantur.

382 2983 718 3052 Amemus,
768 3000 959 3042 servus
1014 2986 1277 3041 Ecclesiae
1331 2985 1760 3053 Cantuariensis,
1814 2986 1923 3041 GE-

2035 1845 2155 1891 runt
2176 1846 2400 1908 propter
2432 1852 2587 1891 suam
2644 1835 3168 1907 concupiscentiam.
3225 1836 3358 1891 Cum
3418 1832 3627 1889 stabilis

2036 1926 2236 1997 pariter
2264 1933 2387 1980 ante
2418 1926 2629 1980 tribuna
2677 1926 2898 1991 Christi,
2933 1925 3023 1979 ubi
3055 1925 3279 1995 recipiet
3325 1922 3625 1993 unusquis-

2038 2030 2143 2086 que
2173 2015 2513 2087 proutgessit
2538 2014 2589 2068 iu
2606 2030 2854 2084 corpore,
2889 2014 3004 2069 sive
3034 2014 3258 2077 bonum,
3318 2012 3437 2066 sive
3492 2026 3619 2065 ma-

2035 2102 2172 2167 lum,
2205 2103 2372 2173 liquet
2402 2105 2571 2171 390
2603 2104 2730 2173 quia
2760 2101 3041 2157 vobiscum
3071 2110 3153 2157 est
3184 2102 3237 2155 in
3266 2103 3365 2155 hac
3394 2099 3626 2168 rejusti-

2040 2191 2131 2259 tia,
2159 2208 2285 2246 cum
2321 2191 2424 2245 illis
2448 2198 2527 2245 est
2553 2190 2780 2246 malitia.
2807 2191 2862 2246 Si
2894 2192 3039 2245 Deus
3097 2193 3213 2246 haec
3262 2187 3518 2243 discernit
3570 2187 3625 2241 in

2038 2280 2271 2348 actione,
2309 2280 2493 2349 utique
2514 2279 2755 2335 dicernet
2785 2286 2834 2334 et
2868 2280 2920 2333 in
2950 2279 3327 2334 retributione.
3395 2275 3624 2331 Consulo

2035 2369 2198 2424 etiam
2228 2368 2384 2423 vobis
2414 2375 2470 2421 ut
2501 2375 2654 2437 pater
2682 2367 2829 2431 ﬁliis,
2864 2375 3129 2438 quatenus
3178 2368 3292 2420 haec
3330 2381 3451 2433 quae
3480 2364 3627 2433 pati-

2036 2457 2171 2511 mini
2193 2457 2475 2527 imputetis
2507 2455 2741 2525 peccatis
2771 2455 2960 2510 vestris
2984 2454 3287 2509 secundum
3320 2454 3419 2506 Dei
3462 2451 3621 2520 judi-

2035 2546 2198 2613 cium,
2231 2553 2287 2599 ut
2317 2544 2684 2614 unusquisque
2715 2552 2958 2598 vestrum
3014 2542 3271 2597 discutiat
3325 2540 3621 2595 conscien—

2032 2633 2163 2688 tiam
2188 2640 2438 2699 suam,et
2459 2632 2759 2687 satisfaciat
2816 2633 2931 2685 Deo
2981 2646 3080 2700 per
3129 2629 3379 2685 effectum
3436 2627 3621 2697 paeni-

2037 2722 2217 2777 tentiae
2236 2730 2288 2777 et
2318 2722 2738 2776 confessionem.
2765 2720 2910 2776 Solet
2940 2720 3082 2775 enim
3106 2721 3251 2774 Deus
3306 2716 3616 2771 multitudi-

2032 2828 2154 2867 nem
2175 2820 2398 2883 propter
2411 2812 2625 2881 culpam
2644 2825 2937 2879 paucorum
2955 2808 3255 2879 ﬂagellare.
3281 2806 3623 2875 Quapropter

2027 2901 2397 2971 unusquisque
2426 2900 2569 2969 quod
2592 2899 2951 2955 communiter
2982 2896 3228 2967 patimini
3285 2895 3387 2949 sibi
3436 2894 3620 2964 impu-

2030 2998 2121 3056 tet,
2142 2994 2196 3045 et
2217 2997 2471 3062 quantum
2504 2988 2558 3041 in
2588 2988 2708 3058 ipso
2747 2995 2848 3051 est,
2882 2985 3222 3042 clementiam
3254 2984 3351 3037 Dei
3381 3000 3476 3053 per
3525 2997 3619 3035 sa-

308 3088 500 3129 asnno
551 3073 854 3130 reverenda
911 3074 1327 3145 archiepiscopo
1359 3074 1715 3141 Eboracensi,
1762 3075 1916 3129 salu-
1946 3100 1995 3163 Ο
2026 3078 2391 3133 tist‘actionem
2432 3093 2599 3146 super
2643 3092 2702 3129 se
2732 3083 2787 3130 et
2816 3091 2979 3145 super
3008 3075 3145 3129 alios
3175 3076 3413 3128 invocet.
3467 3072 3617 3125 Deus

319 3170 429 3217 tem
444 3202 457 3215 .

382 3249 648 3319 Quamvis
678 3266 765 3306 me
798 3251 961 3306 talem
994 3251 1199 3307 nesciat
1240 3267 1364 3307 mea
1403 3252 1735 3308 conscientia
1770 3267 1912 3323 qua-

307 3336 419 3393 lem
448 3354 536 3393 me
566 3338 742 3411 pingit
771 3347 955 3395 vestra
983 3341 1288 3411 prudentia,
1350 3349 1529 3397 tamen
1580 3357 1688 3397 non
1737 3341 1911 3397 debeo

307 3441 434 3484 esse
461 3427 723 3498 ingratus,
747 3429 871 3498 quia
903 3428 1049 3484 bona
1078 3445 1207 3500 quae
1238 3446 1325 3484 me
1354 3429 1558 3497 dicitis,
1592 3446 1748 3500 quam
1773 3445 1909 3502 erga

307 3538 395 3577 me
423 3523 659 3589 habetis,
690 3524 848 3580 vobis
872 3525 1164 3595 persuadet
1194 3525 1595 3583 benevolentia.
1629 3526 1790 3595 Quod
1821 3544 1909 3583 me

307 3612 553 3666 hortatur
577 3619 762 3667 vestra
789 3613 1009 3669 dilectio
1039 3630 1107 3669 ne
1130 3614 1308 3685 patiar
1353 3631 1528 3685 neque
1586 3617 1746 3671 velim
1806 3633 1905 3672 ve-

306 3707 472 3755 stram
500 3709 555 3755 et
582 3700 858 3756 sociorum
892 3708 1197 3758 vestrorum
1221 3703 1628 3773 contumeliam,
1673 3705 1907 3760 libenter

308 3789 544 3858 accipio,
578 3805 679 3844 nec
700 3791 878 3845 sentio
902 3806 987 3845 me
1009 3792 1299 3863 aliquando
1329 3808 1449 3846 eam
1480 3802 1569 3848 aut
1587 3794 1906 3865 quaesivisse

309 3885 401 3933 aut
429 3878 691 3934 voluisse.
722 3880 861 3934 Nam
885 3880 1091 3935 litteras
1123 3881 1266 3949 illas,
1299 3882 1366 3937 de
1398 3899 1621 3954 quarum
1654 3883 1905 3955 publica-

305 3966 453 4021 tione
483 3968 588 4023 hoc
616 3968 898 4023 aestimatis
951 3970 1262 4041 contigisse,
1314 3986 1414 4026 nec
1444 3988 1548 4044 ego
1569 3972 1903 4043 transcripsi,

305 4070 410 4111 nec
430 4056 877 4111 transcribendas
904 4057 1062 4112 alicui
1083 4059 1318 4124 ostendi,
1346 4074 1451 4114 nec
1468 4060 1662 4131 aliquis
1683 4077 1781 4131 per
1797 4078 1902 4117 me.

304 4142 555 4213 Denique
583 4159 705 4199 cum
735 4145 1012 4201 vobiscum
1036 4147 1243 4219 loquar,
1278 4146 1491 4203 confido
1521 4149 1578 4202 in
1625 4151 1737 4204 Deo
1781 4152 1906 4222 quia

306 4234 532 4288 omnino
582 4249 669 4288 me
717 4234 773 4288 in
818 4234 922 4290 hac
980 4250 1042 4290 re
1099 4236 1488 4306 inculpabilem
1535 4238 1901 4310 cognoscetis.

305 4320 459 4376 Vale.

826 4393 1170 4451 EPISTOLA
1218 4395 1374 4451 LXI.

557 4510 801 4554 ANSELMI
819 4513 892 4553 AD
921 4515 1222 4556 HONACHOS
1252 4518 1300 4556 8.
1330 4518 1639 4558 ΕΑῸΗΙΙΝΒΙ.

309 4585 631 4658 Infractam
680 4590 1085 4645 monachorum
1114 4594 1184 4717 (in
1228 4593 1476 4715 atdversis
1519 4596 1906 4651 constantiam

996 4678 1111 4717 ora:
1152 4678 1239 4717 zca
1277 4705 1288 4716 .

992 4678 1288 4733 prazazcat.

375 4747 703 4815 Axsawus,
737 4748 1178 4821 archiepiscopus
1207 4751 1531 4819 Cantuarim,
1557 4753 1819 4809 fratribus
1850 4764 1907 4812 et

303 4833 428 4889 ﬁliis
481 4835 825 4891 cbarissimis
903 4839 1180 4894 monachis
1234 4840 1466 4895 cmnobii
1523 4842 1702 4898 Sancti
1760 4844 1899 4898 Ead-

300 4924 512 4992 mundi,
544 4924 792 4991 salutem,
812 4932 863 4981 et
887 4924 942 4980 in
972 4927 1320 4983 tribulatione
1351 4929 1747 4989 misericordiae
1799 4934 1898 4988 Dei

309 5012 759 5068 consolationem.

372 5101 555 5156 Laudo
602 5118 699 5157 vos
737 5108 791 5156 et
823 5102 1036 5175 gaudeo
1067 5104 1193 5175 quia
1238 5105 1387 5161 nulla
1440 5106 1693 5164 violentia
1742 5111 1895 5167 vobis

300 5186 623 5245 violentiam
670 5190 1048 5262 ingerentibus
1088 5194 1378 5267 restitistis,
1430 5196 1527 5252 sed
1575 5198 1741 5253 solius
1794 5200 1894 5255 Dei

1930 4448 1983 4508 D

2025 3167 2168 3221 enim
2192 3166 2322 3220 dicit
2349 3185 2359 3220 :
2396 3165 2766 3220 Revertimini
2792 3163 2863 3218 ad
2891 3179 2999 3227 me,
3038 3166 3095 3218 et
3139 3178 3233 3231 ego
3258 3165 3515 3216 revertar
3544 3158 3615 3213 ad

2019 3271 2111 3310 vos
2136 3254 2390 3321 (Matach.
2426 3269 2506 3320 ιιι,
2539 3256 2622 3320 7).
2662 3251 3021 3318 Omnipotens
3054 3251 3199 3304 Deus
3228 3264 3327 3303 sua
3350 3264 3450 3303 vos
3474 3262 3607 3318 pro-

2019 3343 2248 3399 tectione
2279 3350 2331 3395 et
2360 3341 2683 3395 defensione
2706 3338 2901 3405 visitet,
2957 3346 3011 3392 et
3063 3336 3316 3394 clementi
3354 3335 3614 3392 consola-

2021 3434 2162 3489 tione
2184 3430 2443 3486 laetiﬁcet.
2479 3429 2676 3483 Amen.

2480 3541 2823 3597 EPISTOLA
2866 3540 3012 3595 LXII
3043 3537 3128 3595 ⁸³⁸.

2211 3684 2452 3726 ANSELMI
2481 3684 2556 3724 AD
2587 3683 2923 3721 WILLELML'M
2951 3678 3421 3721 ARCHIDMCONUM.

2017 3798 2089 3853 De
2120 3812 2231 3851 non
2261 3794 2591 3863 evulgandis
2625 3790 2775 3847 Actis
2799 3792 3032 3848 concilii
3066 3791 3457 3850 Londinensis.
3490 3787 3606 3863 nisi

2081 3869 2244 3939 prius
2292 3870 2347 3939 et
2390 3861 2603 3939 iterum
2642 3865 2915 3939 episcopis
2976 3863 3083 3939 illa
3136 3861 3597 3939 communicarit.

2088 3932 2477 4009 Capitulorum
2506 3936 2743 3989 interim
2765 3932 3087 3989 sententias
3099 3935 3321 4005 aliquas
3332 3932 3602 4003 suggerit.

2084 4047 2384 4099 Axsewus
2439 4040 2902 4110 archiepiscopus,
2948 4040 3265 4095 Ἅνιιιειιιο
3334 4037 3612 4094 archidia-

2015 4149 2173 4200 cono,
2196 4133 2393 4188 dilecto
2424 4146 2542 4193 suo,
2577 4130 2806 4184 salutem
2836 4137 2886 4183 et
2916 4127 3375 4184 benedictionem.

2086 4220 2392 4276 Sententias
2423 4216 2781 4287 capitulorum
2814 4216 3026 4271 concilii
3056 4216 3335 4287 expositas
3363 4214 3489 4270 nolo
3525 4228 3610 4269 vo-

2014 4312 2098 4366 bis
2127 4317 2217 4365 aut
2247 4308 2404 4363 alicui
2434 4308 2503 4361 ad
2534 4321 2775 4376 praesens
2805 4305 3033 4368 mittere,
3062 4305 3215 4377 quia,
3275 4303 3493 4373 quando
3544 4304 3600 4355 in

2014 4400 2132 4471 ipso
2154 4395 2657 4466 concilioexpositae
2683 4400 2823 4457 sunt,
2859 4408 2966 4447 non
3026 4397 3317 4462 potuerunt
3356 4391 3423 4445 ad
3483 4390 3606 4460 ple-

2018 4505 2142 4543 num
2167 4495 2219 4542 et
2246 4487 2481 4556 perfecte
2513 4482 2746 4548 recitari,
2771 4489 3053 4551 propterea
3084 4482 3214 4552 quia
3260 4479 3438 4535 subito
3485 4479 3604 4533 sine

2016 4574 2483 4649 praemeditatione
2556 4587 2619 4627 ac
2667 4570 2993 4638 competenti
3054 4569 3390 4634 tractatione,
3467 4569 3612 4624 sicut

2014 4671 2350 4736 oportuerat,
2384 4669 2508 4715 sunt
2539 4660 2760 4731 prolatae
2787 4657 2869 4715 "°.
2902 4659 3055 4716 Unde
3086 4659 3295 4728 qmdam
3354 4656 3606 4712 videntur

2012 4753 2281 4817 addenda,
2333 4758 2385 4806 et
2437 4749 2663 4805 forsitan
2715 4750 2956 4820 quaedam
2990 4749 3263 4811 mutanda,
3296 4748 3440 4819 quod
3496 4762 3604 4801 non

2009 4843 2113 4898 nisi
2141 4840 2418 4897 communi
2474 4854 2737 4893 consensu
2793 4839 3235 4910 coepiscoporum
3292 4845 3601 4892 nostrorum

2010 4933 2137 4987 volo
2168 4930 2367 4985 facere.
2396 4927 2528 4981 Volo
2560 4942 2694 4997 ergo
2715 4943 2807 4982 eas
2827 4928 3053 4995 dictare,
3086 4932 3141 4981 et
3178 4927 3334 4997 prius
3391 4925 3596 4979 eisdem

2005 5018 2272 5093 episcopis
2298 5015 2613 5078 ostendere,
2644 5031 2764 5070 cum
2784 5016 2961 5087 primo
2975 5014 3596 5084 convenerimus,quam

2002 5127 2100 5182 per
2128 5107 2401 5164 Ecclesias
2431 5105 2644 5176 Anglia:
2667 5104 2884 5159 dictatas
2913 5113 2965 5159 et
2994 5104 3256 5174 expositae
3283 5103 3585 5156 mittantur.

2000 5199 2236 5254 Nomina
2266 5204 2444 5251 tamen
2472 5207 2659 5247 rerum
2689 5191 2754 5245 de
2786 5191 2982 5264 quibus
3040 5190 3113 5245 ibi
3169 5189 3334 5246 locuti
3378 5206 3585 5255 sumus,

1555 5368 1814 5425 WARIzE
1906 5368 2319 5427 LECTIONES.

385 5507 447 5537 ιιι

468 5509 533 5597 (ἐξ
562 5525 669 5566 non
697 5510 873 5597 solum
896 5514 1184 5597 Dominum
1206 5515 1302 5571 sed
1326 5535 1431 5597 ms.
1466 5525 1518 5597 et
1538 5525 1594 5574 ut
1613 5535 1728 5597 pop
1755 5521 2043 5597 Dominum
2074 5523 2203 5597 sed.
2260 5521 2321 5552 ⁸³*
2344 5522 2700 5596 Religionem.
2744 5524 2873 5581 Hzec
2901 5540 3006 5582 ms.
3040 5523 3382 5597 Religionem
3416 5521 3582 5581 insti—

305 5586 445 5637 tuta.
484 5581 631 5639 Haec.
705 5581 910 5643 “‘Cum
939 5586 1129 5644 eodem
1158 5604 1265 5646 ms.
1306 5591 1535 5648 collata.
1612 5589 1912 5652 "‘Prolata
1938 5611 2044 5652 ms.
2077 5594 2336 5673 prolatet.
