4010 6064
304 218 370 277 95
862 222 918 282 S.
951 225 1253 283 ANSELMI
1283 224 1623 284 CANTUAR.
1658 223 1981 283 ARCHIEP.
2020 220 2179 284 OPP.
2215 225 2392 284 PARS
2420 226 2514 283 Ill.
2548 256 2618 269 —
2646 223 3026 287 EPISTOLE.
3554 223 3623 284 96

306 320 461 377 vobis
492 320 771 393 mittimus,
794 332 849 380 ut
881 327 1178 382 secundum
1210 326 1353 398 quod
1415 325 1684 381 recordati
1740 333 1901 397 pote-
1932 329 1990 388 A
2021 333 2144 381 sunt
2209 325 2469 382 multandi
2534 326 2880 397 poenitentia.
2939 327 3115 397 Quam
3168 326 3331 385 etiam
3359 326 3413 385 in
3440 336 3625 386 vestra

299 409 436 480 ritis,
470 428 573 467 nos
602 413 668 468 de
700 413 807 468 illis
839 414 1149 472 decrevisse
1182 416 1368 470 sciatis
1400 414 1481 470 “7.
1514 418 1594 471 De
1639 416 1752 470 illis
1810 414 1902 487 qui

298 508 421 554 ante
451 505 1067 559 excommunicationem
1101 505 1181 559 vel
1226 513 1344 575 post
1377 506 1898 561 excommunicatio-

294 605 439 656 nem,
474 593 776 647 nescientes
806 609 924 647 eam
958 593 1165 653 tactam,
1205 594 1491 650 Sodomico
1514 602 1735 665 peccato
1767 610 1899 665 pec-

297 689 571 745 caverunt,
622 698 722 752 par
753 685 807 736 et
850 682 1150 737 similiseit
1184 686 1246 718 δι’
1320 685 1609 751 sententia,
1646 685 1690 737 si
1722 682 1900 738 conﬁ-

297 778 472 825 tentes
503 772 867 840 paenitentiam
900 771 1173 843 petierint.
1231 771 1400 840 Quam
1437 773 1737 827 secundum
1782 773 1898 827 dis-

291 860 587 915 cretionem
621 868 855 916 vc'tram
920 861 1141 927 dabitis,
1191 862 1599 915 considerantes
1657 871 1894 928 atatem,

290 948 950 1020 peccatidiuturnitatem,
984 959 1036 1005 et
1058 960 1235 1004 utrum
1294 950 1527 1005 habeant
1562 967 1786 1019 uxores,
1829 968 1898 1007 an

302 1052 455 1106 non;
501 1046 550 1091 et
574 1039 870 1093 secundum
916 1039 1058 1107 quod
1119 1039 1350 1093 videatis
1397 1056 1489 1095 eos
1531 1040 1806 1110 paenitere,
1848 1049 1900 1096 et

298 1125 555 1197 deinceps
586 1128 855 1198 integram
874 1133 1309 1183 correctionnem
1342 1131 1685 1200 promittere.
1711 1131 1901 1185 Consi-

296 1214 591 1271 derandum
624 1217 783 1271 etiam
818 1221 905 1270 est
926 1216 1049 1287 quia
1074 1218 1334 1272 hactenus
1364 1218 1440 1273 ita
1471 1218 1567 1272 fuit
1600 1218 1900 1287 plublicum

295 1302 399 1359 hoc
425 1311 722 1374 peccatum,
757 1314 811 1358 ut
845 1305 935 1359 vix
966 1306 1160 1376 aliquis
1194 1322 1289 1375 pro
1322 1322 1386 1361 eo
1420 1307 1771 1363 erubesceret
1798 1329 1817 1376 ;
1849 1318 1900 1363 et

295 1389 421 1446 ideo
439 1392 587 1445 multi
622 1392 1051 1463 magnitudinem
1083 1396 1199 1461 ejus
1221 1395 1547 1462 nescientes,
1580 1395 1635 1449 in
1667 1395 1797 1450 illud
1843 1413 1900 1452 se

303 1480 731 1551 pracipitabant.
765 1480 848 1534 Illi
868 1497 994 1536 vero
1017 1481 1105 1553 qui
1130 1491 1251 1553 post
1287 1484 1899 1540 excommunicationem

304 1568 589 1639 cognitam
660 1585 717 1624 se
774 1578 998 1641 peccato
1060 1571 1592 1639 contaminaveruat,
1655 1574 1903 1645 graviori

2009 416 2339 472 discretione
2369 418 2669 473 secundum
2703 417 2995 488 praedictas
3024 433 3214 474 causas
3246 420 3524 490 ponimus.
3544 420 3625 474 De

2008 505 2090 559 his
2120 506 2214 577 qui
2236 505 2446 560 tonderi
2479 507 2687 570 nolunt,
2723 507 2927 561 dictum
2962 515 3041 561 est
3068 516 3125 561 ut
3170 508 3456 564 ecclesiam
3515 524 3624 564 non

2006 593 2428 663 ingrederentur
2460 615 2474 661 ;
2502 611 2609 651 non
2644 602 2823 651 tamen
2858 604 3194 666 praceptum
3228 601 3412 663 estut,
3475 596 3519 651 si
3569 597 3625 651 in

2007 681 2386 752 grederentur,
2414 688 2698 738 cessarent
2728 684 3062 750 sacerdotes,
3108 684 3202 739 sed
3247 692 3458 740 tantum
3515 701 3620 740 an-

2008 771 2325 825 nuntiarent
2351 772 2460 828 illis
2483 774 2609 844 quia
2640 782 2827 827 contra
2862 773 3036 828 Deum
3073 780 3127 827 et
3175 773 3244 827 ad
3305 773 3621 829 damnatio-

2006 874 2133 914 nem
2153 876 2308 915 suam
2342 861 2737 933 ingrediuntur.
2786 863 2865 917 De
2915 861 3297 918 calceamentis
3344 862 3613 918 laicorum

2007 948 2139 1002 nihil
2170 950 2534 1015 decrevimus,
2571 951 2665 1005 sed
2696 958 2899 1005 tantum
2931 951 3268 1005 clericorum.
3307 952 3384 1005 De
3433 949 3619 1005 archi-

2007 1039 2328 1094 diaconibus
2360 1048 2407 1094 et
2439 1039 2742 1106 canonicis,
2779 1039 2866 1111 qui
2901 1055 3094 1094 uxores
3150 1055 3276 1093 suas
3331 1039 3619 1093 derelictas

2008 1134 2162 1184 extra
2191 1128 2383 1183 domos
2413 1144 2544 1183 suas
2577 1128 2628 1182 in
2657 1128 2917 1182 maneriis
2947 1128 3059 1181 suis
3089 1135 3316 1197 ponunt,
3371 1128 3623 1182 existimo

2008 1218 2241 1283 interim,
2277 1217 2618 1287 donecaliud
2653 1220 2946 1283 statuatur,
2984 1216 3347 1281 tolerandum,
3407 1216 3453 1270 si
3492 1232 3621 1271 cer-

2010 1312 2115 1361 tam
2145 1306 2558 1378 promissionem
2589 1305 2819 1361 fecerint
2872 1321 2930 1360 se
2970 1305 3169 1359 nullam
3229 1303 3625 1360 conversatio-

2010 1412 2134 1451 nem
2164 1411 2287 1450 cum
2318 1394 2421 1448 illis
2447 1394 2747 1461 habituros,
2774 1409 2874 1449 nec
2905 1394 3026 1448 sine
3075 1392 3333 1464 legitimis
3386 1392 3626 1448 testibus

2011 1486 2439 1556 locuturos(tt).
2474 1485 2551 1538 De
2578 1483 2912 1554 presbyteris
2953 1482 3046 1553 qui
3105 1482 3296 1537 timore
3355 1496 3462 1538 non
3519 1497 3628 1537 au-

2010 1574 2141 1633 dent
2170 1574 2402 1631 feminas
2432 1587 2563 1631 suas
2593 1572 2919 1646 relinquere,
2953 1571 3097 1643 quod
3129 1578 3387 1628 statutum
3439 1578 3522 1627 est
3571 1570 3629 1626 in

1607 1680 1704 1735 VA
1716 1682 1846 1735 RI/E
1904 1678 2315 1741 LECTIONESI

313 1762 376 1795 “7
397 1764 710 1822 Decrevisse
740 1765 946 1822 faciatis
970 1782 1073 1822 ms.
1110 1767 1422 1823 decrevisse
1454 1768 1663 1823 sciatis.
1697 1768 1838 1825 “'Et
1866 1772 2024 1828 simul
2053 1773 2155 1828 erit
2180 1788 2289 1826 ms.
2320 1777 2373 1825 et
2389 1769 2580 1824 similis
2606 1769 2721 1825 erit.

1499 1866 1797 1923 JOANNIS
1873 1871 2159 1926 PICARDI
2211 1868 2445 1924 NOTxE.

401 1963 444 2029 (t
463 1963 510 2027 4)
544 1964 963 2036 Depresbyteris
993 1964 1134 2035 quod
1161 1968 1445 2019 statutum
1468 1967 1646 2036 estin
1675 1968 1914 2021 concilio
1944 1971 1997 2029 B
2027 1971 2188 2025 cione
2217 1982 2413 2022 carere
2430 1967 2632 2022 solent.
2670 1963 2777 2033 Qui
2817 1979 2978 2019 secus
3011 1962 3177 2034 facit,
3209 1961 3490 2036 dignitate
3512 1976 3620 2036 sua

332 2034 670 2091 servabitur.
710 2034 1009 2089 Concilium
1031 2037 1095 2088 ad
1118 2036 1417 2089 Londinum
1448 2035 1710 2103 habitum,
1732 2039 1913 2106 proxi-

331 2121 525 2177 meque
559 2115 909 2160 memoratum
940 2108 1214 2177 intelligit,
1246 2109 1337 2161 cui
1374 2107 1662 2160 Anselmus
1710 2109 1911 2177 prasi-

334 2175 468 2229 dens
497 2177 904 2231 conlidentibus
928 2175 1251 2231 Eboracensi
1284 2175 1723 2247 archiepiscopo,
1747 2189 1913 2233 cate-

333 2247 516 2314 risque
547 2250 761 2315 Anglia
793 2247 1137 2315 pomiticibus
1169 2265 1269 2303 nec
1314 2265 1423 2303 non
1477 2250 1914 2304 archimandritis

332 2318 502 2371 multa
533 2318 750 2388 quidem
780 2319 969 2372 statuit
998 2319 1916 2389 pernecessaria;hocquecompri—

334 2389 472 2441 mis:
510 2413 528 2435 α
569 2392 633 2443 Ut
660 2392 942 2459 presbyter
971 2390 1243 2460 quandieu
1275 2390 1513 2445 illicitum
1544 2392 1915 2446 conversatio-

336 2475 456 2513 nem
492 2460 758 2531 habuerit.
792 2477 898 2515 non
939 2461 1005 2514 sit
1036 2460 1225 2531 legalis
1256 2476 1395 2525 ;ncc
1424 2461 1913 2516 missamcelebret:

340 2546 465 2595 nec,
490 2530 531 2582 si
567 2532 939 2593 celebraverit,
966 2531 1082 2599 ejus
1098 2530 1622 2587 missaaudiatur.Ul
1655 2532 1835 2585 nullus
1850 2532 1918 2586 ad

339 2601 787 2671 subdiaconatnm
812 2609 898 2653 aut
937 2618 1093 2669 supra
1127 2601 1402 2654 ordinetur
1417 2601 1917 2671 sineprofessionne

336 2670 595 2725 castitatis
635 2691 645 2725 :
684 2680 739 2725 ut
770 2672 950 2724 nullus
1017 2671 1445 2736 archidiaconus,
1469 2670 1769 2739 presbyter,
1795 2673 1917 2727 dia-

335 2757 502 2795 conus
521 2745 811 2797 canonicus
845 2757 1064 2794 uxorem
1094 2742 1280 2806 ducat,
1312 2750 1401 2796 aut
1428 2744 1643 2797 ductam
1666 2746 1917 2807 retineat;

336 2811 699 2867 subdiaconus
727 2828 854 2866 vero
878 2812 1102 2881 quilibet
1129 2816 1219 2878 qui
1253 2813 1542 2868 canonicus
1574 2829 1677 2866 non
1715 2824 1811 2876 est,
1875 2815 1922 2869 si

333 2891 456 2952 post
484 2883 913 2952 professionnem
938 2884 1195 2938 castitatis
1226 2900 1451 2938 uxorem
1467 2884 1700 2951 duxerit,
1730 2886 1922 2939 eadem

335 2954 524 3023 regula
556 2954 980 3023 constringatur.
1022 2978 1044 3000 η
1082 2954 1209 3009 llac
1240 2955 1295 3007 in
1325 2956 1531 3024 synodo
1561 2954 1918 3019 Londinensi,

335 3040 494 3094 quam
517 3024 605 3078 dat
640 3028 873 3092 integrat
908 3024 1184 3078 Willelm.
1222 3025 1573 3079 Malmesber.
1634 3025 1727 3080 lib.
1776 3044 1792 3079 1
1848 3027 1926 3080 De

331 3095 526 3163 pontif.
552 3096 812 3165 Anglor.,
838 3108 963 3164 pag.
1003 3096 1119 3161 li9,
1155 3096 1289 3149 edit.
1328 3097 1556 3150 Londin.
1591 3097 1749 3151 1596.
1773 3098 1921 3150 Hen-

333 3166 480 3235 ricus
511 3166 1038 3235 Huntingdoniensis
1068 3166 1486 3221 archidiaconus
1517 3167 1710 3221 eodem
1741 3182 1923 3227 anno,

330 3233 523 3308 iisdem
545 3237 685 3307 typis
706 3233 867 3292 datus
900 3236 990 3292 fol.
1027 3241 1148 3301 2t7,
1185 3253 1318 3308 pag.
1352 3238 1404 3303 1,
1437 3237 1537 3290 lib.
1586 3255 1659 3291 vu
1710 3253 1923 3291 suarum

2065 2040 2466 2095 ericlitabitur.
2503 2032 2797 2090 Photiusin
2840 2032 3279 2098 Nemo-canone,
3310 2032 3615 2089 Burchard.

2102 2118 2301 2164 ormat.
2344 2108 2512 2169 lib.u,
2538 2123 2664 2175 cap.
2696 2109 2935 2159 109.1vo
2972 2106 3297 2159 Carnotens.
3357 2120 3411 2156 ix
3454 2111 3617 2172 part.,

2023 2196 2126 2249 cap
2160 2184 2278 2233 186.
2309 2179 2540 2232 Jatland.
2577 2174 2853 2249 Crysoyiol.
2876 2176 2985 2249 sub
3016 2174 3107 2229 lin.
3143 2176 3239 2228 lib.
3262 2192 3316 2249 vi
3338 2190 3452 2228 sua
3473 2174 3623 2228 Can-

2024 2246 2161 2305 dela
2196 2250 2465 2315 ;Gratian.
2502 2246 3085 2315 3‘2,Interdixi't,banc
3105 2246 3446 2315 sanctionem
3469 2252 3623 2299 retu-

2026 2323 2163 2386 lere,
2194 2330 2245 2376 et
2275 2321 2490 2391 quidem
2523 2319 2681 2388 paulo
2706 2317 3079 2391 iarticulatius
3100 2332 3257 2386 quam
3293 2314 3568 2391 Ruﬁllib.
3604 2331 3625 2370 ι

2024 2386 2329 2449 continuat.
2367 2386 2568 2447 Hister.
2590 2390 2801 2445 Eccles.
2822 2404 2949 2458 cap.
2977 2388 3389 2459 6.Quapropter
3404 2386 3627 2459 Nicana

2025 2463 2237 2534 synodo
2261 2471 2366 2516 tam
2400 2461 2726 2534 unanimiter
2792 2468 3042 2534 suscepta
3095 2476 3127 2513 a
3162 2458 3402 2534 _’primate
3456 2458 3628 2534 totius

2026 2529 2257 2601 Anglia,
2306 2547 2409 2586 nec
2464 2548 2576 2586 non
2630 2531 2900 2601 episcOpis
2956 2529 3006 2601 et
3083 2529 3324 2601 quinque
3395 2529 3628 2601 regibus

2027 2548 2257 2598 annua,
2306 2548 2409 2586 nec
2464 2548 2576 2586 non
2630 2548 2900 2601 episcopis
2956 2548 3006 2584 et
3083 2548 3210 2600 quin
3258 2548 3324 2583 ue
3395 2548 3628 2599 regions

2027 2579 2227 2659 ibidem
2260 2602 2686 2663 considentibus,
2719 2600 2984 2670 quidquid
3005 2602 3196 2654 Patres
3219 2548 3454 2654 (Eliciam
3492 2614 3629 2651 san-

2028 2676 2296 2738 civerunt,
2349 2674 2511 2743 Angli
2570 2688 2783 2795 quoque
2827 2669 3113 2750 pentifices
3172 2669 3625 2739 comprobarunt,

2031 2745 2303 2795 simulaue
2333 2743 2612 2795 decretum
2654 2742 2691 2795 il
2721 2744 2790 2795 ud
2822 2743 2889 2795 de
2943 2741 3190 2795 caelibatu
3239 2739 3616 2795 sacerdotum.

2031 2745 2303 2802 simulque
2333 2739 2612 2799 decretum
2654 2739 2790 2796 illud
2822 2739 2889 2795 de
2943 2741 3190 2796 caelibatu
3239 2739 3616 2796 sacerdotum.

2032 2817 2187 2882 Quod
2220 2810 2351 2869 hinc
2377 2814 2607 2885 amplius
2637 2821 2688 2867 et
2716 2812 3163 2885 solemeridiano
3193 2810 3384 2866 clarius
3405 2811 3624 2885 emicat,

2032 2881 2155 2943 cum
2186 2885 2434 2941 excussis
2469 2881 2605 2954 'qua
2664 2884 2732 2937 ad
2784 2881 2944 2937 fidem
2992 2882 3343 2954 pertinerent,
3402 2881 3625 2954 auctarii

2032 2959 2205 3012 instar
2235 2950 2840 3010 Nicanas'sanctiones
2871 2950 3106 3007 uuo‘ore
3145 2951 3429 3006 laudarint.
3482 2950 3626 3019 Quae

2031 3029 2167 3083 ratio
2197 3026 2294 3080 etsi
2314 3026 2556 3079 adultam
2589 3024 2898 3080 conciliatio
2927 3024 3309 3078 auctoritatem
3339 3038 3409 3076 ex
3464 3037 3623 3078 com-

2033 3098 2182 3153 muni
2214 3099 2494 3167 utriusque
2532 3095 2725 3166 synodi
2782 3094 3169 3167 ecclesiastica
3208 3109 3502 3167 consensu,
3551 3093 3625 3147 ita

2033 3177 2090 3223 ut
2149 3164 2462 3223 acutissima
2508 3164 2731 3237 ingenia
2774 3165 3166 3237 hcbescantad
3214 3164 3385 3219 aciem
3438 3164 3624 3237 legum

2035 3240 2221 3294 divino
2251 3238 2455 3307 Spiritu
2510 3234 2839 3308 suggerente
2898 3234 3624 3308 promulgaturum._subji~

333 3304 715 3372 Historiarum,
774 3309 842 3362 de
875 3309 979 3361 hoc
1021 3304 1285 3362 concilio'
1311 3308 1384 3361 ita
1434 3308 1621 3361 scribit
1658 3328 1669 3362 :
1727 3309 1924 3364 Eodem
1957 3312 2006 3375 Ο
2036 3312 2173 3366 ciam
2207 3304 2383 3363 tamen
2428 3304 2686 3379 quidquid
2718 3306 2785 3360 ad
2819 3304 2956 3379 hanc
2984 3322 3101 3360 rem
3129 3322 3193 3361 ex
3235 3304 3470 3379 historia
3522 3309 3625 3379 An-

335 3392 487 3448 anno
502 3379 573 3432 ad
588 3382 797 3448 festum
822 3380 1007 3433 sancti
1024 3380 1307 3434 Michaelis
1324 3379 1510 3434 tenuit
1524 3382 1820 3435 Anselmus
1837 3396 1926 3433 ar-

332 3447 719 3521 chiepiscopus
749 3450 1057 3505 concilium
1102 3450 1251 3520 apud
1289 3450 1661 3516 Londoniam,
1722 3453 1784 3505 in
1822 3465 1926 3521 quo

332 3519 621 3589 prohibuit
651 3536 855 3575 uxores
877 3520 1258 3574 sacerdotibus
1281 3522 1584 3590 Anglorum
1615 3525 1787 3576 antea
1812 3519 1926 3575 non

342 3590 670 3659 prohibitos.
705 3592 761 3642 ln
795 3591 989 3659 quibus
1022 3591 1202 3643 verbis
1252 3593 1370 3657 quis
1428 3606 1533 3643 non
1584 3592 1764 3646 videat
1816 3600 1929 3645 tum

333 3660 626 3728 superbam
660 3660 890 3713 hominis
938 3661 1303 3713 temeritatem
1361 3662 1472 3728 (qui
1525 3665 1815 3715 concilium
1876 3661 1931 3714 in

339 3728 549 3802 Spiritu
566 3739 751 3802 sancto
784 3731 1026 3800 legitime
1051 3740 1447 3801 congregatum
1473 3733 1609 3785 ausit
1635 3734 1932 3802 reprehen-

341 3800 472 3872 dere
494 3801 874 3870 imprudentia
898 3801 966 3854 ob
998 3817 1220 3865 novam,
1242 3800 1341 3856 suo
1366 3800 1935 3872 jndicio,constitutio-

338 3870 503 3943 nem).
541 3888 661 3924 cum
693 3872 749 3924 in
784 3871 1069 3943 historico
1129 3888 1396 3926 summam
1458 3870 1586 3927 veri
1629 3889 1934 3943 rerumque

338 3939 755 3996 domesticarum
779 3942 1045 3996 inscitiam
1077 3958 1175 3996 seu
1212 3943 1542 3999 oblivionem
1565 3944 1593 3998 7
1658 3939 1935 3999 Adversus

337 4028 498 4086 quem
530 4012 805 4086 inprimis
833 4028 996 4084 agam
1033 4030 1137 4067 una
1166 4014 1424 4069 duntaxat
1448 4016 1643 4070 tabella
1675 4016 1936 4086 obsigna-

335 4084 497 4157 ta._ls
518 4084 661 4137 enim
693 4084 792 4137 lib.
820 4102 870 4136 iv
901 4100 1122 4137 suarum
1156 4086 1363 4157 Histor.
1416 4085 1474 4157 in
1518 4088 1744 4157 princip.
1806 4084 1933 4156 post

333 4153 554 4217 Bedam,
586 4162 839 4209 recenset
867 4158 1001 4209 Acta
1028 4156 1247 4209 concilii
1292 4153 1707 4211 Hatfeldiensis'
1751 4153 1936 4210 Theo-

334 4223 469 4278 doro
490 4224 794 4281 Cantuaria
818 4226 1234 4296 archiepiSCOpo
1294 4226 1462 4281 habiti
1520 4244 1665 4283 anno
1722 4228 1846 4291 680,
1884 4227 1938 4279 in

340 4310 445 4366 quo
475 4304 597 4365 post
628 4298 795 4350 multa
824 4296 890 4350 ad
923 4297 1245 4351 orthodoxae
1291 4298 1417 4351 fidei
1476 4300 1770 4366 puritatem
1800 4313 1937 4352 con-

338 4363 652 4438 firmandam
739 4374 986 4431 tractata,
1041 4376 1225 4421 sancta
1280 4363 1517 4438 synodus
1582 4370 1694 4421 suis
1752 4368 1939 4421 litteris

339 4437 455 4491 hac
487 4438 696 4491 addidit
730 4454 741 4489 :
779 4439 1140 4507 Suscipimus
1182 4444 1431 4503 sanctas,
1483 4442 1539 4493 et
1587 4439 1939 4492 universales

339 4507 582 4577 quinque
597 4509 831 4580 synodos
862 4508 1219 4562 bcatorumet
1249 4511 1354 4563 Deo
1379 4510 1809 4578 acceptabilium
1829 4511 1939 4562 Pa-

342 4582 512 4633 trum.
534 4580 685 4633 idest
701 4580 793 4647 qui
809 4580 1055 4634 inMcaza
1071 4581 1397 4648 congregati
1413 4583 1652 4648 [uerunt
1671 4594 1937 4632 cccxvui.

2034 3383 2245 3454 glicane
2275 3374 2653 3454 depromptum
2684 3378 2890 3454 venerit
2920 3378 2973 3430 iu
2993 3384 3264 3454 mentem.
3286 3374 3444 3454 Quod
3459 3376 3630 3454 igitur

2034 3447 2385 3507 sacerdotalis
2424 3451 2704 3505 calibatus
2748 3447 2946 3503 diutius
2990 3447 3045 3519 in
3094 3448 3289 3519 Anglia
3364 3447 3622 3519 viguerit,

2037 3525 2279 3593 posthac
2328 3538 2447 3593 qua
2504 3537 2670 3591 supra
2709 3516 3365 3593 memoravimus,_'tidem
3420 3516 3629 3593 faciunt

2038 3587 2308 3656 Fulconis,
2348 3587 2657 3647 'Remornm
2716 3591 2771 3644 in
2844 3587 3018 3643 Gallia
3084 3587 3296 3659 Belgica
3358 3588 3635 3659 archiepi.

2038 3665 2209 3734 scopi.
2271 3664 2467 3718 littera
2501 3662 2763 3717 missaad
2790 3660 3079 3734 Alfredum
3128 3658 3403 3713 saxonum
3462 3658 3633 3734 Qcci-

2038 3729 2333 3790 dentalium
2364 3750 2551 3805 regem
2600 3735 2654 3787 in
2700 3732 2920 3805 Anglia,
2971 3730 3168 3805 quib_us
3195 3729 3634 3805 commendatur

2039 3808 2111 3862 ob
2140 3799 2609 3873 archiepiscopum
2641 3799 3050 3874 integerrimum
3085 3799 3631 3874 Ecclesia__Cantua-

2042 3877 2204 3932 riensi
2264 3869 2599 3947 praefectum,
2676 3869 3282 3947 pestilentissimamque
3360 3869 3633 3947 licentiam

2042 3947 2212 4002 diuini
2243 3942 2399 4000 verbi
2429 3946 2616 4009 gladio
2647 3942 2895 4009 recisam,
2928 3951 2982 3997 et
3011 3943 3079 3995 ab
3111 3942 3449 3997 ethnicorum
3510 3942 3629 3995 Da-

2043 4034 2235 4073 norum
2271 4014 2484 4071 turbido
2518 4018 2664 4070 tonte
2696 4018 2963 4079 haustam,
2997 4029 3101 4083 qua
3146 4014 3524 4083 episcoporum
3580 4019 3638 4067 et

2046 4092 2481 4158 presbyterorum
2514 4086 2759 4157 plerique
2790 4101 2896 4140 non
2928 4092 3133 4158 tantum
3164 4098 3403 4153 penesse
3426 4098 3633 4158 uxores

2042 4153 2330 4225 haberent,
2364 4153 2552 4213 verum
2576 4153 2737 4211 etiam
2759 4157 3195 4224 consanguineas
3227 4174 3243 4222 ;
3308 4169 3407 4224 pro
3452 4153 3635 4225 scele-

2045 4247 2160 4285 rum
2208 4245 2423 4300 quoque
2483 4229 2721 4291 cumulo,
2782 4226 3024 4298 virgines
3063 4226 3178 4300 _De_o
3227 4240 3413 4280 sacras
3467 4224 3636 4300 impie

2044 4295 2353 4365 xiolarentf
2375 4300 2844 4366 concubinamque
2875 4295 3378 4366 'superinducerent
3418 4365 3423 4366 ν
3453 4295 3636 4360 uxori,

2047 4386 2153 4441 quo
2174 4371 2306 4423 nihil
2341 4370 2406 4424 ad
2438 4365 2771 4441 explendam,
2794 4365 3338 4441 deessetlibidinem,
3383 4365 3426 4420 si
3452 4375 3637 4441 tamen

2047 4437 2252 4511 expleri
2284 4448 2468 4509 queat.
2502 4437 2636 4507 Qua
2665 4439 2849 4511 omnia
2894 4445 2948 4511 et
2998 4437 3196 4511 divinis
3243 4437 3642 4511 praceptis__et

2048 4505 2327 4582 religionis
2374 4505 2656 4566 catholica
2688 4510 2950 4582 f_puritati‘
2987 4505 3278 4582 adversari
3341 4505 3639 4582 magnifice

2048 4577 2281 4638 decubat
2315 4582 2495 4649 Fulco,
2521 4587 2653 4636 teste
2687 4578 2992 4634 Flodoardo
3013 4592 3061 4649 c.
3098 4581 3130 4631 5
3159 4578 3418 4633 Historia
3446 4577 3640 4649 eccle-

342 4649 515 4717 Atqui
532 4649 584 4702 in
605 4650 700 4703 hac
716 4651 923 4719 synodo
940 4647 1224 4703 manifeste
1247 4649 1465 4719 clericis
1484 4648 1579 4701 fuit
1596 4649 1933 4702 interdictum
1964 4655 2015 4714 D
2048 4654 2282 4708 siastica
2314 4647 2620 4716 Remensis,
2646 4651 2739 4705 ubi
2761 4653 3024 4718 interpres
3036 4648 3278 4703 Gallicus
3294 4664 3394 4718 pro
3417 4647 3638 4702 Alfredo

343 4720 627 4782 uxoribus,
661 4718 781 4775 can.
809 4724 860 4785 3,
883 4736 1038 4789 quem
1072 4720 1318 4774 Gelasius
1336 4718 1649 4788 Cyziceuus,
1668 4720 1939 4773 Casarea

360 4790 649 4846 Palestina
666 4793 979 4861 episcorius,
996 4792 1076 4843 his
1087 4791 1309 4845 omnino
1326 4791 1508 4845 verbis
1524 4791 1703 4853 habet,
1738 4791 1785 4861 ll
1799 4797 1935 4859 part.

344 4869 560 4945 Amor,
612 4870 855 4945 ejusdem
909 4868 1144 4945 concilii,
1197 4884 1326 4945 cap.
1382 4874 1454 4945 32
1500 4888 1511 4922 :
1582 4860 1942 4945 Ἀπηγόρςυσε

341 4939 572 5026 καθόλου
601 4939 869 5026 ἠὝμεγᾷλη
902 4940 1132 5026 σύνοδᾳς,
1164 4944 1236 5018 μή
1269 4939 1561 5026 ὲῇπισκόπω,
1587 4939 1943 5026 πρεσϐυὲέρω,

339 5021 563 5083 διακόνει)
602 5029 725 5103 μηθ’
758 5022 892 5089 ὅλως
926 5028 1031 5104 τῶν
1065 5024 1116 5079 ἐν
1147 5027 1222 5081 τῶ
1264 5025 1444 5104 χλήρω
1482 5026 1587 5086 τινὶ
1614 5021 1793 5095 item
1826 5021 1942 5084 obv-

341 5104 582 5187 eio'ax'rov
631 5104 789 5187 ἔχειγ,
840 5106 882 5162 εὶ
921 5103 994 5187 μὴ
1042 5103 1147 5185 ἄρα
1185 5102 1407 5187 μητᾼέρά,
1448 5106 1537 5165 καὶ
1583 5104 1826 5187 ὰδελφῂν,
1856 5108 1946 5167 καὶ

336 5186 496 5256 θείαν,
516 5187 604 5244 καὶ
686 5184 823 5264 μόνα
851 5184 1111 5267 πρόσωπα
1142 5184 1450 5267 διαπέφευγε
1480 5197 1654 5246 πᾶσαν
1692 5184 1939 5269 ὺτέοψίαν.

353 5270 421 5349 Ὀ
453 5266 507 5326 δὲ
534 5265 680 5349 παρὰ
708 5273 873 5325 ταῦτα
899 5264 1082 5349 νποιῶν
1114 5264 1422 5349 κενδυνεῦσεὶ
1480 5270 1598 5349 περὶ
1631 5275 1727 5341 τὴν
1760 5264 1945 5329 fuerat

344 5348 517 5417 ἀξίαν.
554 5348 709 5402 Hunc
740 5362 1004 5401 canonem
1035 5348 1111 5401 sic
1132 5348 1405 5402 Balforcus
1428 5348 1584 5402 vertit
1611 5366 1622 5409 ;
1650 5352 1848 5421 Magna
1862 5368 1947 5422 sy-

346 5430 525 5486 nodus
537 5428 863 5499 plenissime
878 5430 1029 5499 vetat
1045 5427 1359 5498 episcOpum
1372 5472 1382 5489 .
1396 5428 1811 5499 presbyterum,
1834 5430 1949 5484 dia-

349 5497 550 5555 conum
568 5503 670 5554 aut
687 5497 1217 5553 ullumclericdrum
1234 5497 1433 5553 habere
1445 5497 1634 5554 secum
1649 5501 1947 5555 mulierem

347 5570 755 5639 introductam,
770 5569 883 5623 nisi
898 5570 1046 5639 forte
1062 5573 1307 5625 matrem
1322 5570 1684 5640 velsororcm,
1702 5572 1785 5626 vel
1810 5587 1898 5626 am
1908 5572 1950 5625 ἱ-

356 5645 495 5710 tam,
511 5642 596 5719 uel
614 5641 852 5713 denique
869 5655 964 5696 ea:
984 5641 1130 5698 solas
1147 5656 1417 5714 personas
1433 5658 1555 5713 qua:
1567 5643 1723 5701 omni
1760 5643 1947 5713 suspi-

2046 4742 2141 4779 seu
2172 4723 2410 4777 ;Elfredo
2440 4730 2489 4776 et
2507 4721 2765 4785 Alvredo,
2798 4718 3239 4786 vertitAlbrado,
3272 4734 3394 4788 cap.
3425 4719 3552 4773 item
3607 4722 3637 4772 6

2040 4796 2287 4863 ejusdem
2312 4795 2569 4848 Historia
2600 4793 2761 4860 pleno
2818 4790 3067 4845 laudatur
3124 4804 3221 4863 ore
3273 4788 3640 4861 Peigmundus

2040 4860 2438 4921 Cautuariensis
2466 4864 2687 4918 antistes
2718 4870 2937 4932 propter
2984 4860 3354 4916 sanctissimos
3378 4860 3640 4932 conatus

2042 4936 2417 5007 expurgandis
2472 4930 2966 5007 luxuria,‘_stupri,
3026 4932 3263 5007 incestus
3314 4939 3368 4985 et
3413 4930 3643 5007 fornica-

2043 5001 2206 5062 tionis
2226 5001 2501 5060 sordibus.
2522 5006 2692 5059 Porro
2727 5001 3023 5058 FulcOnem
3056 5002 3278 5056 Elfredo
3311 5001 3428 5072 regi
3462 5002 3638 5055 tuisse

2043 5078 2402 5139 notissimum,
2438 5076 2566 5131 sciet
2608 5075 2696 5146 qui
2728 5073 2919 5146 legerit
2948 5073 3419 5146 Malmesburiens.
3454 5086 3576 5146 cap.
3609 5073 3641 5125 4

2044 5149 2139 5203 lib.
2182 5163 2221 5202 ιι
2246 5149 2321 5203 De
2354 5146 2575 5216 regibus
2624 5143 2957 5216 Anglorum.
3019 5143 3262 5214 Contigit
3297 5151 3483 5216 autem
3524 5143 3643 5216 hac

2047 5220 2363 5291 Anglicana
2387 5213 2649 5291 Ecclesia
2678 5213 2998 5291 restauratio
3030 5229 3230 5291 annum
3262 5214 3475 5291 circiter
3515 5213 3639 5291 899.

2045 5284 2265 5346 Elfredi
2291 5289 2567 5361 regnantis
2614 5303 2769 5361 xvui,
2817 5284 3411 5361 Peigmundi_(quemA
3438 5284 3639 5361 Peoni-

2047 5379 2176 5417 cum
2202 5353 2618 5415 vocat'Gallicus
2656 5353 2939 5427 interpres]
2960 5353 3214 5427 sedentis
3240 5353 3321 5409 'u.
3374 5353 3643 5427 Quando-

2047 5432 2264 5502 quidem
2294 5428 2612 5486 eflrenatam
2642 5425 2923 5502 libidinem
2956 5426 3009 5479 in
3026 5425 3236 5502 Anglia
3266 5442 3493 5498 regnum
3526 5426 3640 5481 Ec-

2048 5497 2381 5573 clesiamque
2423 5502 2658 5573 pridem
2690 5509 2865 5573 antea;
2900 5497 3163 5573 irrupisse
3210 5497 3414 5573 uotum,
3468 5504 3638 5573 testa—

2052 5582 2268 5646 tumque
2291 5566 2452 5632 estsi
2467 5570 2698 5646 epistola
2718 5569 2778 5628 S.
2836 5566 3103 5626 Bonifacii
3149 5568 3400 5639 martyris
3462 5566 3645 5625 archi-
