4010 6064
279 245 347 300 97
1588 233 1715 291 LIB.
1750 232 1846 306 III,
1879 227 2095 293 EPlST.
2132 226 2319 292 LXIII.
3519 237 3585 290 98

280 367 536 433 concilio,
567 364 889 431 servabitur,
922 363 1049 437 quia
1081 363 1318 435 quandiu
1367 376 1462 418 eas
1504 362 1684 434 aliqua
1727 377 1880 418 occa-
1912 361 1965 421 A

281 456 456 523 sione,
492 455 776 525 tenebunt,
807 468 909 509 nec
936 453 1130 507 missas
1152 451 1517 516 celebrabant,
1544 468 1647 506 nec
1677 452 1887 521 legales

280 552 463 611 erunt,
494 544 591 599 sed
623 551 827 597 tantum
862 556 1037 613 usque
1068 541 1135 596 ad
1176 541 1389 595 initium
1418 539 1885 611 Quadragesimae,

280 633 327 687 si
358 631 761 702 habuermtqui
801 646 899 701 pro
929 629 1036 683 illis
1083 639 1230 685 caste
1260 630 1316 683 in
1348 630 1591 685 ecclesiis
1622 629 1885 694 serviant,

282 720 570 777 beneﬁciis
599 720 839 775 ecclesiae
866 734 976 773 non
1008 718 1379 789 privabantur.
1429 718 1556 772 Illos
1585 725 1762 772 autem
1795 717 1890 788 qui

283 810 636 881 presbyteros
683 807 1026 879 propinquas
1073 822 1207 861 suas
1249 807 1526 862 dimittere
1571 806 1885 876 prohibent,

283 900 425 954 sicut
452 913 551 953 eos
580 898 671 970 qui
730 904 923 952 contra
970 896 1146 951 Deum
1196 904 1250 951 et
1293 903 1481 950 contra
1509 893 1888 949 Christianita-

284 995 394 1042 tem
424 995 620 1059 agunt,
648 985 876 1058 arguite,
908 992 961 1039 et
994 992 1161 1039 totum
1210 993 1487 1054 peccatum
1506 983 1890 1039 fornicationis

284 1077 740 1148 presbyterorum
778 1074 890 1129 illis
936 1074 1323 1145 imputandum
1362 1074 1652 1139 ostendite,
1705 1080 1757 1128 et
1787 1088 1890 1127 no-

284 1173 454 1220 stram
487 1172 540 1219 et
580 1162 821 1218 omnium
848 1160 910 1190 ³³⁸
940 1163 1393 1234 coepiscoporum
1438 1171 1743 1218 nostrorum
1788 1177 1891 1216 ex-

285 1252 831 1311 communicationem
862 1251 968 1306 illis
993 1252 1316 1320 promittite.

2473 354 2813 415 EPISTOLA
2840 358 3012 414 LXIII
3043 356 3125 412 διο.
3204 344 3209 351 ‘

2162 481 2411 522 ANSELMI
2441 482 2515 520 AD
2547 482 2910 521 BURGUNDIUM
2942 482 3011 521 ET
3043 480 3267 521 UXOREM
3299 482 3429 521 EJUS

2648 570 2921 610 RlCHEZAM
2934 596 2946 608 .

2003 648 2067 703 Ut
2094 649 2309 717 futurae
2341 646 2471 699 υἰιίε
2490 646 2607 700 sint
2639 661 2932 708 memores,
2966 648 3027 717 et,
3050 644 3121 699 ad
3150 646 3311 702 illius
3341 662 3591 702 amorem

2405 733 2523 771 sese
2552 719 2794 771 invicem
2822 716 3166 771 accendunt.

2070 804 2396 873 Axssauvs,
2458 820 2646 858 servus
2696 803 2955 858 Ecclesia:
3003 803 3423 870 Cantuariensis,
3484 806 3598 861 suis

2000 894 2335 951 charissimis
2374 895 2716 959 BURGUNDIO,
2751 901 2804 946 et
2833 892 2992 947 uxori
3012 892 3131 961 ejus
3165 893 3439 961 RICIIEZ.E,
3466 894 3601 950 salu-

2000 992 2128 1050 tem,
2162 991 2215 1038 et
2245 982 2677 1037 benedictionem
2701 981 2824 1035 Dei.

2073 1072 2320 1141 Qualiter
2338 1087 2426 1125 me
2449 1071 2678 1125 habeam
2702 1069 2920 1124 nuntius
2968 1077 3147 1126 vester
3186 1071 3380 1126 melius
3410 1073 3605 1143 poterit

2002 1162 2158 1217 vobis
2204 1160 2387 1217 verbis
2434 1159 2724 1214 ostendere
2767 1173 2928 1228 quam
2980 1174 3086 1230 ego
3146 1161 3404 1215 scribere.
3455 1161 3604 1216 Nihil

2003 1259 2181 1306 autem
2207 1257 2413 1304 tantum
2445 1264 2531 1303 me
2576 1248 2809 1304 delectat
2849 1247 3110 1302 mandare
3140 1248 3316 1317 vobis,
3351 1258 3606 1321 quantum

1608 1347 1833 1403 VARIxE
1885 1345 2293 1406 LECTIONES.

356 1450 473 1508 “’et
516 1458 756 1508 nostram
788 1448 1029 1504 omnium
1060 1465 1167 1505 ms.
1210 1455 1262 1503 et
1288 1454 1525 1503 nostram
1553 1454 1607 1502 et
1632 1448 1898 1503 omnium.
1931 1446 1994 1479 ”°
2018 1446 2158 1502 Cum
2185 1445 2375 1502 eodem
2404 1461 2509 1502 ms.
2541 1446 2749 1502 collata
2779 1448 2835 1501 et
2864 1460 2993 1501 cum
3026 1446 3173 1501 Edit.
3208 1446 3370 1503 Goth.
3390 1452 3443 1503 et
3478 1448 3597 1507 Col.

1531 1589 1829 1646 JOANNIS
1859 1590 2139 1646 PICARDI
2169 1588 2395 1644 NOT/E.

290 1524 458 1579 1573.

289 1691 537 1764 episcopi
568 1690 887 1764 Moguntini,
922 1705 1042 1761 qua:
1059 1688 1394 1764 erstatapud
1416 1690 1882 1764 Malmesburiens,
1917 1691 1970 1750 B
2000 1689 2274 1764 Gaeterum
2296 1687 2445 1764 quod
2478 1685 2848 1764 Ethelnvodus
2880 1685 2930 1740 in
2958 1687 3259 1764 Wintonia,
3306 1689 3360 1764 id
3385 1690 3603 1748 S.Osu-

289 1761 381 1819 ne.
409 1780 429 1817 ι
458 1761 526 1817 de
557 1761 777 1834 regibus
810 1764 1066 1832 Anglor.,
1098 1761 1193 1834 fol.
1226 1761 1312 1826 14,
1361 1776 1497 1834 pag.
1518 1765 1588 1834 _2.
1625 1762 1888 1833 Rogerius

290 1832 643 1889 Honedenus'
660 1833 726 1888 ad
757 1848 957 1886 annum
988 1835 1091 1886 975
1126 1832 1392 1900 vituperat
1440 1832 1889 1897 Alferum,’Mer-

290 1905 498 1960 ciorum
521 1904 848 1975 principem,
880 1910 935 1957 et
961 1902 1169 1973 aliquot
1200 1902 1410 1975 Anglim
1452 1913 1765 1975 magnates,
1787 1904 1891 1975 qui

291 1973 616 2032 cleric0rum
660 1973 1007 2029 uioratorum
1055 1974 1372 2026 muneribus
1417 1973 1593 2027 allecti
1637 1973 1891 2043 expelle—

290 2048 426 2101 bant
463 2046 664 2117 probos
692 2047 988 2117 monachos
1016 2060 1083 2117 ex
1117 2044 1396 2117 ecclesiis,
1430 2046 1653 2117 quibus”
1675 2045 1893 2117 fuerant

292 2114 482 2187 ejecti—
502 2118 896 2171 incontinentes
943 2114 1440 2187 clericitQuorum
1491 2116 1751 2170 nobilium
1802 2116 1891 2169 fu-

292 2185 432 2244 renti
477 2188 722 2243 avaritiae
758 2187 1019 2256 impietati
1058 2185 1290 2256 viriliter
1337 2186 1642 2240 restiterunt
1674 2187 1892 2241 Ethelu-

292 2262 473 2325 vinus,
531 2255 883 2313 Orientalium
949 2255 1249 2327 Anglorum
1302 2256 1412 2310 dux
1483 2258 1894 2312 honestissimus

294 2337 461 2401 atque
480 2330 879 2401 integerrimus,
897 2343 994 2381 nec
1014 2343 1121 2401 non
1145 2328 1584 2401 ejusgermanns
1610 2329 1894 2382 Elfuoldus

298 2398 751 2471 Brithnotbtisque
779 2414 987 2471 comes.
1043 2398 1561 2471 ldem_ﬂo_nedenns
1607 2414 1750 2454 anno
1789 2401 1894 2454 957

296 2475 352 2528 in
385 2472 625 2543 Eadgari
653 2468 746 2526 seu
775 2469 985 2540 Edgari
1014 2470 1160 2543 regis
1206 2468 1393 2543 laudes
1424 2470 1662 2543 breviter
1691 2486 1888 2525 excur-

299 2560 430 2598 rens
459 2539 535 2596 ait
568 2562 578 2596 :
618 2566 637 2589 ι
694 2543 1005 2595 Οθεῑιουεῑθε
1052 2539 1310 2595 eaclesias
1354 2542 1635 2595 renovavit
1677 2550 1729 2596 et
1759 2542 1894 2594 dita-

297 2615 395 2680 vit,
428 2614 656 2682 abjectis
687 2613 852 2682 etiam
890 2611 1153 2666 ctenobiis
1200 2610 1523 2666 clericorum
1567 2612 1894 2667 scholarium

300 2681 550 2748 venenis,
588 2707 609 2732 η
645 2692 756 2741 etc.
796 2681 1057 2751 Quaenam
1088 2696 1217 2735 vero
1248 2683 1361 2736 haec
1391 2682 1497 2735 sint
1531 2698 1758 2750 venena,
1791 2682 1895 2736 nisi

299 2758 491 2825 stupri,
550 2754 801 2809 adulterii
857 2761 911 2808 et
947 2752 1338 2825 fornicationis,
1392 2769 1514 2823 qum
1568 2754 1769 2807 sensim
1826 2753 1898 2807 ad

303 2828 497 2881 intima
551 2826 735 2880 cordis
786 2832 1026 2894 serpunt,
1079 2831 1131 2878 et
1187 2824 1444 2895 animam,
1506 2824 1653 2877 omni
1708 2825 1898 2895 gratiae

300 2899 504 2953 divinae
562 2897 743 2951 calore
800 2893 1047 2965 expulso,
1121 2893 1431 2948 suffocant‘?
1487 2893 1785 2964 lngulphus
1843 2897 1901 2948 in

303 2969 477 3035 Hist.,
508 2968 608 3022 fol.
648 2966 771 3032 502,
794 2982 925 3037 pag.
958 2965 1220 3037 2,eadem
1244 2980 1465 3037 venena
1488 2967 1728 3037 appellat
1755 2989 1775 3012 α
1796 2966 1900 3020 cle—

2000 1761 2260 1814 valduset
2291 1760 2603 1811 Dunstanus
2653 1759 3024 1826 praestiterunt
3073 1760 3126 1813 in
3182 1760 3292 1813 suis
3326 1763 3600 1818 Eeclesiis.

2000 1832 2063 1886 Ut
2095 1840 2273 1905 autem
2320 1831 2511 1883 iterum
2574 1844 2752 1905 meus_
2782 1829 3134 1905 adversarius
3174 1847 3295 1905 suo
3328 1832 3603 1905 judicetnr

2000 1917 2115 1965 ore,
2150 1900 2369 1971 suisque
2402 1908 2595 1971 pareat
2620 1898 2803 1965 armis,
2854 1916 2921 1971 en
2970 1901 3114 1968 quod
3157 1898 3601 1971 de'Ettieluvedo

2000 1972 2191 2027 scribit
2228 1972 2328 2024 lib.
2369 1987 2420 2031 v,
2454 1970 2548 2044 fol.
2587 1971 2693 2025 204
2728 1987 2739 2029 ;
2770 1993 2795 2044 -_
2825 1970 2923 2024 llic
2949 1970 3212 2044 secundo
3255 1974 3599 2044 episcopatus

2001 2044 2082 2097 sui
2112 2058 2255 2096 anno
2296 2041 2556 2110 quosdam
2606 2040 2897 2095 canonicos
2945 2042 2997 2093 in
3043 2043 3208 2096 veteri
3263 2040 3599 2102 monasterio

2002 2115 2279 2168 Vincestre
2309 2114 2589 2181 degentes,
2637 2120 2689 2165 et
2730 2111 2977 2185 ordinem
3026 2128 3188 2166 suum
3228 2116 3385 2185 pigre
3414 2126 3466 2170 et
3496 2135 3598 2171 ne-

2000 2185 2273 2257 gligenter
2328 2186 2700 2257 observantes,
2749 2182 2924 2257 ejecit,
2966 2191 3017 2257 et
3069 2182 3365 2257 monachos
3416 2188 3598 2257 impo-

2001 2253 2122 2309 suit.
2136 2279 2157 2303 »ι
2193 2255 2477 2323 [lucusque
2493 2253 3027 2323 Huntingdoniensis,
3046 2257 3158 2323 qui,
3175 2256 3271 2309 etsi
3294 2253 3599 2324 hujusrnodi

2000 2326 2274 2397 pigritiam
2313 2333 2365 2378 et
2394 2326 2778 2397 negligentiam
2824 2324 3153 2397 enucleatius
3190 2342 3298 2379 non
3346 2329 3598 2384 declara-

2000 2395 2085 2460 rit,
2117 2405 2293 2449 tamen
2326 2412 2392 2448 ex
2448 2395 2774 2463 supradictis
2823 2401 2988 2463 patet.
3039 2395 3120 2447 Ad
3166 2412 3362 2450 annum
3417 2401 3599 2454 mille-

2003 2468 2198 2521 simum
2231 2466 2553 2520 accedamus
2589 2481 2599 2516 :
2636 2466 2895 2533 producet
2933 2465 3076 2518 enim
3126 2468 3287 2520 nobis
3336 2469 3595 2524 Lanfran-

2000 2554 2126 2594 cum
2169 2546 2516 2591 uxoratorum
2572 2535 2889 2590 clericorum
2939 2537 3149 2589 hostem
3198 2546 3250 2591 et
3296 2538 3594 2596 insectato-

2003 2626 2115 2664 rem
2157 2609 2504 2663 acerrimum.
2572 2607 2622 2659 Is
2669 2606 2833 2676 igitur
2882 2606 3095 2675 epistol.
3128 2610 3182 2671 9.,
3234 2608 3303 2662 ad
3350 2611 3595 2666 Alexan-

2003 2682 2159 2735 drum
2195 2680 2239 2731 ll
2272 2694 2489 2749 papam,
2522 2676 2588 2730 de
2627 2676 2895 2749 Cestrensi
2925 2678 3202 2746 episcopo,
3248 2696 3407 2748 quem
3452 2683 3592 2739 Lici-

2004 2752 2306 2805 feldensem
2344 2747 2659 2817 'nuncupat,
2729 2747 2780 2800 in
2849 2751 2988 2803 hunc
3052 2747 3279 2803 modum
3336 2755 3526 2809 scribit
3578 2775 3591 2811 :

2011 2845 2032 2871 α
2078 2821 2449 2896 Licifeldensis
2506 2833 2634 2896 vero
2690 2820 2999 2896 epiSCOpus,
3051 2819 3156 2896 qui
3188 2822 3330 2890 apud
3385 2824 3596 2896 legatos

2006 2901 2219 2948 vestros
2261 2892 2337 2963 de
2394 2890 2781 2963 incontinentta
2827 2890 3005 2963 carnis
3048 2890 3159 2963 (cui
3197 2908 3336 2946 uxor
3384 2890 3598 2963 pn'blice

2009 2964 2215 3037 habita,
2250 2960 2451 3037 ﬁliique
2492 2960 2760 3037 procreati
2807 2962 3167 3037 testimonium
3216 2960 3599 3037 perhibebant)

303 3031 544 3094 ricorum
574 3031 811 3092 namiasi
852 3031 1150 3105 n'l‘psemet
1181 3036 1427 3105 Edgarus
1456 3031 1827 3106 id'profitetur
1851 3044 1902 3090 et
1936 3040 1984 3103 Ο
2014 3033 2244 3103 aliisque
2293 3031 2609 3106 criminibus
2652 3040 2950 3106 accusatus,
3005 3031 3377 3106 adLsynodum
3421 3031 3602 3094 tamen

305 3110 502 3165 asserit
529 3109 582 3161 in
630 3108 929 3176 diplomate
976 3122 1097 3173 suo,
1155 3106 1303 3177 quod
1351 3115 1530 3161 exstat
1572 3108 1712 3177 apud
1764 3107 1903 3161 Mal—

309 3181 497 3236 mesb.
537 3179 643 3233 lib.
685 3194 742 3248 ιι,
762 3192 888 3248 cap.
928 3181 978 3241 8,
1013 3177 1213 3241 {01.32,
1245 3177 1386 3231 inter
1415 3186 1611 3232 caetera
1631 3181 1743 3232 haec
1764 3194 1911 3233 com-

306 3265 631 3306 memorans
661 3265 674 3303 :
706 3271 728 3299 ι
766 3248 949 3302 ldiotis
977 3248 1192 3319 clericis
1214 3248 1418 3316 ejectis,
1448 3249 1612 3302 nullis
1635 3249 1906 3319 regularis

308 3320 593 3394 religionis
646 3319 950 3394 disciplinae
1013 3317 1301 3394 subjectis,
1334 3320 1595 3394 plurimis
1660 3317 1723 3373 in
1776 3320 1907 3394 locis

309 3389 596 3448 sanctioris
620 3389 803 3453 seriei,
828 3389 1051 3455 scilicet,
1092 3391 1398 3444 monachici
1439 3390 1658 3444 habitus
1693 3391 1907 3460 prmfeci

313 3473 625 3535 pastores.»
670 3463 797 3535 llaec
842 3461 895 3515 in
944 3476 1060 3513 rem
1109 3475 1294 3516 meam
1340 3462 1487 3531 regis
1526 3462 1783 3535 regioque
1813 3478 1909 3516 ore

310 3531 483 3589 verba
538 3531 859 3599 dignissima.
902 3539 1030 3585 sunt
1071 3538 1124 3585 et
1169 3545 1337 3599 Opera
1387 3532 1757 3585 Atheluvodns
1814 3549 1911 3586 seu

313 3601 692 3660 Etheluvodus
724 3603 820 3656 illo
865 3617 1001 3673 rage
1043 3601 1408 3673 sanctissimo,
1454 3603 1739 3672 episcopus
1769 3618 1909 3673 quo-

315 3692 421 3747 que
467 3672 909 3747 sanctissimuse
953 3687 1052 3726 sua
1100 3672 1761 3747 Wintoniensi_Ecclesia
1790 3672 1911 3727 ex-

314 3743 451 3816 pulit
476 3745 709 3816 clericos
751 3743 1089 3816 mulierosos,
1125 3743 1351 3797 testibus
1394 3743 1680 3797 Malmesb.
1712 3760 1909 3816 supra,

318 3813 649 3871 etOsberno
669 3813 1048 3885 Cantuariensi
1097 3823 1446 3884 praecantore,
1493 3830 1614 3885 cap.
1665 3815 1733 3869 39
1780 3816 1913 3869 Vit-ce

316 3887 494 3941 sancti
526 3886 789 3939 Dunstani
817 3884 960 3955 apud
992 3885 1117 3939 Sur.
1159 3888 1289 3939 tom.
1338 3885 1435 3938 111.
1487 3884 1704 3953 Aliquot
1735 3894 1913 3939 autem

318 3959 517 4012 borum
567 3956 892 4011 clericorum
935 3955 1281 4024 expulsorum
1329 3956 1458 4009 dum
1506 3956 1913 4021 expostularent

318 4044 445 4084 cum
476 4043 611 4099 rege
642 4026 709 4081 de
739 4042 834 4082 sua
864 4025 1447 4099 expulsione,rogatus
1468 4025 1565 4099 fuit
1595 4028 1648 4081 S.
1686 4027 1918 4081 Dunsta-

320 4116 421 4153 nus
451 4107 508 4152 nt
536 4096 735 4153 iterato
774 4101 1051 4167 parceret;
1097 4096 1240 4150 siluit
1297 4098 1385 4150 ille
1432 4097 1499 4151 ad
1550 4099 1648 4152 has
1698 4113 1911 4167 preces,

321 4170 506 4225 animo
533 4166 787 4223 volutans
814 4166 945 4239 quid
975 4173 1201 4239 ageret,
1236 4168 1446 4237 positus
1493 4167 1634 4222 inter
1662 4166 1913 4223 incudem

320 4249 372 4295 et
404 4241 681 4307 malleum,
710 4237 843 4293 cum
862 4253 991 4293 ecce
1018 4237 1269 4293 cruciﬁxi
1316 4239 1510 4309 Christi
1551 4239 1739 4309 imago
1768 4240 1917 4293 clara

321 4326 454 4366 voce
481 4311 537 4364 id
580 4310 870 4380 prohibuit,
923 4310 1112 4363 dicens
1159 4329 1177 4380 ς
1220 4331 1241 4356 α
1277 4311 1396 4363 Non
1428 4308 1533 4373 fiet,
1567 4308 1687 4364 noni
1725 4309 1846 4372 fiet;
1886 4334 1907 4357 η

322 4380 469 4452 quod
521 4379 783 4452 testantur
829 4379 1111 4452 Osbernus
1158 4379 1278 4434 loco
1324 4380 1620 4449 praecitato.
1666 4381 1914 4435 Vincent.

324 4450 538 4507 Belvac.
574 4450 941 4521 hist.Speculi
974 4451 1065 4503 lib.
1111 4466 1208 4514 xv,
1250 4465 1372 4521 cap.
1407 4454 1506 4515 80;
1543 4452 1605 4504 D.
1638 4452 1922 4520 Antonin.,

364 4530 465 4576 art.
498 4537 539 4576 II
573 4523 734 4587 Hist.,
767 4519 888 4592 cap.
918 4522 972 4592 6,
1008 4521 1092 4575 tit.
1132 4522 1220 4587 16,
1251 4519 1281 4591 g
1315 4523 1376 4587 1;
1410 4522 1606 4576 Petrus
1648 4522 1716 4577 de
1752 4519 1922 4577 Nataé

364 4539 465 4576 art.
498 4539 539 4576 II
573 4539 734 4587 ursa,
767 4539 888 4592 cap.
919 4539 972 4585 ο,
1008 4539 1092 4575 ιιι.
1132 4539 1220 4587 ιο,
1251 4539 1281 4591 ε
1315 4539 1376 4587 1;
1412 4539 1606 4576 retrus
1648 4539 1716 4577 ae
1752 4539 1921 4577 nata-

324 4539 492 4659 Rbus,
523 4592 621 4646 lib.
656 4607 751 4646 vIII
781 4591 1279 4663 Catalog.rsanct..
1302 4592 1526 4663 εαρλψ.
1563 4594 1921 4662 Prmterqnam

327 4663 473 4735 quod
503 4663 557 4735 id
590 4663 748 4718 etiam
787 4662 1113 4735 adversariis
1154 4662 1350 4716 nostris
1383 4663 1925 4731 Anglo-Calvinianis

324 4733 396 4803 (si
447 4733 685 4788 Balaeum
733 4733 1137 4805 excucnllatum
1164 4748 1287 4787 cum
1309 4748 1407 4805 sua
1432 4735 1739 4805 ADorothea,
1765 4736 1923 4805 Poly-

329 4806 634 4875 dornmqne
679 4805 870 4874 Virgil,
916 4804 1293 4875 impuditiores
1349 4803 1511 4873 hujus
1550 4804 1675 4860 facti
1717 4803 1926 4860 calum-

329 4873 567 4930 niatores
614 4873 822 4939 demas)
879 4877 956 4928 sic
1004 4873 1058 4927 in
1104 4874 1376 4946 confesso,
1441 4880 1496 4929 ut
1536 4875 1772 4946 longiori
1815 4892 1927 4930 non

331 4953 505 5018 egeat
532 4946 872 5016 probatione.
903 4945 1055 5018 Post
1074 4945 1416 5018 aliquantum
1445 4945 1703 5014 temporis
1733 4946 1926 5016 expul-

329 5013 510 5073 sorum
532 5013 864 5072 clericorum
896 5013 987 5068 filii
1026 5013 1180 5069 litem
1216 5013 1927 5088 sppitam_eXstinctamque

331 5088 797 5144 redaccenderunt
827 5088 881 5141 in
919 5094 1186 5141 conventu
1225 5086 1479 5141 Talnensi
1527 5103 1621 5141 seu
1651 5086 1924 5152 Calnerisi,

332 5160 414 5215 cui
446 5160 675 5214 aderant
720 5175 819 5213 rex
872 5158 1155 5213 Eduardus
1211 5164 1265 5210 et
1310 5158 1472 5212 totius
1526 5159 1739 5229 Anglice
1782 5159 1927 5228 opti-

335 5238 526 5286 mates.
572 5229 847 5302 Quotquot
887 5237 1065 5284 autem
1116 5235 1301 5302 sancto
1348 5230 1625 5302 Dunstano
1665 5229 1928 5302 refragati

333 5308 477 5368 sunt,
509 5309 564 5356 et
591 5300 1089 5370 turpi‘clericorum
1121 5300 1364 5371 petitioni
1387 5308 1710 5366 annuerant,
1735 5316 1764 5354 e
1793 5300 1928 5356 solio

332 5379 445 5427 tam
475 5371 810 5443 graviterin
840 5380 1039 5426 terram
1079 5379 1415 5443 corruerunt,
1459 5380 1512 5443 et
1554 5372 1797 5425 nonnulli
1829 5388 1926 5443 ex-

333 5441 609 5515 spirarint,
639 5442 729 5497 alii
763 5441 849 5515 vix
900 5442 1529 5515 praesentissimaeﬂnesis
1566 5458 1759 5497 manus
1788 5441 1927 5515 effu-

332 5511 533 5581 gerint,
592 5511 915 5568 auctoribus
970 5511 1238 5578 Osberno,
1312 5513 1582 5579 Vincent.,
1634 5513 1927 5580 Antonino,

334 5585 638 5668 Honedeno
685 5584 753 5640 ad
798 5600 1003 5638 annum
1051 5587 1175 5651 977,
1224 5583 1317 5709 gui
1346 5600 1537 5667 casum
1588 5584 1804 5655 quidem
1835 5600 1930 5638 ex-

336 5663 520 5709 nnmtt
564 5670 673 5709 non
712 5670 950 5709 causam.
974 5663 1085 5709 tum
1115 5669 1220 5709 auo
1304 5663 1586 5709 DOIISSlma
1615 5662 1775 5709 esset.
1807 5670 1929 5709 cum

334 5654 520 5728 pn’mjt
564 5654 1259 5728 non_causam,tum_quod
1304 5655 1586 5728 notissima
1608 5654 1775 5728 esset,
1807 5670 1929 5712 cum

338 5725 486 5813 Quod
526 5725 742 5789 comitia
786 5742 898 5788 non
934 5726 1006 5787 ob
1051 5725 1109 5787 id
1134 5725 1525 5789 tantummodo
1577 5727 1924 5791 haberentur.

2014 3101 2200 3159 eorum
2230 3103 2414 3157 venire
2444 3101 2636 3176 noluit.
2678 3103 2829 3156 Unde
2859 3110 2913 3155 et
2932 3102 3196 3176 praedicti
3242 3106 3407 3176 legati
3438 3110 3603 3165 vestri

2016 3191 2139 3229 eum
2171 3172 2797 3239 excommunicaverunt,
2825 3173 3053 3243 regique
3085 3172 3441 3231 substittiendi
3472 3196 3603 3236 suc-

2015 3261 2311 3305 cessorem,
2346 3253 2400 3297 ut
2429 3244 2645 3308 dicitur,
2687 3254 3100 3303 concesserunt;
3140 3245 3194 3298 in
3231 3248 3480 3303 Paschali
3508 3268 3605 3305 so-

2016 3317 2290 3371 lemnitate
2320 3315 2388 3368 ad
2418 3315 2620 3385 curiam
2671 3314 2834 3378 venit,
2872 3314 2939 3366 de
2984 3314 3141 3367 illatis
3187 3318 3355 3385 culpis
3384 3336 3606 3377 causam

2014 3388 2153 3463 inire
2204 3386 2389 3450 noluit,
2426 3384 2544 3463 regi
2592 3384 2649 3435 in
2705 3384 3386 3463 conventu-episcoporum
3444 3400 3608 3463 atque

2016 3458 2299 3520 laicorum,
2354 3454 2725 3525 episcopatum
2774 3454 3055 3528 reldidit,
3100 3472 3160 3510 se
3200 3454 3444 3528 amplius
3500 3454 3610 3519 non

2019 3528 2349 3588 habiturum,
2384 3542 2483 3580 nec
2513 3526 2821 3580 successori
2859 3525 3184 3581 calumniam
3233 3525 3323 3583 aut
3352 3532 3609 3590 damnum

2020 3600 2307 3659 illaturum,
2331 3597 2690 3665 jurejurando
2718 3605 3017 3667 spontanea
3048 3600 3320 3655 voluntate
3350 3602 3604 3660 firmavit.

2020 3669 2225 3724 Dehinc
2255 3670 2321 3722 ad
2353 3667 2761 3734 monasterium,
2793 3668 2848 3719 in
2879 3683 2986 3737 quo
3018 3670 3086 3722 ab
3119 3669 3344 3726 infantia
3382 3675 3608 3731 nutritus

2023 3740 2316 3814 monachus
2359 3740 2553 3803 fuerat,
2586 3738 2914 3814 _repedavit_.
2953 3761 2972 3786 υ
3026 3740 3330 3814 Βγιενδυςειυε
3385 3744 3441 3799 in
3487 3748 3612 3814 epi-

2020 3812 2161 3866 stola
2189 3812 2255 3864 ad
2288 3811 2554 3883 Joannem
2586 3809 2913 3883 Rothomagi
2932 3809 3259 3883 pontificem,
3285 3815 3428 3883 apud
3451 3809 3612 3883 quem

2020 3884 2245 3937 theones
2266 3881 2498 3951 quipiam
2530 3888 2582 3933 et
2621 3879 2871 3933 malevoli
2910 3879 3611 3949 postulavet'ant‘Lanfran-

2021 3969 2142 4008 cum
2190 3969 2286 4006 ceu
2329 3950 2552 4005 Joannis
2597 3951 3028 4004 obtrectatorem.
3089 3950 3253 4019 Quod
3295 3956 3507 4013 crimen
3562 3967 3616 4015 et

2022 4023 2374 4093 imposturam
2416 4037 2515 4092 pro
2561 4020 2694 4075 falso
2739 4022 3054 4093 repudians
3112 4024 3442 4081 Lanfrancus
3491 4030 3608 4083 ait:

2030 4118 2051 4143 α
2090 4091 2363 4171 Relulistls
2394 4094 2547 4147 vobis
2575 4107 2607 4145 o
2639 4091 2825 4144 multis
2852 4092 3020 4171 fuisse
3060 4094 3287 4171 relatum
3333 4099 3478 4171 quod
3508 4116 3614 4171 ego

2025 4166 2275 4236 quaedam
2305 4165 2448 4217 facta
2468 4171 2647 4236 vestra
2678 4177 2857 4236 carpo,
2884 4164 2950 4216 Et
2991 4164 3245 4236 maxime,
3271 4164 3410 4236 quod
3459 4164 3614 4225 insti-

2025 4235 2136 4290 tuta
2166 4243 2474 4288 sanctorum
2509 4235 2720 4287 Patrum
2752 4235 2819 4285 de
2862 4235 3131 4287 servanda
3168 4237 3485 4292 clericorum
3517 4257 3615 4296 ca-

2024 4308 2198 4380 stitate
2233 4305 2374 4380 male
2414 4320 2536 4380 vos
2564 4303 2890 4380 intellexisse
2942 4304 3229 4380 redarguo.
3262 4326 3287 4380 ξι
3324 4310 3618 4380 Paucisque

1948 4390 2000 4451 D
2031 4376 2383 4451 interpositis,
2417 4374 2697 4451 subiungit
2725 4374 3026 4427 dissolvens
3041 4374 3328 4451 calumnia
3360 4374 3577 4435 modum
3603 4403 3614 4438 :

2034 4472 2055 4496 «ι
2120 4445 2234 4502 imo
2299 4454 2479 4501 vestro
2543 4445 2876 4514 aliorumque
2954 4446 3341 4502 venerabilinm
3404 4451 3619 4508 Patrum

2030 4518 2278 4587 exemplo
2333 4525 2677 4587 provocatus,
2722 4531 2837 4587 per,
2866 4522 3031 4587 totam
3078 4519 3367 4587 Anglieam
3423 4531 3621 4579 terram

2032 4585 2289 4660 pastorali
2321 4585 2634 4643 auctoritate
2666 4585 2937 4657 prohibui,
2978 4602 3046 4641 ne
3081 4585 3375 4660 cujuslibet
3417 4595 3622 4649 ordinis

2032 4658 2316 4731 quisquam
2366 4659 2666 4731 canonicus
2704 4671 2928 4731 uxorem
2978 4658 3209 4728 accipiat
3242 4678 3254 4714 :
3288 4678 3390 4719 nec
3434 4667 3623 4721 sortito

2031 4728 2210 4795 antea,
2234 4732 2276 4785 si
2307 4730 2595 4803 presbyter
2631 4736 2723 4803 aut
2752 4728 3013 4803 diaconus
3045 4737 3125 4783 est
3154 4731 3283 4801 (nisi
3330 4735 3622 4803 praebenda

2033 4818 2224 4857 carere
2256 4798 2408 4873 velit)
2438 4798 2641 4873 habere
2669 4798 3143 4873 ulteritts‘liceat.»
3165 4798 3307 4857 Haec
3330 4798 3622 4863 'Lanfranci

2035 4874 2199 4928 verba
2229 4880 2279 4947 et
2310 4869 2552 4947 instituta
2588 4870 2656 4924 de
2701 4869 2933 4947 clericali
2984 4871 3230 4947 caelibatu
3253 4876 3341 4947 _ad
3374 4894 3617 4947 unguem

2034 4943 2327 5010 servando,
2375 4943 2653 4998 videamus
2701 4940 3069 4995 arctissimam
3116 4941 3359 5010 ejusdem
3418 4940 3626 5004 d'ecreti

2034 5014 2340 5069 custodiam
2370 5014 2423 5066 in
2467 5011 2697 5083 epistola
2746 5012 2814 5065 ad
2856 5012 3162 5066 Herfastum
3211 5016 3626 5075 Tetfordensem

2035 5085 2349 5158 episcOpnm
2406 5083 2729 5158 his_verbis
2762 5099 2831 5158 :5-
2884 5084 3215 5158 Lanfrancus
3268 5089 3447 5157 gratia
3506 5092 3623 5158 Dei,

2034 5172 2144 5210 non
2208 5156 2320 5209 suis
2386 5154 2613 5218 meritis,
2678 5154 3005 5223 coepiscOpo
3073 5154 3319 5211 Herfasto
3375 5154 3622 5221 salutem.

2036 5225 2273 5281 Clericus
2300 5225 2401 5279 iste
2430 5226 2642 5279 noviter
2672 5224 2759 5290 ad,
2794 5241 2879 5277 me
2927 5223 3089 5288 venit,
3123 5241 3345 5282 causam
3382 5248 3493 5287 suae
3535 5234 3625 5286 in-

2038 5297 2302 5351 felicitatis
2332 5296 2464 5350 mihi
2494 5295 2660 5361 dixit;
2704 5294 2923 5360 dictam,
2971 5296 3279 5353 testimonio
3318 5310 3624 5359 vestrarum

2036 5368 2331 5422 litterarum
2365 5384 2547 5423 veram
2575 5381 2697 5422 esse
2725 5366 2970 5419 asseruit.
3003 5364 3255 5423 Testatus
3285 5379 3366 5425 est
3386 5388 3443 5425 se
3467 5373 3622 5428 inor-

2035 5440 2215 5494 dinate
2245 5438 2579 5500 ordinatum;
2625 5437 2894 5501 videlicet,
2946 5452 3068 5492 cum
3111 5439 3307 5493 nullius
3352 5446 3497 5495 esset
3536 5460 3626 5497 or-

2036 5511 2196 5575 dinis,
2228 5525 2257 5563 a
2307 5509 2632 5565 fraternitate
2673 5512 2850 5564 vestra
2899 5506 3099 5561 factum
3156 5526 3275 5565 esse
3315 5511 3623 5571 diaconum.

2035 5584 2400 5653 interrogatus
2427 5594 2459 5633 a
2489 5595 2574 5634 me
2616 5578 2664 5632 si
2710 5578 3245 5653 ultoremhaberet:
3289 5598 3515 5639 uxorem
3564 5603 3624 5645 se

2012 5646 2273 5719 habere,
2288 5667 2396 5709 nec
2423 5665 2545 5706 eam
2574 5666 2633 5705 se
2663 5649 2801 5721 velle
2836 5646 3101 5721 dimittere
3128 5653 3447 5721 respondit.
3486 5655 3623 5714 Pro-

2034 5732 2221 5805 pterea
2250 5718 2342 5782 tali
2372 5730 2533 5800 pacto
2578 5718 2975 5781 consulendum
3017 5719 3068 5779 ei
3108 5718 3293 5782 divitia
3318 5723 3489 5785 fultus
3528 5743 3627 5797 aa-
