4010 6064
395 220 461 274 99
958 209 1013 270 S.
1047 208 1346 270 ANSELMI
1377 209 1719 268 CANTUAR.
1754 210 2073 268 ARCHIEP.
2102 212 2255 270 OPP.
2278 210 2453 271 PARS
2483 210 2575 271 ΙΙΙ.
2607 245 2676 257 -
2706 210 3083 276 EPISTOL/E.

3597 218 3697 278 100

389 350 448 398 ut
477 358 661 399 curam
692 340 931 397 habeatis
970 340 1036 394 de
1076 338 1259 394 vobis.
1313 336 1645 393 Exoneravit
1684 352 1778 391 vos
1820 337 1984 405 Deus,
2021 339 2070 399 A
2101 356 2220 411 quae
2248 340 2440 396 merita
2466 341 2835 411 praemisistis.
2876 344 2935 398 Si
2965 343 3125 414 plura
3162 344 3309 400 bona
3339 360 3502 416 quam
3532 345 3696 412 mala,

392 432 613 487 abstulit
643 430 798 486 vobis
837 445 1053 485 omnem
1102 428 1445 483 occasionem
1493 425 1709 479 amandi
1755 427 1857 480 hoc
1906 442 1999 481 sm-

391 520 595 586 culum,
621 527 673 573 et
690 518 835 573 dedit
866 517 1022 572 vobis
1052 532 1269 570 omnem
1289 513 1751 585 opportunitatem
1780 514 1998 568 amandi

387 609 616 665 salutem
648 615 902 662 vestram.
934 606 1121 660 Ponite
1154 604 1395 674 quotidie
1416 611 1539 657 ante
1569 601 1757 657 oculos
1790 611 1996 658 vestros

390 697 552 752 ﬁnem
583 702 841 751 vestrum.
875 694 1119 765 Cogitate
1167 692 1517 746 intentissime
1561 691 1716 759 cujus
1762 699 1993 747 eruntet

388 785 518 859 quid
547 785 699 840 vobis
728 783 1026 854 proderunt
1054 781 1118 808 δ”
1150 799 1271 853 qua
1310 788 1433 850 post
1473 796 1576 835 vos
1611 780 1990 835 remanebunt.

388 874 635 946 Cogitate
667 889 774 943 quo
806 872 970 936 ibitis,
1022 871 1149 942 quid
1194 871 1475 927 vobiscum
1514 868 1818 939 portabilis,
1862 869 1992 940 quid

384 964 462 1018 ibi
493 961 637 1033 quod
666 960 730 986 3"
762 963 1105 1030 praemissum
1134 960 1203 1013 sit
1233 975 1265 1013 a
1299 959 1453 1013 vobis
1498 958 1802 1014 invenietis.
1832 958 1990 1015 Certe

384 1066 497 1107 non
545 1049 837 1121 portabitis
896 1048 1176 1103 vobiscum
1231 1063 1332 1102 nec
1389 1045 1674 1101 invenietis
1719 1046 1794 1100 ibi
1842 1048 1984 1101 aliud

382 1156 539 1212 quam
574 1139 769 1194 merita
817 1145 1021 1207 vestra,
1067 1136 1178 1192 sive
1229 1136 1368 1192 bona
1421 1136 1536 1192 sive
1581 1134 1745 1189 mala.
1794 1134 1984 1191 Videte

2103 430 2344 499 gaudere
2401 430 2639 499 potestis.
2701 431 2755 486 Si
2812 430 2873 458 '”
2929 433 3085 501 plura
3139 433 3280 488 mala
3318 450 3478 505 quam
3529 433 3693 504 bona,

2104 518 2245 587 quod
2277 533 2383 573 non
2407 528 2556 589 puto,
2606 519 2830 574 multum
2861 518 2922 545 "‘
2952 520 3165 577 debetis
3206 521 3422 588 timere,
3469 539 3701 593 praeser-

2104 607 2196 660 tim
2227 624 2346 661 cum
2378 609 2602 662 multum
2648 626 2870 664 necesse
2910 611 2981 664 sit
3027 611 3235 665 homini
3268 612 3469 667 volenti
3500 612 3698 668 salvari

2102 693 2306 750 habere
2357 696 2525 751 multo
2581 698 2733 766 plura
2774 697 2835 725 ⁸³⁵
2890 700 3039 754 bona
3098 700 3290 755 merita
3330 716 3488 769 quam
3534 702 3695 759 mala.

2098 784 2226 840 Haec
2255 786 2507 856 cogitate,
2542 786 2661 842 haec
2690 787 2829 843 inter
2857 804 2952 844 vos
2980 787 3068 843 die
3099 803 3164 845 ac
3196 796 3374 856 nocte,
3405 788 3458 843 in
3488 798 3698 847 secreto

2097 874 2232 927 etin
2287 874 2523 944 publico,
2573 881 2791 931 tractata
2822 892 2834 945 ;
2868 879 2985 933 hazc
3036 878 3142 932 sint
3199 877 3474 948 colloquia
3518 888 3699 936 vestra

2094 961 2326 1018 invicem
2363 980 2374 1016 :
2410 964 2644 1020 Domine
2672 965 2772 1031 mi,
2814 968 3000 1021 amica
3041 982 3189 1031 mea,
3234 968 3365 1038 quid
3407 970 3698 1038 facimus!

2094 1052 2225 1122 quid
2258 1052 2549 1108 tardamus
2568 1053 2595 1105 ?
2621 1070 2792 1125 prope
2830 1059 2915 1109 est
2944 1055 3148 1110 ultima
3166 1054 3285 1110 dies
3313 1060 3529 1112 nostra.
3556 1058 3694 1125 Quo-

2096 1139 2251 1197 modo
2268 1142 2601 1213 expedimus
2620 1144 2791 1198 vitam
2808 1149 3059 1200 nostram
3078 1142 3107 1196 ?
3126 1145 3392 1215 quomodo
3408 1148 3691 1218 satisfaci-

1693 1234 1920 1289 νΑΒΙλΕ
1970 1235 2268 1291 LECTION
2276 1237 2378 1292 ES.

450 1334 512 1363 ⁸²¹
565 1335 685 1390 obis
714 1334 952 1408 proderit
978 1349 1086 1389 ms.
1120 1328 1869 1408 vobis._proderunt._”’Quis
1900 1331 2044 1401 quod
2072 1331 2148 1408 ibi
2175 1333 2327 1389 Edit.
2349 1333 2472 1405 quis
2501 1334 2595 1408 ibi,
2628 1338 2796 1408 quod.
2846 1335 3166 1393 "’Potestis.
3202 1337 3258 1393 Si
3294 1353 3401 1393 ms.
3434 1343 3493 1395 et
3521 1339 3676 1396 Edit.

380 1407 609 1479 potestis
612 1424 652 1483 _;
671 1401 829 1483 quod
849 1420 966 1483 non
999 1412 1155 1483 puto.
1293 1401 1503 1458 "‘Bona
1533 1401 1677 1473 quod
1700 1418 1812 1457 non
1842 1412 1989 1474 puto,
2023 1405 2248 1460 multum
2288 1401 2391 1461 ms'.
2435 1411 2493 1462 et
2520 1401 2669 1463 Edit'.
2720 1412 2865 1479 bona
2903 1410 3149 1467 multum.
3209 1407 3495 1479 "’Habene
3525 1412 3683 1483 plura

1599 1544 1631 1600 J
1636 1544 1828 1601 OANN
1834 1545 1898 1600 IS
1929 1546 2205 1603 PICARDI
2233 1548 2461 1604 NOTAE.

379 1647 631 1703 ctoritate
663 1648 920 1719 decerno.
962 1644 1310 1719 Diaconatum
1351 1643 1403 1697 ei
1452 1642 1790 1719 aufertc.__Ad
1821 1652 1979 1699 caete-
2007 1652 2059 1714 Β
2091 1648 2363 1719 peperint,
2403 1662 2510 1701 non
2562 1645 2929 1715 pnriﬁcentur,
2970 1646 3093 1719 nisi
3133 1640 3280 1719 prius
3326 1647 3680 1706 sufﬁcientem

378 1476 485 1535 ins.
518 1485 571 1536 et
604 1476 748 1535 Edit.
775 1477 974 1532 habere
999 1477 1162 1531 multo
1194 1476 1370 1546 plura.

379 1736 470 1774 ros
509 1720 744 1773 minores
774 1717 988 1771 ordines
1011 1715 1270 1785 congruis
1308 1730 1429 1767 eum
1474 1714 1813 1783 temporibus
1843 1731 1976 1784 pro—

379 1799 617 1845 movetc.
647 1790 974 1843 Diaconatus
1007 1803 1131 1840 vero
1163 1785 1406 1840 ordinem
1431 1800 1703 1855 nunquam
1725 1786 1973 1854 recipiat,

376 1862 479 1915 nisi
508 1872 659 1915 caste
687 1860 852 1921 vivat,
895 1858 999 1911 nisi
1042 1874 1101 1911 se
1149 1856 1217 1910 de
1254 1857 1463 1926 reliquo
1510 1865 1656 1910 caste
1704 1857 1975 1911 victurum

377 1933 643 1988 canonica
698 1930 1035 1985 attestatione
1085 1928 1383 1997 promittat.
1425 1926 1484 1980 Si
1540 1942 1673 1981 vero
1728 1927 1973 1981 caelibem

375 2004 544 2057 vitam
578 2002 769 2073 egerit,
803 2011 855 2054 et
884 2007 1128 2073 acturum
1159 2014 1214 2052 se
1250 1998 1397 2073 omni
1429 1997 1974 2073 tempore__spondere

374 2068 649 2129 voluerit':
679 2070 1026 2151 non‘quidem
1077 2086 1196 2151 cum
1249 2070 1316 2122 ad
1365 2068 1610 2151 ordinem
1654 2069 1972 2151 diaconatus

372 2144 565 2200 iterum
596 2138 957 2205 ordinabitis;
1002 2140 1099 2195 sed
1145 2141 1319 2210 ipsum
1361 2138 1598 2210 officium
1642 2155 1740 2207 per
1768 2147 1971 2193 textum

374 2216 546 2271 sancti
579 2214 883 2285 Evangelii,
915 2212 1000 2267 vel
1052 2209 1519 2285 innsynodetyel
1566 2211 1625 2262 in
1680 2210 1968 2285 multorum

372 2286 688 2341 clericorurn
718 2281 985 2339 cenventu
1012 2282 1275 2336 reddetis.
1319 2302 1339 2330 ν
1400 2281 1672 2335 Hactenus
1702 2281 1968 2334 Lanfran-

376 2374 490 2423 cus,
526 2359 675 2425 cujus
723 2353 1046 2409 testimoniis
1100 2353 1321 2422 planum
1360 2351 1586 2425 fecimus
1630 2352 1970 2425 etiamnnte

375 2423 737 2482 Londinensis
787 2425 981 2495 synodi
1053 2439 1315 2478 canonem
1375 2423 1747 2477 sacerdotibus
1798 2423 1968 2495 fuisse

370 2499 644 2569 conjugiis
670 2494 1030 2569 interdictum.
1058 2495 1249 2569 Valeat
1278 2510 1413 2569 ergo
1447 2494 1966 2569 Huntingdoniensis

367 2565 588 2625 inscitia
610 2577 659 2622 et
689 2567 1001 2632 calumnia;
1036 2566 1178 2634 quod
1218 2566 1361 2619 enim
1406 2565 1651 2618 obtendit
1681 2568 1735 2617 in
1767 2565 1962 2618 defen-

372 2642 582 2694 sionem
631 2655 740 2692 suae
795 2638 1092 2707 alienasque
1136 2635 1425 2705 opinionis,
1484 2636 1706 2707 scilicet,
1759 2636 1961 2707 Ansel-

368 2712 610 2765 mianum
656 2710 930 2763 decretum
983 2705 1156 2760 visum
1216 2706 1379 2759 fuisse
1418 2705 1958 2774 periculosissimum,

364 2798 435 2837 ne
465 2783 591 2836 dum
644 2780 937 2833 munditias
990 2777 1199 2830 viribus
1242 2777 1478 2845 majores
1517 2784 1848 2845 appeterent,
1904 2776 1960 2830 in

365 2850 730 2907 immunditias
760 2848 1053 2904 horribiles
1101 2847 1169 2900 ad
1216 2847 1504 2901 Christiani
1554 2847 1789 2901 nominis
1814 2864 1958 2900 sum-

362 2940 509 2979 mum
568 2922 806 2977 dedecus
858 2919 1204 2981 inciderent;
1260 2918 1333 2983 id,
1378 2919 1623 2989 inquam,
1682 2934 1750 2972 ne
1802 2917 1958 2973 ﬂocci

2088 1717 2431 1785 praestiterint
2476 1718 2781 1772 cautionem
2832 1717 3229 1782 archidiacono,
3274 1720 3359 1774 vel
3399 1724 3513 1787 ejus
3567 1721 3682 1775 otii-

2085 1787 2206 1862 ciali
2232 1787 2301 1862 de
2350 1788 2821 1862 satisfactione_in_
2846 1791 3096 1859 proximo
3134 1791 3388 1861 capitulo,
3419 1801 3542 1861 post
3571 1809 3678 1862 pu-

2084 1856 2444 1913 riﬁcationem
2492 1874 2678 1914 earum
2724 1856 2985 1914 facienda.
3023 1881 3045 1910 ι
3090 1856 3221 1916 Item
3256 1880 3268 1916 :
3307 1884 3328 1910 ιι
3364 1856 3679 1917 Sacerdotes

2081 1927 2135 1981 in
2181 1944 2415 1999 quorum
2482 1929 2760 1999 parochiis
2816 1930 3131 1987 concubina:
3189 1932 3370 1986 talium
3423 1948 3675 1988 commo-

2080 2007 2293 2066 rantur,
2353 2001 2398 2053 si
2453 2015 2562 2054 non
2609 2000 2719 2054 hoc
2772 2002 3109 2056 ostenderint
3152 2003 3531 2059 archidiacono
3589 2005 3677 2060 vel

2081 2069 2196 2138 ejus
2222 2069 2458 2143 officiali,
2503 2072 2931 2140 suspendantur.
2974 2072 3043 2131 Et
3080 2074 3390 2143 priusquam
3423 2075 3677 2129 relaxen-

2082 2147 2185 2205 tur,
2224 2142 2392 2214 _gravi
2434 2142 2764 2214 poenitentia:
2813 2142 3154 2211 subjaceant.
3189 2166 3210 2192 ››
3260 2145 3392 2199 Item
3425 2164 3436 2200 :
3485 2167 3507 2192 α
3542 2144 3677 2214 Qum

2080 2212 2324 2266 convinci
2354 2214 2573 2283 poterit,
2607 2212 2753 2283 quod
2792 2214 3045 2268 sacerdos
3082 2231 3201 2269 eam
3245 2216 3535 2270 carnaliter
3567 2212 3678 2272 co-

2080 2284 2348 2353 gnoverit,
2372 2282 2643 2351 publicam
2674 2292 2802 2354 agat
2829 2285 3220 2354 paenitentiam,
3253 2294 3306 2340 et
3343 2287 3672 2342 solemnem:

2078 2368 2145 2427 ac
2172 2354 2219 2427 si
2252 2354 2318 2427 de
2346 2354 2614 2427 adulterio
2653 2362 2800 2427 esset
2838 2357 3105 2419 convicta,
3148 2365 3404 2427 tanquam
3441 2374 3538 2427 pro
3568 2359 3677 2414 du-

2076 2424 2202 2498 plici
2231 2425 2496 2479 adulterio
2539 2425 2823 2498 puniatur;
2861 2427 3128 2498 nectanti
3171 2424 3353 2483 reatus
3379 2424 3672 2498 impunitas

2074 2494 2197 2567 aliis
2238 2500 2475 2549 transeat
2519 2497 2570 2548 in
2621 2497 2898 2551 materiam
2956 2497 3324 2567 delinquendi.
3370 2521 3393 2547 ι)
3448 2494 3559 2553 Has
3616 2500 3672 2554 in

2072 2566 2303 2640 clericos
2371 2566 2784 2621 concubinarios
2825 2566 3258 2640 ‘Vclericalesque
3329 2571 3671 2625 concubinas

2072 2637 2217 2709 (nam
2251 2645 2300 2690 et
2330 2653 2602 2709 percussa)
2646 2637 2964 2693 concubinae
3008 2637 3441 2709 repercutiuntur
3466 2657 3669 2697 concu-

2070 2707 2294 2777 bitores)
2325 2708 2826 2780 animadversiones
2856 2710 3042 2763 statuit
3074 2707 3390 2780 Stephanus
3428 2712 3495 2766 de
3528 2713 3666 2766 Lan-

2109 2788 2288 2852 etuna,
2326 2779 2425 2852 _vir
2487 2780 2727 2852 eruditus
2792 2787 2863 2852 etc
2897 2788 3095 2852 sancta:
3151 2779 3448 2845 memoria),
3515 2782 3669 2852 prius

2068 2849 2245 2920 Sancti
2312 2850 2654 2919 Chrysogoni
2722 2850 3047 2918 cardinalis,
3124 2852 3263 2906 sedit
3326 2852 3480 2906 annis
3516 2849 3664 2920 'xxr,

2067 2919 2384 2994 dieb_us_23_.
2423 2921 2521 2974 Hic
2543 2921 2817 2994 transtulit
2846 2937 3041 2994 corpus
3070 2923 3135 2976 B.
3160 2924 3384 2977 Themin
3412 2923 3468 2976 in
3496 2919 3667 2994 capsa

362 2995 580 3068 quidem
605 2993 779 3070 facio.
832 2992 893 3045 Si
937 2991 1091 3070 enim
1150 2988 1417 3069 tentillum
1465 2989 1695 3070 traheret
1742 2989 1958 3043 roboris
1986 3007 2035 3070 α
2066 2990 2477 3070 pretiosissima.
2551 2990 2639 3070 Sic
2672 2991 2771 3070 “de
2820 2988 3257 3070 archiepiscopo
3313 2988 3666 3070 _mt_tlierari03

361 3058 657 3121 ratiuncula
688 3065 818 3131 haec,
853 3063 1043 3117 eadem
1099 3060 1409 3115 necessario
1452 3058 1771 3126 efﬁceretur,
1822 3075 1955 3130 per-

360 3153 544 3207 peram
590 3130 866 3207 ifuisse’a
916 3133 1033 3187 Deo
1082 3132 1302 3207 vetitum
1323 3145 1350 3207 Δε
1384 3130 1501 3185 Non
1556 3131 1790 3207 occides,
1840 3148 1956 3207 non

360 3201 744 3267 inaachaberis,
778 3222 894 3260 non
941 3206 1168 3275 furtum
1217 3202 1431 3275 facies;
1463 3208 1513 3275 et
1556 3201 1681 3275 quia
1736 3202 1788 3254 in
1838 3202 1954 3275 dies

360 3278 496 3333 ﬁunt
524 3278 700 3333 caedes
728 3271 1042 3340 innumerae,
1075 3289 1264 3344 eaequo
1287 3271 1679 3344 indignissima:
1708 3279 1759 3324 et
1788 3272 1957 3325 maxi-

357 3366 483 3415 mae,
516 3350 640 3403 item
671 3347 954 3412 adulteria,
1002 3343 1227 3415 stupra.
1259 3343 1565 3412 sacrilegia,
1610 3343 1867 3411 incestus,
1901 3351 1955 3415 et

356 3421 463 3477 alia
492 3419 760 3474 horrenda
789 3418 995 3494 scelera
1018 3432 1137 3485 quae
1178 3414 1261 3467 his
1290 3414 1556 3494 inmnibus
1597 3429 1707 3494 sua
1720 3414 1951 3494 praecel-

357 3492 473 3547 lunt
502 3491 810 3560 impietate.
850 3489 908 3541 In
941 3502 1151 3560 sumna,
1195 3494 1257 3560 ut
1290 3485 1613 3560 Hieronym.
1657 3485 1950 3560 Rusticum

356 3555 681 3617 monachum
700 3564 855 3614 docet
888 3578 898 3613 :
933 3559 1048 3613 Non
1066 3562 1147 3611 est
1165 3558 1333 3625 culpa
1355 3555 1945 3620 Clu-istianinominis,

353 3636 401 3689 si
421 3634 721 3688 simulator
742 3630 1033 3699 religionis
1054 3629 1116 3699 in
1140 3627 1273 3680 vitio
1290 3627 1390 3699 sit.
1417 3626 1676 3699 Quinimo
1690 3627 1946 3695 confusio

347 3696 886 3775 gentiliumitaddo,
913 3698 1257 3775 etmalorum
1298 3704 1350 3749 et
1378 3696 1788 3775 haereticorum
1816 3712 1945 3750 eunt

350 3766 415 3831 ἓα
444 3775 633 3829 vident
656 3771 915 3825 Ecclesiis
930 3768 1226 3839 displicere
1243 3783 1367 3838 quae
1379 3768 1636 3839 omnibus
1661 3766 1818 3839 boni;
1834 3784 1945 3822 non

346 3846 595 3916 placent.
629 3842 917 3916 Caatermm
948 3838 1026 3893 uti
1047 3840 1218 3916 sciant
1247 3838 1450 3916 posteri
1493 3846 1693 3906 quanta
1722 3838 1941 3916 animo-

345 3909 467 3971 rum
525 3912 980 3968 consentientium
1050 3909 1389 3963 multitudine
1465 3916 1681 3978 recepta
1747 3909 1942 3962 fuerint

352 3984 745 4041 Londoniensis
772 3983 964 4053 synodi
1012 3988 1226 4053 statuta,
1274 3987 1499 4053 testatur
1543 3981 1788 4050 ltogerus
1826 3979 1941 4034 Ho-

345 4058 471 4113 ned.
505 4050 820 4111 Anselmum
867 4050 1201 4108 Eboracensi
1242 4051 1649 4121 archiepiscopo
1691 4058 1745 4104 et
1771 4058 1940 4105 caete-

348 4145 526 4185 rorum
563 4127 943 4197 epiSCOporum
997 4123 1350 4195 Anglicorum
1396 4137 1569 4197 grege
1624 4121 1939 4197 considente

342 4202 461 4256 haec
487 4192 794 4265 renovasse,
854 4203 1062 4250 astante
1086 4192 1298 4265 'atqued
1334 4192 1589 4247 audiente
1647 4193 1875 4246 Henrico
1914 4195 1937 4247 Ι

344 4287 496 4341 rege,
543 4262 834 4325 comitibus
881 4274 1043 4341 atque
1092 4262 1406 4341 baronibus,
1476 4270 1937 4341 ut__v_ocat,_una

2066 3061 2297 3134 clericos
2349 3062 2493 3130 juste
2530 3061 2881 3134 Arvindicante
2932 3061 3226 3134 loquuntur
3254 3064 3455 3119 tabulae
3522 3082 3660 3123 mss.

2062 3132 2459 3202 archiepiscop.
2517 3131 2915 3187 Cantuariensis
2962 3131 3021 3187 in
3064 3142 3250 3189 nostra
3305 3134 3660 3191 bibliotheca.

2064 3202 2270 3257 Maneat
2310 3219 2440 3273 ergo
2480 3205 2549 3256 ab
2589 3202 2737 3257 omni
2774 3219 2892 3258 aevo
2932 3220 3140 3259 uxores
3180 3206 3452 3260 usurarias
3492 3206 3662 3262 fuisse

2062 3274 2269 3345 clericis
2298 3273 2557 3344 Anglicis,
2591 3275 2757 3345 itaut
2787 3274 2932 3345 quod
2972 3283 3161 3330 contra
3204 3276 3467 3331 rationem
3492 3276 3654 3345 juris,

2059 3343 2199 3399 addo
2254 3343 2603 3399 ecclesiastici
2660 3343 2818 3413 (nam'
2860 3346 3009 3398 Pauli
3059 3346 3439 3414 jurisconsulti
3489 3343 3658 3404 verba

2059 3414 2153 3469 lib.
2176 3431 2405 3470 CLxxxw
2424 3415 2599 3487 indig.
2621 3414 2860 3487 mutuor)
2880 3416 2973 3469 fuit
2989 3424 3264 3486 receptum
3281 3417 3654 3487 abaliquibus,

2058 3501 2166 3558 non
2198 3487 2265 3541 sit
2295 3486 2704 3558 producendum
2748 3486 2815 3539 ad
2861 3488 3330 3558 consequentium.
3365 3488 3658 3558 Postquam

2058 3556 2175 3610 haec
2194 3557 2615 3627 congessissem,
2658 3558 2891 3611 occurrit
2924 3557 3021 3610 lib.
3049 3556 3167 3611 ‘vm
3196 3559 3395 3613 Histor.
3432 3556 3651 3613 Britan—

2055 3630 2190 3680 nicae
2236 3629 2547 3693 Armoricae,
2588 3643 2707 3697 cap.
2756 3628 2841 3695 19,
2886 3628 3027 3682 idem
3073 3628 3224 3683 locus
3263 3630 3331 3682 de
3389 3630 3651 3685 uxoribus

2055 3698 2290 3770 primum
2319 3699 2388 3751 ab
2413 3698 2675 3770 Anselmo
2708 3698 3006 3753 interdictis
3041 3699 3443 3767 sacerdotibus,
3488 3716 3652 3770 quem

2055 3767 2570 3841 historiazconditor
2612 3770 2947 3841 Bertrandus
2972 3772 3316 3841 Argentraeus
3356 3767 3534 3825 hausit
3577 3788 3651 3826 ex

2052 3839 2580 3912 Robertiiieccensis
2625 3840 2875 3894 monachi
2922 3839 3314 3912 Chronologia.
3363 3842 3516 3912 Hunc
3554 3857 3650 3896 au-

2051 3918 2157 3963 tem
2189 3910 2370 3964 retulit
2392 3911 2750 3980 Argentraaus
2782 3918 3067 3979 postquam
3110 3910 3429 3966 memoravit
3460 3911 3647 3966 Victo-

2050 3981 2188 4034 rium
2219 3981 2539 4036 Rhedonum
2569 3981 2857 4034 antistitem
2897 3980 3061 4035 filiam
3103 3981 3360 4036 habuisse
3401 3983 3647 4038 Demno-

2048 4050 2156 4105 lam
2189 4052 2433 4117 nomine,
2475 4060 2527 4126 et
2566 4052 2829 4126 plusculis
2865 4051 2932 4105 de
2970 4068 3032 4126 ea
3072 4053 3308 4126 scriptis,
3354 4053 3505 4107 addit
3538 4054 3645 4108 ob-

2048 4131 2327 4195 servatum
2366 4123 2511 4195 quod
2555 4122 2795 4193 episcOpi
2833 4122 3400 4195 sacerdotesquenon
3441 4132 3647 4179 tantum

2047 4193 2291 4265 Victorii,
2349 4193 2445 4248 sed
2499 4200 2556 4265 et
2612 4196 2676 4249 D.
2727 4195 2954 4249 Hieron.
2994 4193 3390 4265 AuguStinique
3441 4195 3641 4251 saeculo

2044 4263 2219 4335 libere
2249 4269 2474 4335 possent
2498 4264 2827 4335 impuneque
2858 4280 2979 4319 esse
3024 4263 3222 4332 mariti,
3264 4280 3328 4319 eo
3374 4265 3517 4333 quod
3541 4266 3640 4321 Ec-

342 4333 524 4397 mEnte
551 4348 602 4395 et
630 4355 763 4395 voce
804 4333 1281 4416 consentientibus,
1306 4348 1473 4415 _anno
1514 4336 1689 4416 1.1.98,
1699 4333 1929 4416 eodem:
1960 4356 2012 4416 D
2043 4333 2508 4416 clesiancatbolica
2552 4333 2791 4391 nonduin
2839 4336 3096 4416 vetuisset
3124 4336 3411 4416 Lvetuerit
3450 4340 3638 4416 tamen

344 4429 448 4483 que
503 4410 705 4467 saeculo
756 4410 985 4483 repetita
1035 4407 1248 4483 fuerunt
1304 4402 1640 4483 in__concilio
1699 4405 1929 4483 Eboraci

339 4474 528 4539 coacto
571 4496 739 4554 anno
771 4474 1116 4554 11:95,_cuju_s
1172 4485 1297 4532 acta
1352 4474 1683 4554 Honedenus
1741 4475 1934 4554 eodem

339 4555 520 4609 retulit
548 4567 690 4605 anno
721 4551 883 4604 1235.
925 4552 982 4603 In
1027 4545 1211 4603 altera
1252 4546 1461 4616 synodo
1494 4545 1835 4616 Londinensi
1876 4547 1933 4601 id

336 4641 521 4680 rursus
554 4624 721 4694 fuisse
766 4621 1094 4694 prohibitum
1140 4615 1642 4694 na_rrat_Ma_ttha3us
1684 4616 1839 4694 Paris
1876 4618 1931 4671 in

338 4695 566 4752 Historia
596 4686 825 4761 majore,
862 4690 955 4745 fol.
990 4693 1092 4744 436
1132 4687 1384 4761 editionis
1432 4686 1732 4761 Tigurinaa.
1779 4686 1929 4761 Idem

334 4770 401 4823 ad
434 4781 636 4821 annum
670 4757 1087 4819 i225'observat
1129 4758 1518 4814 severissimam
1566 4757 1822 4824 Stephani
1861 4758 1929 4812 de

332 4842 648 4910 Langetuna
701 4832 1105 4910 Cantuariensis
1160 4828 1551 4910 archiepiscopi
1607 4844 1825 4910 paenarn
1871 4827 1929 4884 in

333 4899 664 4966 concubinas
694 4903 1014 4959 clericorum
1041 4901 1122 4955 his
1152 4900 1335 4954 verbis
1362 4900 1637 4954 decretam
1675 4916 1686 4950 :
1729 4920 1751 4945 ‹‹
1787 4899 1928 4953 Con-

332 4982 539 5038 cubinaa
569 4976 911 5033 sacerdotum
959 4980 1010 5027 et
1059 4970 1396 5035 clericorum,
1444 4969 1534 5039 qui
1571 4967 1708 5022 intra
1740 4986 1923 5025 sacros

332 5053 550 5110 ordines
585 5046 863 5106 constituti
911 5051 963 5097 et
1012 5040 1310 5097 beneficiati
1359 5049 1501 5104 sunt,
1553 5039 1921 5095 ecclesiastica

329 5130 547 5181 careant
602 5116 883 5187 sepultura
916 5132 947 5187 ςν
990 5113 1095 5187 nisi
1155 5128 1285 5187 sane
1339 5128 1414 5187 se_
1452 5110 1920 5187 correxerint,_iet

331 5196 481 5269 (quia
503 5182 759 5269 scriptum
781 5191 863 5242 est
886 5203 912 5269 τι
937 5186 1149 5269 Vivens,
1180 5186 1369 5264 vivens
1395 5183 1534 5269 ipse,
1560 5182 1918 5269 conﬁtebitur

327 5254 449 5336 ii'bi)
480 5254 796 5336 incolumes,
829 5255 915 5311 vel
947 5262 1096 5336 tanta
1136 5270 1318 5308 earum
1349 5254 1698 5336 in’extremi‘s
1742 5267 1918 5336 a‘ppaf

322 5324 443 5394 reat'
463 5331 797 5406 poenitentia,
837 5333 1261 5406 propter-quam
1299 5338 1406 5406 non
1453 5324 1916 5406 immeritodebet

322 5424 443 5466 cum
465 5394 477 5406 ’
500 5406 586 5460 eis
640 5394 964 5470 dispensari,
993 5420 1014 5445 η
1064 5395 1195 5470 Item
1220 5412 1233 5448 :
1276 5395 1455 5470 «__Non
1486 5394 1818 5470 recipiantur
1844 5395 1912 5470 ad

319 5464 559 5537 osculum
592 5464 898 5547 pacis,__nec
926 5481 1115 5547 panem
1150 5464 1835 5547 benedictum‘percipianb
1853 5466 1910 5521 in

318 5535 568 5613 ecclesia,
594 5535 841 5618 quandiu
868 5536 1236 5618 concubinarii
1286 5552 1384 5618 eas
1428 5535 1671 5618 detinent
1710 5535 1764 5592 in
1802 5535 1907 5618 dc:

266 5688 272 5693 .
318 5607 496 5693 mibus
523 5607 657 5689 suis,
691 5611 780 5676 vel
808 5609 1026 5689 publica
1062 5616 1220 5668 extra
1269 5607 1482 5668 domos.
1518 5629 1541 5660 ι»
1574 5608 1708 5666 Item
1740 5623 1754 5666 ε
1792 5628 1815 5659 α
1849 5607 1907 5668 εί

2045 4405 2116 4459 ob
2147 4405 2381 4461 inﬁnitas
2424 4423 2730 4478 gravesque
2757 4421 2987 4478 causas,
3028 4414 3082 4460 et
3122 4406 3176 4459 id
3215 4406 3485 4478 interdicti
3528 4423 3636 4478 po-

2044 4484 2244 4531 stremo
2274 4478 2328 4532 in
2352 4476 2665 4546 An’glicana
2696 4476 2857 4532 fuisse
2903 4486 3180 4546 receptum
3223 4477 3467 4532 Ecclesia
3507 4476 3541 4532 εἰ
3567 4479 3633 4532 D.

2040 4548 2300 4603 Anselmo
2358 4546 2785 4618 archiepiscopo.
2854 4546 3031 4618 Quam,
3093 4563 3219 4603 vero
3276 4547 3503 4602 absurde
3554 4548 3639 4603 vir

2039 4620 2280 4673 eruditus
2329 4617 2878 4689 dixerit’producens
2934 4617 3093 4672 tacite
3147 4619 3231 4672 sui
3286 4618 3411 4672 dicti
3469 4626 3633 4674 testes

2037 4689 2103 4742 D.
2157 4691 2470 4760 Hieronym.
2512 4696 2563 4743 et
2603 4689 2888 4760 Augustin.
2935 4697 3133 4758 praeter
3164 4689 3379 4744 concilii
3426 4689 3634 4760 Nicmni

2035 4759 2315 4815 decretum
2360 4759 2608 4829 Superius
2650 4760 2936 4830 alegatum,
2981 4760 3156 4828 palam
3193 4768 3268 4814 est
3317 4776 3381 4814 ex
3422 4759 3631 4814 Bellar-

2034 4831 2191 4884 mini.
2230 4830 2500 4901 Gregorii,
2534 4829 2794 4884 Valentini
2822 4840 2871 4885 et
2916 4830 3142 4884 aliorum
3185 4829 3453 4886 clericalis
3482 4845 3625 4886 con-

2032 4900 2274 4955 tinentiae
2331 4900 3066 4973 propugnatorunrscriptis
3132 4902 3198 4955 D.
3267 4902 3621 4973 Hieronym”

2031 4974 2259 5041 August.
2294 4988 2447 5026 meus
2480 4971 2641 5041 patet,
2676 4981 2729 5025 et
2760 4971 2903 5025 illius
2934 4972 3150 5041 quidem
3182 4989 3248 5026 ex
3270 4989 3370 5026 sua
3398 4971 3625 5029 confes;

2029 5041 2180 5113 sione
2218 5041 2361 5096 edita
2406 5042 2568 5104 Paris.
2616 5041 2763 5111 apud
2813 5041 3124 5107 Nivellium,
3174 5043 3332 5113 hujus
3370 5060 3499 5099 vero
3557 5061 3625 5100 ex

2027 5111 2273 5185 ejusdem
2322 5128 2536 5185 quoque
2583 5113 2839 5185 confess.
2865 5130 2999 5184 pag.
3057 5116 3209 5185 4767,,
3240 5111 3343 5171 468
3392 5123 3446 5169 et
3492 5118 3619 5182 469,

2027 5129 2273 5235 eiusdem
2322 5129 2536 5185 quoque
2583 5129 2820 5169 coniess.
2865 5130 2999 5184 pag.
3057 5129 3180 5182 ab],
3240 5129 3343 5171 aea
3392 5129 3446 5169 et
3492 5129 3619 5182 eos,

2024 5198 2059 5235 u
2101 5182 2338 5237 idicitur
2388 5184 2659 5252 apostolos
2707 5184 3020 5240 caelibatum
3059 5184 3329 5253 docuisse,
3375 5193 3427 5239 et
3472 5186 3621 5240 anti-

2024 5269 2159 5328 quos
2186 5270 2456 5308 servasse.
2505 5253 2764 5328 Proﬁteor
2806 5255 2969 5326 igitur
3010 5255 3281 5328 quondam
3329 5256 3623 5328 plerosque

2022 5324 2342 5396 conjugatos
2374 5328 2429 5379 in
2451 5325 2763 5396 episcOpum
2792 5324 2998 5390 unctos,
3029 5324 3125 5380 sed
3157 5334 3277 5395 post
3305 5324 3617 5384 unctionem

2019 5395 2087 5448 ab
2118 5395 2377 5450 uxoribus
2433 5395 2787 5453 abstinuisse.
2839 5396 2928 5453 Sic
2983 5396 3041 5450 in
3087 5395 3260 5451 Gallia
3302 5407 3490 5454 nostra
3537 5399 3606 5455 D.

2019 5466 2319 5522 Germanus
2398 5466 2869 5524 Altissiodorensis
2951 5466 3307 5537 inauguratus
3382 5484 3613 5527 uxorem

2016 5537 2239 5594 mutavit
2300 5537 2354 5593 in
2406 5554 2670 5615 sororem,
2736 5547 2870 5615 teste
2926 5537 3237 5615 constantio
3291 5540 3610 5615 presbytero

2014 5616 2473 5685 contemporaneo
2536 5611 2633 5670 lib.
2679 5626 2698 5669 ι
2755 5611 2893 5671 Vita:
2949 5609 3210 5683 ejusdem,
3262 5609 3383 5691 cap.
3429 5609 3483 5675 7'.
3522 5613 3596 5677 D.
