4010 6064
260 253 352 310 101
1653 247 1781 311 LIB.
1832 255 1853 310 l

1972 254 2181 313 EPIST.
2216 250 2376 313 LXV.

250 395 381 434 mus
401 380 512 434 Deo
524 394 626 450 pro
648 378 893 446 peccatis
914 377 1127 435 nostris
1148 378 1574 451 ?Praeparemus
1596 396 1696 435 nos
1717 396 1852 449 qua—
1877 381 1935 443 Α

244 470 297 524 si
327 468 618 524 videamus
636 469 697 523 in
715 469 977 540 proximo
994 469 1144 524 diem
1173 470 1487 525 vocationis
1508 473 1720 525 nostra:
1753 487 1771 520 .-
1793 473 1851 523 et

250 559 341 611 ita
353 561 639 629 aptemus,
668 561 731 612 ut
748 560 940 612 securi
958 574 1152 613 eamus
1173 559 1245 614 ad
1260 558 1548 629 judicium
1572 577 1590 624 ;
1618 559 1749 629 quia
1771 573 1850 613 re-

249 647 482 717 cepturi
499 663 698 702 sumus
717 646 843 702 sine
859 646 1044 711 dubio,
1062 651 1230 718 prout
1246 648 1494 718 gerimus
1511 649 1574 701 in
1589 646 1692 701 hac
1712 646 1847 711 vita,

245 736 367 791 sive
397 736 605 792 bonum
619 736 734 790 sive
749 736 988 791 malum.
1009 736 1154 791 Deus
1174 752 1272 791 nos
1290 735 1561 805 iunxit‘in
1587 734 1690 789 hac
1712 734 1847 798 vita,

243 824 535 895 faciamus
555 828 621 878 ut
643 839 743 880 uos
763 825 940 879 simul
952 825 1169 895 jungat
1203 826 1267 879 in
1285 834 1499 880 caterua
1514 824 1629 878 vita
1648 843 1666 890 ;
1688 826 1743 877 et
1766 823 1850 878 vi-

245 911 484 968 deamus
518 912 597 967 ibi
629 914 851 986 prolem
902 918 1179 983 nostram,
1218 929 1389 985 quam
1423 913 1527 968 sibi
1557 914 1701 967 Deus
1724 912 1852 982 jam

248 1002 584 1072 assumpsit.
610 1001 742 1056 Haec
772 1009 898 1055 sunt
926 1009 1111 1057 vestra
1152 1001 1350 1067 studia,
1384 1002 1501 1056 haec
1528 1000 1850 1071 sollicitudo,

247 1090 369 1145 haec
398 1087 638 1160 suspiria
678 1093 884 1145 vestra.
925 1089 1092 1158 Quod
1143 1090 1345 1146 mando
1389 1090 1542 1146 vobis
1583 1106 1679 1160 per
1706 1106 1850 1143 nun-

249 1179 384 1232 tium
422 1176 605 1243 istum,
637 1194 704 1233 ne
734 1179 964 1235 veniatis
991 1179 1059 1233 ad
1108 1195 1217 1246 me,
1269 1179 1373 1233 nisi
1420 1194 1453 1234 a
1499 1194 1585 1234 me
1616 1176 1854 1232 mandati

244 1282 349 1338 per
375 1262 439 1294 "‘
468 1266 710 1338 sigillum
740 1282 921 1322 meum
946 1285 961 1335 ;
998 1267 1158 1323 vobis
1189 1267 1332 1335 dico,
1363 1267 1581 1323 domine
1611 1276 1662 1322 et
1690 1266 1855 1321 frater

247 1354 579 1412 charissima
607 1355 901 1427 Burgundi,
935 1357 1197 1427 suspicite
1241 1356 1387 1412 bono
1429 1356 1630 1421 animo,
1691 1355 1737 1409 si
1767 1371 1853 1410 me

260 1444 477 1500 amatis.
553 1442 914 1515 Omnipotens
962 1445 1108 1501 Deus
1156 1454 1312 1517 regat
1352 1446 1515 1503 corda
1561 1452 1763 1513 vestra,
1808 1450 1860 1501 et

250 1532 455 1606 dirigat
482 1531 559 1588 ad
590 1533 787 1606 gaudia
817 1538 1044 1590 interna.
1078 1537 1269 1591 Amen.

616 1678 778 1747 391
822 1676 1168 1734 EPISTOLA
1200 1677 1370 1731 LXIV
1400 1672 1483 1731 ³³⁷.

253 1816 503 1859 HUGONIS
542 1816 927 1858 LUGDUNBNSIS
955 1817 1378 1857 ARCHIEPISCOPI
1403 1816 1474 1855 AD
1512 1815 1842 1857 ANSBLMUM.

394 1921 476 1976 De
512 1919 790 1977 incolumi
821 1933 919 1976 suo
956 1916 1149 1975 reditu
1185 1934 1260 1974 ex
1291 1918 1707 1989 Hierosolymis.

327 2034 813 2093 Desideratissimo
860 2034 1002 2090 Patri
1069 2050 1170 2090 suo
1211 2036 1506 2102 Ausawo,
1558 2033 1856 2089 venerabili

259 2125 740 2183 Cantuariensium
772 2123 1221 2196 archiepiscopo;
1270 2124 1430 2178 Huco
1476 2123 1857 2194 Lugdunensis

259 2213 524 2271 Ecclesim
552 2229 770 2280 servus,
801 2211 1027 2268 salutem
1043 2254 1057 2267 .

332 2303 624 2361 Sanctitati
652 2309 846 2358 vestrm
875 2308 1066 2357 notum
1095 2317 1219 2359 esse
1266 2304 1534 2373 volumus,
1564 2301 1775 2358 meritis
1807 2307 1859 2357 et

260 2391 723 2450 intercessoribus
751 2390 945 2445 vestris
976 2390 1030 2445 id
1056 2390 1448 2461 obtinentibus,
1478 2408 1580 2447 nos
1605 2392 1861 2447 Hieroso-

259 2482 424 2555 lymis
444 2481 749 2538 incolumes
778 2478 998 2535 rediise.
1032 2478 1191 2549 Quod
1238 2482 1397 2536 vobis
1443 2480 1643 2536 idcirco
1673 2478 1860 2535 notiti-

263 2588 390 2628 care
417 2571 644 2642 dignum
675 2568 945 2635 duximus,
979 2569 1233 2639 quoniam
1266 2570 1320 2624 id
1348 2569 1502 2625 vobis
1530 2585 1641 2624 non
1670 2569 1859 2641 ingra-

261 2669 376 2716 tum
409 2660 525 2715 fore
555 2658 826 2715 credimus
849 2650 936 2712 "'.
972 2657 1290 2713 Audivimus
1320 2666 1497 2714 autem
1531 2675 1563 2713 a
1589 2674 1720 2731 rege
1751 2661 1863 2712 An-

261 2749 486 2823 glorum
516 2763 618 2803 vos
645 2745 870 2801 nimium
889 2745 1199 2818 inquietari,
1224 2754 1275 2802 et
1295 2747 1459 2802 multa
1477 2756 1667 2803 contra
1688 2747 1861 2802 Deum

262 2840 499 2911 ejusque
527 2835 827 2892 Ecclesiam
858 2835 926 2889 ab
956 2851 1022 2890 eo
1051 2834 1354 2891 inconsulte
1380 2835 1470 2907 agi
1497 2850 1511 2905 ;
1542 2836 1687 2891 unde
1718 2835 1861 2890 divi-

258 2942 397 2984 nam
428 2941 533 2982 nos
555 2931 765 2996 oportet
792 2923 1089 2993 implorare
1121 2924 1461 2979 clementiam
1506 2931 1567 2978 ut
1611 2923 1863 2978 inimicos

262 3023 500 3083 vestros,
532 3013 643 3069 imo
671 3020 875 3068 sanctae
902 3007 964 3037 '”
993 3012 1093 3067 Dei
1143 3012 1401 3069 Ecclesiae
1455 3011 1863 3083 perturbatores

3449 264 3548 325 102

2442 381 2785 439 EPISTOLA
2816 384 2955 441 LXV
2991 382 3073 441 ⁸³⁸.

1994 483 2229 524 ANSELMI
2261 486 2331 524 AD
2361 485 2707 527 HUHBERTUM
2751 489 2997 531 CONITEM
3026 491 3095 529 ET
3124 491 3513 541 MARCIIIONEM.

1962 555 2194 638 Gaudet
2225 559 2290 638 de
2327 562 2706 638 acceptisejus
2732 562 2960 638 litteris,
2985 566 3266 638 simulque
3286 569 3554 638 beneﬁcia

2029 629 2096 705 ab
2130 631 2229 683 illo
2262 632 2321 684 in
2353 647 2409 685 se
2439 633 2648 705 collata.
2666 636 3024 705 perstringit.
3059 640 3127 691 Et
3152 629 3216 693 ut
3251 629 3555 699 Ecclesium

2030 704 2281 766 tueatur,
2315 717 2430 756 non
2452 718 2578 757 vero
2605 704 2696 757 illi
2728 704 3069 771 dominetur,
3103 710 3388 768 admonet.

2032 796 2143 851 Suo
2174 798 2496 864 reverendo,
2548 807 2599 853 et
2641 801 2956 857 cliarissimo
3001 804 3232 862 Domino
3285 810 3555 869 Uuaaa'ro

2022 928 2036 953 ,
2074 885 2278 954 comiti,
2311 895 2361 941 et
2394 888 2716 958 marchioni,
2738 892 3041 947 ANSBLMUS
3081 909 3270 950 servus
3303 898 3557 957 Ecclesia:

1962 975 2384 1042 Cantuariensis,
2418 976 2578 1032 fidele
2608 978 3027 1034 servitiunicum
3060 985 3414 1044 orationibus.

2030 1062 2263 1117 Litteras
2297 1080 2326 1117 a
2358 1064 2671 1135 dignatione
2702 1077 2876 1122 vestra
2907 1070 3035 1124 mibi
3086 1071 3324 1128 directas
3353 1092 3554 1148 magno

1959 1151 2162 1222 gaudio
2184 1152 2421 1223 suscepi,
2446 1153 2703 1223 quoniam
2732 1155 2959 1223 honore,
2994 1166 3046 1212 et
3093 1174 3299 1230 amore,
3328 1172 3381 1219 et
3410 1181 3553 1235 opu-

1962 1239 2128 1295 lentia
2158 1240 2316 1296 bonaa
2346 1240 2642 1296 voluntatis
2680 1243 2872 1313 plenas
2904 1246 3103 1300 inveni.
3136 1247 3379 1315 Quantus
3408 1257 3552 1312 enim

1961 1327 2093 1382 mihi
2124 1336 2207 1384 est
2239 1330 2426 1397 honor,
2462 1344 2584 1385 cum
2634 1340 2812 1387 vestra
2846 1332 3127 1402 celsitudo,
3180 1338 3335 1407 cujus
3363 1359 3422 1398 se
3452 1346 3556 1401 ho-

1960 1416 2139 1471 mines
2167 1418 2405 1489 gaudent
2433 1435 2557 1474 esse
2604 1428 2855 1490 parentes
2898 1423 3026 1491 mei,
3076 1423 3331 1497 dignatur
3378 1431 3556 1489 dicere

1960 1521 2048 1561 me
2096 1506 2199 1559 sibi
2250 1507 2721 1579 consanguinitate
2751 1504 2812 1533 ³⁸⁴
2840 1511 3105 1580 copulari;
3149 1523 3378 1584 quantus
3425 1537 3556 1577 vero

1961 1608 2115 1648 amor
2137 1593 2481 1665 intelligitur,
2525 1612 2645 1649 cum
2685 1596 2755 1651 de
2814 1604 2917 1651 tam
2977 1599 3137 1670 longe
3186 1604 3318 1657 mihi
3378 1608 3557 1664 studet

1964 1682 2207 1737 scribere
2229 1700 2284 1737 se
2309 1682 2376 1738 de
2400 1682 2556 1738 bonis
2579 1701 2698 1754 qua:
2720 1685 2787 1740 de
2804 1702 2889 1740 me
2906 1686 3054 1742 audit
3075 1689 3229 1744 valde
3251 1696 3516 1764 gratulari
3540 1698 3554 1754 l

1964 1769 2235 1839 Quantum
2260 1770 2424 1825 etiam
2455 1772 2702 1827 voluntas
2749 1774 2867 1842 ejus
2914 1773 3061 1829 bona
3097 1776 3153 1831 in
3194 1780 3278 1833 liis
3309 1798 3430 1851 qua:
3460 1786 3559 1841 Dei

1962 1866 2088 1913 sunt
2115 1874 2307 1914 coram
2340 1860 2460 1914 Deo
2491 1858 2722 1927 ferveat,
2764 1870 2950 1932 aperte
2980 1872 3309 1922 monstratur
3336 1886 3459 1926 cum
3489 1874 3559 1931 de

1960 1945 2120 2002 bonis
2152 1964 2274 2018 qua
2303 1947 2416 2002 sola
2445 1947 2590 2004 fama
2620 1950 2687 2004 de
2718 1950 3014 2022 longinquo
3062 1969 3237 2025 regno
3266 1958 3435 2029 audit,
3487 1962 3558 2019 ad

1963 2051 2219 2107 magnum
2253 2036 2510 2108 gaudium
2544 2046 2594 2092 et
2624 2037 2866 2093 laetitiam
2905 2040 3180 2097 excitatur.
3213 2044 3406 2118 Utique
3435 2049 3562 2108 licet

1966 2140 2030 2180 ea
2060 2141 2181 2196 quae
2212 2124 2279 2180 de
2311 2141 2398 2178 me
2428 2125 2515 2180 vel
2546 2125 2613 2180 de
2647 2127 2854 2193 actibus
2897 2144 2985 2183 me
3044 2128 3185 2185 bona
3233 2135 3557 2214 referentur,

1965 2212 2218 2281 debeant,
2272 2218 2531 2285 quantum
2580 2214 2635 2267 in
2678 2231 2766 2271 me
2816 2223 2914 2282 est,
2959 2218 3105 2273 nulla
3152 2229 3242 2275 aut
3270 2223 3384 2281 fere
3413 2212 3560 2287 nulla

1960 2300 2217 2370 judicari,
2269 2310 2448 2358 vestra
2493 2310 2675 2357 tamen
2725 2303 3106 2361 benevolentia
3133 2304 3195 2332 ”‘
3225 2328 3330 2367 non
3361 2317 3560 2375 minori

1967 2405 2127 2461 quam
2163 2390 2207 2443 si
2242 2406 2365 2445 vera
2395 2399 2573 2445 essent
2594 2391 3217 2460 apudjustumludicem
3233 2404 3411 2470 gratia
3443 2423 3559 2463 me.

1968 2485 2118 2532 retur
2148 2479 2497 2533 remunerari.
2549 2480 2772 2533 Tantam
2819 2480 3000 2552 utique
3043 2486 3274 2555 gratiam
3322 2501 3559 2553 vestram

1969 2566 2151 2621 nescio
2183 2584 2268 2622 me
2320 2568 2502 2639 aliquo
2547 2568 2772 2624 servitio
2807 2574 3097 2641 meruisse,
3145 2576 3248 2630 nisi
3316 2581 3461 2651 quia,
3505 2595 3563 2642 ut

1970 2672 2157 2711 verum
2191 2656 2378 2720 fatear,
2416 2664 2652 2712 vestram
2701 2660 3123 2729 prosperitatem
3153 2668 3214 2698 ³⁸⁸
3244 2676 3560 2745 vestrosque

1970 2761 2257 2801 successus
2288 2746 2401 2800 scio
2432 2762 2520 2800 me
2551 2762 2791 2817 semper,
2825 2748 2986 2802 etiam
3029 2759 3316 2823 antequam
3348 2776 3442 2815 vos
3476 2763 3558 2818 vi-

1968 2833 2193 2896 dissem,
2229 2849 2334 2888 non
2358 2832 2482 2889 ﬁcto
2513 2835 2676 2890 corde
2705 2835 2983 2893 dilexisse.
3039 2840 3243 2897 Memor
3288 2848 3435 2903 enim
3473 2868 3560 2909 me

1970 2923 2295 2977 naturaliter
2314 2938 2344 2977 a
2365 2924 2831 2995 progenitoribus,
2854 2926 3034 2992 vobis,
3054 2936 3110 2983 ut
3130 2930 3384 3004 Domino,
3405 2938 3564 2996 debi-

1970 3019 2139 3066 torem
2173 3027 2313 3085 esse,
2343 3028 2615 3081 nunquam
2636 3028 2827 3082 passus
2846 3030 2971 3069 sum
2995 3017 3143 3072 cordi
3168 3037 3288 3077 meo
3319 3035 3562 3087 vestrum

1955 883 2017 911 833

261 3109 566 3169 convertat,
618 3109 672 3157 et
718 3108 916 3157 vestrae
953 3105 1156 3157 sanctae
1203 3101 1527 3156 obedientiae
1568 3101 1851 3170 subjiciat.
1892 3091 1941 3156 C
1973 3116 2212 3154 amorem
2242 3100 2453 3155 deesse.
2485 3101 2599 3155 Nec
2628 3118 2746 3155 sum
2781 3102 2989 3158 oblitus
3028 3106 3152 3175 quia
3180 3124 3304 3165 cum
3334 3114 3560 3175 Romam

261 3192 433 3260 Quod
463 3192 532 3257 si,
563 3190 806 3262 peccatis
828 3190 1028 3245 nostris
1048 3189 1409 3261 exigentibus,
1442 3190 1496 3244 id
1524 3190 1594 3245 ad
1623 3206 1863 3262 praesens

260 3281 380 3338 ﬁeri
411 3296 522 3336 non
549 3279 767 3351 poterit,
801 3285 873 3344 et,
902 3279 1279 3349 persecutione
1309 3279 1614 3351 ingruente,
1649 3294 1746 3335 vos
1774 3295 1862 3335 ce-

260 3372 419 3437 dere,
450 3376 545 3424 aut
572 3366 736 3422 etiam
761 3366 945 3422 locum
975 3375 1201 3433 mutare,
1236 3383 1464 3423 necesse
1512 3367 1691 3433 fuerit,
1726 3384 1858 3423 san-

257 3460 508 3517 ctitatem
537 3463 769 3512 vestram
801 3455 1091 3511 submissis
1109 3455 1364 3527 precibus
1387 3471 1681 3511 exoramus
1710 3464 1769 3511 ut
1788 3457 1860 3512 ad

258 3562 495 3622 puerum
526 3553 766 3601 vestrum
804 3543 1081 3599 declinare
1128 3560 1236 3599 non
1280 3544 1671 3617 dedignemini,
1707 3552 1759 3600 et
1788 3545 1858 3600 ad

258 3638 487 3693 domum
519 3642 778 3702 vestram,
837 3648 957 3702 qua
1021 3640 1199 3688 vestra
1255 3633 1375 3701 fuit,
1435 3640 1491 3690 et
1546 3633 1859 3706 quosmodo

254 3732 448 3781 vestra
477 3731 576 3788 est,
609 3729 662 3778 et
689 3721 758 3777 de
787 3720 877 3776 die
906 3720 963 3776 in
992 3721 1135 3777 diem
1179 3738 1399 3792 semper
1442 3723 1635 3778 melius
1675 3730 1861 3778 vestra

258 3815 388 3870 erit.
424 3810 583 3880 Quod
614 3826 724 3866 non
753 3810 927 3865 solum
957 3825 1083 3877 nos,
1130 3811 1223 3865 sed
1267 3819 1319 3866 et
1361 3811 1651 3865 commissa
1707 3810 1862 3865 nobis

256 3900 516 3958 Ecclesia
544 3898 814 3954 humiliter
838 3898 1108 3968 implorat,
1164 3914 1286 3969 quae
1328 3899 1689 3955 sanctissimis
1726 3913 1858 3953 ora-

258 3989 506 4045 tionibus
532 3988 725 4044 vestris
754 3988 1035 4043 nobiscum
1077 3987 1431 4043 devotissime
1476 4004 1534 4043 se
1573 4002 1859 4044 commen-

259 4079 373 4143 dat,
407 4083 463 4133 et
489 4076 561 4132 ad
585 4076 908 4147 obsequium
935 4082 1176 4132 vestrum
1189 4076 1615 4147 promptissima,
1652 4076 1857 4131 faciem

258 4174 509 4222 vestram
537 4164 729 4222 videre
759 4164 1056 4220 desiderat.
1097 4164 1445 4219 Praesentium
1470 4165 1736 4236 gerulum,
1772 4163 1862 4218 El-

1972 3187 2277 3255 tenderem,
2301 3188 2537 3276 benigna
2568 3194 2746 3243 vestra
2776 3188 3004 3261 largitas
3034 3194 3280 3266 Lugduni
3312 3214 3561 3276 prompta

1971 3276 2073 3330 fuit
2103 3292 2191 3330 me
2217 3275 2525 3331 conducere
2559 3285 2719 3347 atque
2741 3282 3047 3335 necessaria
3069 3285 3322 3353 quaelibet
3348 3275 3560 3363 impen-

1968 3364 2121 3419 dere.
2163 3363 2270 3433 Qui
2300 3381 2458 3419 amor
2486 3366 2711 3420 multum
2750 3369 2920 3423 crevit
2966 3372 3185 3441 cognita
3230 3392 3334 3445 per
3362 3383 3561 3438 multos

1969 3461 2149 3511 vestra
2180 3454 2290 3507 vita
2319 3462 2372 3508 et
2400 3454 2693 3523 probitate,
2736 3455 2862 3525 quia
2910 3457 2980 3511 ad
3009 3463 3335 3519 servandam
3367 3483 3558 3537 pacem

1969 3558 2034 3598 ac
2060 3542 2322 3612 justitiam
2368 3558 2488 3597 cum
2528 3543 2727 3613 pietate
2765 3544 2976 3598 utimini
3022 3549 3181 3603 vestri
3226 3553 3560 3627 principatus

1967 3638 2254 3701 potestate.
2289 3629 2461 3699 Quem
2484 3630 2648 3685 etiam
2701 3631 2861 3687 valde
2893 3634 3161 3703 majorem
3214 3639 3418 3700 habere
3469 3664 3556 3704 me

1968 3718 2225 3790 deinceps
2251 3720 2453 3774 debere
2482 3720 2746 3791 intelligo,
2781 3722 2873 3791 qui
2904 3723 3009 3780 hoc
3042 3734 3215 3782 vestra
3244 3734 3441 3788 mereri
3471 3737 3561 3791 di-

1968 3816 2166 3878 gnatur
2196 3824 2328 3879 erga
2360 3824 2445 3863 me
2473 3808 2711 3866 dilectio.
2745 3808 3007 3878 Quamvis
3058 3830 3165 3869 non
3196 3828 3354 3889 egeat
3381 3833 3563 3883 vestra

1967 3895 2111 3951 bona
2156 3895 2384 3950 intentio
2427 3905 2608 3950 nostra
2669 3898 3066 3968 admonitione,
3124 3905 3193 3958 ad
3241 3923 3329 3963 me
3378 3918 3558 3970 tamen

1966 3984 2197 4055 pertinet
2224 3992 2285 4073 ut
2312 3985 2536 4073 epistola
2575 4001 2693 4040 mea
2722 3988 2790 4041 ad
2837 4003 2934 4043 vos
2964 4006 3077 4045 non
3117 3993 3183 4047 sit
3210 3996 3334 4052 sine
3380 4000 3563 4073 aliqua

1967 4072 2363 4127 exhortatione.
2433 4072 2586 4128 Sicut
2651 4074 2793 4129 enim
2849 4076 3032 4148 ignem
3083 4091 3243 4137 vento
3299 4072 3560 4159 agitatum

1967 4160 2219 4217 videmus
2249 4160 2627 4228 exardescere,
2660 4162 2736 4217 ita
2763 4163 2904 4219 bona
2951 4167 3202 4224 voluntas
3230 4188 3329 4242 per
3356 4179 3559 4234 exhor-

258 4254 498 4311 vredum
543 4252 767 4308 nomine
794 4249 878 4319 ⁸⁸⁸,
924 4252 1081 4309 vobis
1122 4235 1588 4309 commendamus.
1638 4251 1744 4322 Qui
1790 4252 1858 4308 ab
1886 4235 1938 4296 D
1968 4249 2226 4305 tationem
2258 4249 2325 4304 ad
2360 4250 2591 4305 meliora
2622 4266 2682 4304 se
2710 4251 2846 4306 solet
2862 4256 3185 4313 accendere.
3224 4235 3447 4333 i’idetis,
3482 4270 3557 4324 mi

263 4343 469 4415 Apulia
496 4358 668 4412 usque
692 4341 1021 4413 Lugdunum
1050 4334 1110 4365 '"

262 4432 390 4489 liter
418 4430 580 4488 nobis
609 4430 851 4489 servivit.

1140 4341 1426 4399 nobiscum
1457 4341 1705 4409 veniens,
1729 4339 1860 4398 ﬁde-

1969 4338 2291 4395 charissime
2335 4339 2573 4408 domine,
2607 4339 2837 4409 qualiter
2882 4351 3055 4397 mater
3096 4354 3286 4402 nostra
3312 4350 3559 4412 Ecclesia

1967 4428 2087 4496 Dei,
2120 4444 2279 4499 quam
2299 4428 2446 4484 Deus
2462 4426 2769 4500 pulchram,
2793 4429 3024 4487 amicam
3046 4441 3098 4489 et
3118 4435 3370 4495 dilectam
3392 4457 3557 4515 Spon-

1566 4527 1799 4584 VARIIE
1837 4524 2247 4582 LECTIONES.

330 4650 667 4727 “Mendetis
707 4666 808 4727 per
864 4650 1317 4727 mssmandatu‘s‘
1348 4668 1449 4723 per
1514 4653 1665 4709 Edit.
1715 4651 2029 4707 mandatum
2076 4648 2235 4727 fuerit
2277 4667 2389 4722 per.
2431 4649 2905 4727 “"Collatamcum
2942 4654 3134 4715 eodem
3174 4675 3282 4719 ms.
3350 4664 3555 4727 ωροτε

272 4724 533 4780 duximus
562 4741 669 4779 ms.
705 4721 817 4780 fore
872 4724 1159 4779 credimus.
1207 4721 1490 4779 m\lestros
1530 4732 1727 4779 sanctae
1776 4740 1881 4779 ms.
1929 4731 2145 4795 vestros
2190 4721 2357 4778 immo
2411 4730 2634 4795 sanctae.
2684 4722 3034 4783 '“Haeredum
3068 4734 3287 4790 nomine
3318 4721 3553 4795 mssiil:

264 4798 502 4881 ϊτεάειω
528 4795 1147 4881 ποιοίξξεεξιῑεςςηιίονί
1174 4800 1461 4881 cariem
1484 4798 1545 4851 ίη
1573 4796 1891 4881 sessum.-
1925 4793 2249 4881 ιειντεείεληξ
2277 4794 2795 4881 υίξτηίοξςζῗῗβεαρε
2815 4798 2885 4851 ad
2916 4800 3236 4881 Lugdsxnum
3258 4824 3361 4863 ms.
3385 4793 3556 4881 αεὲῑιίε

268 4868 619 4945 Lugdunum.
676 4864 989 4945 "’qulatta
1027 4883 1156 4945 cum
1198 4868 1395 4945 eodem
1420 4883 1533 4945 ms.
1588 4865 2071 4945 "’Quiberto__ms.
2122 4865 2401 4945 Umberto.
2461 4865 2641 4920 "‘Sibi
2688 4864 2740 4945 et
2787 4864 3262 4945 consanguinitate
3303 4896 3414 4936 φης,
3453 4864 3557 4940 gi};

264 4935 762 5013 codsanguinitate.
800 4935 1305 4993 "‘Benevolentiam
1337 4954 1440 4994 ms.
1474 4937 1883 4993 benevolentia.
1924 4935 2416 5006 '"Prosperitatem
2444 4954 2552 4993 ms.
2584 4943 2826 4996 vestram
2856 4935 3299 5015 prosperitatem.

1464 5063 1774 5119 JOANNIS
1806 5061 2090 5118 PICARDI
2119 5060 2349 5119 ΝΟΤιΕ.

266 5205 485 5263 quoque
512 5185 1128 5263 HilariusPictaviensis
1160 5205 1173 5243 :
1215 5187 1287 5244 de
1317 5203 1422 5261 quo
1452 5187 1556 5263 etsi
1585 5186 1854 5263 Fortuna-

266 5259 351 5317 tus
399 5259 517 5318 non
572 5259 891 5332 prodiderit,
951 5259 1149 5314 eximia
1202 5259 1381 5313 tamen
1437 5259 1540 5332 viri
1577 5259 1854 5326 sanctitas,

267 5348 537 5389 canonum
575 5331 1083 5387 ’ecclesiasticorum
1114 5337 1272 5385 tenax
1306 5331 1595 5402 custodite,
1631 5339 1682 5386 et
1710 5346 1855 5402 pra-

264 5404 409 5460 clara
446 5403 518 5460 ad
555 5402 724 5457 filiam
765 5402 963 5457 Abram
994 5401 1061 5457 de
1091 5400 1357 5457 servanda
1402 5400 1727 5471 virginitate
1745 5401 1859 5470 epi-

269 5475 432 5540 stola,
490 5473 913 5544 locupletissima
987 5477 1269 5528 testantur.
1348 5474 1419 5529 D.
1483 5468 1853 5544 Genebaldus,

270 5546 517 5605 Lauduni
560 5543 769 5617 Clavati
814 5544 1046 5617 primus,
1062 5544 1324 5617 pontifex,
1370 5552 1423 5617 et
1470 5543 1740 5617 Urbicius,
1789 5559 1855 5601 ex

273 5625 528 5681 senatore
576 5614 930 5677 Claromontis
985 5614 1259 5679 Alverniee
1304 5616 1624 5695 episcopus,
1670 5615 1751 5676 sic
1795 5629 1856 5678 se

1964 5203 2190 5264 gessere
2227 5185 2568 5264 aliquandiu.
2613 5186 2718 5243 Sed
2760 5206 2884 5246 cum
2917 5192 2987 5248 ad
3034 5211 3231 5253 uxores
3269 5202 3540 5264 redissent

1965 5249 2249 5314 Eccerbam
2271 5249 2513 5334 incestus
2543 5270 2825 5334 senserunt
2871 5249 3243 5334 poenamjill'e
3269 5249 3560 5334 ἐξιἷῶυέξῖ

1966 5338 2112 5401 ptem
2158 5331 2319 5407 annis
2353 5331 2625 5407 ergastulo
2644 5331 2910 5407 inclusus
2947 5338 3208 5407 paenituit,
3268 5352 3399 5402 teste
3428 5331 3560 5403 Hin-

1965 5400 2144 5456 emero
2173 5400 2226 5457 in
2258 5402 2386 5476 Yita
2412 5400 2594 5458 Sancti
2642 5402 2892 5476 Remigii,
2942 5400 3099 5467 inic
3145 5400 3273 5471 vero
3311 5400 3559 5476 lacri’mis

1966 5476 2145 5555 scelus
2174 5471 2439 5555 expiavi_t._
2460 5495 2481 5522 ι
2520 5481 2739 5534 auctore
2768 5471 3223 5551 Gregorﬂl‘uron.
3260 5485 3355 5543 lib.
3375 5471 3392 5543 i
3413 5471 3553 5555 Hist;

1964 5542 2189 5614 Franc.,
2220 5542 2341 5620 esp.
2376 5544 2466 5607 Η.
