3998 6076
397 220 492 273 Hi

394 339 810 399 committerem.
843 334 924 390 Ad
944 333 1087 407 quod
1111 333 1158 387 si
1190 329 1387 386 nollem
1411 325 1785 398 acquiescere,
1826 323 1988 390 .294
2017 321 2071 382 Α

393 447 486 486 rex
546 429 708 485 etiam
765 441 852 482 me
893 421 1296 480 contradicente
1352 432 1419 471 ex
1474 422 1652 470 vestra
1682 412 1996 467 auctoritate

395 519 795 584 incunctanter,
844 513 988 584 quod
1019 527 1125 565 non
1155 505 1510 580 prohibeatis,
1543 502 1837 558 secundum
1869 499 1998 554 libi-

397 613 514 663 tum
545 623 706 662 suum
733 602 1019 666 efficeret;
1047 608 1102 654 et
1131 597 1177 652 si
1208 596 1260 650 in
1307 597 1408 651 hoc
1436 593 1580 666 quod
1609 593 1798 648 charta
1825 597 2000 645 vestra

399 698 530 752 mihi
558 693 812 765 jubebut,
847 689 1141 762 persistere
1173 685 1394 751 vellem,
1457 698 1544 737 me
1575 681 1782 752 absque
1836 678 2001 733 dubio

399 787 468 842 de
498 799 666 854 regno
724 795 824 836 suo
871 779 1197 848 expelleret.
1225 773 1466 829 Tandem
1503 787 1630 826 cum
1682 785 1782 825 nec
1813 766 2002 822 litteris

400 873 594 932 vestris
614 871 813 926 vellem
845 885 957 924 non
990 867 1232 928 credere,
1252 879 1355 920 nec
1381 861 1604 917 tandem
1622 859 2002 929 episcopOi-um

400 963 761 1018 assertionem
844 965 1083 1012 vestram
1150 952 1552 1025 praaferentium
1628 948 2002 1003 auctoritatem

398 1051 656 1108 auderem
712 1055 1082 1108 contemnere,
1143 1042 1400 1114 quoniam
1459 1039 1513 1094 in
1570 1045 1798 1109 utraque
1847 1040 2003 1105 parte

402 1140 620 1213 gladius
679 1139 808 1192 mihi
863 1134 1188 1191 vibrabatur
1238 1127 1642 1194 inobedientiae,
1691 1126 2004 1181 eorumdem

404 1231 788 1301 episcoporum
847 1223 1079 1280 consilio
1111 1219 1360 1276 inducias
1383 1218 1532 1289 petii,
1568 1217 1741 1269 donec
1763 1230 1800 1268 a
1831 1220 2006 1268 vestra

403 1317 728 1375 excellentia
760 1312 923 1382 hujus
972 1311 1052 1367 rei
1110 1307 1492 1366 certitudinem
1541 1305 1868 1374 acciperem,
1922 1317 2006 1355 me

404 1417 584 1464 tamen
641 1405 947 1460 nullatenus
1023 1415 1312 1455 assensum
1370 1395 1649 1467 praebente
1697 1401 1751 1447 ut
1801 1391 2008 1460 aliquid

405 1503 591 1552 contra
621 1492 900 1548 decretum
961 1487 1184 1544 concilii
1216 1485 1449 1540 Romani
1507 1481 1624 1552 ﬁat,
1651 1481 1746 1537 sed
1804 1487 2007 1534 tantum

408 1585 694 1648 tolerante,
749 1595 850 1636 nec
905 1578 1144 1649 aliquem
1178 1575 1391 1629 interim
1449 1570 1830 1626 inobedientiae
1887 1577 2010 1622 nota

927 209 986 266 S.
1026 203 1330 263 ANSELMI
1371 199 1710 258 CANTUAR.
1753 196 2068 253 ARCHIEP.
2112 194 2270 252 OPP.
2317 194 2485 250 PARS
2524 161 2618 249 ΠΙ.
2652 223 2721 234 -
2763 190 3141 250 EPISTOLE.

3591 197 3710 253 112

2545 316 2886 373 EPISTULA
2931 318 3126 372 LXXV
3166 317 3252 374 ⁸⁸⁸.

2370 423 2609 463 Ακεειυι
2639 422 2710 461 AD
2738 422 2991 463 CONNIUM
3024 423 3231 464 AMICUI
3261 423 3428 464 ευωι.

2217 501 2344 555 Tres
2365 498 2640 570 superbia:
2665 497 2851 552 modos
2879 497 3156 568 explicat,
3181 502 3234 553 et
3253 497 3585 553 subdividit.

2178 608 2504 668 ANSELMUS,
2539 618 2732 658 servus
2764 603 3020 657 Ecclesiae
3043 603 3464 668 Cantuariensis,
3506 604 3717 659 dilecta

2109 695 2291 750 amico
2312 710 2429 758 suo,
2464 693 2684 748 domino
2713 693 2930 747 Coumo
2958 691 3040 758 "‘,
3075 694 3323 748 salutem.

2181 783 2365 854 Exigit
2395 782 2634 837 charitas
2667 790 2842 835 vestra
2874 790 2928 835 ut
2959 782 3025 836 de
3057 783 3227 836 tribus
3263 782 3372 837 illis
3403 781 3578 838 modis
3606 798 3715 836 su-

2112 871 2334 944 perbiae,
2393 871 2462 926 de
2516 873 2710 940 quibus
2757 869 2910 924 vobis
2964 870 3173 926 locutus
3202 888 3342 934 sum,
3394 872 3529 926 duos
3556 870 3649 943 qui
3683 886 3718 924 a

2112 961 2374 1017 memoria
2407 960 2564 1016 vobis
2611 961 2948 1025 exciderunt,
3009 977 3122 1034 per
3148 962 3430 1032 epistolam
3473 971 3720 1015 nostram

2112 1066 2557 1106 commemorem.
2615 1050 2746 1103 Tres
2787 1049 3006 1120 quidem
3064 1049 3186 1105 illos
3217 1066 3336 1106 esse
3356 1050 3468 1105 dixi
3501 1068 3515 1104 :
3546 1065 3718 1104 unum

2112 1140 2167 1194 in
2196 1138 2578 1204 aestimatione,
2605 1138 2656 1191 id
2679 1146 2778 1202 est,
2824 1139 3042 1209 quando
3095 1139 3292 1208 aliquis
3323 1139 3481 1194 altius
3528 1136 3722 1193 existi—

2114 1238 2224 1283 mat
2252 1226 2314 1255 ³⁸⁵
2347 1230 2413 1281 de
2447 1244 2505 1282 se
2537 1243 2698 1298 quam
2757 1227 2956 1282 debeat
2990 1245 3002 1288 ;
3035 1235 3222 1282 contra
3255 1245 3418 1298 quem
3466 1228 3665 1282 dicitur
3703 1242 3719 1279 :

2115 1318 2239 1374 Noli
2265 1319 2451 1372 altum
2470 1333 2684 1388 sapere.
2712 1317 2809 1372 sed
2842 1318 3172 1386 timemom.
3205 1334 3276 1380 χι,
3299 1316 3415 1386 20).
3461 1317 3524 1370 Et
3553 1333 3724 1386 quem

2117 1405 2348 1476 negatin
2363 1421 2419 1459 se
2447 1404 2633 1469 luis>e,
2659 1402 2977 1476 quidicit'“
3014 1421 3025 1459 :
3057 1406 3439 1466 Dominemon
3455 1406 3723 1460 estexat-

2120 1498 2306 1549 totum
2328 1509 2623 1549 cormeum
2645 1495 2820 1565 (Psal.
2843 1508 3009 1556 cxxx,
3047 1495 3121 1562 1),
3154 1501 3207 1548 et
3237 1509 3362 1565 qua
3383 1504 3714 1563 sequuntur.

2120 1582 2270 1637 Alius
2299 1591 2382 1636 est
2411 1583 2466 1635 in
2498 1583 2792 1642 voluntate,
2826 1585 3044 1652 quando
3074 1581 3274 1650 aliquis
3331 1581 3484 1635 altius
3516 1598 3574 1636 se
3609 1581 3726 1634 vult

405 1674 721 1739 damnante:
780 1669 826 1723 εί
884 1667 995 1722 θαι·
1031 1666 1120 1721 Sic
1167 1665 1350 1734 itaque
1398 1678 1490 1717 rex
1520 1664 1722 1724 γεεῖη,
1748 1667 1804 1713 Ut
1833 1667 2002 1729 PUW:
2035 1683 2088 1742 Β
2118 1671 2333 1726 tractari
2365 1671 2546 1740 aliquo
2576 1670 2738 1725 modo
2771 1686 2928 1740 quam
2950 1669 3144 1723 debeat
3175 1688 3188 1733 ;
3223 1679 3413 1724 contra
3445 1685 3602 1739 quem
3627 1669 3726 1723 di-

406 1763 732 1818 auctoritate
756 1757 1104 1829 episcopatus
1148 1755 1238 1808 dat
1287 1761 1447 1822 atque
1502 1751 1772 1804 abbatias.
1828 1749 2004 1800 Mente

407 1852 578 1923 igitur
596 1851 664 1903 ad
688 1855 866 1903 vestra
897 1844 1124 1915 vestigia
1148 1841 1490 1913 provolutus,
1527 1845 1728 1909 quanto
1788 1851 2006 1905 p0ssum

408 1939 620 2002 aﬂectu,
655 1937 710 1990 in
741 1950 940 2005 magna
973 1932 1226 2004 angustia
1258 1930 1468 2000 positus
1497 1929 1729 1983 obsecro
1768 1932 1827 1979 ut
1871 1939 2008 1994 apo—

410 2028 658 2084 stolicam
680 2040 817 2097 erga
838 2024 1077 2078 animam
1103 2035 1282 2074 meam
1316 2016 1572 2088 experiar
1621 2015 1674 2068 in
1699 2014 1858 2068 vobis
1889 2027 2013 2067 esse

409 2119 693 2189 pietatem,
747 2121 802 2168 et
853 2112 920 2166 ad
956 2112 1060 2165 hoc
1089 2107 1486 2177 impetrandum
1542 2104 1704 2158 tntius
1760 2103 2016 2157 Romanae

409 2203 702 2278 religionis
753 2201 989 2272 supplex
1044 2199 1240 2253 invoco
1304 2194 1640 2251 charitatem.
1699 2191 1820 2246 Non
1851 2192 2016 2244 timeo

412 2295 686 2358 exsilium,
749 2306 857 2345 non
919 2295 1313 2359 paupertatem,
1403 2299 1512 2339 non
1568 2285 1856 2346 tormenta,
1908 2294 2018 2332 non

411 2380 814 2449 mortem,quia
843 2377 913 2432 ad
939 2379 1054 2431 haec
1109 2373 1292 2428 omnia
1339 2373 1454 2427 Deo
1501 2369 1860 2435 confortante,
1913 2383 2016 2438 pa-

414 2480 597 2528 ratum
628 2476 712 2524 est
741 2482 836 2523 cor
860 2481 1042 2520 meum
1075 2479 1172 2534 pro
1203 2461 1521 2532 apostolicae
1539 2459 1688 2514 sedis
1709 2455 2020 2512 obedientia

417 2569 471 2616 et
500 2560 691 2614 matris
729 2571 868 2610 mea
923 2553 1182 2608 Ecclesia:
1233 2550 1428 2605 Christi
1477 2548 1739 2602 libertate.
1789 2544 2021 2600 Certitu-

421 2650 607 2703 dinem
636 2644 863 2700 tandum
888 2655 1092 2712 quaero,
1120 2645 1178 2693 ut
1206 2639 1370 2692 sciam
1402 2637 1607 2706 absque
1662 2634 1808 2689 omni
1839 2631 2020 2687 ambi-

424 2735 630 2810 guitate
655 2733 781 2802 quid
811 2729 1124 2785 auctoritate
1153 2735 1331 2782 vestra
1361 2735 1546 2779 tenere
1576 2723 1834 2776 debeam.
1901 2724 2022 2774 Au-

426 2808 538 2878 divi
603 2822 657 2876 in
707 2820 952 2874 Romano
983 2815 1218 2872 concilio
1272 2830 1304 2868 a
1361 2811 1690 2867 venerabilis
1747 2808 2025 2864 memoriae

429 2911 654 2968 domino
689 2907 911 2963 Urbano
940 2901 1402 2959 excommunicari
1434 2916 1590 2972 reges
1617 2905 1671 2953 et
1699 2914 1888 2953 omnes
1920 2896 2023 2950 lai-

432 3016 546 3068 cos,
603 2999 954 3052 investituras
1005 3001 1061 3047 et
1114 3009 1202 3046 res
1254 2990 1623 3046 Ecclesiarum
1645 2989 1856 3049 dantes,
1881 2995 1932 3039 et
1954 2985 2022 3039 ab

434 3090 542 3146 illis
563 3085 912 3156 accipientes,
945 3091 1000 3137 et
1029 3083 1117 3151 qui
1151 3089 1378 3151 propter
1406 3079 1510 3133 hoc
1557 3092 1744 3131 eorum
1779 3077 2030 3130 homines

436 3177 589 3242 ﬁunt,
613 3183 668 3231 et
694 3189 789 3230 eos
819 3172 911 3244 qui
931 3170 1258 3240 accipientes
1293 3175 1619 3223 consecrant
1637 3163 1718 3220 "’.
1743 3167 1851 3218 Aut
1873 3178 2026 3234 ergo,

440 3267 487 3323 si
517 3262 790 3320 sanctitati
825 3269 1021 3317 vestrae
1075 3259 1276 3328 placet,
1311 3257 1453 3312 hanc
1490 3251 2031 3311 excommunicatio-

438 3371 586 3422 nem,
620 3355 675 3408 in
733 3351 934 3421 Anglia
977 3348 1262 3412 absolvite,
1297 3356 1350 3401 tit
1382 3347 1436 3400 in
1456 3361 1518 3401 ea
1544 3346 1750 3414 possim
1809 3357 2034 3396 manere

441 3444 560 3500 sine
590 3441 786 3498 animat
817 3455 952 3494 meae
973 3436 1232 3509 periculo,
1257 3443 1351 3490 aut
1379 3450 1495 3489 eam
1516 3449 1614 3488 vos
1641 3447 1861 3487 servare
1893 3430 2035 3484 velle

442 3529 704 3605 quidquid
726 3529 856 3584 mihi
886 3527 1014 3581 inde
1043 3525 1344 3594 contingat,
1375 3522 1571 3576 vestris
1604 3521 1799 3575 litteris
1853 3517 2036 3589 signi-

445 3621 602 3677 ficate
633 3633 646 3687 ;
679 3625 772 3673 aut
799 3617 843 3671 si
873 3615 999 3686 quid
1015 3612 1336 3668 discretioni
1357 3615 1553 3666 vestrae
1572 3610 2033 3679 placetexcipere,

441 3709 636 3764 eadem
667 3704 991 3762 certitudine
1023 3699 1345 3755 nominatim
1369 3697 1497 3768 quid
1529 3696 1660 3751 illud
1683 3696 2036 3750 sitintimate.

445 3799 529 3854 De
611 3794 716 3849 illis
764 3806 979 3864 quoque
1034 3790 1124 3860 qui
1181 3789 1236 3842 in
1299 3786 1594 3858 praedictas
1648 3784 1896 3839 inducias
1952 3782 2039 3835 in-

449 3885 745 3944 vestituras
800 3878 1100 3952 prohibitus
1151 3876 1420 3947 accipiunt
1468 3881 1522 3930 et
1571 3874 1657 3944 qui
1700 3889 1795 3928 eos
1845 3886 2043 3926 conse-

449 3977 628 4041 crant,
660 3969 790 4043 quid
849 3967 981 4022 mihi
1039 3966 1343 4020 faciendum
1402 3964 1471 4018 sit
1499 3973 1676 4018 vestra
1706 3961 1896 4015 instrui
1921 3961 2043 4027 jus-

453 4065 606 4119 sione
627 4059 900 4115 desidero.
957 4057 1019 4110 In
1073 4054 1158 4109 his
1198 4070 1320 4124 quas
1350 4069 1446 4124 per
1469 4052 1671 4106 latores
1692 4049 2044 4121 praesentium

454 4161 607 4209 extra
639 4152 779 4205 hanc
802 4150 1042 4203 chartam
1089 4143 1400 4214 paternitati
1445 4151 1647 4195 vestrae
1702 4153 1961 4211 suggero,
1990 4144 2047 4190 ut

452 4257 643 4316 preces
690 4248 905 4294 nostras
952 4234 1206 4306 dignetur
1257 4247 1366 4286 non
1422 4245 1678 4301 spernere
1735 4227 2050 4298 suppliciter

454 4330 757 4404 expostulo.

940 4418 1280 4476 EPISTOLA
1322 4416 1563 4471 LXXIV.

773 4525 1078 4569 PASCHALIS
1108 4521 1263 4562 PAPE
1292 4520 1365 4558 AD
1394 4516 1726 4558 ANSELHUH.

826 4601 907 4656 Ad
937 4599 1352 4670 praecedentem
1385 4593 1695 4664 responsio.

530 4694 848 4750 Pasca/ms
870 4689 1184 4757 episcOpus,
1219 4700 1412 4738 servus
1448 4694 1732 4736 servorum
1766 4678 1884 4742 Dei,
1925 4676 2056 4730 AN-

459 4799 639 4841 ssuto
677 4775 1073 4840 Cantuariensi,
1123 4771 1421 4828 venerabili
1454 4769 1599 4824 fratri
1627 4778 1678 4824 et
1709 4768 2054 4837 coepiscopo,

460 4874 690 4929 salutem
712 4876 765 4923 et
780 4863 1136 4938 apostolicam
1173 4859 1627 4915 benedictionem.

533 4956 893 5015 Suavissimas
943 4948 1250 5006 dilectionis
1279 4957 1384 5003 tuae
1438 4947 1778 5018 suscepimus
1835 4944 2057 5010 litteras,

463 5057 570 5108 etc.
605 5047 728 5106 Vide
744 5047 807 5101 in
827 5040 1090 5100 Paschati
1120 5039 1188 5106 ll,
1213 5038 1284 5094 ad
1313 5053 1410 5094 an.
1444 5039 1605 5091 1118.

2118 1761 2257 1816 citur
2288 1778 2300 1813 :
2338 1761 2443 1829 39
2461 1769 2498 1822 ἓ)
2539 1759 2812 1827 Quomodo
2832 1760 3066 1829 potestis
3091 1759 3340 1821 credere,
3364 1761 3459 1830 qui
3476 1760 3726 1828 gloriam

2118 1848 2456 1923 qumitisub
2484 1849 2728 1902 invicem
2753 1847 2780 1900 .9
2801 1847 2988 1916 (Joun.
3020 1864 3073 1912 v,
3109 1848 3221 1918 44.)
3245 1848 3311 1901 Et
3337 1849 3525 1902 :Diem
3544 1847 3728 1902 homi-

2123 1941 2214 1994 m's
2234 1955 2347 1993 non
2379 1937 2708 2000 desideravi,
2732 1941 2794 1991 tu
2815 1938 2924 1990 scis
2944 1935 3083 1999 (Jer.
3109 1953 3239 2005 xvn,
3276 1939 3382 1994 16).
3401 1937 3552 1989 Alius
3570 1936 3728 1990 estin

2121 2043 2286 2097 opere
2320 2035 2550 2094 ;contra
2584 2042 2739 2094 quem
2773 2025 3223 2079 dicitDominus:
3263 2026 3399 2081 Cum
3441 2027 3728 2080 invitatus

2122 2113 2306 2187 fueris
2322 2114 2392 2168 ad
2411 2116 2662 2186 nuptias.
2685 2129 2798 2168 non
2818 2113 3138 2168 discumbas
3153 2114 3215 2167 in
3233 2116 3416 2185 primo
3432 2115 3546 2169 loco
3563 2115 3726 2179 (Luc.

2125 2221 2236 2268 xiv,
2262 2203 2336 2274 8).
2371 2204 2476 2257 iste
2507 2211 2593 2256 est
2622 2203 2838 2271 quando
2857 2202 3020 2257 homo
3061 2202 3304 2272 seipsuni
3339 2209 3536 2256 tractat
3565 2202 3731 2256 altius

2127 2308 2286 2362 quam
2311 2292 2526 2346 debeat.
2559 2293 2757 2346 Contra
2791 2291 3038 2364 singulos
3065 2291 3194 2345 istos
3238 2290 3428 2346 modos
3455 2291 3605 2360 plura
3633 2289 3728 2344 in-

2128 2381 2416 2436 veniuntur
2462 2380 2602 2434 dicta
2660 2381 2712 2433 in
2743 2395 2898 2434 sacra
2939 2379 3236 2447 Scriptura,
3269 2379 3312 2432 si
3353 2379 3727 2448 inquirantur.

2128 2469 2324 2524 Contra
2353 2485 2544 2523 omnes
2569 2469 2765 2522 dicitur
2797 2487 2808 2522 :
2846 2468 2948 2535 Qui
2968 2483 3024 2522 se
3056 2469 3304 2534 exultat,
3329 2468 3731 2522 humiliabitur

2131 2554 2284 2621 (ibid.
2341 2554 2450 2622 11).
2511 2554 2577 2607 Et
2620 2553 2927 2625 :Superbis
2987 2552 3131 2607 Deus
3187 2554 3407 2608 resistit
3453 2554 3591 2622 (Jac.
3645 2568 3729 2618 tv,

2133 2645 2208 2712 6).
2262 2641 2329 2695 Et
2384 2641 2552 2695 multa
2598 2641 2724 2695 alia.
2775 2642 2850 2695 De
2910 2640 2992 2694 his
3022 2642 3214 2708 tribus,
3249 2641 3464 2710 quando
3513 2641 3734 2711 singula

2133 2746 2365 2802 quaque
2387 2730 2503 2784 sola
2533 2739 2630 2798 est,
2665 2730 2752 2782 illa
2787 2728 2956 2783 levior
2978 2745 3100 2798 qna;
3125 2729 3181 2783 in
3215 2731 3336 2784 solo
3361 2745 3527 2798 opere
3558 2742 3637 2783 est
3663 2726 3730 2755 ⁸⁸⁷

2134 2820 2260 2889 quia
2281 2834 2387 2873 non
2419 2817 2477 2871 tit
2506 2819 2609 2872 nisi
2633 2834 2730 2889 per
2761 2818 3123 2889 ignorantiam
3159 2836 3172 2880 ;
3208 2827 3261 2872 et
3284 2829 3460 2874 tamen
3493 2819 3616 2888 quia
3642 2818 3732 2871 vi-

2134 2909 2265 2962 tium
2299 2913 2403 2969 est,
2432 2907 2820 2979 corrigendum
2849 2917 2954 2961 est.
2998 2908 3073 2960 De
3104 2907 3226 2960 aliis
3247 2907 3454 2961 duabus
3486 2907 3576 2961 illa
3607 2921 3734 2978 qum

2135 3005 2216 3052 est
2246 2997 2297 3050 in
2331 2997 2447 3049 sola
2479 2997 2751 3050 voluntate
2781 2995 3142 3050 damnabilior
3172 3004 3275 3060 est,
3325 2995 3452 3067 quia
3496 2996 3737 3051 scienter

2137 3094 2346 3156 peccat.
2381 3085 2477 3138 illa
2503 3100 2628 3138 vero
2660 3094 2879 3154 quaeest
2911 3085 2961 3137 in
3001 3084 3377 3151 testim-alioue,
3425 3084 3549 3138 sola
3576 3085 3734 3138 insa-

2138 3174 2369 3228 tiabilior
2399 3179 2502 3237 est,
2537 3173 2662 3242 quia
2694 3189 2798 3228 non
2831 3189 2888 3226 se
2921 3173 3155 3227 ostendit
3193 3182 3247 3226 et
3299 3175 3451 3241 justa
3509 3173 3616 3227 sibi
3645 3172 3734 3227 vi-

2139 3265 2322 3318 detur.
2363 3262 2418 3317 Si
2441 3277 2575 3333 ergo
2607 3262 2725 3316 istae
2755 3269 2860 3315 tres
2881 3262 3150 3332 superbiae
3199 3263 3427 3333 Singulae
3473 3261 3736 3317 coiiside-

2140 3360 2350 3414 rentur,
2402 3359 2513 3406 tres
2579 3351 2857 3419 Simplices
2917 3360 3136 3420 possunt
3184 3350 3294 3405 dici
3345 3352 3610 3417 superbia:
3641 3370 3655 3416 ;
3689 3349 3738 3405 si

2141 3457 2272 3495 vero
2293 3440 2435 3494 binas
2465 3447 2518 3494 et
2549 3438 2688 3494 bime
2720 3439 3113 3509 intelligantur.
3148 3448 3257 3493 tres
3286 3439 3532 3510 duplices
3578 3441 3737 3494 inve-

2144 3530 2391 3584 niuntur.
2439 3528 2495 3582 Si
2542 3543 2671 3582 vero
2727 3536 2832 3581 tres
2879 3528 3040 3581 simul
3083 3527 3510 3598 conjungantur,
3544 3526 3605 3554 '“
3636 3529 3742 3583 erit

2145 3633 2247 3672 una
2279 3617 2474 3686 triplex
2505 3636 2522 3683 ;
2553 3625 2605 3671 et
2625 3615 2670 3670 si
2700 3625 2852 3670 erunt
2883 3623 3109 3686 septem,
3144 3625 3250 3670 tres
3279 3617 3573 3688 simplices,
3627 3624 3739 3672 tres

2147 3705 2412 3777 duplices,
2472 3720 2579 3758 una
2611 3704 2827 3774 triplex.
2871 3705 3071 3759 Contra
3101 3704 3233 3758 istas
3281 3705 3568 3776 superbias
3617 3714 3743 3760 sunt

2148 3793 2396 3849 membra
2426 3793 2758 3860 humilitatis,
2793 3792 2846 3846 id
2875 3802 2977 3856 est,
3019 3802 3075 3846 ut
3106 3794 3379 3849 humiliter
3438 3795 3556 3864 quis
3609 3811 3743 3849 sen-

2151 3883 2245 3937 tiat
2299 3883 2367 3936 de
2425 3898 2504 3947 se,
2539 3890 2590 3935 et
2620 3890 2883 3951 quantum
2913 3882 2980 3936 ad
3021 3888 3303 3938 tractatum
3356 3889 3411 3939 et
3447 3901 3747 3940 conversa-

2152 3976 2359 4027 tionem
2392 3971 2647 4035 aliorum,
2681 3971 2962 4025 humiliter
2992 3971 3124 4026 velit
3171 3973 3238 4026 de
3271 3988 3352 4040 se,
3399 3980 3451 4026 et
3480 3973 3596 4042 ipse
3642 3975 3746 4028 hu-

2153 4061 2354 4116 militer
2380 4067 2570 4114 tractet
2596 4075 2673 4114 se.
2712 4061 2818 4117 Pro
2840 4060 3068 4131 singulis
3117 4061 3292 4114 modis
3336 4062 3608 4130 superbiae
3655 4061 3745 4116 di-

2157 4151 2291 4204 citur
2348 4148 2511 4202 homo
2568 4149 2882 4217 superbus;
2923 4148 3021 4202 sed
3061 4163 3157 4218 pro
3207 4148 3434 4220 singulis
3489 4151 3750 4204 membris

2159 4237 2494 4299 humilitatis,
2527 4237 2616 4289 vel
2659 4251 2756 4305 pro
2785 4236 3022 4301 duobus,
3057 4236 3156 4289 nisi
3189 4236 3373 4290 omnia
3406 4239 3655 4292 membra
3676 4238 3752 4291 si-

2161 4326 2268 4379 mul
2302 4325 2430 4393 sint,
2464 4339 2569 4378 non
2603 4323 2803 4378 dicitur
2825 4325 2986 4377 homo
3011 4324 3227 4378 humilis
3259 4341 3273 4386 ;
3308 4325 3444 4380 sicut
3462 4342 3567 4381 uno
3584 4341 3752 4380 mem-

2075 4383 2128 4444 D
2163 4417 2263 4469 bro
2293 4414 2604 4485 languente,
2638 4412 2830 4467 dicitur
2864 4415 3186 4484 homozeger
3210 4428 3223 4480 ;
3249 4430 3416 4467 sanus
3443 4423 3622 4469 autem
3645 4431 3753 4470 non

2161 4503 2374 4570 dicitur,
2407 4502 2506 4555 nisi
2539 4515 2704 4556 sanus
2735 4500 2988 4554 omnibus
3043 4501 3319 4557 membris.
3347 4503 3472 4558 Hac
3516 4503 3756 4560 breviter

2162 4590 2586 4647 commemoravi
2643 4591 2895 4646 charitati
2944 4598 3156 4646 vestras.
3216 4589 3350 4659 Qua
3378 4592 3424 4645 si
3470 4591 3757 4660 prudentia

2164 4689 2346 4736 vestra
2414 4679 2614 4749 sepius
2668 4679 3057 4744 retractaverit,
3116 4679 3328 4749 plenius
3374 4696 3438 4735 ea
3487 4681 3756 4751 intelliget

2166 4782 2328 4837 quam
2388 4766 2477 4821 hic
2531 4766 2676 4820 dicta
2730 4773 2878 4819 sunt.
2923 4767 3108 4820 Valete
3159 4773 3212 4820 et
3241 4775 3394 4822 orate
3425 4783 3522 4837 pro
3560 4785 3667 4834 me,
3698 4777 3758 4824 ut

2166 4855 2300 4909 sicut
2329 4855 2475 4908 Deus
2506 4853 2655 4908 dedit
2676 4853 2808 4907 mihi
2841 4853 3162 4924 superbiam
3195 4863 3246 4908 et
3275 4855 3639 4910 humilitatem
3664 4857 3754 4910 in-

2167 4943 2436 5014 telligere,
2491 4941 2569 4996 sic
2624 4942 2755 4996 mihi
2803 4942 2894 4996 det
2949 4942 3101 4997 illam
3131 4958 3348 5011 cavere,
3383 4952 3436 5000 et
3484 4945 3641 4999 istam
3663 4961 3756 5001 ac-

2171 5035 2409 5102 quirere.
2469 5031 2710 5092 Salutate
2781 5029 3062 5086 dominum
3119 5039 3174 5088 et
3206 5033 3440 5088 amicum
3521 5042 3760 5090 nostrum

1766 5155 1996 5213 VARIE
2035 5155 2432 5212 LECTlONES
2444 5196 2457 5208 .

538 5297 711 5368 “'Qui
757 5292 1033 5361 accipiunt
1061 5291 1382 5368 consecrant
1406 5283 1654 5368 onmnqui
1705 5285 2048 5368 accipient-eg
2079 5289 2431 5368 consecrant.
2465 5277 2754 5368 “"Collata
2783 5275 3136 5368 cunmeodem
3167 5295 3296 5368 ins.‘
3329 5282 3392 5358 et
3443 5295 3574 5362 curn
3607 5282 3764 5362 ⁸ιῖιίἱι.

474 5357 653 5430 ϐοιὴῗ
681 5373 736 5425 et
798 5357 908 5421 σοί.
964 5366 1125 5418 1573.
1178 5359 1477 5430 "‘Connio
1518 5357 1661 5430 sit:
1715 5358 1883 5407 nmm.

1972 5350 2034 5380 ³⁸⁵
2058 5353 2242 5413 \liii-vic
2276 5353 2545 5406 exsuinat
2603 5366 2706 5405 ms.
2748 5357 2806 5420 et
2835 5353 2978 5406 Ellit.
3011 5352 3208 5420 aliquis
3247 5351 3409 5405 altius
3465 5353 3756 5410 existimat.

464 5418 640 5513 δ’δ’ᾆί
683 5418 828 5494 dixit
843 5418 960 5492 ins.
991 5437 1048 5490 et
1087 5432 1235 5489 Edit.
1253 5431 1344 5505 qui
1373 5427 1529 5486 dicit.
1557 5424 1718 5483 '"Est
1751 5440 1924 5498 apere
1949 5440 2057 5483 ms.
2074 5428 2132 5484 et
2157 5422 2310 5480 Edit.
2334 5430 2414 5480 est
2439 5421 2497 5478 in
2524 5438 2711 5494 opere.
2743 5418 2941 5479 “'Tres
2969 5418 3378 5496 conjungantur
3404 5439 3514 5480 ms.
3545 5427 3604 5481 et
3619 5426 3766 5484 Edit.

470 5523 584 5577 ires
611 5514 772 5571 simul
801 5525 924 5579 con;
935 5517 1222 5579 unguntur.
