4010 6064
229 309 339 365 113

1477 304 1611 360 LIB.
1658 303 1750 370 ΙΙΙ,
1785 299 2001 357 EPIST.
2035 298 2300 354 LXXVII.

3440 295 3542 351 ιιι

228 432 603 491 reverendam
666 437 980 508 episcopum
1044 434 1457 490 Atrebatensem
1540 447 1609 486 ex
1682 437 1832 502 parte
1861 427 1917 489 A
1946 426 2276 482 desiderium
2307 439 2486 480 meum
2518 429 2586 479 de
2615 424 2773 480 vobis
2810 443 2823 490 ;
2854 421 3082 478 audistis
3113 437 3259 492 saepe
3291 420 3421 494 quid
3442 420 3544 475 tri-

232 540 424 583 nostra
431 570 443 581 .

729 633 1069 690 EPISTOLA
1122 631 1366 687 LXXVI.

347 741 590 782 ANSELMI
622 739 694 780 AD
721 738 1023 778 EBNULFUM
1055 736 1299 776 PRIOREM
1333 734 1400 774 ΕΤ
1429 731 1727 773 MONACHOS

792 826 1257 867 CANTUARIBNSBS
1270 850 1283 864 .

244 906 504 970 σαν-ποεῖ,
539 903 631 959 ubi
646 921 681 956 a
697 902 983 958 comitissa
1006 905 1061 955 et
1081 900 1148 955 ab
1169 902 1419 971 episcOpo
1437 900 1711 971 exceptus
1745 897 1849 956 est,

315 967 514 1031 scribit
542 976 609 1029 de
629 975 862 1028 itineris
900 973 990 1027 sui
1044 967 1441 1040 prnsperitdtc,
1494 967 1857 1023 et‘Cantua-

317 1049 536 1104 riemes
555 1049 618 1101 ut
639 1043 1154 1116 religiosiinstituti
1169 1045 1286 1096 sint
1307 1045 1550 1106 tenaces,
1570 1040 1856 1095 hortatur.

324 1149 647 1204 A-Nseums,
683 1142 858 1212 gratia
891 1140 987 1195 Dei
1020 1137 1474 1208 archiepiscopus
1533 1135 1856 1198 Cantuariae,

249 1232 621 1290 dilectissimis
649 1230 774 1285 ﬁliis
803 1238 856 1286 et
879 1228 1134 1284 fratribus
1153 1227 1356 1281 domno
1384 1227 1646 1280 Eaxuwo
1676 1223 1860 1294 priori,

256 1333 308 1380 et
337 1323 461 1376 aliis
489 1323 544 1374 in
575 1321 828 1376 Ecclesia
858 1319 1057 1373 Christi
1092 1317 1402 1372 Cantuariae
1446 1317 1561 1370 Deo
1617 1314 1864 1368 servien-

255 1413 422 1474 tibus,
455 1412 686 1465 salutem
717 1417 769 1465 et
797 1407 1232 1464 benedictionem
1257 1406 1382 1472 Dei,
1409 1414 1461 1461 et
1475 1420 1649 1472 suam,
1671 1419 1865 1475 quam-

259 1511 376 1556 tum
413 1507 617 1569 potest.

333 1587 582 1656 Qualiter
612 1601 696 1639 me
725 1584 958 1639 habeam
976 1591 1029 1638 et
1059 1583 1188 1654 quid
1218 1596 1384 1650 agam
1438 1579 1724 1636 dilectioni
1767 1595 1868 1634 ve-

275 1685 418 1732 strm
454 1675 736 1745 signiﬁco.
776 1674 962 1729 Gratia
988 1672 1107 1738 Dei,
1141 1679 1424 1742 postquam
1478 1671 1582 1725 iter
1629 1677 1870 1725 nostrum

1948 517 2254 570 bulationes
2285 531 2434 569 meas
2456 514 2765 569 consoletur
2789 513 2844 567 in
2875 513 3052 568 vobis.
3079 511 3141 566 Si
3175 511 3343 566 corda
3365 517 3550 565 vestra

1952 605 2053 660 soli
2087 605 2198 658 Deo
2229 602 2447 657 student
2477 618 2690 665 vacare,
2726 601 2772 654 si
2801 601 3090 672 praposito
3139 599 3286 671 quod
3336 597 3552 653 fortiter

1955 692 2268 763 arripuistis,
2294 692 2440 745 velut
2466 691 2594 746 boni
2627 691 2678 744 in
2744 689 2939 745 Christi
2970 689 3128 742 vinea
3151 687 3390 759 operarii
3407 695 3557 742 stre-

1957 799 2063 836 nue
2094 781 2402 846 insudatis;
2432 780 2481 834 si
2515 779 2782 834 mundum
2813 777 2970 832 vobis
2998 775 3316 831 cruciﬁxum
3348 783 3401 831 et
3456 789 3556 830 vos

1961 870 2181 925 munda:
2207 870 2319 923 vita
2347 877 2520 923 vestra
2551 875 2776 922 testatur
2807 882 2820 935 ;
2853 868 2899 920 si
2929 881 3037 921 non
3067 865 3240 930 vobis,
3275 864 3373 919 sed
3416 865 3557 928 Deo,

1963 960 2015 1014 id
2047 966 2132 1015 est
2162 974 2272 1013 non
2291 965 2499 1024 vestras,
2527 956 2625 1011 sed
2656 955 2754 1010 Dei
2775 954 3042 1010 voluntati
3072 953 3260 1009 vivitis
3284 967 3298 1022 ;
3321 952 3367 1007 si
3395 952 3559 1007 etiam

1966 1049 2019 1103 in
2059 1047 2295 1102 minimis
2323 1047 2495 1101 Deum
2545 1045 2702 1101 valde
2748 1044 2996 1110 timetis;
3056 1043 3101 1096 si
3159 1042 3556 1096 districtionem

1967 1137 2178 1193 ordinis
2214 1137 2381 1191 vestri
2431 1134 2652 1202 amatis;
2711 1149 2874 1206 quam
2924 1131 3016 1204 qui
3059 1131 3195 1199 odit,
3251 1130 3563 1186 certissimo

1970 1228 2129 1298 signo
2154 1241 2214 1280 se
2252 1225 2501 1280 vitiosum
2533 1239 2656 1279 esse
2689 1231 2742 1278 et
2769 1219 3183 1277 dissolutionem
3210 1218 3439 1289 diligere
3462 1216 3564 1272 de-

1974 1322 2262 1371 monstrat:
2295 1316 2343 1368 si
2365 1327 2558 1384 pacem
2578 1312 2715 1366 inter
2771 1326 2872 1366 vos
2927 1313 2983 1364 et
3040 1307 3407 1364 obedientiam
3458 1305 3567 1361 do-

1975 1405 2131 1461 mino
2167 1403 2334 1476 priori
2354 1402 2608 1465 servatis,
2641 1401 2746 1456 hoc
2774 1408 2857 1454 est
2885 1397 3223 1453 desiderium
3271 1412 3451 1451 meum
3500 1395 3572 1450 de

1977 1496 2154 1560 vobis,
2179 1494 2296 1549 haec
2325 1491 2624 1549 consolatio
2655 1499 2706 1545 et
2744 1488 2959 1561 requies
2990 1503 3113 1542 mea
3139 1485 3193 1540 in
3215 1485 3416 1553 vobis;
3451 1485 3572 1540 hac

1977 1585 2236 1658 cogitate,
2268 1583 2386 1638 haec
2416 1587 2705 1637 retractate
2735 1586 2790 1634 et
2822 1577 3003 1646 facite,
3037 1577 3082 1630 si
3131 1591 3223 1631 me
3276 1573 3572 1640 lmtiﬁcare,

1977 1673 2087 1728 imo
2109 1673 2154 1727 si
2185 1673 2355 1727 Deum
2384 1669 2541 1725 vobis
2571 1668 2732 1724 vultis
2763 1667 2980 1738 placare
2999 1665 3150 1732 ;haec
3165 1662 3328 1718 vobis
3346 1661 3576 1732 Spiritus

265 1765 491 1834 incaepi,
525 1763 690 1818 vestri
719 1761 1064 1817 orationibus
1120 1776 1211 1814 me
1268 1759 1744 1830 prosequentibus,
1803 1757 1870 1812 ab
1902 1781 1955 1842 Β
1985 1771 2202 1818 sanctus
2232 1760 2580 1832 persuadeat,
2612 1765 2666 1813 ει
2693 1771 2792 1829 pro
2828 1755 2913 1810 his
2941 1754 3130 1828 gloria;
3157 1768 3270 1809 sua;
3306 1751 3578 1809 visionem

267 1853 424 1911 omni
453 1852 787 1907 adversitate
837 1867 956 1905 sum
1007 1865 1180 1920 usque
1236 1849 1291 1902 in
1348 1855 1676 1918 praesentem
1727 1847 1873 1900 diem

269 1951 573 2015 protectus.
605 1942 716 2011 (19)
771 1942 979 1996 Roman
1026 1939 1255 1994 tendens
1309 1952 1376 1992 ea
1428 1935 1724 1991 intentione
1776 1950 1880 2005 qua

271 2033 343 2087 de
374 2030 579 2104 Anglia
612 2029 769 2095 exivi,
807 2031 1097 2084 Cat-notum
1128 2043 1300 2098 usque
1335 2025 1578 2096 perveni,
1611 2025 1703 2080 ubi
1733 2039 1763 2078 a
1793 2039 1883 2079 co-

273 2122 489 2176 mitissa
523 2135 719 2174 sorore
749 2119 923 2173 nostri
953 2117 1124 2186 regis,
1159 2116 1295 2170 etab
1310 2117 1591 2186 episc0po,
1617 2122 1668 2169 et
1696 2129 1726 2168 a
1748 2113 1884 2167 mul-

277 2211 347 2264 tis
379 2211 508 2265 aliis
537 2225 664 2262 cum
696 2207 898 2279 gaudio
929 2222 978 2261 et
1015 2208 1218 2261 honore
1251 2213 1534 2274 susceptus
1590 2219 1735 2268 sum,
1786 2201 1883 2255 scd

278 2299 350 2352 de
399 2298 594 2352 itinere
625 2312 744 2351 meo
777 2295 864 2350 tali
907 2304 1151 2365 tempore
1206 2295 1442 2363 incoepta
1498 2291 1658 2346 valde
1713 2290 1887 2344 mirati

276 2396 436 2442 sunt.
476 2386 740 2440 Dicebant
769 2385 916 2438 enim
951 2391 1172 2452 propter
1201 2382 1530 2436 nimietatem
1565 2379 1778 2445 caloris,
1835 2386 1888 2433 et

281 2477 413 2546 quia
442 2477 544 2529 isto
575 2485 817 2543 tempore
849 2473 1040 2526 nullus
1082 2472 1405 2543 peregrinus
1440 2471 1606 2529 vadit.
1646 2484 1733 2524 me
1786 2482 1887 2522 nec

283 2566 513 2621 Romam
545 2571 953 2634 perventurum,
985 2576 1085 2616 nec
1112 2560 1342 2630 amplius
1389 2559 1712 2620 rediturum,
1763 2556 1887 2628 quia

282 2663 375 2709 aut
409 2669 604 2707 manus
636 2651 984 2706 inimicorum
1035 2647 1297 2703 Ecclesiae
1356 2648 1452 2702 Dei
1495 2663 1602 2701 non
1663 2661 1888 2716 possum

287 2743 533 2815 eﬂugere
576 2745 671 2794 aut
725 2755 953 2812 propter
1019 2737 1446 2792 imbecillitatem
1493 2734 1738 2805 corporis
1784 2733 1890 2788 mei

285 2832 382 2885 tali
417 2841 660 2900 tempore
715 2845 938 2884 necesse
990 2835 1135 2881 esset
1177 2843 1266 2880 me
1303 2833 1526 2879 mortem
1578 2826 1882 2878 incurrere.

285 2921 374 2975 Sic
402 2921 579 2991 itaque
609 2918 660 2972 vi
690 2917 900 2972 consilii
931 2917 1012 2971 sui
1045 2933 1127 2970 me
1146 2917 1285 2969 ultra
1344 2913 1599 2984 pregredi
1640 2912 1705 2965 ad
1743 2927 1889 2982 pra:-

287 3026 421 3063 sens
443 3025 549 3062 non
569 3008 948 3077 permiserunt,
981 3006 1077 3059 sed
1131 3013 1190 3058 ut
1246 3011 1608 3075 Opportunum
1658 3010 1889 3070 tempus,

286 3107 341 3153 et
370 3097 588 3167 quando
614 3096 889 3166 peregrini
950 3094 1173 3162 vadunt,
1229 3100 1628 3162 exspectarem,
1686 3104 1889 3160 coege-
1925 3135 1974 3197 Ο

411 3195 420 3197 4
524 3185 604 3197 η.
839 3184 849 3194 .
956 3183 988 3197 η
1059 3184 1127 3197 .,
1645 3172 1888 3197 ,ρημε

288 3195 447 3240 runt.
521 3185 709 3239 Sciens
766 3184 910 3238 enim
956 3183 1291 3252 Scripturam
1340 3180 1577 3233 divinam
1637 3177 1820 3232 dicere
1871 3172 1888 3217 -‘

293 3276 494 3332 Omnia
511 3278 606 3345 fac
618 3290 747 3330 cum
759 3273 1015 3337 consilio,
1033 3276 1090 3326 et
1101 3275 1223 3342 post
1233 3274 1453 3340 factum
1469 3285 1580 3324 non
1593 3267 1885 3339 pwnitebis

290 3365 488 3430 (Ereti.
523 3377 696 3427 χχχιι,
730 3364 844 3431 24),
880 3361 1028 3415 timui
1049 3376 1114 3413 ne
1133 3363 1175 3413 si
1192 3368 1298 3412 tam
1314 3357 1621 3411 rationabili
1644 3355 1885 3410 etamico

288 3452 522 3508 consilio
554 3467 660 3506 non
693 3450 1117 3520 acquiescerem,
1178 3446 1490 3517 paenitentia
1547 3453 1883 3516 sequeretur.

291 3544 406 3597 Hac
451 3541 685 3606 ratione,
753 3537 1006 3609 quamvis
1057 3536 1314 3605 praedicta
1370 3533 1638 3590 comitissa
1694 3550 1782 3587 me
1833 3533 1888 3587 in

288 3641 441 3686 terra
469 3647 563 3684 sua
595 3628 846 3692 retinere,
881 3634 932 3681 et
961 3625 1144 3681 omnia
1171 3623 1480 3678 necessaria
1528 3621 1888 3676 libentissime

291 3720 457 3775 vellet
495 3718 834 3788 impendere,
870 3731 1114 3769 reversus
1143 3729 1265 3767 sum
1297 3713 1349 3766 in
1407 3710 1886 3776 Northmanniam,

293 3819 346 3866 et
375 3815 638 3880 exspecto
667 3815 724 3862 ut
752 3820 994 3876 congruo
1025 3811 1276 3875 tempore
1306 3804 1409 3857 hoc
1467 3801 1616 3870 quod
1667 3799 1888 3870 inceepi,

292 3902 344 3956 si
374 3901 523 3954 Deus
550 3896 824 3962 annuerit,
857 3893 1157 3965 perficiam.
1182 3891 1363 3961 Scitis,
1422 3889 1517 3944 ﬁlii
1562 3888 1889 3957 charissimi,

1989 1853 2198 1908 beatam
2223 1849 2494 1907 exhibeat.
2519 1851 2716 1901 Amen.

2421 1969 2762 2027 EPISTOLA
2807 1967 3052 2023 LXXVII
3089 1964 3174 2021 "’.

2486 2091 2729 2132 ANSELIII
2755 2091 2826 2130 AD
2855 2086 3100 2129 εοεῡευ.

2199 2187 2462 2260 Ejusdem
2492 2183 2818 2256 argumenti
2846 2197 2978 2237 cum
3006 2177 3379 2253 praecedente.

2063 2300 2362 2352 ANSELMUS
2391 2291 2859 2360 archiepiscopus,
2881 2286 3114 2342 dominis
3132 2285 3392 2340 fratribus
3439 2282 3584 2340 cha-

1995 2387 2241 2448 rissimis,
2273 2383 2498 2438 domino
2523 2377 2692 2450 priori
2721 2378 3010 2440 EaNULro,
3042 2383 3095 2430 et
3115 2374 3233 2428 aliis
3262 2373 3438 2428 servis
3486 2372 3588 2426 Dei

1995 2478 2047 2532 in
2089 2474 2286 2530 Christi
2317 2470 2558 2526 Ecclesia
2583 2465 2885 2522 Cantuarize
2928 2461 3420 2527 commanentibus,
3490 2477 3587 2516 sa-

1997 2567 2162 2621 lutem
2215 2570 2268 2618 et
2310 2557 2742 2616 benedictionem
2787 2554 2906 2621 Dei,
2975 2559 3030 2608 et
3081 2567 3250 2619 suam,
3325 2557 3589 2623 quantum

1996 2644 2196 2710 potest.

2069 2723 2249 2780 Gratia
2281 2721 2377 2775 Dei
2405 2719 2598 2776 vestris
2640 2725 2694 2772 et
2739 2715 2962 2771 aliorum
3007 2714 3306 2767 amicorum
3364 2716 3588 2764 nostro-

1999 2831 2116 2870 rum
2157 2809 2494 2868 orationibus
2525 2808 2763 2870 favente,
2795 2820 2860 2859 ex
2881 2817 2989 2875 quo
3019 2817 3051 2856 a
3074 2807 3368 2868 conspectu
3401 2803 3588 2854 vestro

1998 2902 2246 2969 discessi,
2279 2902 2461 2954 omnia
2491 2911 2621 2965 erga
2659 2911 2746 2949 me
2777 2901 2829 2947 et
2856 2891 3034 2947 socios
3068 2904 3324 2960 prospere
3382 2888 3598 2942 fuerunt

2000 3009 2172 3065 usque
2201 2991 2256 3044 in
2286 2994 2615 3060 praesentem
2646 2983 2814 3038 diem.
2850 2983 3042 3035 Precor
3098 2987 3276 3032 autem
3333 2983 3408 3039 ut,
3458 2976 3596 3032 sicut

2003 3084 2070 3138 de
2099 3079 2255 3138 vobis
2282 3076 2515 3141 conﬁdo,
2538 3089 2636 3146 pro
2666 3071 2825 3126 nobis
2845 3084 3004 3125 crare
3030 3083 3138 3122 non
3172 3065 3418 3131 cessetis,
3461 3079 3597 3136 qua-

2005 3179 2161 3227 tenus
2190 3169 2271 3223 sic
2301 3182 2398 3221 nos
2427 3173 2480 3219 et
2499 3171 2652 3218 actus
2683 3169 2897 3214 nostros
2924 3156 3112 3211 divina
3143 3153 3429 3210 clementia
3475 3169 3599 3224 pro-

1993 3266 2142 3329 tegat
2171 3265 2225 3312 et
2252 3257 2524 3326 disponat,
2557 3257 2614 3304 ut
2643 3249 2708 3303 de
2736 3244 3051 3302 omnimoda
3082 3242 3441 3313 prosperitate
3491 3257 3596 3296 no-

1993 3360 2122 3413 stra,
2156 3345 2313 3401 nobis
2343 3343 2411 3396 ad
2443 3356 2539 3395 vos
2570 3336 2926 3392 redeuntibus
2955 3331 3194 3388 charitas
3216 3339 3400 3386 vestra
3459 3345 3600 3386 con-

1993 3438 2233 3513 gaudere
2265 3431 2470 3487 valeat.
2511 3427 2787 3494 Quantum
2819 3421 3038 3494 quidem
3061 3419 3129 3474 ad
3174 3435 3276 3474 nos
3342 3417 3595 3489 pertinet,

1996 3506 2134 3583 sicut
2157 3522 2288 3586 dixi,
2319 3518 2502 3575 omnia
2534 3516 2692 3570 nobis
2722 3525 2982 3584 prospere
3029 3515 3190 3574 sunt;
3247 3506 3344 3562 sed
3395 3506 3441 3560 si
3498 3521 3600 3562 vos

1997 3620 2050 3673 in
2083 3629 2234 3684 pace,
2265 3620 2338 3676 et,
2371 3609 2510 3664 sicut
2541 3620 2721 3674 spero,
2756 3603 2812 3655 in
2841 3599 3023 3654 studio
3056 3598 3194 3652 bene
3249 3593 3471 3651 vivendi
3543 3600 3606 3650 et

2003 3681 2251 3762 salivandi
2276 3699 2490 3754 animas
2523 3700 2732 3748 vestras
2764 3689 2962 3753 vivitis,
3023 3684 3326 3742 secundum
3378 3681 3606 3739 deside-

1999 3797 2139 3851 rium
2170 3805 2378 3853 meum,
2411 3795 2542 3840 tunc
2573 3781 2740 3836 multa
2801 3776 2980 3850 magis
3035 3784 3092 3831 et
3146 3774 3329 3830 verius
3379 3779 3610 3845 augetur

2002 3883 2261 3956 gaudium
2293 3890 2490 3932 meum.
2521 3873 2718 3927 Precor
2747 3868 2931 3938 itaque
2971 3871 3173 3938 quanto
3222 3860 3418 3919 atfectu
3471 3875 3606 3933 pos-

1619 4016 1708 4070 VA
1718 4013 1852 4069 11le
1908 4008 2184 4067 LECTON
2192 4004 2294 4060 ES.

1510 4154 1809 4211 JOANNIS
1849 4151 2140 4209 PICARDI
2171 4144 2398 4202 ΝΟΤΕ.

369 4095 440 4124 ⁸⁸⁹
471 4094 610 4150 Cum
639 4093 824 4150 eodem
848 4108 954 4147 ms.
986 4091 1218 4147 collata.

371 4294 490 4361 (19)
522 4293 733 4345 Roman
755 4287 1088 4361 tendensee
1117 4285 1457 4361 intentione.
1489 4281 1662 4349 Quam
1684 4278 1902 4359 quidem
1931 4279 1989 4342 D
2019 4271 2275 4361 simile‘in
2312 4265 2563 4361 ari-91mm:
2585 4253 3336 4361 dlejlatt’l‘glnfttifeitibjggg
3355 4249 3608 4361 ej‘tljdedm

297 4348 680 4422 noverant,“
726 4374 832 4427 quo
889 4357 1201 4418 scribebat;
1253 4354 1349 4410 sed
1405 4348 1524 4427 non;
1577 4348 1768 4427 omnes
1814 4348 1907 4420 qui

299 4436 448 4489 hunc
467 4435 642 4487 locum
670 4424 916 4490 viderint,
963 4428 1064 4481 nisi
1114 4442 1317 4480 renexo
1374 4424 1600 4477 stamine
1655 4425 1895 4477 interru-

301 4515 458 4576 ptum
491 4501 726 4576 historias
782 4499 929 4576 ﬁlum
954 4571 965 4576 _
989 4509 1336 4576 retexamus.
1377 4495 1660 4575 Anselmus
1714 4493 1898 4576 igitur,

305 4565 533 4642 accepta
579 4571 852 4626 Paschalis
882 4571 1107 4640 epistola
1137 4567 1449 4642 penultima,
1484 4565 1905 4642 quwimpudens

304 4634 598 4717 regiorum,
616 4634 928 4717 legatorum
951 4634 1154 4717 deterit
1172 4634 1911 4717 -mendaciumhconstantius

305 4707 561 4773 devl'endit
589 4707 963 4768 int'estittilam
991 4711 1477 4767 ecclesiaslicarum
1513 4707 1812 4761 libertatem
1856 4711 1910 4758 et

383 4797 664 4842 testatem.
705 4786 824 4839 Rex
855 4789 1034 4838 autem
1065 4783 1327 4852 regnique
1355 4795 1631 4852 proceres,
1664 4777 1912 4852 videntes

383 4806 664 4842 ῑεειδιιιῐη.
707 4806 824 4839 nox
855 4806 1034 4838 8018"]
1065 4806 1327 4852 regnique
1357 4806 1631 4848 pl'tlucl'ua,
1669 4806 1906 4830 VIuCIuca

307 4806 410 4916 ﬁeri
446 4860 618 4912 virum
650 4865 756 4910 tam
788 4859 1001 4910 excelso
1032 4853 1294 4923 ﬁrmoque
1324 4851 1526 4908 animo.
1560 4859 1742 4903 utnec
1758 4848 1906 4900 blan-

309 4932 467 4987 ditiis
498 4929 945 4983 mollesceretaut
975 4925 1135 4978 minis
1174 4930 1568 4984 concuteretur,
1629 4923 1914 4973 suaserunt

312 5013 370 5057 ut
390 5005 516 5071 ipse
548 5001 775 5071 Romam
805 4995 1259 5066 proﬁcisceretur,
1307 4991 1700 5071 conﬁdentibus
1727 4996 1916 5071 "atque

312 5059 480 5129 etiam
516 5059 864 5125 credentibus
907 5076 1070 5121 totam
1127 5081 1238 5120 rem
1280 5065 1404 5134 ejus
1458 5078 1622 5134 opera
1674 5059 1915 5114 felicissi-

314 5159 468 5199 mum
498 5142 804 5196 sortiturum
836 5139 1066 5192 exitum.
1113 5133 1614 5190 Paruit'Anselmus
1666 5145 1916 5186 commo-

316 5214 607 5277 nitoribus,
639 5209 772 5264 nihil
811 5227 914 5265 non
951 5209 1243 5263 moliturus
1271 5207 1420 5274 pacis
1439 5221 1576 5272 ergo
1600 5222 1614 5267 ;
1638 5200 1920 5277 discessit-

318 5303 428 5356 que
470 5270 736 5356 Angliav
758 5281 989 5356 Kalend.
1025 5281 1212 5356 Maias,
1235 5270 1377 5356 anno
1428 5270 1606 5356 1101,.
1636 5284 1692 5326 ut
1739 5270 1922 5326 scribit

318 5345 489 5415 Lilius
543 5345 596 5408 ιῖι
642 5354 937 5414 Chronico,
987 5351 1071 5405 cui
1121 5349 1372 5402 libentius
1408 5345 1675 5400 assentior
1759 5357 1920 5415 quam

319 5414 563 5485 Malhzeo
597 5423 824 5484 Parisio,
858 5423 1152 5477 Honedeno
1181 5429 1232 5473 et
1287 5414 1781 5489 Wigorniensi.__id
1840 5429 1926 5465 re-

321 5497 681 5558 censentibus
724 5511 870 5549 anno
925 5494 1081 5548 1103.
1141 5493 1302 5556 Nam,
1365 5485 1422 5544 ut
1480 5489 1614 5542 alias
1662 5485 1924 5558 diximus,

324 5554 620 5627 Knselmus
647 5567 910 5638 Lugduno
956 5571 1242 5638 revocatus
1292 5554 1373 5614 est
1430 5560 1483 5613 in
1542 5557 1798 5638 Angliam
1857 5554 1927 5607 ab

327 5641 563 5698 Henrico
587 5642 633 5708 Ι,
663 5636 804 5694 anno
839 5637 992 5704 1100,
1025 5636 1274 5707 Augusto
1299 5647 1484 5686 mense
1515 5645 1529 5698 ;
1561 5637 1751 5698 estque
1771 5640 1928 5684 vero-

2022 4321 2273 4399 Egilia?
2312 4321 2464 4404 'infb,
2523 4336 2566 4390 si
2624 4330 3001 4404 Honedenum_
3032 4339 3355 4404 sequamur,
3399 4337 3489 4404 vri
3525 4321 3608 4376 Id.

2008 4394 2306 4486 Septemb"
2342 4394 2616 4486 Henricus
2645 4394 3607 4486 Anselmum'invit‘avitin‘Angliam,

2010 4467 2116 4556 ait;
2148 4467 2335 4540 mense
2365 4489 2451 4556 aut
2481 4479 2588 4541 die,
2619 4492 2735 4530 mea
2759 4489 2867 4556 non
2899 4468 3089 4534 refert,
3111 4482 3234 4522 cum
3261 4467 3398 4556 in‘t'er
3418 4479 3611 4556 omnes

2014 4533 2588 4629 ﬁngitis—scriptores
2641 4552 2852 4628 constet
2921 4557 2985 4622 eo
3067 4533 3211 4594 anno
3265 4533 3614 4629 μΝοῖςηιὶῃνὶ

2017 4608 2540 4685 ἧιὲῖιὲξΛῑιεθιὶηιιῐη
2572 4633 2730 4674 sacro
2780 4613 3029 4685 iunxisse
3081 4608 3353 4685 connubio
3408 4608 3612 4685 Henri-

2018 4677 2363 4762 Eaiﬁ'iegiém
2391 4703 2447 4747 et
2475 4677 2806 4750 Mathildam',
2841 4683 3099 4762 Maeotini
3120 4682 3403 4762 sectorum
3447 4677 3612 4762 regis

2018 4749 2342 4827 hiantis:
2377 4765 2699 4822 Eadmerus,
2731 4753 3134 4826 peregrinantis
3161 4749 3400 4827 Anselmi
3423 4749 3611 4827 Aelia-

2020 4822 2460 4902 tesindividuus,
2482 4834 2578 4888 liti.
2613 4832 2658 4886 ιι
2681 4822 2811 4884 Viue
2867 4822 3006 4902 ejus.
3063 4832 3115 4878 et
3161 4822 3616 4902 Walsjnghamus

2019 4893 2511 4982 in—Hypodigrnarte
2540 4903 2809 4982 _Neustria:
2839 4900 3134 4982 observant
3163 4896 3260 4982 has
3283 4893 3504 4982 ἔξω*ίοὶ
3561 4894 3619 4982 εξ

2024 4963 2265 5040 ληὲέιῆἱ
2310 4963 2619 5033 {nimicitias
2675 4988 2786 5047 non
2839 4969 2939 5047 nisi
2995 4974 3128 5047 post.
3167 4963 3509 5018 dimidiarum
3540 4967 3620 5047 Aet

2025 5053 2321 5110 secundum
2345 5048 2594 5120 ejusdem
2626 5042 2868 5120 Anselmi
2926 5041 3158 5117 reversi.
3190 5051 3412 5120 annum,
3434 5105 3445 5116 ο
3467 5041 3619 5120 natas

2026 5105 2356 5192 ééééfQuod
2374 5105 2602 5192 tempus
2623 5116 2772 5170 deest
2801 5109 3272 5192 ini-supputatione
3329 5105 3518 5192 Parisii
3546 5111 3622 5185 ,οι

2029 5177 2331 5252 Ηοιῖεὰἶηί.
2367 5177 2730 5259 Quamobrem
2751 5177 3082 5259 certiorest,
3114 5177 3402 5259 imo.nu.lla
3444 5177 3628 5259 verior

2029 5248 2468 5337 clironVo—graphia
2515 5256 2786 5320 Eadmeri,
2838 5253 2925 5310 cui
2982 5252 3102 5337 soli,
3155 5249 3244 5337 qui
3303 5248 3631 5303 Anselmum

2029 5322 2185 5400 vidit,
2218 5322 2508 5392 comitatus
2535 5338 2618 5385 est
2647 5337 2861 5384 euntem
2894 5333 2945 5380 et
2982 5322 3320 5400 redeuntem,
3366 5334 3432 5373 ac
3466 5331 3631 5400 Aper-

2389 5386 2705 5459 extremum
2745 5412 2916 5466 usque
2948 5399 3092 5474 vtae
3139 5392 3409 5474 spiritum,
3461 5386 3629 5443 ﬁdem

2036 5464 2340 5554 promptius
2353 5473 2707 5533 accommodo
2723 5464 2886 5543 quam
2913 5466 3068 5522 alteri
3096 5464 3334 5520 cuilibet.
