4010 6064
338 160 444 217 115

835 157 890 214 S.
925 155 1231 214 ANSELMI
1269 156 1611 213 CANTUAR.
1653 155 1978 212 ARCHIEP.
2013 156 2165 215 OPP.
2198 159 2372 215 PARS
2403 160 2495 214 III.
2528 190 2599 200 —
2641 160 3028 217 EPISTOLzE.

3539 161 3637 216 116

343 301 484 352 sum,
511 292 570 339 ut
593 299 810 355 semper
839 283 906 338 ad
947 283 1173 337 meliora
1205 282 1419 337 solliciti
1478 282 1593 336 sitis
1651 281 1937 352 proficere,
1971 284 2028 349 Α
2062 293 2184 338 sunt
2214 284 2448 345 utilitati.
2474 301 2597 340 mea
2627 296 2769 353 sunt,
2805 292 2857 342 et
2889 304 3023 342 meae
3063 288 3638 358 subjacentpotestati;

348 374 721 432 etnullatenus
750 375 819 427 ab.
845 374 926 426 his
954 372 1023 427 ad
1055 389 1178 443 qua:
1212 388 1308 427 vos
1346 371 1440 426 Dei
1471 372 1648 444 gratia
1673 373 1940 442 provexit,

344 464 598 520 deﬁcere.
633 463 715 518 Ad
744 463 975 517 invicem
1007 462 1302 516 secundum
1336 462 1506 515 Deum
1537 461 1842 516 dilectionis
1892 471 1945 515 et

345 553 648 619 concordia:
677 552 1016 608 dulcedinem
1047 561 1281 616 servate,
1313 549 1516 605 ordinis
1545 551 1713 605 vestri
1760 549 1943 604 distri-

350 642 584 697 ctionem
631 643 748 695 sine
787 639 1132 694 simulatione
1185 649 1383 707 amate,
1443 641 1610 695 corda
1655 648 1827 694 vestra
1874 639 1946 692 ad

347 731 661 786 societatem
693 730 1010 801 angelorum
1047 724 1129 797 ³⁷⁰,
1163 737 1570 799 propterquam
1601 729 1741 784 bene
1799 729 1942 784 vivi-

345 821 434 888 tis,
461 821 576 875 sine
604 819 1002 874 intermissione
1032 819 1208 873 levate
1242 832 1253 870 :
1285 819 1340 871 in
1367 819 1512 872 omni
1534 817 1848 873 ditﬁcultale
1893 825 1946 871 et

345 908 674 964 adversitate
706 909 1007 978 temporali,
1060 911 1109 962 si
1139 902 1200 933 ⁸⁷¹
1253 908 1564 976 contigerit,
1625 923 1690 962 ne
1736 907 1941 960 bonum

346 998 584 1052 studium
617 1005 857 1052 vestrum
887 997 1230 1068 aliquatenus
1271 994 1332 1025 ⁸⁷³
1388 998 1754 1067 perturbetur,
1813 1013 1940 1051 con-

349 1086 669 1142 solationem
692 1087 789 1141 Rei
859 1088 1065 1142 orando
1112 1095 1346 1157 sperate.
1407 1086 1730 1156 Ubicunque
1787 1086 1937 1154 estis,

347 1176 465 1232 sive
491 1176 545 1229 in
575 1185 872 1244 conspectu
904 1176 1204 1239 hominum,
1234 1176 1346 1230 sive
1370 1183 1569 1230 tantum
1593 1176 1647 1228 in
1702 1190 1938 1244 c0iispe-

340 1273 429 1320 ctu
447 1265 564 1330 Dei,
600 1281 631 1318 a
660 1280 768 1335 quo
796 1281 1070 1336 nunquam
1103 1265 1332 1332 abestis,
1366 1265 1420 1318 in
1457 1265 1710 1318 omnibus
1766 1264 1939 1319 actio-

340 1352 504 1407 nibus
530 1352 744 1419 vestris,
773 1354 985 1424 magnis
1013 1353 1099 1408 vel
1131 1354 1336 1423 parvis,
1365 1354 1532 1408 etiam
1561 1354 1613 1406 in
1642 1354 1937 1424 cogitatio-

339 1442 502 1506 nibus
532 1458 651 1496 cum
704 1443 992 1497 Psalmista
1046 1443 1258 1499 animas
1314 1450 1520 1497 vestras
1572 1442 1629 1496 in
1684 1444 1939 1499 manibus

346 1530 548 1586 vestris
579 1546 792 1600 semper
823 1539 1055 1601 portate.
1105 1532 1463 1601 Omnipotens
1520 1533 1666 1587 Deus
1713 1532 1789 1586 sic
1846 1548 1939 1587 vos

339 1626 588 1690 protegat
618 1619 674 1672 in
697 1620 967 1687 omnibus,
1001 1629 1055 1674 et
1084 1620 1304 1692 dirigat,
1339 1629 1392 1674 ut
1423 1621 1492 1675 ad
1523 1629 1781 1676 aeternam
1812 1621 1939 1675 bea-
1971 1641 2024 1705 Β

345 1707 628 1762 titudinem
672 1724 769 1778 per
797 1708 1162 1776 temporalem
1201 1710 1614 1779 prosperitaiem
1670 1709 1942 1779 perduc—at.

265 1796 271 1802 ’
336 1797 536 1852 Amen.
567 1797 830 1867 Nepotem
862 1813 1043 1851 meum
1075 1798 1395 1856 Anselmum
1436 1799 1682 1854 charitati
1730 1807 1943 1873 vestrm,

348 1885 486 1940 sicut
521 1902 738 1940 carnem
773 1901 970 1948 meam,
1003 1889 1348 1950 commendo,
1368 1893 1494 1942 utet
1519 1888 1941 1968 discerevaleat,

344 1983 395 2029 et
426 1975 594 2028 vitam
629 1990 782 2028 suam
805 1974 1094 2030 custodiat.
1128 1976 1362 2030 Domino
1393 1977 1650 2042 Roberto,
1708 1978 1798 2048 qui
1843 1994 1941 2031 cu-

340 2063 512 2118 stodit
561 2064 784 2118 domum
831 2073 1071 2120 nostram
1131 2066 1384 2135 principio
1432 2073 1489 2120 ut
1544 2073 1710 2120 totum
1761 2067 1943 2120 vinum

342 2161 589 2207 nostrum
623 2155 766 2222 quod
800 2152 1107 2208 Caniuarire
1145 2153 1351 2222 dimisi,
1384 2171 1486 2208 vos
1516 2156 1731 2221 tribuat,
1758 2163 1810 2210 et
1850 2171 1945 2209 se-

340 2242 577 2302 cundum
600 2242 932 2298 voluntatem
952 2244 1158 2299 domini
1183 2245 1379 2313 prioris
1398 2242 1455 2297 in
1493 2251 1733 2299 vestrum
1787 2262 1943 2301 usum

338 2330 623 2402 expendat.

654 2421 818 2489 396
855 2438 1196 2495 EPISTOLA
1245 2441 1518 2496 LXXVIII
1549 2438 1630 2498 ³⁷³.

493 2542 740 2588 ANSBLMI
796 2542 876 2583 AD
910 2545 1248 2585 GONDULFUM
1277 2545 1786 2586 ARCHIBPISCOPUM.

337 2637 535 2706 Regem
565 2652 682 2690 non
705 2636 902 2692 debere
932 2655 966 2721 ai
1003 2637 1296 2720 monachis
1336 2641 1439 2693 aut
1468 2639 1718 2694 Ecclesia
1767 2655 1944 2712 pecu-

903 2725 1064 2763 mam
1103 2724 1351 2779 exigere.

409 2815 708 2870 ANBELMUS
729 2813 1172 2885 archiepiscopus
1195 2813 1499 2870 reverenda
1513 2817 1776 2890 episcopo
1789 2817 1944 2874 Gon-

339 2914 520 2959 θυιΡο
550 2905 807 2958 salutem.

2053 374 2167 428 etsi
2203 373 2303 444 ipsi
2335 375 2658 446 indigerent,
2688 376 2942 447 quidquid
2978 377 3255 443 haberem,
3293 393 3481 431 eorum
3538 377 3640 430 de-

2054 462 2238 517 berem
2297 466 2603 532 expendere
2660 467 2982 521 neccssitati.
3033 467 3216 535 Quare
3262 483 3382 520 cum
3465 466 3640 521 omnis

2053 553 2320 606 mundana
2355 554 2654 608 adversitas
2675 570 2770 621 pro
2802 571 2900 608 suo
2933 557 3094 610 modo
3116 564 3170 609 et
3200 556 3406 609 ratione
3457 563 3644 628 tangat

2053 642 2292 694 animum
2325 657 2524 705 meum,
2559 643 2648 695 illa
2675 641 2735 670 ⁸⁸¹
2767 644 2948 713 utique
2979 661 3101 714 qua”:
3159 645 3280 698 illos
3337 646 3637 707 contriSIat,

2053 731 2372 800 profundius
2405 730 2547 784 liedit
2576 747 2670 785 cor
2687 748 2860 786 meum
2899 752 2911 797 ;
2945 738 2998 786 et
3027 749 3124 788 vos
3153 732 3302 786 scitis
3353 733 3475 801 quia
3538 742 3642 785 tam

2051 820 2310 874 inauditae
2338 820 2560 874 insuetae
2594 822 2668 874 rei
2701 836 2980 874 assensum
3016 821 3259 891 praebere
3293 836 3397 874 non
3429 819 3638 881 debeo;

2052 917 2105 964 et
2134 910 2386 979 quoniam
2420 926 2527 964 non
2557 909 2750 975 debeo,
2786 926 2892 964 non
2915 911 3111 975 audeo,
3139 919 3195 965 ut
3221 927 3248 964 a
3281 909 3558 965 monachis
3577 907 3645 936 '”

2050 1000 2256 1069 absque
2279 999 2500 1068 praelato
2532 1014 2650 1064 suo,
2681 1000 2909 1067 pecunia
2940 1002 3228 1071 exigatur:
3265 1008 3314 1054 et
3345 999 3466 1054 ideo
3527 1015 3641 1053 non

2048 1088 2181 1140 mihi
2211 1103 2313 1142 nec
2343 1087 2503 1140 alieni
2525 1089 2743 1158 expedit
2772 1097 2824 1141 ut
2852 1089 2967 1143 haec
2996 1089 3335 1144 consuetudo
3364 1087 3418 1142 in
3447 1087 3642 1143 Eccle-

2048 1178 2183 1231 siam
2216 1175 2314 1231 Dei
2343 1177 2525 1248 aliquo
2555 1193 2781 1231 assensu
2816 1179 3209 1232 introducatur.

2480 1302 2821 1358 EPISTOLA
2877 1301 3103 1356 LXXIX
3130 1302 3211 1358 ⁸⁸³.

2224 1436 2462 1476 ANSELMI
2492 1435 2564 1475 AD
2605 1435 2888 1476 BENRICUM
2919 1433 3107 1474 BEGEM
3137 1433 3461 1474 ANGLORUH.

2199 1544 2482 1601 Hortatur
2519 1561 2701 1616 regem
2763 1549 2827 1599 ut
2876 1545 3090 1601 caelesti
3139 1545 3266 1614 Regi
3302 1543 3538 1599 obediat.

2121 1670 2396 1734 Hammon,
2431 1670 2650 1724 domino
2680 1670 2995 1736 reverenda,
3028 1668 3278 1740 glorioso
3302 1667 3417 1739 regi
3440 1667 3650 1738 Anglo-

2053 1775 2189 1824 rum,
2226 1763 2545 1825 Ansnmws,
2605 1759 3055 1828 archiepiscopus
3112 1758 3422 1812 Cantuario'e
3483 1755 3647 1812 ﬁdele

2052 1849 2330 1904 servitium
2361 1865 2482 1903 cum
2514 1848 2863 1903 orationibus.

2123 1936 2342 1992 Gratias
2372 1954 2476 2009 ago
2506 1939 2633 2004 Deo,
2661 1954 2693 1992 a
2724 1954 2828 2008 quo
2871 1945 2959 1992 est
3015 1952 3173 1992 omne
3203 1934 3262 1963 "‘
3288 1935 3520 2000 bonum,
3569 1934 3642 1990 de

2051 2035 2231 2080 vestra
2288 2027 2647 2082 incolumilaie
2706 2036 2758 2082 et
2815 2027 3104 2092 hilaritate,
3156 2034 3206 2080 et
3253 2025 3380 2096 quia
3437 2032 3642 2079 vestros

2052 2130 2331 2169 successus
2363 2116 2432 2169 ad
2473 2117 2680 2181 majora
2721 2122 2774 2168 et
2814 2115 3039 2168 meliora
3067 2111 3126 2140 ³⁸⁵
3171 2127 3298 2168 cum
3356 2119 3533 2167 vestra
3589 2119 3643 2164 et

2054 2212 2358 2258 vestrorum
2392 2205 2632 2257 fidelium
2664 2203 2844 2257 laetitia
2873 2204 3146 2273 provehit.
3206 2201 3421 2256 Gratias
3477 2200 3644 2255 etiam

2050 2309 2158 2365 ago
2217 2302 2409 2347 vestra:
2459 2293 2779 2357 celsnudini,
2843 2292 2965 2361 quia
3010 2293 3127 2346 haec
3181 2290 3312 2344 mihi
3383 2290 3644 2343 mandare

2053 2382 2265 2452 dignila
2295 2390 2392 2448 est,
2417 2383 2549 2436 sicut
2580 2379 2719 2436 ﬁdeli
2753 2397 2850 2435 suo
2880 2382 2946 2435 de
2973 2395 3079 2450 quo
3121 2380 3363 2443 coniidit,
3411 2381 3543 2450 quia
3590 2377 3646 2431 in

2052 2471 2306 2524 omnibus
2334 2474 2445 2524 suis
2474 2469 2934 2540 prosperitaiibus
2965 2470 3299 2539 congaudet,
3333 2476 3385 2523 et
3414 2469 3496 2522 illi
3544 2483 3645 2522 cu-

2045 2559 2138 2628 jus
2160 2559 2513 2628 dispositione
2546 2557 2697 2623 tiunt,
2723 2559 2927 2628 gratias
2949 2557 3085 2628 agit.
3113 2558 3310 2610 Verum
3364 2557 3510 2612 enim
3565 2562 3648 2611 est

2051 2651 2178 2719 quia
2210 2648 2300 2703 hic
2331 2648 2569 2722 quotidie
2591 2656 2710 2702 orat
2731 2656 2785 2701 et
2807 2648 3088 2701 desiderat
3126 2662 3327 2712 meum,
3387 2654 3441 2700 ut
3499 2646 3646 2699 Deus

2052 2751 2149 2790 vos
2179 2743 2232 2789 et
2248 2741 2422 2788 vestra
2444 2737 2527 2790 sic
2556 2744 2712 2805 regat
2741 2745 2793 2790 et
2823 2742 3074 2806 protegat
3097 2735 3151 2787 in
3197 2734 3376 2805 gloria
3433 2741 3647 2800 tempo-

2051 2823 2182 2877 ralis
2205 2824 2356 2894 regni
2387 2840 2551 2892 super
2571 2824 2800 2895 Anglos,
2835 2832 3099 2894 quatenus
3138 2823 3192 2877 iu
3220 2831 3421 2878 aeterna
3465 2821 3651 2876 felici-

2053 2920 2160 2968 tate
2191 2928 2416 2982 regnare
2447 2912 2610 2966 faciat
2639 2913 2777 2967 inter
2806 2913 3053 2982 angelos.
3089 2913 3203 2966 Hoc
3235 2911 3419 2982 utique
3449 2919 3555 2975 est,
3579 2910 3649 2964 ad

414 2991 608 3047 Audivi
642 2993 762 3062 quia
793 2992 1046 3048 dominus
1077 3001 1260 3051 noster
1288 3012 1388 3050 rex
1445 2993 1506 3025 ⁸⁷⁸
1563 3013 1598 3053 a
1652 3000 1840 3070 priore
1898 3004 1949 3058 el
1980 2990 2029 3054 C
2058 3003 2202 3074 quod
2227 3003 2467 3056 maxime
2499 3001 2653 3056 vobis
2683 3002 2889 3056 servire
2931 3003 3112 3071 cupio.
3155 3000 3508 3070 Quapmpter
3525 3000 3654 3070 quia

349 3083 634 3152 monachis
665 3089 866 3137 nostra:
924 3082 1186 3140 Ecclesiae
1240 3086 1372 3155 petit
1429 3089 1738 3155 pecuniam,
1784 3107 1946 3160 quam

349 3165 454 3241 ipsi
486 3185 595 3225 non
617 3169 817 3225 habent
850 3187 948 3226 nec
979 3173 1185 3228 habere
1236 3190 1491 3244 possunt,
1515 3179 1793 3244 quoniam,
1813 3175 1948 3235 sicul

356 3254 484 3314 mihi
516 3260 829 3315 mandatum
852 3269 960 3326 est,
981 3262 1344 3318 creditoribus
1374 3280 1481 3319 non
1521 3267 1791 3323 modicam
1850 3269 1950 3333 de-

355 3345 482 3403 bent
512 3348 820 3420 pecuniam,
853 3357 907 3404 et
943 3360 1168 3422 propter
1200 3352 1551 3422 indigentiam
1585 3355 1641 3409 in
1700 3358 1782 3411 his
1836 3375 1955 3427 quae

355 3438 460 3492 sibi
488 3435 548 3466 ³⁷⁵
576 3438 877 3494 necessaria
919 3449 1062 3506 sunt,
1119 3456 1374 3511 magnam
1425 3445 1693 3512 patiuntur
1745 3444 1804 3473 ⁸⁷⁸
1861 3464 1956 3501 an-

353 3527 608 3599 gnstiam.
633 3529 714 3582 Ad
747 3544 890 3598 opus
921 3529 1084 3582 etiam
1143 3529 1388 3584 ecclesiae
1429 3533 1735 3602 inceeptum,
1794 3536 1960 3589 dimi-

352 3616 500 3670 dium
533 3616 676 3685 quod
707 3617 1091 3671 constitueram
1125 3618 1323 3674 habere
1347 3630 1618 3689 nequeunt
1642 3640 1654 3681 ;
1677 3631 1728 3676 et
1775 3625 1823 3677 si
1871 3626 1960 3679 ha-

359 3704 572 3773 berent,
605 3720 704 3759 nec
735 3722 917 3775 regem
943 3705 1099 3760 decet
1128 3708 1195 3760 ab
1232 3706 1339 3760 illis
1368 3707 1571 3778 aliquid
1601 3708 1663 3737 ⁸⁷⁷
1719 3713 1961 3784 exigere,

367 3794 459 3863 qui
490 3793 626 3846 nihil
657 3810 756 3849 nec
778 3795 990 3864 seipsos
1023 3795 1242 3860 habent,
1277 3795 1414 3850 sicut
1443 3801 1714 3866 monachi,
1749 3818 1848 3859 ncc
1898 3804 1966 3858 ad

363 3881 486 3934 illos
518 3881 750 3952 pertinet
806 3883 1008 3954 aliquid
1063 3885 1195 3938 dare
1256 3885 1342 3939 vel
1402 3888 1775 3944 accomodare
1823 3892 1967 3962 quod

366 3984 557 4024 eorum
590 3985 698 4025 non
732 3979 840 4025 est.
880 3972 1032 4026 Unde
1067 3971 1220 4026 vobis
1249 3973 1448 4027 mando
1480 3983 1532 4029 et
1556 3983 1966 4050 precorutregi

367 4056 648 4124 precando
680 4056 955 4110 suadealis
987 4064 1254 4126 quatenus
1281 4059 1468 4112 omnia
1498 4069 1678 4114 nostra
1708 4062 1761 4116 in
1814 4080 1968 4134 pace,

374 4145 551 4201 donec
582 4145 820 4213 redeam,
846 4145 1025 4216 quieta
1058 4162 1284 4201 manere
1307 4146 1516 4219 jubeat,
1549 4149 1970 4221 sicutpromisit,

372 4235 502 4306 quia
530 4236 574 4290 si
605 4235 771 4301 Deus,
807 4235 1106 4290 secundum
1139 4237 1282 4306 quod
1310 4238 1590 4307 proposui,
1651 4240 1781 4294 mihi
1839 4257 1969 4312 pro-

372 4340 531 4396 spere
564 4324 742 4379 redire
771 4326 1122 4392 concesserit,
1157 4329 1385 4380 serviam
1420 4327 1468 4381 ei
1491 4327 1624 4381 sicut
1652 4329 1830 4386 debeo
1878 4331 1972 4388 do-

373 4415 526 4469 m'ino
561 4421 614 4469 et
643 4413 761 4486 regi
794 4429 943 4468 meo.
983 4412 1137 4482 Quod
1170 4418 1215 4468 si
1235 4415 1442 4478 fecerit,
1461 4417 1836 4489 gratiasagam
1863 4421 1976 4474 Deo

376 4511 433 4558 et
461 4503 536 4556 illi
572 4519 586 4563 ς
619 4517 677 4556 se
709 4518 840 4560 vero
872 4518 1066 4572 preces
1087 4512 1301 4557 nostras
1325 4519 1432 4558 non
1462 4505 1714 4568 audierit,
1769 4515 1821 4560 et
1866 4508 1973 4561 ali-

377 4593 505 4664 quid
535 4587 596 4619 ⁸⁷⁸
625 4591 768 4646 unde
796 4591 1010 4645 doleam
1042 4591 1247 4647 faceret
1294 4592 1544 4658 voluerit,
1604 4593 1786 4659 faciet,
1839 4595 1977 4650 sicut

379 4680 651 4745 dominus,
681 4683 824 4752 quod
856 4679 938 4733 illi
969 4680 1203 4747 placebit
1229 4677 1311 4750 "",
1344 4681 1439 4736 sed
1472 4697 1580 4736 non
1612 4682 1741 4736 mihi
1774 4685 1978 4739 videbi-

380 4778 461 4843 tur
486 4771 667 4826 facere
698 4767 844 4838 quod
871 4769 1092 4826 debebit
1118 4767 1178 4795 ⁸⁸⁰
1229 4770 1349 4826 Non
1395 4770 1539 4827 enim
1597 4787 1706 4843 ego.
1743 4777 1798 4827 et
1853 4789 1976 4828 mo-

375 4862 540 4920 ﬂaiizhi
559 4860 717 4916 divisi
735 4874 940 4928 sumus,
971 4858 1072 4913 sed
1089 4858 1272 4913 omnia
1301 4876 1423 4931 quin
1463 4860 1684 4917 illorum
1741 4861 1978 4916 stabilita

2056 3093 2123 3145 ad
2158 3108 2244 3146 me
2277 3093 2522 3160 pertinet,
2555 3091 2622 3144 ad
2644 3091 2748 3146 hoc
2786 3093 2928 3145 enim
2957 3091 3162 3160 p0situs
3191 3106 3332 3153 sum,
3367 3097 3424 3142 ut
3478 3088 3654 3144 ﬁdelis

2059 3191 2112 3236 et
2141 3182 2434 3250 episcOpIis
2461 3183 2709 3244 consulo,
2740 3195 2955 3250 precor,
2989 3190 3038 3234 et
3069 3181 3207 3233 sicut
3251 3179 3510 3247 scriptum
3550 3185 3652 3242 est,

2060 3272 2287 3326 obsecro
2317 3278 2636 3338 Opportune,
2669 3269 2997 3338 importune,
3017 3270 3243 3336 ut,sicut
3263 3269 3406 3322 Deus
3424 3275 3656 3326 vestram

2062 3366 2226 3430 auget
2256 3360 2671 3427 prosperitatem
2703 3368 2752 3411 et
2782 3357 2988 3411 exaltat
3033 3362 3372 3426 potestatem,
3437 3356 3509 3409 ita
3560 3370 3660 3410 vos

2065 3459 2226 3512 super
2248 3441 2308 3469 ⁸⁸⁸
2359 3442 2540 3496 omnia
2587 3458 2701 3508 eius
2758 3443 2948 3496 ametis
2995 3442 3047 3494 in
3096 3440 3347 3495 omnibus
3402 3440 3662 3509 operibus

2067 3531 2262 3584 vestris
2289 3546 2505 3584 servare
2527 3531 2882 3585 voluntatem.
2909 3529 3064 3598 Quod
3103 3529 3181 3582 sic
3221 3545 3320 3582 vos
3376 3529 3524 3582 Dens
3567 3528 3662 3581 diu

2071 3620 2124 3673 in
2191 3622 2289 3674 hac
2324 3619 2428 3672 vita
2479 3635 2660 3673 secum
2687 3620 2742 3671 in
2779 3614 3437 3688 aeternitatemgauderet
3469 3616 3662 3670 faciat.

2074 3709 2212 3780 Erga
2231 3723 2336 3772 me,
2374 3707 2468 3762 Dei
2497 3710 2687 3778 gratia,
2719 3715 2913 3762 cuncta
2941 3722 3200 3776 prospere
3238 3716 3361 3758 sunt
3395 3719 3409 3771 ;
3460 3713 3511 3758 et
3538 3711 3664 3757 ante

2074 3797 2492 3865 Assumptionen
2525 3802 2724 3849 sanctae
2753 3796 2933 3849 Mariae
2981 3795 3048 3848 de
3105 3795 3275 3848 Becco
3330 3791 3663 3863 proficiscar,

2074 3894 2148 3948 ut,
2184 3885 2474 3938 secundum
2505 3884 2649 3954 quod
2682 3885 2824 3937 Deus
2855 3891 3074 3950 annuet,
3105 3897 3415 3951 prosequar
3447 3889 3669 3950 propter

2079 3975 2223 4044 quod
2254 3975 2322 4027 de
2354 3973 2548 4044 Anglia
2605 3989 2860 4044 egressus
2918 3989 3057 4025 sum.
3120 3973 3198 4026 De
3230 3971 3426 4027 nostris
3483 3970 3666 4036 rebus,

2079 4063 2322 4134 quamvis
2351 4066 2452 4117 hoc
2478 4077 2599 4116 esse
2631 4061 2684 4115 in
2718 4071 2898 4116 vestra
2931 4062 3074 4115 bona
3122 4059 3390 4116 voluntate
3423 4057 3507 4124 ³⁸⁸,
3531 4074 3670 4112 con-

2079 4153 2260 4217 ﬁdam,
2286 4168 2422 4219 rogo
2453 4161 2630 4205 tamen
2661 4160 2718 4205 ut
2738 4166 2831 4206 eas
2862 4151 2914 4204 in
2946 4151 3124 4220 quiete
3156 4165 3372 4204 manere
3412 4147 3672 4217 jubeatis,

2080 4243 2259 4298 donec
2289 4239 2505 4295 redeam
2521 4280 2534 4294 .

2557 4357 2896 4412 EPISTOLA
2954 4357 3153 4410 LXXX
3169 4396 3180 4408 .

2085 4486 2327 4537 ANSELMI
2359 4494 2430 4534 AD
2458 4493 2759 4533 ERNULFUM
2780 4494 2847 4532 ΕΤ
2867 4492 3161 4533 HONACl-IOS
3191 4489 3678 4530 CANTUARIBNSES.

2312 4578 2387 4631 De
2409 4578 2631 4631 clericis
2658 4578 2718 4631 in
2748 4576 3050 4630 monacho:
3081 4573 3438 4644 recipiendis.

2155 4687 2452 4740 ANSELMUS
2484 4682 2946 4752 archiepiscOpus,
2980 4681 3184 4735 domno
3213 4678 3381 4750 priori
3417 4678 3684 4732 EnNULro

2087 4783 2140 4829 et
2167 4775 2287 4827 aliis
2316 4773 2573 4825 fratribus
2605 4771 2859 4825 Ecclesiae
2888 4769 3082 4824 Christi
3114 4768 3536 4831 Cantuariensis,
3589 4782 3685 4820 sa-

2087 4863 2252 4918 lutem
2275 4871 2327 4915 et
2343 4860 2767 4915 benedictionem
2802 4861 2920 4927 Dei,
2945 4868 2997 4914 et
3015 4873 3190 4923 suam,
3216 4865 3470 4926 quantum
3484 4863 3684 4927 potest.

1673 4961 1900 5016 VARIzE
1973 4958 2274 5016 LECTION
2280 4958 2364 5013 ES
2377 4999 2390 5012 .

455 5057 831 5129 "’°Anglorum
861 5075 969 5114 me.
1001 5056 1353 5127 Angelorum.

382 5147 492 5200 m8.
523 5131 756 5185 Studium
790 5140 1030 5186 vestrum
1063 5129 1418 5199 aliquatenus.

1465 5057 1869 5114 ’“Adversitate
1907 5061 1958 5112 si
1983 5075 2090 5114 ms.
2124 5058 2451 5112 adversitate
2506 5055 2789 5125 temporali
2845 5056 2908 5109 si.

1495 5129 1703 5186 "'(Jum
1735 5140 1924 5187 eodem
1953 5147 2057 5186 ms.
2091 5132 2332 5186 collata.

398 5213 636 5273 gentiam
696 5218 816 5272 qun‘
872 5202 970 5254 sibi
1016 5218 1124 5255 ms.
1171 5201 1523 5273 Indigintiarn
1576 5204 1630 5254 in
1685 5203 1766 5253 his
1815 5217 1930 5270 qua-
1983 5202 2101 5255 Sibi.

2995 5053 3307 5133 '"Siudium
3339 5051 3687 5133 aliquatenus

3451 5117 3512 5149 ⁸⁷⁸
3532 5123 3687 5178 [nd-i-

3508 5194 3687 5247 ’"lilis

2441 5127 2696 5181 ’"Vester
2730 5144 2820 5181 rex
2879 5145 2985 5182 ms.
3020 5127 3205 5182 no:te'r
3263 5140 3382 5178 ri-x.

2212 5200 2552 5252 ’τδιδειιὶυιιῖυν
2604 5216 2710 5253 nis.
2769 5207 3045 5267 ptil‘Ulllul‘
3089 5200 3418 5267 angustiam.

383 5266 586 5344 aliquid
617 5266 726 5328 ms:
754 5274 876 5326 illos
907 5276 1138 5342 pertinet
1165 5266 1395 5344 aliqi‘iid.
1455 5270 1582 5326 '"Et
1613 5273 1755 5326 aliud
1786 5266 1888 5326 m's.
1922 5283 1973 5326 et
2003 5273 2233 5341 aliquid.
2267 5270 2487 5338 mQuod
2514 5271 2746 5344 plani-bit
2769 5266 2882 5344 gms.
2908 5270 3050 5338 quod
3072 5266 3423 5344 illiplaceliil.
3464 5266 3689 5344 'fo‘uod

383 5343 598 5412 decebit
628 5362 731 5400 ms.
766 5353 906 5412 quod
941 5343 1178 5400 debebit.

1260 5341 1570 5397 "‘Animum
1603 5345 1686 5396 illa
1719 5361 1804 5397 ms
1854 5346 2088 5397 animum
2121 5358 2301 5396 meum
2336 5345 2446 5395 illa.

379 5418 568 5474 eodem
597 5433 706 5472 ms.
746 5417 976 5471 collata.
1037 5413 1139 5469 "‘A
1171 5431 1278 5486 quo
1308 5430 1468 5468 omne
1499 5431 1786 5486 insanum
1808 5424 1888 5468 est
1916 5431 2094 5469 omne.
2156 5414 2408 5467 m’lllelior
2437 5430 2568 5486 mss
2600 5415 2837 5486 meliora.

2513 5340 2851 5396 "’Monacbis
2878 5336 2984 5394 me.
3034 5356 3061 5393 θ
3107 5338 3398 5394 Monac-liis.
3481 5336 3688 5392 '“Cum

2914 5409 3085 5464 ""Vos
3157 5428 3374 5480 semper
3431 5425 3534 5464 τηε.
3589 5425 3686 5464 vos

369 5502 567 5560 super.
632 5487 1066 5545 '"xEternitatem
1115 5483 1217 5542 ms.
1251 5487 1574 5542 aeternitate.
1615 5483 1673 5512 ³⁸³
1687 5487 1870 5541 Vestra
1902 5487 2175 5541 voluntate
2206 5501 2319 5543 ms.
2357 5492 2538 5541 vestra
2559 5484 2702 5540 bona
2733 5483 3004 5538 voluntate
