4010 6064
393 219 494 273 119

959 215 1015 270 S.
1049 211 1353 269 ANSELMI
1385 211 1734 268 CANTUAR.
1769 210 2094 268 ARCHIEP.
2127 213 2281 270 OPP.
2319 209 2489 266 PARS
2523 209 2616 265 Ill.
2652 238 2721 248 —-
2751 202 3132 261 EPISTOLE.

3599 200 3702 257 120

401 340 584 396 anima
612 342 820 405 vestra,
853 337 1074 396 omnino
1102 337 1162 366 ⁸⁸⁸
1196 336 1402 407 perdita
1447 335 1564 398 erit,
1610 352 1708 389 nec
1738 335 1846 390 ulla
1873 353 1996 406 spes
2026 339 2078 398 A
2108 335 2263 390 vobis
2301 334 2732 398 commissarum,
2765 329 2890 385 inde
2938 329 3096 384 vobis
3139 329 3344 385 nullum
3387 328 3701 393 impendere

409 430 536 500 ejus
565 429 777 494 salutis,
811 429 926 484 sive
957 437 1078 482 ante
1103 427 1250 481 diem
1270 425 1454 492 judicii
1483 422 1564 491 "7,
1581 425 1695 479 sive
1713 434 1833 495 post
1855 427 2001 478 diem

407 519 595 586 judicii
645 519 774 572 erit.
829 519 1018 572 Videat
1077 517 1238 587 igitur
1294 523 1468 568 vestra
1511 515 1800 584 prudentia
1843 530 2002 586 quam

413 624 587 678 grave
618 608 816 661 malum
849 610 915 660 sit
946 605 1174 676 perdere
1207 605 1374 657 vitam
1405 611 1670 657 aeternam
1703 612 1755 656 et
1783 605 2008 658 societa-

417 704 523 751 tem
554 694 615 723 "'
650 695 987 767 angelorum.
1030 702 1084 748 et
1130 693 1237 763 pati
1288 703 1618 746 tormentum
1659 701 1918 746 azternum
1955 692 2010 745 in

417 786 674 840 societate
698 783 1062 838 diabolorum.
1113 781 1294 836 Videte
1321 781 1482 836 etiam
1531 797 1692 850 quam
1738 781 2009 850 periculo-

418 889 539 928 sum
569 873 638 926 sit
659 881 712 926 et
751 879 951 941 quanta
1001 869 1316 940 insipientia
1366 869 1420 923 iu
1469 869 1576 923 talli
1608 886 1665 924 re
1703 869 1922 924 differre
1951 868 2012 897 ⁸⁹⁹

417 960 836 1027 correctionem,
869 960 987 1014 sine
1017 974 1126 1029 qua
1157 967 1361 1014 certam
1413 958 1642 1028 potestis
1693 963 2016 1028 exspectare

417 1048 802 1121 perditionem.
833 1047 1085 1116 Quandiu
1115 1047 1257 1102 enim
1290 1047 1341 1100 in
1365 1049 1466 1102 hoc
1485 1055 1706 1116 peccato
1728 1048 2013 1114 maneatis,

417 1140 500 1193 ira
530 1139 633 1193 Dei
663 1145 846 1192 manet
874 1153 1042 1206 super
1073 1152 1206 1202 vos;
1241 1144 1293 1191 et
1333 1136 1468 1190 sicut
1501 1149 1780 1204 pecratum
1813 1141 2016 1206 quanto

418 1227 618 1282 diutius
648 1230 852 1291 manet,
902 1234 1051 1280 tanto
1094 1225 1270 1297 magis
1321 1225 1533 1287 crescit,
1586 1225 1659 1279 ita
1707 1225 1785 1279 ira
1836 1225 1933 1278 Dei
1963 1225 2018 1279 in

422 1315 540 1370 dies
571 1315 746 1384 magis
774 1329 936 1382 super
975 1329 1070 1368 vos
1122 1313 1451 1367 exardescit.
1500 1313 1734 1368 Consulo
1774 1314 1938 1384 igitur
1967 1321 2021 1367 et

424 1419 645 1474 precor,
678 1404 819 1457 sicut
850 1402 1186 1456 Christianus
1217 1401 1600 1467 Christianum,
1633 1410 1684 1455 et
1714 1401 1847 1456 sicut
1876 1401 2018 1455 ami-

424 1507 520 1546 cus
549 1491 804 1557 amicum,
838 1495 1102 1562 quatenus
1133 1490 1199 1545 de
1239 1499 1348 1544 tam
1397 1492 1547 1562 gravi
1580 1499 1799 1560 peccato
1829 1500 1877 1544 et
1911 1499 2020 1544 tam

421 1596 629 1652 magno
659 1580 902 1651 periculo
932 1580 1222 1635 exire-non
1254 1578 1533 1647 differatis,
1559 1595 1624 1634 ne
1658 1579 1792 1634 forte
1821 1579 1888 1633 de
1919 1579 2022 1634 hac

2113 441 2331 496 possum
2364 423 2657 486 auxilium;
2700 421 2794 474 sed
2827 419 3080 490 quoniam
3102 421 3201 474 hoc
3232 419 3414 490 petitis
3440 417 3522 480 ‘°',
3545 417 3704 487 quale

2115 530 2336 586 possum
2371 513 2570 567 mando
2601 510 2906 565 consilium.
2928 510 3154 563 Tentata
3179 508 3219 561 si
3240 525 3337 578 per
3357 524 3450 563 eos
3481 507 3544 560 ad
3577 521 3711 576 quos

2117 605 2366 674 pertinet,
2401 599 2736 655 desiderium
2786 609 3040 661 vestrum,
3091 599 3224 651 sicut
3267 597 3418 650 vobis
3447 595 3712 666 eXpetlire

2118 692 2346 753 videtur,
2381 691 2609 758 potestis
2658 687 2906 752 ofﬁcere;
2934 696 2984 740 et
3030 686 3072 739 si
3117 686 3366 756 nequitis,
3408 683 3711 749 sororibus,

2119 797 2238 851 qua:
2269 779 2513 834 membra
2540 786 2717 833 vestra
2748 785 2890 841 sunt,
2925 775 3029 829 illis
3061 775 3270 830 scilicet
3291 773 3346 828 in
3376 775 3568 844 quibus
3595 788 3713 826 ma—

2116 870 2289 939 jorem
2324 867 2664 938 prudentiam
2697 875 2747 921 et
2773 865 3054 936 ruligionis
3078 864 3344 918 fervorem
3364 861 3712 934 cognoscitis,

2122 972 2300 1011 earum
2336 972 2512 1010 rerum
2543 956 2596 1008 in
2624 955 2818 1025 quibus
2851 955 2991 1008 vires
3022 961 3220 1007 vestrae
3253 951 3528 1016 deficiunt,
3563 965 3709 1019 pre-

2121 1045 2389 1114 cipienilo,
2425 1044 2692 1115 rogando,
2713 1041 3049 1096 exhortando
3064 1057 3245 1095 curam
3264 1040 3553 1110 injungite.
3578 1038 3715 1092 Nam

2124 1135 2170 1188 si
2197 1134 2258 1161 ‘°’
2291 1134 2450 1188 etiam
2486 1133 2826 1202 contingeret
2857 1139 2913 1184 ut
2955 1131 3088 1184 tales
3137 1144 3395 1198 personas
3425 1129 3482 1181 in
3524 1128 3722 1196 quibus

2125 1222 2420 1278 secundum
2451 1221 2779 1275 desiderium
2814 1229 3045 1274 vestrum
3079 1219 3298 1289 possitis
3325 1217 3387 1244 ⁶⁰⁴
3417 1215 3719 1280 confidere,

2125 1327 2232 1364 non
2267 1311 2558 1375 haberetis,
2619 1309 2762 1380 quod
2822 1309 2872 1362 in
2922 1309 3164 1362 Ecclesia
3213 1315 3392 1360 vestra
3436 1321 3554 1358 esse
3611 1318 3720 1357 non

2129 1416 2308 1470 spero,
2343 1408 2519 1453 vestra
2551 1407 2730 1452 tamen
2761 1399 3090 1463 reverentia,
3115 1395 3160 1449 si
3192 1396 3312 1449 illas
3333 1395 3555 1465 eligeret
3589 1406 3728 1462 quas

2128 1491 2192 1543 ad
2227 1490 2328 1543 hoc
2350 1487 2601 1542 meliores
2633 1495 2686 1542 et
2714 1487 2948 1556 aptiores
2992 1492 3362 1556 cognosceret,
3398 1479 3728 1538 excusabilis

2127 1576 2272 1648 apud
2305 1578 2495 1645 Deum,
2521 1575 2772 1646 quoniam
2807 1574 3000 1629 melius
3023 1590 3128 1628 non
3147 1581 3351 1643 posset,
3377 1571 3513 1626 sicut
3541 1570 3726 1639 credo,

423 1669 534 1727 vita
578 1669 647 1723 ad
704 1672 930 1722 mortem
988 1677 1042 1724 et
1094 1675 1420 1723 tormentum
1472 1676 1733 1723 aeternum
1781 1675 2016 1722 transeat
2042 1694 2096 1754 Β
2134 1667 2413 1721 existeret.

425 1758 605 1813 anima
633 1766 812 1812 vestra
844 1772 946 1828 qua
989 1759 1122 1812 hora
1167 1773 1275 1812 non
1323 1757 1517 1827 putatis
1589 1758 1824 1812 Consulo
1855 1758 2014 1811 etiam

425 1857 483 1902 ut
511 1846 606 1900 filii
644 1847 811 1900 vestri
858 1845 1062 1900 domini
1116 1846 1363 1901 Gaufridi
1403 1848 1469 1901 de
1509 1849 1608 1902 hac
1650 1864 1710 1901 re
1740 1847 2020 1918 accipiatis

425 1936 728 2000 consilium,
779 1933 821 1988 si
865 1951 1103 2006 unquam
1151 1951 1180 1989 a
1222 1936 1336 1990 Deo
1380 1935 1538 1990 vultis
1585 1936 1784 1990 habere
1826 1936 2019 1989 salutis

425 2025 707 2080 auxilium.
740 2024 879 2078 Nam
911 2024 1010 2079 etsi
1043 2040 1148 2079 non
1168 2025 1493 2095 promisistis
1521 2025 1818 2080 castitatem
1851 2028 2019 2082 vcstri

427 2116 673 2183 carporis
715 2112 933 2185 quando
991 2114 1145 2168 uxori
1203 2113 1472 2169 licentiam
1521 2113 1744 2168 dedistis
1791 2124 1847 2170 ut
1896 2133 2020 2169 san—

427 2202 754 2258 ctimonialis
784 2200 952 2266 ﬁeret,
987 2201 1134 2256 nullo
1166 2201 1331 2256 modo
1358 2211 1535 2257 tamen
1566 2205 1682 2258 sine
1707 2219 1772 2258 eo
1801 2214 2020 2275 peccato

425 2300 480 2347 et
506 2291 752 2362 periculo
783 2291 926 2361 quod
960 2306 1128 2360 supra
1159 2291 1292 2350 dixi.
1339 2291 1540 2346 violare
1570 2293 1816 2347 eamdem
1849 2295 2020 2348 casti-

427 2387 589 2434 tatem
621 2379 678 2434 in
708 2379 864 2435 vobis
902 2378 1138 2451 possetis
1182 2381 1416 2449 quandiu
1446 2397 1583 2435 uxor
1625 2381 1816 2436 eadem
1867 2383 2024 2438 vive-

534 2468 596 2496 ιοο

427 2475 509 2523 m
603 2512 614 2523 ’
828 2538 1167 2595 EPISTOLA
1208 2539 1484 2594 LXXXIV
1509 2537 1591 2593 «οι.

473 2641 714 2682 ΑΝδΒωίι
744 2641 818 2680 ΑΒ
843 2641 1169 2681 κΑτιιιιυΑΜ
1207 2642 1542 2682 ΑΒΒΑτιεεΑΜ
1574 2643 1970 2685 εΑῡουεΝεΕκ.

430 2724 554 2778 Hac
577 2739 636 2778 se
657 2723 982 2778 debiliorem
1022 2725 1379 2795 persentiens
1409 2726 1659 2780 consulit
1700 2728 2027 2781 Ansclmum

497 2811 576 2849 an
597 2810 737 2850 onus
756 2794 1030 2867 deponere
1053 2794 1276 2867 debeat.
1291 2797 1616 2867 Respondet
1649 2799 1768 2866 ipse
1797 2797 1938 2867 quod
1955 2813 2028 2852 ex

499 2866 1041 2939 consensucomitis
1061 2869 1116 2920 et
1138 2865 1546 2939 archiepiscopi.
1571 2865 2028 2939 ltotltomrigemis

498 2951 566 2991 ac
614 2937 1146 2992 sanctimonialium
1223 2936 1589 2992 laudabiliter
1644 2936 1885 3007 possit}
1941 2940 2027 2992 sin

497 3010 710 3074 autem,
725 3009 1018 3078 partiatur
1045 3023 1219 3062 onera
1247 3025 1373 3073 sua,
1405 3012 1461 3063 ει
1491 3024 1556 3064 ea
1589 3011 2029 3080 sa-ptcntior-ibus

503 3081 786 3132 sororibus
799 3081 1124 3133 committat
1138 3096 1259 3149 quis
1275 3082 1504 3147 explere
1523 3082 1642 3149 ipsa
1664 3097 1774 3134 non
1790 3082 2028 3149 sufﬁcit.

501 3167 824 3228 Anssuws,
845 3181 1038 3220 servus
1067 3167 1325 3220 Ecclesia:
1356 3168 1779 3230 Cautuarieusis,
1799 3169 2034 3223 domina:

438 3262 487 3307 et
502 3255 829 3310 reverendae
845 3255 1004 3308 matri
1025 3254 1317 3310 abbatissa:
1333 3256 1676 3322 Cadomensi,
1704 3256 2031 3316 MATHILDE.

430 3359 654 3413 semper
683 3343 884 3399 divinae
912 3344 1103 3415 gratias
1133 3344 1248 3416 regi
1282 3343 1530 3399 consilio.

499 3434 639 3487 Petit
667 3434 928 3488 sanctitas
959 3441 1141 3486 vestra
1167 3449 1261 3502 per
1289 3434 1552 3487 domuum
1587 3435 1902 3501 Robertum,
1926 3437 2036 3491 fra-

427 3529 568 3576 trem
603 3521 908 3586 Eustachii,
928 3529 1172 3575 nostrum
1205 3521 1486 3575 consilium
1506 3521 1573 3576 de
1591 3523 1730 3577 abba
1741 3525 1805 3578 tia
1830 3534 2031 3593 vestra,

431 3625 592 3678 quam
626 3609 831 3664 idcirco
861 3609 1139 3672 deserere,
1172 3609 1215 3661 si
1263 3609 1418 3662 vobis
1451 3609 1640 3664 liceret
1673 3621 1728 3665 ut
1758 3613 1847 3666 alii
1877 3630 2034 3668 com-

431 3696 798 3760 mendaretur,
832 3697 1063 3759 velletis,
1115 3696 1367 3764 quoniam
1401 3712 1518 3750 eam
1561 3707 1778 3768 propter
1807 3700 2036 3754 infirmi-

432 3791 594 3838 tatem
626 3791 679 3838 et
707 3783 880 3838 aetatis
912 3783 1364 3844 imbecillitatem,
1398 3785 1540 3839 sicut
1583 3796 1815 3855 Oportet,
1849 3806 2039 3859 regere

435 3887 543 3926 non
586 3871 800 3927 valetis.
845 3871 1002 3940 Quod
1053 3875 1180 3941 quia
1232 3870 1349 3926 fieri
1384 3888 1490 3927 non
1540 3883 1738 3943 potest,
1793 3877 1893 3930 nisi
1941 3895 2040 3948 per

435 3961 689 4016 comitem
746 3968 799 4016 et
868 3960 1334 4029 archiepiscOpum
1407 3961 1924 4035 Rothomagensem,
1985 3973 2039 4022 et

437 4049 746 4121 episcopum
778 4059 1039 4115 vestrum,
1070 4055 1126 4102 et
1162 4065 1498 4105 consensum
1530 4054 2035 4110 sanctimonialium

2064 3046 2112 3108 Ο

2562 1753 2903 1810 EPISTOLA
2934 1753 3183 1808 LXXXV
3210 1751 3293 1804 ‘°‘.

2200 1859 2443 1900 ANSELMI
2485 1859 2558 1898 Αῐ)
2605 1859 2941 1898 αοκουιιτωί
2985 1857 3289 1896 EPISCOPUM
3339 1853 3651 1894 BOFENSEM.

2129 1953 2269 2006 Eum
2292 1953 2358 2007 de
2381 1950 2810 2006 Cantuariensis
2841 1950 3103 2003 Ecclesia:
3146 1945 3390 2016 negotiis
3417 1945 3730 2016 sollicitum

2203 2024 2421 2078 laudnt.
2456 2024 2784 2091 Episcoiium
2819 2015 3345 2075 Eboracenscm’non
3366 2015 3730 2071 vultinaudi-

2203 2099 2327 2148 tum
2349 2100 2402 2148 ct
2425 2096 2591 2148 abscn
2603 2097 2713 2148 tcm
2735 2094 3033 2147 damnare.

2203 2205 2504 2255 ANsaLuus
2535 2200 2982 2267 archiepiscOpus
3031 2195 3336 2251 reverendo
3367 2201 3421 2250 et
3449 2191 3733 2262 diligendo

2132 2292 2390 2360 episcopo
2422 2290 2643 2344 Rofensi
2691 2288 3020 2352 GONDULro,
3052 2302 3268 2356 semper
3306 2294 3356 2339 et
3387 2283 3637 2338 omnibus
3677 2282 3736 2335 in

2133 2379 2254 2432 Deo
2286 2378 2480 2448 placita
2504 2377 2642 2432 velle
2668 2383 2722 2431 et
2751 2375 2986 2444 operari.

2207 2467 2445 2520 Primum
2486 2466 2690 2536 gratias
2739 2480 2844 2535 ago
2888 2465 3001 2517 Deo
3043 2465 3190 2534 quia,
3238 2461 3371 2516 sicut
3415 2459 3734 2526 mandastis,

2135 2557 2318 2609 omnia
2345 2562 2532 2608 nostra
2561 2559 2614 2607 et
2645 2561 2815 2606 vestra
2849 2551 3052 2621 ubique
3099 2566 3356 2619 prospere
3400 2549 3736 2613 subsistunt;

2141 2627 2306 2694 398
2338 2643 2536 2697 deinde
2566 2641 2740 2702 vobis,
2776 2641 2934 2710 cujus
2976 2639 3260 2710 prudentia
3291 2648 3344 2692 et
3373 2653 3500 2692 cura
3524 2652 3737 2708 regun-

2140 2739 2246 2786 tur.
2263 2733 2358 2786 Dei
2391 2731 2569 2802 gi-atia
2594 2740 2878 2800 postquam
2903 2729 2970 2782 de
2993 2728 3195 2798 Anglia
3214 2727 3380 2792 exivi,
3400 2727 3583 2780 omnia
3604 2740 3740 2794 erga

2141 2837 2226 2873 me
2254 2828 2307 2874 et
2332 2835 2396 2874 ea
2428 2836 2546 2891 quae
2577 2819 2644 2873 ad
2676 2835 2761 2872 me
2793 2818 3062 2888 pertinent
3101 2817 3168 2872 ad
3203 2826 3381 2871 votum
3416 2831 3592 2868 meum
3623 2813 3742 2867 dis-

2140 2918 2432 2980 ponuntur,
2471 2909 2546 2962 De
2580 2908 2777 2962 debitis
2817 2923 2938 2978 quae
2977 2905 3232 2973 solvistis,
3274 2905 3319 2958 si
3364 2913 3417 2959 et
3462 2904 3642 2957 debita
3671 2902 3741 2956 de

2143 2997 2433 3051 Romascot
2492 2997 2544 3048 in
2602 2996 2686 3048 his
2748 3003 2889 3054 sunt.
2943 2994 3192 3064 gaudeo;
3228 3003 3277 3048 et
3328 2992 3747 3063 promissionem

2145 3093 2375 3139 vestram
2409 3083 2475 3138 de
2508 3083 2810 3137 redditibiis
2843 3084 3038 3136 nostris
3059 3098 3179 3136 cum
3211 3081 3420 3135 actione
3443 3079 3745 3152 gratiarum

2142 3178 2423 3240 exspecto.
2464 3173 2606 3226 Bene
2633 3171 2853 3233 fecistis,
2891 3171 3012 3240 quia
3045 3170 3209 3225 verba
3239 3185 3356 3239 quae
3383 3171 3526 3223 inter
3554 3184 3744 3239 regem

2143 3269 2195 3316 et
2224 3277 2322 3314 vos
2361 3259 2576 3314 fuerunt
2605 3261 2671 3313 de
2708 3276 2792 3312 me
2822 3268 2874 3313 et
2904 3260 3096 3313 itinere
3128 3274 3267 3322 meo,
3301 3266 3353 3311 et
3395 3258 3462 3312 de
3493 3256 3747 3324 epistolis

2145 3365 2280 3420 quas
2311 3349 2413 3402 sibi
2445 3358 2494 3400 et
2517 3348 2647 3402 mihi
2679 3363 2710 3401 a
2741 3363 2878 3417 papa
2910 3348 3100 3400 missas
3130 3347 3265 3410 dixi,
3291 3355 3342 3400 et
3371 3346 3436 3399 de
3460 3346 3654 3415 legatis
3675 3343 3749 3398 ad

2144 3439 2532 3506 imperatorem
2566 3436 2694 3489 mihi
2741 3436 3061 3488 mandastis.
3109 3434 3219 3488 Sed
3251 3435 3436 3488 scitote
3471 3434 3595 3503 quia
3638 3449 3750 3502 ego

2142 3542 2246 3580 nec
2307 3527 2532 3585 litteras.
2586 3539 2689 3579 nec
2746 3523 2910 3577 ullam
2956 3524 3281 3594 legationem
3329 3523 3395 3576 ab
3449 3520 3748 3592 apostolico

2143 3614 2328 3682 habui,
2375 3621 2653 3684 postquam
2696 3628 2726 3665 a
2783 3612 2938 3666 vobis
2994 3611 3242 3676 discessi,
3301 3610 3405 3664 nisi
3453 3609 3594 3680 quod
3645 3624 3746 3679 per

2145 3703 2432 3757 Tiberium
2466 3702 2596 3755 mihi
2643 3701 2919 3755 mandavit
2969 3700 3148 3754 verbis
3195 3707 3247 3753 et
3279 3699 3474 3752 litteris
3518 3699 3633 3768 (20)
3691 3705 3751 3751 ut

2150 3807 2273 3846 cum
2331 3791 2400 3846 de
2455 3791 2744 3845 Romascot
2796 3788 3130 3857 adjuvarem.
3191 3789 3270 3841 De
3330 3787 3519 3840 litteris
3564 3791 3750 3840 autem

2147 3895 2303 3948 papa?
2333 3879 2398 3933 ad
2432 3894 2617 3950 regem
2653 3879 2780 3931 nihil
2815 3878 2951 3934 scio.
2985 3877 3090 3929 nisi
3127 3876 3269 3947 quod
3301 3891 3398 3928 vos
3429 3874 3557 3929 mihi
3588 3888 3752 3927 man-

2147 3969 2334 4023 dastis.
2378 3968 2431 4020 Si
2451 3977 2628 4021 autem
2649 3966 2846 4020 alicubi
2871 3981 3151 4019 mansurus
3179 3981 3296 4018 sum
3321 3973 3372 4019 et
3393 3980 3490 4032 per
3511 3963 3752 4033 legatum

2149 4073 2327 4111 meum
2361 4056 2461 4109 sim
2491 4056 2736 4110 facturus
2765 4054 2911 4127 quod
2944 4053 3159 4124 inempi,
3199 4053 3436 4108 nondum
3469 4068 3590 4106 sum
3621 4067 3752 4106 cer-

1766 4151 1996 4206 VARhE
2049 4152 2430 4208 LECTONES.

543 4233 829 4301 "'Anima,
883 4233 1104 4290 omnino
1175 4252 1282 4291 ms.
1358 4237 1543 4290 anima
1598 4246 1800 4306 vestra,
1871 4243 2112 4296 omnino.

443 4314 552 4379 tam
583 4315 840 4362 aeternam
869 4307 1242 4362 etsatietatem
1276 4323 1379 4379 ms.
1411 4307 1640 4379 gloriam
1683 4320 1940 4364 aeternam
1973 4321 2026 4366 et
2053 4313 2388 4367 societatem.

440 4378 654 4460 “‘UXor
682 4381 890 4460 viveret
915 4394 1189 4460 ms..uxor
1235 4378 1434 4459 eadem
1463 4379 1687 4460 viveret.

445 4459 648 4521 petitis.

447 4538 534 4576 ms
565 4521 794 4577 collata.

1797 4380 2002 4437 “’Cum
2033 4385 2222 4438 eodem
2245 4399 2347 4438 ms.
2381 4383 2612 4437 collata.

759 4449 962 4504 “'Nain
995 4448 1074 4506 sic
1102 4465 1206 4504 ms.
1238 4464 1362 4504 nam
1393 4449 1456 4503 si.
1532 4448 1939 4506 “"Desiderium
1971 4455 2190 4524 possitis
2220 4471 2323 4509 ms.
2352 4452 2684 4508 decidet-ium
2724 4463 2966 4506 vestrum
2997 4449 3236 4522 possitis.

2228 4238 2440 4294 ""Ante
2491 4238 2684 4306 jiidicii
2740 4255 2846 4294 ms.
2906 4246 3028 4293 ante
3081 4237 3225 4292 diem
3275 4235 3476 4300 iudicii.
3569 4234 3757 4306 θητί-

2500 4309 2622 4364 ⁸⁹⁹Ιη
2671 4310 2763 4363 tali
2806 4308 3022 4364 differte
3053 4326 3154 4363 ms.
3177 4309 3231 4362 in
3263 4309 3356 4363 tali
3403 4325 3457 4361 re
3496 4305 3744 4360 differre.

2689 4379 3022 4448 “Quoniam
3053 4383 3234 4448 petitis
3253 4397 3358 4434 ms.
3381 4379 3633 4435 quoniam
3653 4378 3758 4448 hoc

3345 4449 3548 4504 “‘Cum
3567 4447 3759 4503 eodem

1724 4591 2023 4648 JOANNIS
2057 4593 2334 4650 PICARDI
2367 4593 2574 4648 ΝΟΤᾸΞ
2587 4635 2600 4647 .

525 4682 640 4751 (20)
671 4681 731 4738 Ut
761 4695 890 4751 cuin
921 4678 987 4734 dc
1037 4682 1324 4735 Romascot
1351 4679 1698 4750 adjuvarem.
1732 4681 2040 4743 Romascot,
2075 4684 2124 4742 Ι)
2159 4684 2386 4737 vincula
2417 4682 2476 4737 S.
2515 4682 2696 4743 Petri,
2739 4681 2811 4736 ita
2843 4689 2895 4732 ut
2928 4680 3062 4734 ultra
3094 4680 3254 4733 alium
3287 4678 3429 4733 diem
3463 4693 3574 4732 non
3608 4675 3765 4751 deti-

453 4749 802 4808 RomiScheot
822 4749 1075 4816 (Gallice,
1109 4752 1164 4805 la
1195 4753 1356 4806 taillc
1398 4749 1464 4806 dc
1501 4753 1686 4817 Pome,
1733 4752 1946 4820 Cujacio
1977 4753 2046 4806 ad

456 4825 518 4878 C.
548 4823 792 4882 Auditis,
819 4821 898 4873 De
929 4823 1230 4890 praescript.
1274 4822 1367 4875 lib.
1403 4826 1482 4891 ll).
1528 4822 1783 4876 Romscot
1821 4824 1905 4876 vel
1937 4825 2046 4877 Ro-

457 4904 660 4963 mescot
690 4892 921 4963 Anglica
973 4899 1052 4946 est
1098 4891 1292 4963 dictio,
1353 4896 1412 4945 ut
1466 4902 1693 4961 apparet
1727 4894 1780 4946 in
1841 4895 2050 4963 legibus

457 4962 731 5034 Guillelmi
761 4961 1269 5034 NothiAnglorem
1319 4963 1466 5028 regis
1507 4963 1648 5034 apud
1694 4961 1916 5034 Roger.‘
1945 4967 2051 5018 ilo-

457 5034 582 5105 ned.
616 5033 907 5102 descriptis
937 5032 989 5084 in
1022 5034 1220 5092 Annal.
1252 5033 1543 5102 posteriori
1569 5044 1738 5103 parte,
1773 5032 1895 5105 pag.
1917 5037 2048 5089 3H.

462 5104 704 5172 Quarum
735 5119 852 5157 una
883 5105 1026 5158 hunc
1075 5105 1280 5158 titulum
1322 5105 1484 5158 habet
1513 5104 1868 5159 etstatutum.
1915 5130 1935 5152 α
1972 5108 2051 5160 De

461 5177 686 5230 denario
743 5175 816 5245 S.
845 5174 1009 5238 Petri,
1062 5175 1152 5245 qui
1196 5175 1422 5245 Anglice
1487 5175 1684 5229 dicitur
1743 5179 2048 5232 Ramescr-t.

463 5245 660 5302 Omnis
688 5245 778 5313 qui
810 5244 1061 5298 habuerit
1085 5244 1204 5298 ’xxx
1233 5244 1539 5298 denariatas
1570 5249 1704 5299 vivm
1737 5249 1977 5314 pecuniie
1997 5248 2049 5301 in

463 5319 626 5390 domo
656 5331 752 5390 sua
781 5314 848 5390 de.
880 5317 1101 5390 proprio
1125 5317 1433 5390 Anglorum
1461 5316 1578 5390 lege
1597 5318 1742 5369 dabit
1772 5318 2049 5372 denarium

465 5389 525 5444 S.
559 5387 717 5451 Petri,
744 5394 796 5438 et
825 5385 946 5456 lege
990 5385 1264 5441 Danorurn
1305 5385 1581 5439 dimidiam
1632 5401 1899 5442 marcam.
1955 5391 2050 5443 Ille

466 5475 596 5515 vero
650 5457 900 5512 denarius
954 5457 1139 5511 debet.
1171 5458 1481 5512 submoueri
1522 5457 1574 5510 in
1616 5457 1960 5513 solemnitate
1991 5462 2047 5513 S.

465 5531 617 5586 Petri
666 5538 718 5585 et
765 5527 911 5583 Pauli
952 5536 1080 5584 ante
1117 5527 1480 5598 festivitatem,
1527 5545 1648 5600 qua:
1699 5529 1917 5598 dicitur,
1968 5531 2049 5586 Ad

2158 4763 2374 4806 nentur.
2416 4753 2470 4806 Si
2494 4753 2774 4820 quisquam
2807 4752 3113 4817 detinuerit,
3156 4751 3222 4804 ad
3267 4751 3565 4803 custodiam
3610 4747 3758 4818 regis

2155 4825 2362 4878 clamor
2391 4823 2686 4885 deferatur,
2709 4823 2959 4885 quoniam
2989 4822 3256 4876 denarius
3292 4823 3376 4874 hic
3407 4823 3758 4885 eleemosyna

2158 4895 2304 4965 regis
2333 4902 2452 4958 est;
2479 4894 2689 4959 justitia
2721 4889 2896 4965 faciat
2917 4893 3068 4965 reddi
3111 4893 3409 4965 denarium.
3445 4899 3494 4944 et
3526 4889 3756 4965 foi'isfa-

2157 4960 2389 5020 ctibnein
2423 4965 2662 5034 epiSCOpi
2695 4975 2747 5016 et
2788 4964 2954 5031 regis.
3001 4964 3062 5016 Et
3093 4964 3147 5034 si
3190 4963 3310 5034 quis
3353 4963 3534 5031 plures
3563 4960 3760 5014 domos

2161 5036 2431 5100 habuerit,
2458 5033 2531 5088 de
2561 5034 2651 5086 illa
2683 5035 2771 5086 ubi
2808 5035 3049 5088 residens
3081 5033 3254 5091 fuerit,
3289 5033 3338 5086 in
3376 5034 3513 5087 festo
3542 5040 3758 5098 aposto-

2160 5106 2333 5159 lorum
2369 5106 2502 5158 Petri
2536 5113 2592 5158 et
2622 5105 2769 5158 Pauli
2793 5107 3002 5158 reddat.
3039 5127 3060 5151 ii
3097 5106 3186 5157 Sic
3231 5104 3555 5157 Giiillelmus
3585 5102 3759 5155 dictus

2163 5179 2496 5244 Conquestor
2526 5177 2807 5244 imperarit
2839 5176 3172 5228 reddendum
3203 5176 3314 5228 Duo
3345 5175 3488 5242 quod
3525 5173 3617 5226 Dei
3648 5177 3754 5238 est,

2163 5247 2414 5314 quodque
2446 5263 2474 5298 a
2507 5264 2564 5300 se
2614 5249 2940 5314 imperatum
2982 5246 3172 5300 fuerat
3198 5247 3264 5298 ad
3311 5260 3544 5306 unguem
3576 5258 3756 5314 serva-

2159 5323 2258 5382 vit,
2282 5313 2509 5371 testibus
2541 5313 2730 5370 litti-ris
2759 5335 2892 5386 quas
2925 5317 2988 5369 ad
3020 5317 3348 5382 GregOi-ium
3385 5317 3475 5366 VII
3508 5313 3755 5386 transiui-

2158 5391 2222 5440 sit
2256 5390 2305 5440 in
2339 5390 2476 5441 hanc
2519 5384 2843 5442 sententiam
2892 5407 2904 5440 :
2953 5411 2973 5433 α
3011 5386 3490 5440 Excellentissimo
3533 5385 3594 5438 S.
3643 5384 3757 5436 Ec-

2158 5459 2346 5514 clesiae
2376 5462 2579 5529 pastori
2613 5459 2902 5529 Gregorio,
2944 5462 3117 5528 gratia
3155 5457 3249 5529 Dei
3275 5456 3574 5526 Anglorum
3595 5471 3682 5529 re);
3705 5462 3765 5529 et

2157 5530 2265 5586 dux
2294 5525 3337 5596 Northmannite'Guillelmus,salutem
3370 5525 3492 5582 eum
3515 5525 3760 5581 amicitia
