4010 6064
260 248 370 305 121

1520 260 1650 317 LIB.
1690 261 1784 327 Ill,
1824 260 2041 315 EPIST.
2085 260 2354 315 LXXXV.

3473 261 3576 321 122

258 383 372 429 tus.
393 374 475 429 De
509 374 753 432 Gerardo
771 378 1182 452 archiepiscopo
1217 381 1551 439 Eboracensi
1582 385 1874 440 nondebeo
1905 385 1958 446 A
1991 394 2176 440 contra
2208 384 2553 440 adversarios
2579 386 2697 455 ejus
2729 386 2863 441 sicut
2893 386 2969 440 illi
2999 387 3310 443 mandatum
3343 396 3445 453 est,
3476 389 3577 443 de—

260 463 320 516 in
352 464 452 517 tali
482 480 540 519 re
567 465 768 534 aliquid
801 467 1001 523 absrns
1030 471 1098 525 de
1141 471 1366 526 absente
1398 481 1448 527 et
1499 474 1740 527 inaudito
1773 476 1874 529 de-

258 550 450 617 ﬁnire,
482 556 783 623 praesertim
816 573 938 611 cum
970 558 1087 629 ipse
1117 561 1324 614 crimen
1355 562 1557 614 illatum
1593 570 1754 633 neget
1780 577 1792 625 ;
1827 570 1878 617 et

266 640 402 695 ideo
436 658 544 695 non
574 644 749 697 audeo
778 646 911 699 dare
942 647 1251 712 consilium,
1279 666 1345 703 ne
1378 650 1661 705 consilium
1694 667 1875 705 meum

265 730 344 783 ab
370 730 559 800 aliquo
603 747 703 800 pro
735 733 1048 790 deﬁnitione
1079 737 1396 806 accipiatur.
1454 737 1803 809 Quapropter
1828 741 1877 793 si

262 818 431 871 vobis
462 819 691 887 videtur,
724 822 792 876 de
821 822 926 879 hoc
955 825 1099 893 apud
1131 841 1341 895 regem,
1377 827 1598 882 omnino
1646 844 1715 881 ex
1754 842 1877 882 mea

268 915 448 976 parte,
500 908 604 962 nisi
650 909 770 980 ipse
824 926 857 965 a
894 913 1051 966 vobis
1108 914 1475 982 requisiverit,
1528 916 1671 985 quod
1720 916 1878 971 vobis

264 995 498 1064 mando,
532 996 579 1049 si
613 996 807 1052 melius
840 1014 947 1054 non
997 1001 1244 1070 potestis,
1287 1004 1629 1073 respondete.
1666 1004 1742 1057 De
1785 1003 1875 1058 lite

259 1098 392 1153 quae
422 1092 506 1138 est
534 1084 677 1138 inter
705 1096 927 1141 nostros
951 1096 1004 1142 et
1036 1090 1283 1144 homines
1312 1092 1535 1146 Roberti
1566 1093 1631 1145 de
1663 1094 1874 1147 Monte-

260 1170 419 1231 f0i~ti.
438 1188 637 1241 precor
658 1181 709 1227 ut
733 1174 946 1230 faciatis
968 1193 1065 1247 per
1085 1194 1294 1250 regem,
1313 1189 1368 1232 ut
1402 1188 1495 1233 aut
1515 1197 1619 1250 pax
1643 1180 1872 1253 integra,

254 1268 350 1312 aut
382 1262 572 1317 treviae
595 1260 657 1290 “‘
690 1264 839 1319 inter
869 1281 985 1331 eos,
1013 1267 1189 1321 donec
1215 1268 1453 1332 redeam,
1478 1279 1775 1338 ponantur.
1799 1273 1875 1325 De

253 1350 517 1404 omnibus
547 1352 744 1404 nostris
790 1354 953 1407 rebus
1003 1354 1145 1408 intus
1194 1363 1245 1409 et
1292 1356 1446 1421 foris,
1484 1374 1692 1425 curam,
1722 1359 1860 1414 sicut

251 1437 522 1491 hactenus
554 1439 780 1508 fecistis,
814 1440 1068 1496 habeatis
1086 1453 1136 1496 et
1154 1445 1294 1499 sicut
1335 1446 1485 1499 scitis
1508 1463 1592 1500 me
1622 1448 1678 1500 in
1704 1448 1858 1501 vobis

252 1524 558 1592 conﬁdere,
591 1544 811 1597 precor.
853 1531 935 1585 De
965 1532 1125 1585 rebus
1154 1548 1217 1587 ac
1266 1532 1473 1588 familia
1502 1535 1721 1590 Roberti
1751 1553 1856 1589 nu-

254 1614 385 1669 tritii
417 1616 609 1684 vestri,
644 1616 735 1687 qui
766 1634 980 1673 mecum
1009 1627 1111 1687 est,
1135 1620 1339 1692 gratias
1362 1636 1489 1695 ago,
1513 1630 1768 1693 quoniam
1793 1639 1857 1679 ea

1983 475 2233 541 fenditis;
2267 484 2316 528 et
2344 475 2731 529 instantissime
2784 492 2974 543 precor
3023 484 3080 529 ut
3120 478 3304 530 omnia
3347 493 3468 544 quae
3506 476 3577 530 ad

1983 563 2134 617 illum
2192 564 2459 632 pertinent
2502 568 2685 633 quieta
2729 579 2949 617 manere
2997 565 3216 617 omnino
3263 564 3489 625 faciatis,
3524 571 3577 620 et

1983 652 2088 706 hoc
2118 652 2291 720 ipsum
2319 651 2610 706 Guillelmo
2642 652 2709 705 de
2743 653 3052 706 Metestante
3084 669 3149 705 ex
3175 668 3290 706 mea
3321 660 3373 706 et
3398 661 3578 707 vestra

1982 748 2136 811 parte
2155 741 2507 809 praeripiatis.
2546 740 2675 794 Dico
2700 740 2843 794 enim
2865 741 3020 795 vobis
3043 743 3172 808 quia
3197 741 3341 795 malo
3362 741 3417 794 in
3440 741 3574 795 meis

1983 828 2214 896 pr0priis
2244 845 2404 899 quam
2436 830 2487 881 iii
2520 828 2639 896 ejus
2675 829 2837 883 rebus
2866 829 3099 899 aliquam
3134 830 3244 899 pati
3289 828 3566 896 injuriam.

1982 918 2098 971 Deo
2129 925 2417 983 annuente,
2444 925 2566 971 ante
2598 919 3040 987 Assumptionem
3072 922 3276 971 sancta
3299 917 3572 973 Mariaede

1984 1005 2154 1059 Becco
2185 1003 2454 1073 proficisci
2489 1006 2633 1071 volo,
2666 1014 2715 1059 et
2759 1006 2811 1058 in
2847 1004 3133 1059 festivitate
3164 1006 3308 1074 apud
3357 1007 3571 1060 Carno-

1983 1102 2092 1147 tum
2141 1110 2295 1160 esse;
2344 1102 2395 1147 et
2444 1094 2659 1157 deinde,
2695 1094 2832 1147 sicut
2874 1095 3021 1148 Deus
3069 1093 3342 1162 disponet,
3378 1093 3571 1147 vestris

1983 1182 2317 1236 orationibus
2346 1182 2822 1252 prosequentibus,
2855 1182 2954 1235 iter
2982 1187 3228 1235 nostrum
3269 1198 3563 1251 peragere.

1984 1269 2146 1337 Quod
2194 1271 2436 1324 nonnulli
2486 1287 2571 1323 ine
2629 1271 3035 1338 reprehendunt
3089 1270 3156 1323 de
3214 1269 3573 1324 familiaritate

1969 1375 2132 1428 quam
2179 1358 2354 1413 habeo
2398 1359 2465 1411 ad
2512 1359 2633 1412 illos
2681 1375 2817 1427 quos
2871 1375 2965 1411 rex
2996 1374 3102 1412 non
3147 1357 3345 1428 diligit,
3380 1360 3573 1412 scitote

1968 1448 2093 1516 quia
2126 1446 2259 1499 nihil
2293 1446 2432 1500 facio
2460 1454 2643 1500 contra
2672 1446 2936 1500 honorem
2969 1445 3089 1514 ejus
3119 1454 3209 1498 aut
3239 1445 3550 1514 undejuste

1967 1535 2294 1605 reprehendi
2324 1536 2575 1589 debeam.
2613 1536 2830 1604 PrOpter
2860 1550 3007 1587 rixas
3038 1550 3159 1604 quae
3188 1532 3320 1588 fiunt
3350 1533 3418 1587 de
3449 1548 3551 1588 ec-

1966 1623 2135 1678 clesia
2178 1623 2245 1677 de
2290 1625 2519 1696 Hergas,
2547 1622 2736 1693 jubete
2785 1622 3016 1679 Rodulfo
3042 1618 3104 1650 “’7
3151 1622 3447 1692 praeposito
3493 1628 3550 1677 ut

1580 1739 1809 1795 VARIiE
1848 1738 2256 1796 LECTIONES.

328 1817 506 1875 “‘Aut
536 1826 719 1878 tremat
744 1839 856 1879 ma.
897 1832 987 1879 aut
1019 1825 1226 1882 trevim.
1263 1825 1616 1897 “"Rudolpho
1645 1845 1756 1883 ms.
1798 1829 2113 1897 Rodulpho.

1468 1925 1765 1980 JOANNIS
1806 1924 2081 1979 PICARDI
2117 1923 2343 1979 NOTE.

259 2004 545 2084 Hubertus
598 2007 815 2080 legatus
870 2018 1009 2074 tuus,
1079 2011 1334 2084 religiose
1390 2012 1568 2080 Pater,
1636 2014 1705 2067 ad
1774 2030 1859 2067 me
1892 2013 1944 2075 Β
2048 2012 2344 2067 Ramoscot
2374 2012 2555 2081 igitur,
2589 2029 2691 2068 seu
2740 2015 3015 2077 Romscot,
3050 2021 3132 2067 est
3179 2028 3415 2068 annuum
3466 2027 3565 2066 ve-

257 2078 491 2132 veniens
520 2094 587 2155 ea
617 2078 708 2133 tua
727 2090 889 2155 parte
921 2099 1004 2136 me
1034 2078 1317 2155 adnitinuit
1362 2078 1629 2155 quatenus
1680 2084 1778 2137 tibi
1809 2092 1863 2138 et

258 2152 678 2203 successoribus
722 2152 1037 2207 ﬁdelitatem
1098 2152 1352 2226 facerem,
1382 2152 1460 2208 'et
1515 2156 1584 2209 de
1633 2156 1860 2226 pecunia

259 2236 428 2289 quam
474 2228 847 2276 antecessores
893 2228 997 2277 mei
1042 2225 1112 2278 ad
1162 2225 1322 2279 Rom.
1378 2226 1593 2280 Eccles.
1646 2226 1862 2281 mittere

257 2291 535 2365 solebant,
567 2293 760 2365 melius
793 2295 1109 2365 cogitarem.
1165 2297 1334 2351 Unum
1386 2296 1598 2359 admisi,
1628 2298 1860 2352 alterum

257 2376 367 2415 non
399 2362 621 2417 admisi.
656 2362 989 2437 Fidelitatem
1023 2365 1200 2420 facere
1231 2367 1399 2427 nolui,
1433 2384 1532 2421 nec
1565 2369 1704 2426 volo.
1731 2370 1860 2437 quia

260 2447 363 2512 nec
392 2448 519 2512 ego.
537 2434 787 2512 promisi,
822 2451 923 2491 nec
953 2446 1326 2512 antecessores
1356 2455 1508 2512 meos
1538 2434 1858 2512 antecesso-

258 2503 415 2556 ribus
436 2503 556 2577 ‘tuis
585 2506 638 2577 id
670 2506 861 2561 fecisse
889 2509 1181 2577 comperio.
1228 2510 1458 2564 Pecunia
1486 2510 1655 2563 tribus
1688 2510 1860 2564 ferme

257 2579 457 2651 annis_,_
493 2575 548 2628 in
589 2574 912 2651 Galliis_me
971 2574 1191 2651 agente.
1249 2581 1590 2651 negligenter
1632 2581 1861 2635 collecta

258 2653 359 2699 est.
408 2646 569 2700 Nunc
616 2663 745 2703 vero
774 2647 963 2702 divina
1008 2646 1503 2704 inisei'icord—ia'me
1533 2652 1587 2704 in
1631 2668 1858 2715 regnum

261 2732 450 2792 meum
482 2733 731 2792 reverso,
784 2720 932 2790 quod
978 2722 1266 2775 collectum
1306 2729 1390 2775 est
1439 2738 1535 2792 per
1572 2722 1859 2789 praefatum

261 2786 504 2863 legatum
536 2786 873 2863 mittiturfet
901 2792 1045 2859 quod
1066 2792 1344 2863 reliquum
1376 2786 1477 2858 est,
1521 2786 1620 2861 per
1649 2796 1860 2863 legatos

262 2857 560 2934 Lanfraiici
603 2857 1001 2934 archiepiscopi
1048 2857 1223 2934 ﬁdelis
1267 2866 1453 2931 nostri,
1486 2857 1607 2916 cum
1656 2857 1857 2934 oppor-

262 2936 457 2982 tunum
485 2928 666 2996 fuerit,
692 2928 1112 2986 transmitti-tur.
1147 2932 1311 2987 Orate
1345 2928 1447 3001 pro
1472 2934 1643 3000 nobis,
1677 2928 1747 2988 et'
1762 2951 1857 3002 pro

262 3008 405 3072 statu
464 3002 622 3072 regni
678 3003 869 3066 nostri,
924 3005 1044 3072 quia
1101 3012 1471 3058 antecessores
1519 3014 1725 3059 vestros
1778 3006 1855 3059 di-

263 3070 621 3145 leximus,iet
675 3088 773 3126 vos
816 3070 1223 3143 prae'omnibus
1270 3075 1478 3129 sincere
1523 3076 1760 3145 dilcgere
1801 3082 1856 3130 et

265 3143 587 3216 oboedienter
616 3145 805 3198 audire
852 3145 1253 3199 desideramus.
1298 3167 1320 3193 ιι
1369 3143 1661 3216 Hucusque
1708 3147 1855 3202 Guil-

262 3213 414 3267 lelmi
445 3213 652 3279 litterae,
687 3232 822 3286 quas
849 3217 986 3270 inter
1031 3218 1320 3272 Lanfrauci
1368 3213 1626 3287 epistolas
1668 3225 1858 3272 nactus

263 3301 407 3338 sum.

1971 2083 2133 2154 ctigal
2156 2085 2297 2155 quod
2320 2100 2476 2155 reges
2505 2086 2714 2154 Anglia:
2735 2086 3082 2155 penSitabant
3111 2085 3389 2139 annuatim
3409 2099 3564 2155 sum-7

1968 2155 2072 2207 mis
2124 2154 2470 2223 pontificibus
2514 2154 2808 2222 Romanis;
2852 2173 3077 2225 eamque
3125 2157 3197 2209 ob
3247 2171 3362 2208 rem
3401 2154 3563 2225 Angli

1970 2230 2265 2299 vernacule
2317 2228 2661 2299 appellabant
2718 2229 3020 2299 Pitrepens
3071 2228 3152 2281 vel
3205 2228 3556 2299 Piirepenee,

1969 2297 2120 2364 quasi
2154 2314 2382 2365 pensum
2430 2314 2521 2350 seu
2576 2297 3082 2361 denarium‘Pi-tri,
3117 2306 3172 2350 ut
3215 2299 3437 2364 epistol.
3494 2298 3559 2350 32

1969 2367 2067 2419 lib.
2135 2382 2191 2433 it,
2250 2376 2299 2421 et
2353 2370 2419 2420 42
2474 2384 2660 2435 supra.
2729 2370 2869 2422 Petri
2920 2368 3187 2422 Blesensis
3242 2366 3363 2430 136,
3423 2365 3556 2435 edit.

1971 2436 2263 2510 Parisiens.
2319 2438 2453 2490 1515
2503 2441 2649 2507 (nam
2689 2439 2818 2510 edit.
2880 2440 3118 2510 Mogiint.
3173 2437 3443 2510 separavit
3488 2434 3559 2488 ab

1967 2508 2234 2576 epistulis,
2290 2516 2711 2580 separatainque
2759 2507 3028 2578 inscripsit
3077 2507 3445 2580 invectivam),
3489 2514 3559 2580 _et

1966 2579 2417 2651 caput/tudine.
2454 2577 2944 2651 DePi-escription’.
2979 2580 3074 2633 lib.
3106 2594 3165 2644 ii,
3198 2587 3253 2632 et
3280 2579 3445 2647 capit.
3480 2577 3561 2631 Ea

1966 2666 2107 2721 quae,
2144 2650 2223 2703 De
2251 2650 2505 2704 censibus
2528 2650 2618 2703 lib.
2655 2665 2733 2704 iit.
2780 2650 2809 2721 ί
3468 2716 3503 2721 η
3558 2684 3563 2693 .

2038 2722 2101 2774 Et
2162 2722 2301 2774 hunc
2351 2723 2569 2792 quidem
2628 2720 2909 2775 denarium
2968 2721 3126 2775 stiam
3166 2735 3288 2792 (ιιι-ιι
3347 2716 3560 2788 Angliae

1967 2807 2196 2862 regnum
2232 2789 2501 2846 teneretur
2529 2793 2830 2861 eptarchia,
2866 2808 3026 2862 reges
3077 2789 3452 2861 pependerunt
3482 2792 3560 2842 Ac

1966 2862 2232 2930 imprimis
2276 2862 2414 2923 luas,
2464 2862 2896 2917 Occidentalium
2946 2863 3242 2930 Anglorum
3294 2876 3406 2921 rex,
3454 2874 3557 2912 an-

1966 2949 2092 2985 num
2138 2933 2321 2985 salutis
2366 2934 2579 2987 circi=er
2608 2933 2710 2986 740
2747 2948 2760 3001 ;
2804 2933 3102 2987 ίΕιθινιιΓιιε
3153 2933 3238 2985 vel
3287 2930 3452 2985 Aalulf
3476 2933 3557 2997 (ut

1966 3002 2219 3057 scribitur
2252 3004 2346 3056 lib.
2380 3019 2439 3057 iii
2485 3003 2733 3058 Chronic.
2785 3004 3152 3069 Etlieluverdi,
3185 3019 3315 3073 C'lp.
3362 3004 3392 3056 4
3441 3001 3556 3070 (iti-

1966 3075 2092 3127 dem
2141 3075 2573 3128 VVestsaxonum
2623 3091 2717 3127 seu
2757 3074 3190 3130 Occidentalium
3249 3073 3557 3140 Angloi'um

1965 3159 2109 3197 anno
2141 3148 2262 3204 855,
2298 3154 2350 3198 iit
2370 3149 2602 3200 Asserus
2633 3146 3054 3215 Syreburnensis
3096 3147 3263 3211 (nunc
3292 3144 3555 3198 Saresbe-

1966 3218 2213 3270 riensem
2243 3216 2445 3284 dicunt)
2475 3218 2788 3285 epiSCOpus,
2823 3218 2877 3268 in
2930 3217 3162 3269 Historia
3212 3215 3413 3268 Elfreili
3448 3217 3556 3266 An-

1964 3288 2329 3357 glosaxonum
2356 3288 2522 3355 regis,
2558 3288 2775 3341 tradidit
2808 3289 2964 3341 hisce
3022 3285 3216 3339 litteris
3273 3307 3295 3329 α
3367 3285 3556 3339 Romae

333 3354 446 3409 Sed
495 3354 844 3438 Guillelmum
889 3357 1173 3438 scripsisse
1229 3356 1484 3427 Gregorii
1537 3357 1730 3413 litteris
1784 3358 1850 3413 ad
1885 3367 1934 3431 ί]
1965 3354 2180 3438 quoque
2204 3357 2357 3438 omni
2398 3354 2539 3411 anno
2583 3373 2839 3427 magnam
2887 3372 2981 3426 pro
3026 3357 3204 3409 anima
3263 3370 3358 3434 sua
3394 3370 3554 3423 pecu-

263 3434 547 3496 parentem
576 3428 631 3479 in
674 3428 871 3498 quibus
915 3428 995 3483 sic
1024 3445 1146 3482 cum
1191 3437 1470 3482 monuerat
1510 3445 1659 3483 anno
1720 3433 1854 3484 1073

267 3512 320 3550 ιι
349 3498 538 3551 Nonas
584 3499 802 3567 Aprilis,
832 3498 1127 3554 indictione
1178 3514 1253 3552 xu
1299 3513 1363 3555 τα
1408 3500 1589 3553 Rebus
1635 3517 1764 3554 vero
1796 3501 1852 3554 S.

270 3568 456 3641 Petri,_
496 3584 618 3638 qua:
650 3569 702 3621 in
750 3570 946 3640 Anglia
991 3571 1342 3641 colliguntur,
1402 3570 1480 3624 sic
1538 3578 1587 3624 te
1642 3575 1698 3624 ut
1754 3573 1859 3625 tuis

270 3638 555 3708 invigilare
602 3638 981 3708 admonemus,
1026 3642 1102 3695 sic
1123 3638 1457 3695 'liheralitati
1509 3647 1613 3695 tua:
1658 3650 1711 3693 ut
1754 3650 1857 3696 tuae

270 3710 674 3775 committimus,
712 3719 767 3763 ut
800 3712 944 3780 pium
977 3720 1028 3763 et
1078 3712 1369 3781 pr0pitium
1416 3712 1717 3765 debitorem
1755 3713 1855 3765 Pe-

271 3788 408 3833 trum
461 3782 722 3849 reperias,
780 3790 830 3834 et
886 3797 1007 3835 eum
1050 3782 1143 3835 tibi
1201 3798 1269 3835 ex
1323 3782 1506 3835 debito
1559 3783 1854 3837 subvenire

271 3852 585 3916 admoneas,
607 3868 765 3920 quem
798 3851 901 3905 sibi
929 3852 1092 3906 multa
1114 3860 1158 3906 te
1188 3852 1446 3906 tribuisse
1471 3870 1573 3907 non
1591 3854 1799 3908 latebit.
1829 3874 1852 3904 ι

338 3922 562 4006 Huberti
593 3937 724 4006 vero
751 3924 1033 4006 apostolici
1056 3923 1116 4006 in
1150 3924 1404 4006 angliam
1452 3925 1612 4006 legati
1644 3925 1716 4006 ad
1738 3928 1854 4006 col:-

266 3990 549 4064 ligendum
597 3993 702 4047 divi
761 3990 901 4047 Petri
951 3994 1201 4064 vectigal.
1235 3990 1291 4047 lit
1338 3990 1538 4048 mentio
1585 3997 1744 4064 epist.
1788 4000 1855 4051 32

266 4010 549 4063 iigenuum
597 4010 702 4047 UIVI
761 4010 901 4047 i'eiri
951 4010 1086 4048 vecti
1133 4010 1201 4053 ai.
1235 4010 1291 4047 nt
1338 4010 1538 4048 mentio
1585 4010 1744 4064 epist.
1788 4010 1855 4051 δι

266 4062 357 4117 lib.
421 4078 480 4132 it,
542 4071 596 4119 et
648 4065 717 4117 4?.
776 4064 874 4117 lib.
941 4079 1019 4118 iii.
1080 4010 1237 4132 διιοά
1294 4072 1475 4117 autem
1536 4064 1857 4119 Guillelmus

264 4134 543 4188 Danorum
593 4134 714 4199 lege
764 4134 928 4203 pendi
978 4150 1213 4189 marcam
1261 4134 1629 4189 dimiditatam
1684 4136 1851 4204 jubet,

265 4206 480 4277 videtur
528 4206 939 4274 intelligendum
984 4207 1051 4259 de
1091 4206 1316 4276 regibus
1373 4207 1561 4269 Danis,
1622 4209 1712 4276 qui
1760 4224 1856 4277 per

264 4276 471 4347 aliquot
528 4291 700 4330 annos
756 4277 913 4342 regni
971 4277 1183 4347 Anglici
1243 4276 1481 4330 habenas
1546 4276 1849 4331 tenuerunt.

264 4344 506 4414 Quorum
540 4364 696 4403 unus.
738 4363 936 4413 nempe
967 4344 1210 4401 Kanutus
1258 4348 1462 4417 primus
1508 4364 1604 4402 rex
1650 4349 1849 4413 Daciae,

262 4417 550 4489 Norvegiaz
596 4427 649 4473 et
681 4418 916 4481 Anglite,
951 4426 1224 4489 revertens
1256 4419 1442 4486 Roma,
1478 4434 1636 4487 quam
1687 4421 1852 4486 petie-

264 4498 344 4542 rat
373 4488 486 4542 voti
517 4504 704 4551 causa,
735 4503 878 4543 anno
924 4491 1059 4542 1030
1091 4488 1294 4542 litteras
1322 4490 1390 4542 ad
1434 4489 1645 4558 Anglos
1682 4489 1849 4553 dedit,

263 4560 591 4630 praecipiens
623 4560 936 4613 universum
967 4574 1045 4630 aes
1085 4559 1323 4613 alienum
1371 4560 1510 4613 solvi
1539 4567 1661 4613 ante
1704 4561 1851 4614 redi-

263 4638 377 4683 tum
415 4645 613 4684 suum:
664 4630 939 4697 etinquit,
1000 4629 1280 4687 denarios.
1324 4645 1456 4701 quos
1509 4632 1723 4685 Roman
1776 4631 1849 4685 ad

1966 3426 2128 3491 niam,
2166 3428 2218 3480 id
2249 3437 2329 3480 est
2359 3443 2456 3481 ccc
2486 3426 2800 3482 mancuSsas
2831 3437 3047 3491 portare
3091 3426 3387 3495 praecepit;
3435 3439 3556 3493 quas

1964 3499 2142 3551 taliter
2186 3498 2258 3551 ibi
2307 3497 2713 3553 diViderentur:
2761 3500 2984 3557 scilicet,
3044 3514 3074 3550 c
3127 3511 3444 3550 mancussas
3502 3495 3555 3546 in

1966 3570 2227 3623 honorem
2284 3569 2459 3622 sancti
2533 3571 2670 3623 l’etri
2736 3570 3046 3638 specialiter
3118 3568 3188 3621 ad
3262 3566 3554 3638 emendum

1965 3641 2166 3703 oleum,
2200 3655 2305 3709 quo
2337 3640 2664 3709 impleantur
2708 3637 2892 3694 omnia
2922 3640 3223 3693 luminaria
3273 3637 3421 3691 illius
3470 3652 3557 3691 ec-

1964 3712 2146 3765 clesize
2176 3712 2227 3762 in
2262 3727 2490 3779 vespera
2524 3713 2775 3773 Paschaa;
2810 3722 2862 3765 et
2891 3728 2921 3764 c
2952 3726 3268 3765 mancussas
3298 3709 3349 3761 in
3385 3709 3556 3763 hono-

1966 3798 2081 3834 rem
2129 3784 2300 3834 sancti
2353 3782 2519 3848 Pauli,
2550 3784 2737 3837 eadem
2787 3783 3101 3838 conditione
3146 3782 3211 3836 ad
3255 3780 3555 3849 parandum

1964 3853 2143 3907 oleum
2197 3850 2249 3904 in
2304 3854 2530 3906 ecclesia
2588 3854 2773 3908 Sancti
2824 3855 2971 3907 Pauli
3024 3852 3288 3918 apostoli,
3343 3852 3409 3905 ad
3457 3852 3558 3904 im-

1963 3923 2157 3991 plenda
2207 3921 2492 3976 luminaria
2537 3923 2588 3976 in
2633 3940 2863 3993 vespera
2923 3924 3161 3987 Pascha,
3213 3932 3267 3978 et
3313 3923 3365 3975 in
3424 3921 3556 3992 galli

1962 4004 2121 4049 cantu
2147 4010 2159 4053 ;
2193 4009 2454 4064 cquoque
2483 4010 2800 4048 mancussas
2830 3995 3124 4049 venerabili
3151 4009 3306 4064 papae
3334 4003 3553 4064 aposto-

1962 4064 2085 4117 lico.
2127 4088 2147 4111 η
2187 4064 2325 4117 Pene
2368 4062 2588 4134 singula
2618 4066 2802 4118 Asseri
2834 4065 2994 4118 verba
3032 4062 3290 4118 Florentii
3322 4062 3553 4134 Wigor-

1964 4135 2146 4206 nensis
2162 4132 2487 4206 perscripsit
2501 4136 2782 4192 Chronic.
2814 4150 3017 4206 pagina
3048 4138 3148 4186 300
3179 4133 3396 4206 Guillel.
3431 4132 3556 4184 Mal-

1962 4205 2350 4278 mesberieusis
2382 4205 2475 4258 lib.
2518 4221 2558 4259 ιι
2604 4208 2683 4260 De
2730 4204 3142 4278 Renguglis,
3180 4220 3303 4271 cap.
3344 4204 3399 4266 2,
3442 4218 3557 4278 rem

1963 4285 2127 4330 totam
2175 4276 2390 4328 brevius
2416 4284 2468 4329 et
2511 4273 3124 4345 specialins'absolvit:
3183 4278 3430 4337 Romam,
3477 4273 3557 4345 in:

1963 4350 2095 4416 quit.
2128 4348 2432 4415 composito
2476 4344 2644 4416 regno
2676 4350 2798 4409 ivit,
2838 4348 3018 4409 ibique
3067 4346 3371 4416 tributam.
3414 4344 3557 4415 quod

1959 4414 2171 4487 Anglia
2203 4414 2470 4487 hodieque
2500 4414 2773 4490 pensitat,
2801 4424 2996 4474 sancto
3029 4418 3194 4472 Petro
3222 4414 3436 4471 obtulit
3467 4429 3551 4470 co-

1959 4505 2085 4542 ram
2119 4490 2293 4542 Leone
2326 4505 2474 4560 papa
2500 4494 2722 4559 quarto.

2028 4560 2343 4612 Mancussas
2371 4556 2549 4613 autem
2596 4576 2740 4614 nunc
2788 4566 3114 4613 memoratas
3156 4556 3420 4628 Rogerius
3450 4557 3556 4611 Ho-

1959 4629 2202 4683 nedenus
2242 4630 2516 4696 appellant
2571 4632 2909 4691 mannulos,-
2955 4638 3008 4683 et
3066 4627 3556 4683 Malmesberiensis

262 4706 529 4756 sanctum
565 4703 805 4755 Petrum
835 4701 1065 4773 debetis,
1096 4702 1211 4755 sive
1242 4699 1589 4773 ex'urbibus.
1623 4703 1739 4756 sive
1778 4717 1852 4755 ex
1886 4714 1934 4773 ι)
1962 4701 2207 4773 proxime
2236 4714 2478 4773 marcus.
2503 4704 2567 4753 At
2601 4701 2922 4756 Guillelmus
2946 4699 3294 4773 Lamberdus
3333 4700 3556 4753 srhnliis

260 4773 430 4826 villis.
464 4774 575 4825 Has
616 4781 794 4826 autem
845 4770 1051 4824 litteras
1083 4786 1226 4825 anno
1285 4773 1421 4824 1032
1466 4772 1691 4841 scriptas
1731 4788 1852 4826 esse

259 4843 537 4897 memoriae
572 4842 722 4897 dedit
754 4841 1081 4912 lngulphus,
1110 4842 1281 4895 abbas
1336 4841 1745 4896 Croilendensis
1799 4842 1851 4895 in

261 4928 349 4965 sua
409 4913 675 4972 Historia.
732 4914 825 4966 ubi
883 4914 1152 4982 integrum
1228 4926 1413 4983 earum
1478 4914 1852 4983 apographum

258 4985 542 5055 exscripsit
586 4985 906 5052 religiosam
936 4999 1169 5055 quoque,
1210 4982 1404 5055 Kanuti
1459 4982 1849 5055 peregrinatio-

260 5069 376 5108 nem
412 5053 761 5118 denarravit;
814 5069 915 5107 nec
968 5069 1074 5106 non
1131 5053 1472 5117 Matinesber,
1521 5053 1617 5107 lib.
1682 5069 1719 5107 ii
1773 5055 1855 5109 De

259 5125 477 5196 regibus
507 5127 772 5197 Anglor.,
800 5140 927 5197 capi.
969 5125 1071 5197 ll;
1107 5123 1320 5197 Honed.
1369 5124 1855 5197 Annaliumpriori

331 5194 432 5259 rte,
465 5194 615 5251 anno
660 5200 835 5264 10M;
897 5194 1083 5265 Polyd.
1120 5194 1211 5247 lib.
1273 5210 1349 5247 vn
1408 5195 1573 5265 Angl.
1616 5196 1850 5261 Histor.;

294 5251 431 5319 ilius.
480 5267 534 5319 in
610 5251 899 5324 Chronic.:
960 5251 1180 5318 Henric.
1260 5251 1521 5318 Hnntid.”
1573 5280 1673 5319 vr:
1738 5251 1853 5320 Red:

259 5353 378 5392 vero
413 5339 582 5395 Cant.
616 5339 809 5408 inquit,
848 5338 1073 5390 Romam
1105 5336 1400 5402 splendide
1439 5336 1698 5405 perrexit
1731 5356 1748 5401 ;
1797 5340 1855 5390 et

258 5409 666 5479 eleemosynam
686 5425 808 5478 quae
839 5412 1072 5479 vocatur
1100 5408 1370 5464 Romscot.
1396 5423 1566 5477 quam
1586 5411 1852 5479 anteces-

258 5494 402 5533 sores
435 5477 527 5533 sui
571 5477 848 5535 dederant
899 5477 1163 5534 Ecclesiae
1191 5479 1477 5543 Romamn,
1520 5477 1855 5550 perenniter

261 5552 586 5621 assignavit.

1960 4770 2025 4822 ad
2059 4780 2269 4825 veteres
2299 4772 2574 4825 Saxonum
2608 4773 2761 4843 leges
2790 4772 2982 4825 asserit
3004 4772 3304 4825 manculam
3337 4780 3391 4824 et
3411 4785 3557 4843 mar-

1961 4842 2299 4913 camieadern
2329 4856 2468 4913 esse.
2496 4841 2686 4913 nempe
2710 4859 2992 4896 nummum
3022 4845 3294 4896 valentem
3314 4858 3440 4913 ixxx
3463 4841 3560 4895 de-

1963 4912 2152 4965 nariis.
2185 4910 2290 4963 Sed
2339 4912 2409 4964 de
2438 4913 2519 4965 his
2551 4910 2733 4977 nimis,
2783 4931 2904 4969 cum
2950 4914 3266 4979 Anglicanas
3311 4912 3559 4967 historia)

1961 4982 2217 5056 studiosis
2238 4981 2356 5056 _sint
2389 4984 2595 5038 notiora
2627 5002 2790 5056 quam
2825 4985 3151 5056 luculentius
3180 4982 3553 5050 explanarem.

1961 5051 2286 5106 Necessario
2319 5062 2498 5105 tamen
2521 5051 2863 5122 i,itpl'anatius
2885 5057 2997 5109 haec
3025 5055 3309 5108 observavi
3334 5063 3558 5122 propter

1963 5123 2247 5192 quosdam,
2279 5139 2367 5175 me
2415 5124 2665 5180 audiente
2711 5128 3006 5179 referentes
3037 5127 3175 5178 hanc
3206 5124 3410 5178 denarii
3444 5126 3556 5180 Ro-

1962 5196 2104 5246 mani
2141 5193 2559 5262 pensitationem
2592 5198 2658 5249 ad
2709 5196 2937 5250 Joannis
2970 5195 3262 5267 vulgariter
3300 5195 3557 5264 appellati

1965 5266 2091 5319 δῖἠϐ
2118 5270 2290 5339 (erm.
2326 5268 2468 5339 regis
2498 5268 2727 5339 Angliae,
2769 5276 3031 5336 tempora,
3066 5282 3370 5335 quanquam
3406 5276 3559 5339 utra-

1964 5352 2069 5401 que
2100 5335 2165 5386 sit
2198 5349 2267 5386 ex
2300 5335 2561 5407 diametro
2586 5335 2831 5407 opposita
2858 5335 3020 5392 :liaec
3052 5353 3193 5390 enim
3225 5348 3432 5392 coacta.
3469 5335 3563 5389 illa

1964 5415 2263 5485 Spu_ntanea
2295 5405 2411 5473 fuit,
2431 5418 2487 5463 ut
2517 5405 2727 5482 prolixe
2746 5410 3134 5465 narratMatth.
3160 5408 3306 5461 l‘aris
3336 5407 3388 5461 in
3422 5407 3557 5463 llist.

1965 5492 2198 5547 maiore.
