4010 6064
387 196 486 257 123

913 200 977 257 S.
1023 202 1328 258 ANSELMI
1364 201 1703 260 CANTUAR.
1742 198 2063 255 ARCHIEP.
2105 197 2257 255 OPP.
2299 199 2477 256 PARS
2515 200 2608 255 Ill.
2649 229 2719 241 —
2756 198 3131 257 EPISTOLE.

3570 202 3675 260 124

387 340 506 380 eam
536 331 717 382 teneat
747 327 797 381 in
830 344 991 383 manu
1022 346 1142 385 mea
1170 331 1346 384 donec
1386 329 1620 393 redeam,
1654 334 1707 381 et
1748 327 1970 381 interim
2002 324 2054 384 A
2087 326 2225 380 tensi
2256 326 2541 381 absolutus
2588 325 2766 382 fuerit.
2811 326 3133 382 Consideret
3173 326 3340 400 igitur
3384 328 3678 399 prudentia

388 414 627 469 inveniat
676 417 765 488 qui
816 418 867 471 in
913 434 977 472 ea
1024 418 1243 473 serviat.
1294 418 1653 487 Omnipotens
1710 417 1973 471 Dominus

390 519 487 558 vos
515 509 569 558 et
596 518 772 559 vestra
804 507 902 560 sub
933 524 1029 561 sua
1073 508 1248 579 gratia
1278 506 1564 566 custodiat,
1597 514 1649 559 et
1689 521 1787 561 vos
1834 521 1974 559 sem-
2010 526 2013 533 ε

389 609 487 663 per
512 591 577 621 ‘°'
602 594 655 647 in
687 596 830 648 viam
862 595 1043 649 salutis
1072 596 1293 667 dirigat.
1335 598 1502 649 Amen
1536 592 1616 648 ‘°’.

796 685 1143 740 EPISTOLA
1176 684 1449 739 LXXXVI
1480 683 1566 737 ⁶¹⁰.

529 785 768 825 ANSELMI
808 787 878 825 AD
928 789 1211 828 HENRICUM
1273 789 1460 829 REGEM
1509 789 1826 829 ANGLORUM.

687 859 1037 918 Gratulatur
1068 866 1189 933 regi
1218 863 1283 919 de
1314 880 1372 919 se
1402 864 1668 919 sollicito.

459 948 571 1002 Suo
613 949 937 1004 charissimo
979 952 1198 1006 domino
1248 954 1517 1016 HENRICO,
1564 952 1805 1023 glorioso
1856 949 1975 1022 regi

387 1036 718 1108 Anglorum,
751 1040 1073 1106 Axssuws,
1094 1041 1533 1112 archiepiscopus
1565 1040 1890 1107 Cantuariae,
1922 1039 1974 1093 fi-

385 1124 507 1180 dele
536 1128 810 1181 servitium
844 1144 966 1183 cum
997 1130 1351 1184 orationibus.

460 1216 675 1270 Gratias
700 1233 928 1290 magnas
959 1235 1065 1290 ago
1098 1219 1404 1274 celsitudini
1435 1227 1627 1274 vestrae
1656 1234 1752 1287 pro
1784 1234 1971 1275 amore

387 1320 592 1376 magno
638 1322 796 1377 quem
846 1323 976 1379 erga
1018 1324 1104 1362 me
1153 1323 1248 1362 vos
1307 1308 1510 1364 habere
1555 1308 1856 1374 ostenditis,
1916 1315 1974 1364 et

387 1394 610 1463 prepria
647 1395 1004 1451 sollicitudine
1051 1414 1209 1468 quam
1254 1397 1321 1451 de
1372 1414 1457 1452 me
1506 1397 1652 1453 sicut:
1704 1398 1772 1452 de
1826 1397 1973 1452 ﬁdeli

390 1490 575 1536 vestro
604 1484 833 1549 habetis,
867 1486 1069 1541 scilicet
1101 1502 1167 1541 ne
1193 1487 1246 1540 in
1266 1487 1455 1542 itinere
1485 1487 1721 1557 incmpto
1750 1497 1973 1557 propter

388 1569 808 1626 imbecilitatem
857 1582 909 1627 et
955 1573 1324 1630 infirmitatem
1369 1577 1608 1646 corporis
1650 1575 1758 1630 mei
1804 1576 1971 1632 nimio

2084 423 2265 468 vestra
2298 416 2422 487 quia
2463 432 2568 470 non
2620 416 2835 484 expedit
2869 432 2966 470 nec
3017 416 3172 471 decet
3229 433 3324 470 vos
3363 417 3588 473 abbates
3618 425 3677 472 ut

2082 504 2319 558 animam
2352 504 2471 574 ejus
2494 505 2723 573 quisque
2755 505 2859 558 snbi
2894 505 3155 559 trahendo
3184 506 3461 574 scindatis,
3494 507 3588 561 sed
3620 506 3677 561 iu

2083 592 2238 647 vobis
2269 609 2391 647 esse
2422 601 2715 647 maternam
2750 593 3028 663 pietatem,
3061 602 3114 649 et
3150 595 3276 664 plus
3306 610 3404 649 vos
3448 594 3677 665 diligere

2082 682 2317 736 animam
2353 682 2581 748 proximi
2613 698 2768 751 quam
2800 683 3068 753 propriam
3114 684 3442 739 voluntatem
3485 694 3675 740 osten-

2082 769 2250 823 datis.
2291 768 2389 824 llle
2419 771 2559 825 enim
2591 787 2649 825 se
2680 771 2853 842 magis
2880 771 3114 826 ostendit
3145 788 3265 826 esse
3305 781 3551 838 matrem,
3585 772 3677 844 qui

2081 857 2225 912 dicet
2249 858 2407 928 alteri
2431 876 2444 913 :
2492 860 2703 915 Habeto
2734 867 2788 913 tu
2837 860 2987 914 solus
3021 859 3286 914 infantem
3333 862 3536 928 vivum,
3578 877 3679 917 nec

2081 947 2245 1002 ambo
2274 963 2395 1001 eum
2429 948 2772 1013 occidamus,
2803 956 2862 1002 ut
2911 964 3031 1002 cum
3064 948 3271 1003 venerit
3321 964 3481 1004 verus
3517 949 3675 1005 Salo-

2083 1051 2226 1102 mon,
2260 1035 2435 1091 dicat:
2488 1039 2625 1092 Date
2674 1038 2805 1093 huic
2847 1038 3145 1107 infantem
3192 1040 3398 1103 virum,
3432 1039 3547 1095 hac
3589 1041 3676 1094 est

2080 1130 2266 1180 muter
2294 1127 2436 1197 ejus.
2468 1126 2610 1179 Nam
2660 1142 2791 1180 vera
2837 1131 3013 1181 mater
3057 1126 3262 1182 mavult
3308 1127 3475 1182 tilium
3521 1143 3675 1182 suum

2080 1213 2134 1268 in
2165 1214 2344 1268 alieno
2373 1214 2494 1268 sinu
2520 1214 2726 1282 vivere,
2759 1231 2921 1284 quam
2952 1215 3009 1269 in
3040 1231 3139 1270 suo
3177 1224 3417 1270 mortuus
3454 1216 3665 1272 fovere.

2079 1303 2275 1357 Notum
2325 1311 2502 1358 autem
2549 1302 2615 1357 sit
2663 1304 2935 1359 sanctitati
2981 1313 3175 1360 vestra;
3223 1306 3357 1374 quia
3394 1306 3535 1361 sicut
3586 1321 3677 1362 co-

2078 1408 2342 1465 gnoscere
2375 1390 2544 1463 potui,
2578 1391 2757 1463 magis
2788 1392 3014 1462 expedit
3060 1399 3281 1463 propter
3327 1392 3508 1461 plures
3537 1409 3672 1449 cau-

2080 1496 2171 1534 sas
2203 1496 2324 1535 cum
2359 1481 2573 1536 Carnoti
2608 1497 2893 1535 remanere
2943 1498 3102 1552 quam
3136 1482 3205 1535 ad
3254 1498 3351 1537 vos
3399 1498 3665 1538 remeare.

2080 1570 2259 1634 Unde,
2290 1569 2334 1623 si
2361 1570 2644 1634 auderem,
2675 1570 2930 1640 religioni
2958 1579 3152 1626 vestrae
3180 1572 3515 1625 consulendo
3545 1588 3678 1643 sug-

388 1656 592 1711 laboris
614 1662 937 1730 gravamine
959 1662 1230 1717 deficiam.
1252 1665 1355 1719 Sed
1375 1666 1487 1734 jam
1509 1665 1749 1736 usquein
1779 1665 1970 1719 vallem
2001 1678 2056 1739 Β
2084 1675 2332 1730 gererem
2363 1667 2627 1730 quatenus
2657 1675 2755 1713 VOS
2802 1675 2909 1714 non
2959 1659 3173 1726 falsam.
3207 1660 3303 1715 sed
3334 1676 3517 1717 veram
3559 1677 3673 1716 ωδ·

387 1746 684 1802 Morianna:
712 1748 773 1778 ⁸³³
806 1768 1121 1822 progressus
1152 1770 1317 1818 eram,
1348 1754 1569 1825 quando
1599 1761 1837 1809 vestram
1871 1772 1967 1807 su-

390 1836 536 1905 scepi
569 1838 872 1907 epistolam,
910 1842 1050 1895 unde
1080 1842 1228 1895 timui
1260 1859 1327 1896 ne
1358 1843 1578 1897 domino
1610 1859 1766 1913 papa;
1790 1843 1972 1912 displio

387 1932 538 1979 ceret
584 1927 648 1992 si,
684 1936 832 1981 tanta
864 1938 1014 1998 parte
1052 1930 1262 1984 itineris
1306 1931 1558 1999 perfecta,
1613 1947 1966 1997 remanerem,

388 2020 444 2066 et
472 2013 675 2068 nullum
711 2017 838 2069 mihi
884 2034 1199 2087 responsum
1234 2036 1330 2090 per
1361 2020 1569 2091 legatos
1609 2018 1827 2085 faceret,
1870 2020 1971 2075 nisi

389 2100 463 2155 ad
510 2117 651 2169 eum,
698 2103 834 2159 sicut
874 2106 1096 2177 increpi,
1131 2109 1248 2175 ipse
1296 2109 1638 2177 pervenirem
1666 2107 1750 2163 ω.
1800 2109 1973 2165 Didici

392 2190 533 2244 enim
559 2208 653 2259 per
673 2193 899 2263 litteras,
917 2211 1050 2263 quas
1072 2197 1200 2250 mihi
1221 2214 1317 2267 per
1344 2198 1616 2252 Tiberium
1648 2198 1817 2263 misit,
1848 2199 1975 2268 quia

392 2279 438 2332 si
489 2280 749 2350 possibile
808 2291 943 2337 esset
996 2284 1225 2339 libenter
1271 2301 1481 2340 mecum
1541 2288 1850 2359 loqueretur
1875 2285 1965 2342 ⁴¹⁸.

389 2366 630 2435 Sperans
660 2369 842 2439 itaque
875 2371 928 2425 in
977 2373 1110 2433 Deo,
1141 2376 1437 2429 secundum
1467 2377 1612 2446 quod
1644 2377 1695 2430 in
1740 2392 1827 2432 me
1856 2393 1978 2430 sen-

389 2455 588 2509 tieham
621 2468 667 2511 et
702 2459 768 2512 de
790 2458 1107 2529 itinerejam
1137 2472 1360 2531 peracto
1384 2475 1823 2534 expertuseram,
1855 2464 1981 2535 quia

386 2543 631 2598 laborem
663 2545 875 2600 itineris
919 2566 1141 2618 possem
1183 2551 1504 2619 subsistere;
1551 2553 1694 2622 quod
1726 2554 1850 2623 quia
1894 2571 1982 2609 me

322 2662 325 2665 λ
389 2647 495 2685 non
530 2649 688 2701 posse
718 2634 1008 2698 timebalis,
1043 2653 1130 2691 me
1170 2653 1455 2693 remanere
1477 2640 1763 2705 volebatis,
1795 2641 1983 2696 existi-

388 2720 533 2774 mavi
565 2720 772 2775 bonum
806 2739 927 2777 esse
958 2741 1058 2794 per
1085 2730 1354 2795 meipsum
1390 2728 1492 2782 hoc
1530 2745 1627 2798 pro
1657 2745 1763 2798 quo
1791 2731 1984 2802 Anglia

390 2808 554 2875 exivi,
600 2810 733 2865 sicut
779 2815 1055 2882 proposui,
1103 2814 1380 2881 perﬁcere,
1442 2816 1539 2870 nisi
1600 2816 1730 2872 forte
1782 2820 1984 2889 aliquid

389 2897 693 2953 obviaverit
726 2901 808 2954 cui
843 2901 1237 2957 rationabiliter
1262 2921 1526 2973 nequeam
1560 2909 1826 2961 resistere.
1861 2908 1985 2962 Om-

389 2987 649 3056 nipotens
687 2988 833 3043 Deus
880 2992 959 3046 sic
1015 3000 1255 3046 vestrum
1314 3009 1538 3063 regnum
1598 3004 1865 3050 terrenum
1923 2997 1977 3050 in

389 3078 593 3147 gaudio
616 3088 795 3134 vestro
818 3079 907 3132 diu
938 3088 1085 3151 regat
1118 3088 1172 3134 et
1218 3081 1531 3136 corroboret
1562 3100 1723 3153 super
1751 3086 1974 3155 Anglos,

390 3174 445 3218 ut
479 3178 592 3235 post
621 3166 683 3194 ‘“
712 3169 851 3223 hanc
880 3169 1042 3222 vitam
1078 3185 1171 3223 vos
1201 3185 1430 3241 regnare
1460 3170 1623 3226 faciat
1647 3172 1788 3228 inter
1802 3189 1974 3246 ange-

390 3253 491 3309 los.
526 3258 718 3312 Amen.

796 3347 1135 3404 EPISTOLA
1173 3349 1475 3405 LXXXVII
1504 3349 1584 3406 ⁸³⁸.

629 3458 871 3500 ANSELMI
917 3462 987 3499 AD
1043 3463 1428 3503 GERONTONEM
1477 3464 1750 3504 ABBATEM.

396 3539 644 3596 Clericus
665 3544 723 3596 in
757 3543 973 3597 duabus
1005 3545 1262 3600 Ecclesiis
1292 3546 1595 3602 obstrictus
1622 3552 1980 3604 sacramento

460 3611 776 3689 religionis.
797 3616 856 3668 in
874 3632 981 3684 qua
1012 3615 1203 3670 debeat
1234 3618 1506 3672 manere?
1538 3620 1778 3689 Expedit
1802 3636 1978 3689 prap-

465 3686 771 3764 ternplures
801 3700 1002 3739 causas
1047 3702 1176 3741 eum
1209 3689 1438 3743 Carnoti
1477 3686 1773 3745 remanere
1802 3686 1979 3764 ouum

461 3754 533 3808 ad
551 3755 924 3810 Gerontonem
956 3772 1233 3812 remeare.

462 3843 796 3908 ANSELML‘S,
830 3861 1020 3899 servus
1065 3847 1321 3901 Ecclesiae
1359 3847 1784 3909 Cantuariensis,
1817 3866 1978 3904 reve-

389 3930 561 3985 rendo
590 3932 772 3985 abbati
804 3942 855 3987 et
895 3934 1067 3988 amico
1116 3952 1213 3989 suo
1261 3934 1597 3992 GERONTONI
1628 3935 1689 3964 ⁴²⁶
1727 3939 1976 3993 salutem.

461 4017 693 4087 Quidam
741 4023 1059 4087 monachus,
1090 4025 1227 4079 sicut
1255 4026 1326 4080 ab
1374 4027 1464 4081 illo
1512 4027 1694 4092 didici,
1723 4027 1978 4098 alligatus

392 4108 646 4164 Ecclesiae
676 4117 875 4166 vestra:
905 4127 1002 4182 per
1040 4116 1328 4183 quamdam
1378 4115 1774 4184 professionem
1815 4132 1974 4187 quam

391 4196 445 4250 in
477 4198 666 4252 habitu
697 4199 941 4255 clericali
970 4201 1126 4255 vobis
1153 4203 1299 4265 fecit,
1333 4212 1387 4257 et
1415 4206 1667 4260 similiter
1694 4214 1975 4260 monaste-

389 4285 469 4340 rio
497 4287 684 4342 Sancti
719 4289 876 4353 Petri,
902 4290 1045 4358 quod
1076 4290 1291 4345 Carnoti
1317 4293 1474 4345 situm
1498 4301 1598 4360 est,
1624 4294 1711 4347 ubi
1739 4295 1975 4348 habitum

2083 1755 2222 1803 trem
2250 1764 2369 1802 esse
2398 1748 2719 1819 probaretis.
2754 1749 2964 1803 Valete.

2466 1871 2811 1929 EPISTOLA
2847 1873 3172 1928 LXXXVIII
3192 1871 3276 1926 “7.

2258 1984 2503 2024 ANSELMI
2533 1984 2604 2024 Αῐ)
2634 1986 2923 2026 HENIUCUM
2954 1985 3142 2026 REGEM
3170 1986 3494 2027 ΑΝϐιοιιωί.

2084 2076 2225 2146 Quid
2264 2077 2617 2147 responderit
2651 2092 2801 2148 papa
2839 2076 2913 2131 ad
2948 2078 3275 2131 consultum
3320 2078 3390 2133 de
3435 2077 3683 2134 sacerdo-

2156 2150 2366 2203 tiorum
2402 2148 2724 2213 collatione,
2777 2149 3026 2221 quodque
3065 2150 3364 2205 Anrelmus
3394 2164 3555 2221 papa:
3600 2150 3679 2205 sit

2164 2221 2462 2287 periturus
2476 2260 2488 2274 .

2155 2324 2267 2379 Suo
2323 2323 2624 2379 reverendo
2666 2323 2893 2379 domino
2940 2325 3191 2380 HENRICO
3223 2324 3340 2397 regi
3379 2324 3683 2395 Anglorum

2086 2414 2393 2467 ANSELIUS
2423 2412 3316 2485 Cantuariensisarchiepiscopus,
3358 2412 3518 2469 ﬁdele
3560 2428 3682 2469 ser-

2088 2502 2277 2559 vitium
2304 2517 2426 2557 cum
2457 2502 2817 2556 orationibus.

2161 2600 2424 2668 Quamvis
2455 2616 2550 2670 per
2580 2600 2916 2654 Willelmum
2939 2600 3006 2655 de
3037 2600 3440 2657 Warelwast‘“
3468 2616 3682 2672 cogno-

2089 2689 2261 2745 scatis
2307 2690 2437 2760 quid
2484 2690 2676 2744 Romae
2725 2689 3035 2756 fecerimus,
3080 2698 3257 2745 tamen
3304 2691 3448 2760 quod
3487 2690 3553 2744 ad
3594 2706 3680 2745 me

2089 2778 2338 2849 pertinet.
2393 2777 2628 2831 breviter
2672 2779 2983 2833 ostendam.
3022 2779 3249 2833 Romam
3289 2779 3428 2845 veni,
3466 2794 3679 2834 causam

2092 2883 2191 2937 pro
2221 2882 2329 2937 qua
2355 2882 2613 2920 veneram
2644 2867 2865 2921 domino
2896 2883 3051 2938 papae
3082 2868 3336 2937 exposui.
3387 2868 3686 2939 Respondit

2092 2971 2150 3010 se
2180 2971 2517 3025 nequaquam
2555 2956 2694 3010 velle
2726 2954 3008 3010 dissentire
3055 2970 3088 3009 a
3129 2957 3345 3011 statutis
3373 2964 3685 3012 antecesso-

2006 3039 2056 3101 C
2089 3060 2207 3097 rum
2256 3060 2495 3108 suorum,
2527 3051 2578 3098 et
2626 3046 2847 3113 insuper
2894 3043 3149 3114 praecepit
3198 3044 3325 3097 mihi
3376 3054 3431 3098 ut
3479 3044 3684 3099 nullam

2091 3133 2255 3201 399
2293 3132 2549 3186 haberem
2581 3132 3017 3186 communionem
3042 3148 3165 3187 cum
3197 3133 3304 3187 illis
3326 3133 3500 3204 quide
3523 3147 3684 3188 manu

2086 3233 2265 3276 vestra
2294 3218 2354 3248 "’
2388 3221 2721 3274 investituras
2762 3225 3086 3289 acceperunt
3130 3222 3509 3286 Eccla-siarum,
3563 3228 3686 3290 post

2088 3309 2250 3378 hujus
2282 3309 2662 3379 prohibitionis
2691 3308 2955 3375 notitiam,
2990 3310 3089 3364 nisi
3138 3310 3504 3380 paenitentiam
3544 3326 3685 3382 age-

2088 3407 2224 3465 rent,
2276 3405 2328 3450 et
2369 3399 2485 3451 sine
2528 3414 2627 3467 spe
2678 3397 3105 3468 recuperationis
3153 3398 3296 3467 quod
3355 3405 3687 3468 acceperant

2087 3487 2422 3550 desererent,
2469 3501 2644 3556 neque
2675 3502 2796 3541 cum
2842 3486 3114 3556 episcopis
3158 3487 3254 3558 qui
3310 3488 3441 3542 tales
3486 3501 3686 3543 conse-

2086 3583 2318 3643 crarunt,
2357 3574 2458 3627 nisi
2487 3574 2553 3627 ad
2602 3574 2921 3645 apostolicae
2969 3576 3113 3630 sedis
3138 3575 3408 3644 judicium
3453 3592 3512 3632 se
3541 3592 3687 3648 pre-

2086 3671 2363 3717 sentarent
2416 3661 2498 3715 "°.
2552 3663 2754 3716 Horum
2809 3664 3049 3717 omnium
3111 3663 3265 3718 testis
3322 3673 3496 3732 potest
3563 3680 3685 3720 esse

2084 3752 2375 3821 praedictus
2391 3751 2723 3811 Willelmus,
2748 3751 2793 3804 si
2819 3752 2955 3806 vult.
2976 3751 3078 3820 Qui
3103 3752 3442 3822 Willelmus,
3465 3753 3684 3823 quando

2088 3841 2158 3895 ab
2190 3840 2428 3894 invicem
2461 3838 2833 3902 discessimus,
2853 3855 2918 3893 ex
2943 3851 3123 3893 vestra
3156 3848 3309 3909 parte
3338 3856 3683 3896 commemo-

2085 3946 2210 3984 rans
2241 3944 2481 3983 amorem
2512 3935 2562 3981 et
2593 3927 2980 3999 benignitatem
3003 3945 3165 3998 quam
3197 3945 3414 3999 semper
3435 3945 3566 4000 erga
3597 3946 3685 3985 me

2086 4018 2366 4086 habuistis,
2393 4016 2775 4071 submovitme
2790 4017 2925 4071 sicut
2944 4018 3412 4088 archiepiscopum
3446 4026 3683 4073 vestrum

2085 4116 2142 4161 ut
2172 4107 2333 4161 talem
2367 4121 2453 4159 me
2483 4104 2723 4159 facerem
2755 4112 3024 4175 quatenus
3055 4105 3139 4161 sic
3172 4115 3432 4162 intrarem
3461 4106 3515 4160 in
3561 4109 3683 4160 An~

2083 4196 2272 4268 gliam,
2305 4203 2361 4247 ut
2389 4196 2469 4249 sic
2499 4209 2621 4247 esse
2650 4208 2866 4264 possem
2901 4195 3183 4250 vobiscum
3233 4194 3371 4250 sicut
3397 4196 3495 4250 fuit
3523 4203 3681 4251 ante-

2084 4298 2270 4339 cessor
2298 4299 2449 4337 mt-us
2499 4297 2620 4336 cum
2666 4291 2818 4352 patre
2867 4290 3069 4348 vestro,
3103 4293 3155 4338 et
3202 4298 3299 4339 vos
3350 4300 3437 4338 me
3487 4284 3683 4339 eodem

390 4376 642 4429 monachi
669 4381 966 4447 assumpsit
1001 4394 1100 4449 per
1129 4379 1289 4434 aliam
1324 4381 1735 4450 professionem,
1769 4384 1898 4438 dicit
1918 4398 1976 4438 se

2089 4373 2296 4426 honore
2327 4380 2379 4425 et
2409 4371 2653 4425 libertate
2680 4371 3001 4435 tractaretis,
3028 4388 3136 4443 qua
3164 4381 3319 4441 pater
3347 4376 3527 4427 vester
3575 4388 3682 4427 an-

390 4461 699 4517 nullatenus
729 4480 891 4533 posse
939 4466 1145 4522 habere
1174 4469 1497 4523 solutionem
1543 4486 1571 4524 a
1608 4469 1763 4523 vobis
1812 4486 1985 4539 neque

392 4550 462 4604 ab
514 4552 708 4605 abbate
755 4552 1092 4619 Carnotensi,
1127 4564 1183 4611 ut
1229 4557 1312 4611 vel
1344 4557 1397 4610 in
1429 4559 1744 4612 Carnotensi
1786 4574 1979 4612 mona-

392 4639 556 4693 sterio
587 4638 670 4694 vel
712 4640 763 4695 in
796 4652 974 4697 vestro
1004 4645 1240 4699 animam
1270 4660 1424 4699 suam
1473 4645 1681 4711 solvet;
1724 4649 1864 4714 quod
1896 4646 1980 4700 fa-

297 4792 301 4796 _
393 4743 515 4783 cere
543 4730 732 4801 nequit
760 4731 861 4785 nisi
888 4740 982 4786 aut
1010 4748 1042 4787 a
1090 4733 1246 4787 vobis
1273 4741 1364 4787 aut
1406 4733 1477 4788 ab
1524 4733 1722 4790 abbate
1769 4736 1978 4790 Carno-

2087 4469 2416 4515 tecessorem
2467 4474 2644 4513 meum
2675 4459 2946 4514 tractavit.
2999 4457 3057 4513 In
3089 4460 3286 4531 quibus
3316 4462 3483 4517 vertis
3518 4460 3681 4517 intelo

2082 4549 2191 4606 lexi
2222 4548 2347 4619 quia
2372 4547 2473 4601 nisi
2505 4562 2591 4601 me
2623 4548 2783 4602 talem
2829 4547 3090 4616 facerem,
3127 4548 3359 4604 reditum
3405 4565 3585 4604 mrum
3622 4549 3685 4604 in-

2080 4637 2330 4710 Angliam
2344 4651 2451 4690 non
2472 4636 2699 4691 velletis.
2715 4636 2792 4689 De
2810 4651 2993 4691 amore
3015 4636 3238 4707 quidem
3269 4645 3324 4693 et
3342 4638 3680 4709 benignitate

2079 4735 2283 4808 gratias
2320 4749 2447 4807 ago.
2481 4734 2595 4803 (21)
2626 4734 2693 4789 Ut
2722 4742 2904 4789 autem
2949 4733 3023 4787 ita
3066 4734 3168 4790 sim
3212 4735 3493 4791 vobiscum
3538 4736 3689 4792 sicut

1694 4831 1925 4886 VARLE
1966 4831 2372 4887 LECTIONES.

461 4895 639 4969 “Vos
665 4913 809 4969 nunc
837 4907 890 4953 et
916 4914 1136 4966 semper
1160 4916 1265 4955 ms.
1298 4915 1398 4954 vos
1428 4915 1665 4969 semper.
1698 4900 1938 4957 “Amen
1967 4920 2073 4957 ms.
2106 4903 2341 4957 omittit.
2375 4900 2581 4956 “Cum
2610 4899 2798 4956 eodem
2829 4916 2932 4955 ms.
2966 4902 3195 4957 collata.
3227 4900 3551 4957 “‘M'brianse
3572 4920 3679 4957 ms.

393 4966 1024 5044 Moriannae.‘"lnccepi_._
1041 4972 1372 5044 pervenirem
1404 4988 1507 5026 ms.
1530 4966 1724 5041 ihcmpi
1758 4970 2476 5044 ipse_pervenirem.‘”Mihi
2514 4972 2761 5044 loquerer
2790 4988 2893 5027 ms.
2927 4988 2979 5044 m
3017 4987 3137 5028 cum
3173 4973 3502 5044 loqueretur.
3525 4973 3588 5004 ‘1‘
3617 4975 3686 5029 Et

396 5047 520 5108 post
549 5056 654 5093 ms.
687 5051 743 5095 ut
774 5050 917 5111 post.
948 5040 1167 5097 “Cum
1197 5042 1386 5097 eodem
1417 5059 1520 5098 ms.
1554 5040 1784 5099 collata.
1830 5041 2183 5098 “‘Anselmus
2210 5042 2642 5111 archiepiscopus
2672 5041 2874 5096 Cant...
2909 5042 3207 5099 Gerontino
3248 5040 3356 5100 'ma.
3400 5045 3685 5101 Anselmus

394 5124 586 5164 servus
604 5112 856 5168 Ecclesnae
874 5113 1681 5169 Cantuariensis...Gerontani.
1696 5112 1980 5171 “"Coltata
2000 5131 2127 5170 cum
2147 5116 2260 5171 eod:
2277 5129 2336 5168 m
2358 5116 2525 5167 ms.et
2540 5129 2670 5169 cum
2692 5113 2915 5170 Edmeri
2934 5114 3183 5170 HistOria
3204 5116 3485 5171 Novarum
3501 5116 3683 5172 edi-ta.

393 5177 458 5207 ‘1'
487 5182 565 5235 De
594 5183 947 5238 Warelimast
979 5200 1083 5239 ms.
1117 5190 1173 5240 et
1204 5185 1363 5239 Edm.
1395 5187 1462 5240 de
1509 5185 1856 5242 Warelwast.
1885 5184 2114 5241 “'Manu
2145 5194 2325 5241 vestra
2370 5185 2529 5240 Edm.
2577 5199 2743 5239 manu
2784 5192 2894 5241 tua.
2918 5184 3463 5257 mItepmzesentarent
3507 5186 3673 5243 Edm.

1586 5325 1880 5384 JOANNIS
1922 5326 2199 5383 PICARDI
2237 5325 2445 5381 NOTE
2461 5364 2474 5379 .

388 5258 794 5322 prtesentarent.

468 5423 582 5491 (21)
610 5425 671 5479 Ut
691 5426 884 5476 autem
905 5422 1178 5479 vobiscum
1199 5423 1308 5479 sim
1325 5424 1474 5480 sicut
1492 5429 1981 5481 atntecessormeus

397 5498 511 5564 fuit
536 5509 663 5567 cum
692 5498 857 5567 patre
882 5499 1086 5567 oestro,
1111 5498 1300 5565 facere
1316 5512 1429 5550 non
1450 5512 1669 5567 possum
1681 5495 1982 5567 .7Glt‘glllus

399 5563 537 5619 foret
570 5566 717 5619 hisce
747 5563 922 5617 verbis
953 5563 1278 5621 extricandis
1300 5563 1981 5621 necessarius.Cum'enim

400 5635 502 5689 sub
534 5634 698 5690 ﬁnem
722 5634 868 5690 illius
888 5638 1100 5692 saeculis
1117 5638 1393 5694 millesimi
1415 5646 1699 5697 vocaretur
1718 5638 1979 5705 Simonis,

2088 5423 2396 5498 sacerdotii,
2432 5426 2623 5498 virgae,
2656 5431 2748 5498 aut
2776 5422 2959 5478 annuli
2991 5421 3248 5498 pontiﬁcii
3280 5422 3409 5498 data
3440 5429 3682 5498 potestas

2089 5496 2582 5576 a.l‘aiconprincipe.
2616 5497 2710 5576 sed
2743 5497 3134 5576 ethomaginm
3168 5500 3246 5576 (ut
3275 5496 3437 5576 vulgo
3466 5496 3681 5576 loquar)

2091 5566 2267 5622 eidem
2297 5566 2519 5629 factum.
2552 5568 2640 5622 vel
2670 5566 2960 5638 quodpiam
2987 5566 3308 5635 obsequium
3332 5566 3579 5635 ejusdem
3604 5566 3680 5620 rei

2088 5639 2283 5710 gratia,
2314 5638 2591 5696 Videbitur
2619 5636 2956 5694 Lanfraucus
2968 5638 3070 5693 hac
3093 5652 3271 5708 purus
3300 5637 3536 5706 macula,
3568 5637 3679 5691 imo
