4010 6064
178 238 287 298 125

1403 251 1536 306 LIB.
1571 249 1640 316 II,
1675 249 1898 307 EPIST.
1954 252 2253 308 LXXXIX.

3363 259 3467 319 126

174 363 497 412 antecessor
532 374 685 414 meus
714 359 811 415 fuit
839 377 959 419 cum
985 367 1139 435 patre
1189 373 1392 432 vestro,
1453 364 1625 420 facere
1678 382 1785 419 non
1816 370 1870 428 Α
1900 368 2001 422 lioc
2018 370 2161 437 quod
2195 385 2344 424 mens
2375 371 2627 438 humana,
2662 372 2908 443 quamvis
2938 371 2999 400 "‘
3029 389 3125 428 suo
3174 389 3334 430 sensu
3393 378 3481 431 iu-

172 460 424 515 possum,
453 448 579 518 quia
610 465 711 505 nec
744 452 898 507 vobis
930 454 1245 523 homagiuin
1260 454 1459 520 facere,
1501 472 1605 508 nec
1639 456 1779 509 acci-

172 534 458 604 pientibus
489 537 557 591 de
595 554 759 593 manu
811 547 993 597 vestra
1031 542 1372 598 investituias
1418 543 1782 598 Eicclesiarum

171 632 404 692 propter
429 625 739 693 praedictam
766 630 1183 698 prohibitionem
1202 648 1289 687 me
1312 632 1565 687 audiente
1586 634 1780 687 factam

171 712 357 768 audeo
383 716 813 774 communicare.
846 720 998 775 Unde
1027 736 1222 788 precor
1253 732 1307 776 ut
1341 721 1470 775 mihi
1523 731 1778 785 vestram,

172 803 220 855 si
251 801 456 870 placet,
491 806 755 859 mandetis
786 809 1123 863 voluntatem
1150 827 1164 874 ;
1198 815 1378 864 utrum
1395 811 1492 873 sic,
1523 811 1782 879 quemad-

172 890 554 957 modumdixi,
588 894 788 963 possim
820 897 875 949 in
918 914 1051 966 pace
1106 907 1287 953 vestra
1342 911 1397 954 et
1450 898 1615 954 cilicii
1673 899 1779 953 mei

172 987 453 1049 potestate
483 981 663 1036 redire
695 983 748 1036 in
778 987 1051 1056 Angliam.
1086 987 1313 1042 Paratus
1359 988 1501 1041 enim
1554 1005 1669 1042 sum
1726 996 1778 1043 et

171 1069 338 1123 vobis
376 1077 433 1124 et
466 1072 671 1140 populo
698 1072 884 1128 divina
915 1075 1043 1129 mihi
1090 1076 1442 1145 dispositione
1488 1078 1780 1132 commisso

175 1156 342 1212 oﬂicii
374 1159 480 1213 mei
510 1163 801 1218 servntium
842 1179 944 1233 pro
999 1165 1208 1220 viribus
1258 1174 1311 1219 et
1355 1167 1578 1220 scientia
1639 1182 1776 1231 mea,

172 1255 403 1301 servata
434 1246 498 1278 ⁴³¹
532 1251 769 1320 regulari
831 1251 1168 1320 obedientia,
1220 1254 1452 1319 ﬁdeliter
1502 1256 1775 1309 exhibere.

171 1332 336 1402 Quod
367 1338 417 1389 si
443 1336 598 1392 vobis
624 1336 691 1365 ‘"
723 1354 830 1393 non
863 1341 1152 1409 placuerit,
1187 1347 1316 1413 puto
1348 1344 1481 1413 quia
1534 1344 1583 1397 si
1635 1344 1780 1414 quod

168 1418 485 1475 animarum
568 1422 951 1480 detrimentum
1036 1426 1163 1482 inde
1242 1428 1568 1499 contigerit,
1656 1444 1780 1483 mea

170 1510 337 1577 culpa
386 1525 497 1564 non
545 1511 666 1565 erit.
728 1512 1091 1583 Omnipotens
1148 1516 1291 1571 Deus
1338 1518 1416 1570 sic
1473 1526 1666 1588 regnet
1724 1518 1777 1570 in

169 1595 346 1648 00rde
378 1605 560 1649 vestro
591 1604 649 1650 ut
678 1613 777 1653 vos
819 1615 919 1669 per
965 1600 1148 1655 omnia
1199 1603 1440 1672 regnetis
1497 1602 1551 1656 in
1596 1602 1778 1674 gratia

170 1680 313 1751 ejus.
346 1686 520 1739 Amen
550 1683 631 1739 “'.

603 1774 939 1831 EPISTOLA
960 1777 1243 1834 LXXXIX
1269 1776 1352 1833 "‘.

417 1875 661 1919 ΑΝεευιι
690 1878 765 1918 ΑΙ)
794 1880 1042 1921 ιιίιΛτιιιςδ
1073 1880 1545 1922 οΑΝτυΑιιιεΝεΕε.

222 1967 305 2022 De
349 1982 455 2024 suo
509 1969 698 2026 reditu
729 1972 791 2025 in
832 1973 1090 2042 Angliam
1134 1990 1170 2027 α
1212 1973 1722 2029 Cantuiiri'cnsibus

670 2046 963 2099 monachis
992 2049 1305 2117 peraptuto.

253 2129 582 2194 ANsauuis,
615 2131 1059 2202 archiepiscOpus
1089 2133 1422 2194 Cantuariae.
1457 2133 1703 2189 dominis
1721 2133 1783 2162 “‘

184 2216 450 2272 fratribus
478 2227 532 2272 et
559 2216 683 2274 ﬁliis
710 2222 1045 2275 charissimis
1070 2223 1126 2275 in
1160 2223 1355 2278 Christi
1382 2223 1477 2277 Eci
1494 2222 1627 2277 lesia
1650 2224 1791 2277 Can-

189 2306 384 2361 tuaria:
405 2309 861 2363 caiiversantibus
888 2310 1113 2364 salutem
1143 2320 1200 2366 et
1239 2312 1676 2367 benedictionem
1722 2314 1784 2344 “‘

183 2394 307 2458 Dei,
338 2403 398 2449 et
423 2412 595 2462 suam,
629 2407 885 2468 quantum
919 2408 1112 2468 potest.

252 2483 335 2538 De
369 2484 544 2538 reditu
576 2496 760 2541 nostro
788 2487 948 2543 dulce
973 2487 1300 2543 desiderium
1348 2498 1607 2554 vestrum,
1660 2490 1787 2560 quia

182 2570 255 2625 de
285 2571 575 2628 dulcedine
595 2575 905 2630 dilectionis
937 2578 1181 2647 procedit
1216 2576 1298 2643 "7,
1356 2587 1638 2648 gratanter
1691 2594 1789 2634 ac-

183 2660 351 2731 cipio.
379 2676 506 2718 amo
528 2668 586 2718 et
606 2664 873 2734 approbo.
893 2666 1103 2720 etiamsi
1133 2666 1289 2721 aliter
1321 2668 1467 2721 Deus
1496 2669 1790 2737 disponere

184 2749 419 2804 voluerit
446 2766 608 2823 quam
658 2752 797 2807 sicut
845 2769 950 2824 ego
1002 2755 1284 2810 vobiscum
1326 2755 1581 2811 desidero
1630 2758 1787 2825 Saepe

185 2852 329 2895 enim
358 2838 506 2894 Deus
534 2855 826 2897 servorum
856 2857 1076 2898 suorum
1110 2843 1271 2897 vitam
1327 2843 1545 2898 ordinat
1602 2856 1787 2898 contra

1890 458 2130 512 tentione
2155 459 2320 525 bona,
2354 460 2655 516 desiderat.
2698 463 2845 516 Sicut
2875 465 3018 516 enim
3050 480 3244 518 aurum
3281 465 3331 518 in
3367 466 3485 521 for-

1888 559 2023 599 nace
2046 550 2321 615 probatur,
2357 551 2428 602 ita
2473 560 2682 604 mentes
2738 552 3033 607 electorum
3086 570 3308 609 suorum
3360 555 3487 625 igne

1890 635 2246 691 tribulationis
2278 638 2577 694 examinat.
2614 638 2770 706 Quod
2803 640 2847 693 si
2879 642 3033 695 vobis
3083 643 3200 711 ejus
3256 652 3489 712 paterna

1890 732 2225 779 correctione
2255 739 2348 779 aut
2390 728 2715 796 probatione
2773 730 3075 799 contigerit,
3137 731 3300 784 nolite
3357 730 3487 785 deﬁ-

1890 828 2036 878 cere,
2072 815 2166 866 sed
2198 832 2263 867 ex
2298 818 2416 884 ipsa
2476 816 2845 881 tribulatione,
2895 818 3038 871 sicut
3092 819 3213 884 filii,
3272 820 3486 875 studete

1891 901 2176 972 proficere.
2212 903 2333 956 Non
2365 912 2447 956 est
2486 906 2628 958 enim
2656 905 2970 959 inusitatum
2988 907 3158 962 servis
3190 909 3287 963 Dei
3311 910 3362 962 in
3384 909 3486 964 hac

1889 991 2325 1060 peregrinatione
2375 992 2791 1047 adversitatibus
2849 995 3180 1050 multimodis
3246 998 3482 1064 concuti,

1889 1094 2147 1148 quoniam
2181 1096 2285 1134 non
2319 1090 2443 1133 sunt
2471 1081 2539 1135 de
2571 1085 2674 1135 hoc
2708 1083 2905 1137 mundo
2939 1104 2952 1151 ;
2987 1094 3037 1137 et
3067 1094 3271 1156 quanto
3304 1087 3481 1158 magis

1890 1165 1976 1217 hic
2009 1174 2291 1223 vexantur,
2326 1173 2471 1218 tanto
2502 1168 2677 1236 magis
2717 1168 2975 1220 mundum
3017 1178 3370 1238 cognoscunt,
3431 1177 3484 1223 et

1889 1248 1958 1302 ad
1990 1250 2225 1319 requiem
2259 1250 2491 1303 transire
2522 1250 2833 1306 desiderant
2857 1253 2926 1305 de
2953 1254 3053 1307 hoc
3084 1254 3302 1307 mundo.
3338 1254 3482 1322 Qua-

1890 1346 2113 1407 prOpter
2144 1354 2337 1391 moneo
2369 1348 2421 1392 et
2442 1355 2633 1409 precor
2662 1356 2755 1394 vos
2779 1349 2837 1395 ut
2892 1338 3032 1394 filios
3079 1341 3481 1410 charri~simos,

1890 1434 2171 1496 quatenus,
2208 1427 2252 1479 si
2282 1444 2366 1481 res
2391 1429 2656 1499 exegerit,
2690 1439 2892 1499 quanto
2923 1430 3176 1485 attentius
3224 1446 3321 1485 vos
3388 1432 3485 1486 ho-

1889 1517 1986 1569 stis
2032 1516 2303 1571 hominum
2348 1533 2382 1570 a
2428 1526 2568 1571 statu
2626 1519 2911 1588 religionis
2961 1528 3157 1573 vestrae
3213 1519 3479 1590 dissipare

1887 1601 2197 1666 teutavcrit,
2250 1609 2396 1655 tanto
2454 1618 2549 1656 vos
2606 1603 2674 1656 ad
2731 1603 3007 1656 servitium
3067 1603 3166 1658 Dei
3221 1604 3483 1675 colligere

1811 1717 1865 1779 Β
1896 1690 2112 1743 strictus
2144 1690 2421 1743 studeatis.
2458 1692 2547 1745 Sic
2579 1706 2818 1760 namque
2863 1702 3049 1746 contra
3104 1695 3313 1747 hostem
3364 1694 3483 1748 for-

1896 1781 1999 1832 tius
2033 1781 2340 1849 pugnabitis
2373 1788 2423 1834 et
2446 1781 2543 1834 Dei
2574 1782 2833 1835 auxilium
2892 1780 3163 1837 efﬁcacius
3218 1783 3486 1851 impetra-

1893 1867 2037 1922 bilis.
2071 1868 2153 1922 De
2183 1868 2265 1922 his
2291 1884 2397 1922 non
2427 1876 2509 1922 est
2538 1884 2762 1923 necesse
2803 1885 2886 1923 me
2920 1870 3069 1923 vobis
3101 1869 3323 1923 multum
3356 1869 3488 1924 scri-

1890 1956 2043 2021 bere,
2078 1958 2201 2026 quia
2228 1956 2325 2011 Dei
2355 1958 2534 2027 gratia
2552 1974 2648 2011 vos
2677 1956 2739 1985 ⁴²⁹
2755 1961 2867 2012 haec
2895 1959 3064 2025 scitis,
3090 1967 3141 2011 et
3162 1959 3485 2012 testimonia

1892 2046 2282 2115 Scripturarum
2341 2047 2493 2100 vobis
2563 2054 2687 2100 sunt
2771 2057 3053 2116 praesentia
3105 2067 3116 2101 :
3166 2055 3218 2101 et
3297 2047 3484 2101 domui

1892 2134 2114 2205 prioris,
2147 2134 2191 2187 si
2223 2133 2298 2186 illi
2324 2135 2543 2189 credere
2574 2135 2875 2197 volueritis,
2921 2135 3076 2190 vobis
3107 2136 3389 2189 consulere
3436 2143 3489 2189 et

1892 2238 1990 2277 vos
2010 2222 2319 2277 confortare
2377 2223 2575 2290 poterit
2629 2224 2923 2292 sapientia.
2985 2223 3143 2291 Quod
3193 2224 3375 2292 petitis
3433 2230 3489 2276 ut

1892 2313 2093 2366 domno
2125 2310 2294 2381 priori
2335 2313 2672 2365 committam
2727 2322 2888 2367 totam
2947 2328 3137 2367 cuiam
3185 2313 3485 2365 animarum

1892 2406 2213 2457 vestrarum,
2246 2405 2453 2449 secrete
2484 2396 2791 2464 etpublice,
2816 2398 2990 2450 donec
3020 2411 3124 2467 ego
3156 2395 3225 2448 ad
3249 2412 3346 2450 vos
3388 2410 3480 2448 re-

1892 2486 2073 2552 deam,
2107 2486 2209 2539 hoc
2241 2486 2423 2554 utique
2451 2484 2550 2540 feci
2586 2492 2640 2537 et
2670 2485 2828 2549 facio,
2882 2485 3021 2539 sicut
3074 2484 3203 2538 inibi
3250 2483 3375 2553 ipsi,
3430 2490 3489 2536 ut

1892 2577 2008 2645 ipse
2041 2573 2335 2629 secundum
2365 2574 2684 2643 sapientiam
2712 2589 2872 2643 quam
2907 2573 3051 2626 Deus
3079 2572 3183 2625 sibi
3217 2572 3385 2635 debit,
3434 2579 3489 2625 et

1893 2665 2189 2720 secundum
2211 2662 2382 2717 zelum
2415 2662 2610 2716 domus
2652 2663 2759 2716 Dei
2797 2678 2956 2731 quem
3006 2661 3060 2714 in
3110 2660 3277 2716 corde
3321 2660 3486 2730 gerit,

1888 2754 2097 2826 judicet
2141 2760 2193 2806 et
2249 2751 2520 2820 disponat,
2581 2754 2765 2821 puniat
2804 2759 2857 2803 et
2926 2757 3129 2820 parcat,
3217 2757 3489 2819 quatenus

1893 2843 2171 2897 animiam
2208 2840 2518 2894 innocentia
2574 2839 2892 2904 nutriantur,
2951 2842 3005 2892 et
3064 2839 3175 2893 vita
3228 2847 3489 2909 quantum

1482 2942 1707 2997 VARLE
1762 2940 2055 2996 LECTION
2064 2942 2167 2996 ES.

254 3032 532 3091 “’Servati
579 3050 685 3090 me.
745 3039 803 3090 et
848 3036 1008 3091 Edm.
1062 3042 1297 3093 servata.

1415 3038 1652 3092 “’Vobis
1683 3040 1838 3094 Edm.
1871 3040 2027 3093 votis.

2141 3037 2379 3091 “'Amen
2441 3054 2552 3092 ms.
2614 3040 2672 3091 et
2746 3036 2900 3090 Edm.
2960 3037 3159 3091 omitt.
3282 3034 3490 3090 "‘Cum

184 3106 779 3180 eodemmsneollata.
834 3108 1190 3163 "‘Anselmus
1222 3118 1440 3165 vocatus
1468 3111 1918 3180 archiepiscOpus
1977 3112 2207 3165 Cantunr
2263 3109 2509 3163 Dominis
2566 3126 2672 3162 ms.
2706 3107 2996 3180 Anselmus
3048 3106 3491 3180 al‘CitifpiSiCOllus

187 3177 464 3230 Dominis.
527 3177 1057 3235 “‘tjonversantibus
1087 3190 1141 3233 et
1173 3182 1608 3235 benedictionem
1647 3177 1749 3236 nis.
1775 3177 2231 3237 cnnversaniibus
2266 3182 2493 3232 salutem
2528 3190 2571 3232 el
2638 3178 3086 3232 benedictionem.

3161 3175 3458 3231 ""Dilectio
3477 3207 3490 3218 -

191 3249 277 3300 nis
298 3255 492 3324 vestrae
515 3250 751 3313 proci-dit
783 3267 888 3307 ms.
921 3252 1226 3308 dilectionis
1255 3255 1528 3324 procedit.
1591 3251 1806 3308 miliens
1827 3256 2073 3323 quamvis
2102 3270 2208 3307 ms.
2242 3268 2395 3304 mens
2424 3253 2663 3304 humana
2694 3252 2958 3321 quamvis.
3001 3247 3233 3306 “’Gi‘ata
3288 3258 3338 3303 et
3396 3264 3494 3303 vos

1395 3394 1694 3451 JOANNIS
1745 3397 2020 3451 PlCARDl
2050 3395 2282 3449 NOTzE.

190 3497 244 3545 et
266 3489 390 3559 ipse
420 3490 745 3545 Guillelmus
774 3492 1001 3555 Nothiis,
1033 3493 1193 3562 hujus
1225 3495 1441 3550 Henrici
1478 3497 1564 3565 (ad
1623 3511 1785 3565 quem
1818 3497 1863 3557 C
1894 3512 1959 3550 ex
1990 3509 2097 3563 quo
2128 3494 2181 3546 in
2210 3492 2403 3563 vulgus
2426 3490 2719 3544 ederentur
2747 3489 3058 3544 necessario
3086 3487 3488 3565 cognoscenda,

190 3335 275 3373 ms
312 3319 408 3374 Dei
438 3326 613 3393 gratia
643 3329 696 3374 et
726 3336 839 3375 νοτε.

192 3572 318 3636 sunt
352 3574 655 3636 praesentes
686 3565 931 3618 Anselmi
980 3564 1193 3634 litterae)
1250 3564 1493 3636 genitor.
1550 3564 1788 3620 Vidimus

193 3634 341 3708 enim
372 3635 514 3702 apud
549 3634 839 3708 Baronium
859 3652 980 3690 eum
998 3634 1288 3691 Alexandri
1311 3655 1464 3708 papa}
1484 3638 1795 3691 testimonio

194 3703 502 3777 laudatum,
536 3706 606 3758 ob
638 3708 950 3760 exstinctam
991 3725 1020 3761 a
1060 3703 1796 3777 sepesieniSiniOiiiniil-

195 3775 763 3836 mesberiensisiero,
794 3777 838 3830 si
882 3775 1167 3832 credamus
1215 3781 1396 3843 aieiiti,
1459 3782 1552 3846 lib,
1614 3796 1669 3832 iii
1719 3780 1796 3832 De

195 3862 326 3911 reg.
369 3847 577 3912 Anglis,
621 3846 948 3917 Gregorium
1010 3850 1102 3903 νη
1154 3851 1494 3904 iiivintorem
1532 3852 1693 3903 fuisse
1747 3855 1800 3903 et

195 3918 432 3987 primum
466 3917 867 3973 fulminaioreni
915 3922 1271 3975 anathematis
1321 3922 1371 3975 iii
1428 3921 1597 3977 laicos
1644 3923 1798 3974 inve-

197 3989 417 4043 stitores
447 3999 495 4040 et
532 3992 858 4056 investiios;
893 3992 1020 4044 nihil
1044 4010 1096 4045 in
1116 3994 1197 4044 his
1217 4008 1304 4045 vei
1325 3992 1407 4045 bis
1434 3993 1803 4046 animadverto

197 4062 345 4140 quod
378 4060 739 4145 Lanfiancuni
777 4064 1028 4142 attingat.
1065 4063 1133 4115 Et
1166 4064 1385 4133 quidem
1420 4064 1535 4144 eius
1566 4066 1798 4145 inaugu-

199 4133 334 4203 ratio
358 4131 480 4200 plus
529 4134 675 4202 regia
726 4131 1132 4200 importunitate
1165 4131 1219 4186 et
1279 4131 1473 4188 summi
1533 4131 1802 4203 pontiﬁcis

189 4202 355 4275 jussu
387 4203 627 4270 perfecta
657 4204 752 4256 fuit
776 4220 938 4272 quam
967 4203 1273 4273 hujusmodi
1321 4202 1591 4275 suspectis
1643 4205 1797 4258 favo-

199 4273 367 4333 ribus,
403 4280 458 4326 ut
499 4276 730 4341 ipsemet
789 4282 1000 4328 testatus
1066 4285 1144 4328 est
1190 4275 1387 4329 litteris
1418 4273 1509 4330 ‘ad
1539 4282 1793 4330 eumdem

200 4341 513 4413 pontiﬁcem
544 4347 684 4416 datis
718 4346 1011 4413 relatisque
1033 4347 1097 4398 ad
1144 4347 1425 4416 epistolam
1484 4348 1549 4399 2‘3
1607 4347 1699 4399 lib.
1752 4364 1791 4399 i.

203 4416 496 4487 Praeterea,
528 4415 720 4469 eodem
768 4417 1080 4471 Alexandro
1129 4418 1479 4487 praecipiente
1537 4418 1799 4471 Thomam

200 4485 437 4541 Eboraci
494 4487 967 4556 archiepiscopum
1000 4496 1050 4541 et
1110 4485 1414 4557 Remigium
1504 4488 1798 4543 Lincolnize

204 4557 494 4631 praesulem
526 4574 637 4631 suis
668 4558 1166 4631 iiidignossedibiis
1197 4558 1307 4631 (liic
1337 4559 1476 4627 quod
1511 4560 1801 4613 Guillelmo

203 4627 388 4683 Notho
418 4628 669 4696 Angliam
698 4627 936 4683 Ven'ienti
970 4631 1175 4683 tulisset
1209 4627 1530 4699 suppetias,
1581 4635 1798 4700 episco-

207 4702 357 4772 pium
392 4702 741 4772 acquisiei'at,
778 4701 885 4767 ille,
912 4701 1055 4771 quod
1096 4700 1393 4769 presbyteri
1440 4700 1580 4753 filius
1635 4703 1802 4772 esset)

208 4770 468 4824 restituit.
493 4771 708 4842 ‘Verum
732 4773 857 4842 quia
886 4783 1103 4826 auctore
1161 4772 1625 4825 Malniesberiensi
1656 4771 1749 4825 lib.
1782 4770 1803 4824 'i

1909 3558 2719 3635 piolocoruiii,'personariim,
2775 3572 2826 3614 et
2878 3558 3184 3629 temporum
3234 3558 3491 3635 ratione;

1906 3630 2005 3690 alia
2028 3652 2151 3689 vero
2165 3630 2549 3688 autreiicenda
2569 3649 2801 3698 proisiis,
2827 3640 3034 3685 autnon
3057 3640 3162 3685 tam
3184 3630 3491 3695 manifesta,

1906 3708 2099 3762 tienda.
2135 3715 2187 3759 iit
2219 3708 2426 3761 videret
2456 3706 2736 3759 Lanlranci
2768 3704 3074 3776 prudentia,
3106 3701 3193 3758 cui
3222 3700 3356 3756 tides
3386 3708 3501 3756 erat.

1908 3780 2169 3833 dictorum
2204 3794 2485 3847 paparum.

1980 3843 2368 3919 Quamobrem,
2403 3849 2445 3900 si
2480 3847 2604 3915 quid
2654 3846 2903 3916 praestitit
2954 3844 3324 3919 Lanfrancusa
3356 3843 3499 3919 quod

1910 3916 2175 3976 detrectet
2222 3921 2531 3981 Anselmiis,
2579 3935 2742 3972 neuio
2773 3918 3053 3971 temerarie
3111 3918 3240 3971 vitio
3296 3916 3416 3969 dedi
3435 3916 3507 3970 rit

1909 3994 2235 4064 probissimo
2262 3993 2501 4064 antistiti,
2534 4006 2654 4043 cum
2678 3990 2978 4064 discipulus
3002 3988 3344 4064 praecepmris
3391 4003 3502 4064 ron

1909 4057 2110 4132 carpat,
2144 4063 2238 4115 sed
2271 4061 2497 4114 aﬂiriiiet
2529 4078 2588 4113 se
2616 4077 2720 4113 non
2752 4062 2948 4113 audere
2980 4062 3120 4128 quod
3180 4057 3504 4132 praeceptori

1911 4130 2062 4188 licuit
2096 4135 2163 4199 (si
2189 4151 2273 4185 res
2305 4132 2549 4199 exiget-et
2582 4132 2898 4200 aliquando)
2928 4132 3000 4184 ob
3022 4131 3361 4183 interdictum
3396 4130 3479 4184 Ur-

1913 4206 2031 4259 baui
2064 4205 2110 4257 ll
2142 4212 2191 4257 et
2244 4204 2515 4257 Paschalis
2553 4204 2600 4255 ΙΙ
2651 4218 2708 4255 se
2765 4203 3018 4254 audiente
3068 4202 3491 4268 piomulgatum.

1908 4278 2176 4329 Caeterum
2210 4276 2296 4327 liii-.
2328 4278 2507 4327 animo
2537 4273 2793 4333 succedit,
2831 4273 3375 4325 Malmesbei-iensem
3407 4271 3495 4323 sui

1909 4350 2280 4400 immemorem
2315 4345 2479 4399 fuisse
2511 4345 2645 4397 libro
2670 4358 2727 4396 iii
2760 4344 2839 4397 De
2862 4360 2989 4411 reg.
3023 4343 3234 4411 Anglis,
3289 4340 3377 4394 ubi
3433 4341 3500 4394 de

1908 4417 2179 4487 Gregorio
2215 4418 2306 4470 νη
2342 4432 2475 4484 papa
2509 4416 2585 4469 sic
2616 4415 2802 4469 scribit
2837 4431 2849 4467 :
2884 4414 3166 4487 Hicrquod
3188 4413 3290 4487 alii
3322 4413 3503 4487 inusi:

1912 4482 2387 4558 iuverantmalam
2402 4482 2638 4549 extulit,
2662 4482 3505 4558 excommunicanselectosqui

1911 4555 2281 4613 investi‘tui‘as
2310 4560 2375 4614 de
2406 4575 2585 4613 manu
2606 4560 2739 4613 laici
2760 4559 3152 4628 perannulum
3169 4560 3222 4609 et
3241 4555 3504 4610 baculum

1909 4632 2254 4700 acciperent.
2318 4632 2587 4693 Graviter,
2624 4627 2863 4697 inquam,
2899 4627 3159 4681 memoria
3184 4628 3365 4700 lapsus
3422 4634 3504 4679 est

1912 4698 2249 4755 Μιιιιιιυδὺιηι
2282 4701 2354 4753 ita
2406 4701 2651 4755 scribens
2683 4719 2694 4754 :
2736 4723 2756 4746 α
2785 4700 2916 4753 Cum
2955 4700 3235 4753 Nicolaum
3259 4698 3279 4752 ι
3304 4713 3504 4767 papam

1911 4772 2154 4826 ducentis
2182 4771 2351 4826 ferme
2376 4772 2529 4825 annis
2562 4781 2683 4825 ante
2716 4771 3042 4841 Gregorium
3061 4779 3113 4823 et
3147 4771 3381 4823 Leonem
3412 4770 3501 4841 Ν.

206 4839 672 4914 Βξᾲροηιιῆᾳὶὺυδ
701 4839 893 4913 Anglis
927 4857 940 4895 :
979 4876 995 4888 υ
1035 4844 1176 4914 Papii
1203 4844 1414 4911 pondus
1476 4842 1600 4896 facti
1655 4860 1684 4894 a
1714 4859 1800 4914 Lse
1829 4851 1888 4914 Ι)
1914 4851 2034 4896 ante
2064 4844 2346 4896 Nicolaum
2379 4850 2589 4895 constet
2619 4843 2760 4896 idem
2794 4839 2999 4914 cavisse
3030 4839 3505 4914 subanathemalis

208 4912 485 4980 rejiciens,
528 4912 578 4964 in
596 4912 946 4967 Lant‘raneum
980 4913 1463 4968 considerationem
1486 4912 1795 4976 transfodit,

207 4983 352 5039 bene
381 4998 449 5037 an
479 4998 637 5039 secus
667 4983 842 5048 ﬂeret,
881 4985 1133 5039 redderet
1164 4984 1506 5038 investituras
1534 4999 1582 5036 si
1616 4985 1791 5046 vellet,

209 5056 251 5108 si
285 5053 485 5113 minus.
522 5053 724 5110 faceret
754 5056 896 5124 quod
920 5055 1260 5109 commodum
1293 5056 1479 5109 sciret.
1512 5056 1586 5108 lia
1617 5054 1714 5118 illi,
1738 5056 1805 5108 de

210 5141 374 5179 manu
406 5125 695 5181 Laofranci
726 5126 949 5181 baculos
979 5134 1030 5179 et
1060 5125 1289 5179 annulos
1322 5127 1666 5192 recipientes,
1706 5126 1801 5180 la:-

209 5205 326 5251 tum
361 5200 427 5250 ad
453 5196 675 5265 patriam
720 5213 841 5251 cum
901 5197 1092 5251 eodem
1150 5196 1319 5249 moliti
1370 5203 1495 5250 sunt
1555 5197 1804 5251 reditum.

209 5270 328 5323 Nec
358 5267 552 5322 minori
572 5284 695 5321 eum
713 5269 918 5322 amoris
933 5267 1216 5338 diligentia
1238 5267 1573 5338 palpandum
1605 5269 1811 5321 curarit

213 5338 521 5407 Gregoiius
550 5341 847 5393 Alexandri
878 5356 1179 5401 successor,
1213 5341 1374 5393 multa
1400 5339 1541 5391 illius
1585 5339 1810 5394 consilio

209 5411 541 5475 transigens,
568 5410 735 5464 multa
766 5412 926 5463 etiam
968 5412 1281 5465 domesticis
1310 5410 1419 5462 suis
1444 5410 1645 5473 ignota,
1670 5411 1814 5462 illius

211 5482 564 5537 conscientia:
593 5483 1060 5536 communicatos.»
1099 5482 1308 5548 Quibus
1359 5480 1812 5534 Malmesberien-

212 5554 287 5607 sis
322 5554 500 5607 verbis
523 5562 766 5621 apparet,
801 5554 898 5605 hos
934 5553 1071 5607 duos
1104 5551 1653 5619 pontificeshabuisse
1674 5553 1812 5604 Lan-

213 5625 460 5681 francum
488 5624 548 5679 in
601 5625 807 5696 Anglia
857 5625 971 5681 vice
1015 5622 1294 5681 sacerrimi
1350 5621 1597 5692 ejusdem
1646 5621 1814 5693 adyti,

1915 4929 2093 4983 ptena.
2128 4930 2290 4981 quam
2323 4915 2503 4981 legere
2558 4920 2637 4965 est
2668 4921 2841 4983 itomo
2892 4912 2937 4965 Il
2984 4912 3362 4983 conciliorum,
3402 4911 3508 4983 bis

1905 4982 2087 5038 verbis
2118 4999 2131 5038 :
2170 4985 2233 5039 Ut
2268 5000 2364 5053 per
2396 4983 2560 5037 laicos
2589 4982 2735 5036 nullo
2783 4982 2950 5037 modo
3005 4982 3232 5053 quilibet
3289 4982 3514 5037 clericus

1915 5064 2005 5110 aut
2040 5055 2320 5124 presbyter
2349 5054 2591 5108 obtineat
2645 5054 2954 5117 ecclesiam,
3010 5069 3110 5108 nec
3167 5054 3360 5125 gratis,
3413 5067 3515 5109 nec

1916 5130 2111 5196 pretio.
2150 5148 2172 5173 ii
2209 5126 2349 5192 Quin
2381 5133 2434 5179 et
2459 5125 2769 5177 Alexander
2797 5125 3118 5194 “Gregorii
3154 5127 3243 5181 VII
3302 5126 3516 5194 prtrde-

1917 5214 2104 5252 cessor
2128 5197 2400 5266 probavit,
2434 5198 2866 5264 servaiidamque
2896 5198 3149 5265 praecepit
3181 5197 3321 5251 hanc
3342 5205 3513 5251 caete-

1918 5285 2123 5339 rasque
2147 5268 2355 5321 Nicolai
2386 5269 2819 5322 constitutiones.
2847 5268 3059 5321 Etenim
3119 5269 3258 5321 hanc
3287 5267 3510 5321 Gratia-

1921 5356 2021 5392 nus
2054 5341 2229 5392 retulit
2263 5339 2553 5392 Alexandri
2575 5340 2792 5390 nomine
2845 5354 2966 5407 cap.
3001 5340 3053 5397 6.
3084 5347 3262 5407 quest.
3302 5341 3355 5401 7,
3379 5354 3504 5403 can,

1921 5413 2028 5465 Per
2059 5411 2249 5464 laicus.
2297 5410 2526 5465 Ubinam
2559 5425 2688 5462 vero
2722 5409 2820 5463 loci
2852 5411 2966 5463 haic
2982 5419 3175 5462 statuta
3204 5412 3502 5470 renovarit,

1922 5482 2183 5549 exprimit
2211 5482 2460 5549 ipsemet,
2486 5481 2728 5533 scribens
2763 5482 2811 5532 in
2837 5481 2978 5532 hunc
3011 5482 3229 5533 modum
3267 5498 3320 5531 :i'
3357 5482 3505 5532 ALB-

1922 5567 2145 5606 XANDER
2175 5553 2479 5621 episcopus,
2522 5569 2712 5605 sei-vus
2752 5568 3028 5604 SPJVOI‘UID
3084 5553 3198 5614 Dei,
3252 5550 3507 5603 omnibus

1922 5624 2193 5697 episcopis
2246 5622 2543 5687 catholicis,
2605 5632 2906 5693 cunctoque
2951 5624 3095 5678 clero
3142 5630 3199 5676 et
3283 5621 3504 5691 populo,
