4010 6064
415 223 518 280 127

999 231 1064 291 S.
1101 235 1406 291 ANSELMI
1445 235 1790 293 CANTUAR.
1835 235 2162 295 ARCHIEP.
2195 241 2355 303 OPP.
2394 247 2578 306 PARS
2607 249 2702 306 III.
2739 281 2809 293 —
2837 250 3211 309 EPISTOLE.

3618 259 3720 313 128

417 350 684 420 possibile
713 361 815 421 est,
848 356 960 412 Deo
991 358 1299 430 adjuvante,
1335 360 1591 416 radicitus
1625 363 1692 417 de
1724 363 1886 417 domo
1920 363 2014 417 Dei
2044 364 2099 423 A
2126 368 2207 423 sic
2227 386 2313 425 me
2334 373 2437 428 alia
2468 374 2607 430 bona
2638 376 2800 432 ofﬁcii
2829 378 2935 433 mei
2996 378 3203 434 faciens
3259 394 3292 434 a
3342 381 3723 437 communione

419 441 756 510 extirpentur
825 454 876 499 et
924 448 1292 504 excludantur.
1358 450 1484 506 Scio
1541 452 1664 523 quia
1720 450 1782 480 ⁴⁸⁰
1817 452 2017 523 singuli

421 538 661 584 nostram
721 533 1042 589 desideratis
1088 538 1534 607 absolutionem;
1594 542 1690 595 sed
1767 542 2020 611 quoniam

421 613 657 683 singulis
681 617 783 671 hoc
817 618 1001 672 facere
1058 620 1189 674 mihi
1251 638 1408 677 nunc
1447 625 1708 693 possibile
1756 642 1864 680 non
1920 632 2023 689 est,

422 702 678 758 omnibus
710 706 867 759 vobis
899 706 996 762 Dei
1027 717 1079 761 et
1109 718 1376 774 nostram,
1409 720 1669 781 quantum
1694 713 1746 768 in
1780 730 1873 769 me
1920 719 2023 785 est,

421 799 568 859 opto,
600 808 714 856 oro,
751 795 968 859 mando,
993 797 1391 855 absolutionem
1447 811 1501 855 et
1556 802 2021 858 benedictionem.

419 874 773 943 Disciplinam
826 879 1032 933 ordinis
1064 884 1229 936 vestri
1273 900 1491 953 semper
1546 895 1772 942 amate:
1833 902 2023 956 pacem

422 961 565 1015 inter
594 979 691 1017 vos
740 974 792 1019 et
844 968 1207 1024 obedientiam
1241 972 1309 1026 ad
1359 974 1590 1042 priorem
1645 975 2031 1031 inviolabiliter

421 1060 655 1106 servate.
692 1053 951 1111 Dominus
983 1058 1054 1110 sit
1085 1075 1302 1130 semper
1328 1062 1629 1117 vobiscum.
1680 1067 1872 1119 Amen.

920 1181 1267 1239 EPISTOLA
1307 1186 1403 1240 XC
1434 1190 1518 1240 “1.

846 1285 1085 1325 ANSELMI
1143 1288 1214 1327 AD
1265 1290 1586 1331 ERNULFUM.

908 1360 1171 1428 Ejusdem
1202 1367 1551 1433 argumenti.

498 1442 806 1499 ANSELMUS
827 1449 1271 1521 archiepiscopus
1298 1454 1602 1509 revereiido
1633 1461 1684 1508 et
1703 1454 2028 1510 charissimo

427 1530 607 1600 fratri,
638 1532 838 1588 domno
876 1536 1040 1605 priori
1067 1538 1353 1609 ERNULFO,
1404 1542 1638 1597 salutem
1689 1550 1741 1597 et
1796 1542 2025 1615 gratiam

426 1616 552 1673 Dei.

2126 458 2389 516 malorum
2420 463 2743 524 abstineam.
2775 476 3138 537 conqueretur
3164 483 3262 523 rex
3291 483 3415 523 cum
3465 470 3723 526 omnibus

2130 548 2405 621 episcopis
2424 560 2477 606 et
2510 554 2842 623 principibus
2870 557 3002 621 suis,
3036 561 3150 626 (22)
3208 558 3332 626 quia
3391 573 3511 613 cum
3570 558 3724 613 illum

2130 649 2394 694 coronare
2454 643 2605 712 nolo,
2621 644 2807 699 aufero
2828 645 2877 699 ei
2893 661 3110 700 coronae
3130 661 3242 701 suae
3261 646 3547 716 honorem,
3561 664 3728 720 quem

2129 725 2177 779 ei
2206 727 2410 795 primas
2439 731 2594 800 regni
2625 734 2704 785 sui
2736 732 2898 787 debet
2917 749 3016 803 per
3039 735 3506 791 consuetudinem.
3555 737 3714 792 Unde

2125 813 2332 882 justum
2364 817 2472 871 illis
2492 819 2786 888 videbitur,
2812 829 2864 875 et
2909 837 3071 892 opere
3109 822 3476 891 complebunt,
3520 828 3575 878 ut
3634 825 3728 879 di-

2131 903 2314 973 gnitas
2346 906 2603 961 Ecclesiae
2632 917 2826 965 nostra;
2854 910 2925 964 ad
2955 910 3116 965 aliam
3144 911 3450 966 Ecclesium
3486 913 3725 968 transfe-

2135 999 2299 1046 ratur.
2333 992 2490 1061 Quod
2521 1012 2640 1050 cum
2664 997 2767 1063 tiat,
2804 1014 2890 1052 me
2933 999 3169 1066 vivente,
3216 999 3268 1052 in
3302 1015 3495 1072 regno,
3545 1017 3729 1073 neque

2132 1095 2229 1149 per
2259 1097 2344 1135 me
2364 1090 2449 1136 aut
2481 1100 2584 1152 per
2612 1084 2774 1139 alium
2808 1086 3096 1155 prohibere
3148 1097 3356 1158 potero,
3382 1087 3732 1145 conﬁrmabi-

2134 1172 2223 1222 tur
2245 1170 2507 1227 Ecclesiae
2538 1183 2739 1229 nostras
2764 1175 3122 1230 intolerabilis
3179 1177 3511 1232 imminutio.
3568 1177 3733 1247 Quod

2132 1267 2307 1313 autem
2357 1262 2542 1315 dicunt
2589 1265 2731 1333 quod
2772 1280 2877 1318 non
2926 1266 3227 1336 Oportuerit
3280 1282 3399 1321 eum
3464 1282 3563 1338 pro
3620 1283 3731 1323 uno

2134 1349 2301 1403 verbo
2332 1349 2548 1421 fugere,
2582 1352 2670 1422 qui
2714 1369 2867 1406 suum
2896 1354 3219 1426 sanguinem
3253 1371 3356 1425 pro
3385 1356 3576 1411 ovibus
3621 1357 3735 1411 suis

2135 1443 2187 1490 et
2215 1453 2315 1504 pro
2346 1440 2582 1494 Ecclesia
2616 1440 2717 1494 Dei
2768 1442 3024 1495 debuerit
3079 1441 3377 1510 effundere,
3434 1444 3559 1500 dico
3617 1444 3741 1515 quia

2133 1541 2239 1579 non
2267 1535 2347 1581 est
2378 1528 2874 1598 parvipendendum
2910 1530 3043 1585 illud
3066 1531 3310 1594 verbum,
3348 1531 3402 1585 in
3464 1548 3573 1603 quo
3631 1542 3740 1589 tam

2131 1616 2325 1688 gravia
2350 1617 2489 1671 mala
2514 1617 2863 1673 continentur
2891 1635 3010 1690 quae
3051 1619 3166 1687 jam
3195 1619 3309 1675 dixi
3354 1619 3440 1689 “‘,
3504 1621 3559 1675 in
3621 1639 3747 1693 qua

504 1708 663 1775 Quod
700 1726 799 1765 vos
841 1719 893 1766 et
942 1714 1100 1769 amici
1155 1716 1327 1771 ηοειιιί
1386 1718 1580 1775 doletis
1623 1719 1746 1792 quia
1811 1719 2027 1775 rediens
2056 1719 2109 1782 Β
2140 1706 2261 1761 sine
2290 1707 2537 1775 periculo
2562 1707 2758 1762 anime
2807 1724 2944 1764 mea:
3000 1716 3053 1763 et
3093 1708 3208 1764 sine
3257 1710 3587 1766 detrimento
3644 1712 3743 1767 Ec-

433 1796 605 1852 Roma
635 1801 686 1852 in
718 1801 970 1873 Angliam
1001 1819 1106 1857 non
1141 1806 1283 1870 veni,
1310 1807 1417 1861 hoc
1453 1808 1577 1862 facit
1608 1809 1826 1865 dilectio
1860 1827 1873 1872 ;
1934 1809 2031 1864 sed

432 1887 578 1954 quod
610 1890 937 1955 pastoralem
969 1908 1154 1947 curam
1185 1894 1301 1948 sine
1333 1896 1442 1949 ulla
1474 1897 1682 1951 ratione
1727 1898 2033 1968 relinquere

432 1974 638 2041 videor,
674 1992 782 2031 non
815 1978 921 2033 hoc
949 1983 1219 2037 aestimant
1248 1984 1523 2052 sapientes
1560 1985 1795 2056 religiosi
1840 1987 2035 2057 quibus

434 2078 548 2116 rem
580 2065 829 2132 ostendo,
863 2084 1039 2137 neque
1078 2087 1182 2142 ego
1230 2072 1501 2143 intelligo.
1559 2074 1679 2128 Non
1738 2075 1881 2128 enim
1929 2090 2036 2144 ego

437 2164 579 2211 eam.
615 2163 873 2220 quantum
904 2155 958 2208 in
990 2173 1077 2212 me
1108 2167 1209 2228 est,
1244 2159 1513 2231 relinquo,
1545 2161 1641 2215 sed
1682 2161 1760 2215 ibi
1791 2162 1883 2215 ubi
1913 2177 2035 2216 eam

433 2254 520 2292 me
543 2254 801 2296 exercere
832 2253 1127 2314 Oporteret,
1160 2248 1473 2303 conversari
1506 2250 1639 2304 sicut
1657 2265 1777 2315 vos,
1810 2250 1853 2305 si
1901 2250 2035 2305 dili-

433 2332 632 2397 genter
661 2329 957 2397 intenditis,
990 2348 1317 2405 cOgnoscere
1349 2338 1594 2405 potestis,
1628 2355 1859 2409 nequeo.
1921 2343 2036 2393 Au-

430 2414 587 2470 distis
618 2418 764 2471 enim
796 2421 990 2488 quibus
1020 2438 1087 2476 ex
1136 2434 1411 2495 prmeepto
1444 2427 1687 2495 Apostoli
1728 2430 2039 2482 communi-

432 2518 560 2558 care
589 2522 695 2559 non
729 2509 929 2577 possim
961 2510 1079 2565 sine
1109 2512 1307 2567 animae
1329 2531 1464 2568 mea:
1493 2515 1771 2584 periculo;
1810 2533 2036 2587 quorum

432 2595 870 2650 communionem
945 2600 1065 2670 regi
1123 2604 1558 2668 communicans,
1618 2605 1744 2657 dum
1806 2605 1922 2673 ipse
1957 2606 2038 2659 eis

432 2683 815 2753 communicat,
848 2686 1018 2740 vitare
1050 2704 1156 2741 non
1202 2692 1383 2744 valeo.
1437 2692 1539 2745 Hic
1595 2693 1904 2747 consideret
1948 2694 2042 2747 ali-

434 2770 552 2838 quis
582 2771 709 2840 quid
740 2773 915 2829 facere
950 2776 1147 2845 possim
1180 2777 1268 2848 “’,
1298 2796 1419 2833 cum
1452 2780 1663 2834 veniam
1723 2782 1789 2835 ad
1850 2798 2037 2853 regem

436 2861 831 2921 comnandum.
854 2872 905 2916 et
935 2866 1157 2918 missam
1190 2867 1506 2933 celebrabo,
1539 2874 1592 2921 et
1622 2868 1724 2937 ipsi
1756 2870 1897 2924 circa
1945 2885 2039 2925 me

439 2956 611 3001 erunt.
648 2949 806 3003 Certe
837 2952 959 3005 illos
987 2954 1258 3021 expellere
1289 2972 1518 3026 nequeo,
1559 2973 1683 3010 cum
1718 2957 1824 3010 illis
1883 2973 2040 3013 orare

2140 1796 2320 1851 clesia:
2351 1795 2480 1849 mihi
2509 1796 2815 1851 commissae
2844 1796 3148 1852 nullatenus
3179 1814 3264 1853 me
3292 1814 3513 1867 possum
3571 1798 3736 1871 inge-

2142 1901 2285 1940 rere.
2329 1884 2582 1955 Denique
2611 1901 2719 1939 non
2746 1885 2909 1941 timeo
2940 1885 3224 1957 sanguinis
3253 1885 3596 1955 eﬂ'usionem,
3642 1896 3739 1943 aut

2142 1974 2441 2045 quamlibet
2462 1974 2705 2043 corporis
2734 1974 2839 2028 mei
2896 1974 3361 2038 destructionem,
3412 1984 3503 2030 aut
3551 1992 3734 2031 rerum

2141 2063 2515 2118 amissionem.
2549 2061 2683 2130 Quae
2704 2063 2747 2116 si
2771 2078 3021 2132 personas
3052 2079 3185 2118 mea!
3214 2064 3509 2128 evenirent,
3552 2064 3737 2119 liben-

2141 2160 2222 2207 ter
2253 2160 2464 2221 paterer
2495 2158 2716 2221 prepter
2760 2150 3002 2207 veritatis
3057 2150 3431 2207 assertionem.
3490 2154 3555 2206 At
3601 2152 3737 2207 nihil

2142 2242 2337 2295 horum
2369 2255 2534 2308 super
2560 2255 2649 2293 me
2668 2239 2829 2293 cadet
2856 2259 2871 2305 ;
2904 2240 3001 2294 sed
3042 2240 3345 2296 Ecclesium
3382 2248 3623 2295 nostram
3683 2249 3740 2296 et

2143 2329 2391 2384 homines
2420 2329 2487 2383 ad
2513 2322 2632 2382 eam
2663 2328 3019 2399 pertinentes,
3050 2328 3094 2382 si
3149 2328 3202 2381 in
3260 2328 3466 2401 Anglia
3518 2328 3583 2357 ‘“
3610 2345 3736 2385 cum

2144 2435 2276 2490 rege
2296 2417 2910 2488 contenderemgravis
2956 2418 3239 2485 Oppressio
3282 2417 3499 2485 frustra,
3538 2430 3733 2475 conte-

2145 2515 2314 2570 reret,
2346 2516 2398 2561 et
2456 2506 2743 2560 multitudo
2796 2512 3115 2559 vexatorum
3158 2505 3227 2559 ad
3280 2506 3499 2576 culpam
3556 2524 3736 2563 meam

2143 2610 2416 2652 aerumnas
2436 2610 2585 2657 suas,
2617 2610 2702 2648 me
2734 2593 3088 2656 exsecrando.
3140 2603 3497 2651 converteret.
3546 2596 3737 2652 Melius

2144 2686 2327 2755 itaque
2358 2683 2488 2737 mihi
2520 2682 2731 2736 videtur
2758 2691 2815 2736 ut
2838 2699 2924 2737 me
2979 2683 3209 2738 absente
3252 2685 3502 2754 qumlibet
3560 2685 3738 2739 tribu-

2143 2774 2287 2836 latis,
2321 2772 2364 2825 si
2393 2771 2550 2825 vitari
2583 2770 2784 2841 nequit,
2808 2770 2860 2823 in
2893 2771 3083 2837 Anglia
3112 2772 3525 2839 debaccchetur,
3576 2789 3737 2843 quam

2147 2879 2249 2933 per
2281 2878 2459 2917 meam
2478 2859 2822 2929 praesentiam
2856 2844 3027 2911 400
3057 2869 3104 2914 et
3123 2860 3459 2915 tolerantiam
3480 2853 3739 2933 quaelibet

2147 2966 2310 3023 prava
2340 2949 2673 3006 consul-tudo
2703 2948 2756 3001 in
2786 2947 3023 3002 futurum
3053 2946 3408 3003 conﬁrmetur
3436 2957 3565 3015 ;aut
3592 2949 3736 3003 mul-

432 3049 542 3089 non
591 3038 788 3105 audeo,
842 3041 956 3112 regi
1005 3043 1320 3098 subtrahere
1374 3044 1589 3098 solitum
1650 3045 1888 3099 ofiiciiim
1930 3062 2030 3100 non

2148 3040 2316 3094 titudo
2349 3038 2647 3104 hominum,
2672 3052 2757 3090 me
2787 3036 3102 3103 aspiciente,
3139 3045 3359 3107 propter
3408 3054 3494 3093 me
3554 3038 3731 3092 tribu-

431 3123 630 3188 debeo,
686 3127 941 3195 quoniam
983 3130 1236 3185 dominus
1275 3146 1417 3203 papa
1460 3134 1610 3188 etilli
1653 3135 1920 3201 concedit,
1968 3142 2023 3190 et

433 3211 590 3277 mihi,
626 3223 682 3267 ut
717 3215 913 3270 faciam
945 3219 993 3271 si
1012 3236 1255 3289 praesens
1282 3238 1428 3286 sum,
1464 3223 1725 3292 praecipit.
1781 3223 1835 3277 Si
1890 3223 2024 3277 mihi

431 3300 569 3355 dixit
598 3300 660 3331 "'
695 3312 750 3358 ut
779 3305 928 3360 domi
960 3323 1227 3376 maneam,
1265 3310 1335 3363 ad
1364 3311 1574 3366 curiam
1634 3327 1741 3367 non
1782 3328 1920 3378 eam,
1973 3318 2027 3367 et

2147 3130 2410 3183 lationem
2442 3143 2501 3181 se
2532 3126 2639 3195 pati
2662 3126 3002 3179 lamentetur.
3033 3124 3092 3180 Si
3116 3125 3373 3195 objicitur
3394 3126 3536 3194 quod
3553 3126 3736 3198 majus

2131 3226 2212 3273 est
2242 3218 2494 3270 damnum
2526 3214 2827 3269 animarum
2889 3212 3032 3284 quod
3092 3216 3367 3287 continget
3405 3215 3471 3245 "‘
3511 3224 3741 3287 propter

2136 3322 2313 3362 meam
2343 3304 2668 3370 absentiam,
2699 3318 2862 3373 quam
2880 3302 3081 3357 malum
3104 3304 3401 3374 temporale
3424 3304 3568 3377 quod
3610 3319 3742 3361 con-

1730 3428 1963 3482 VARIE
2031 3424 2440 3482 LECTIONES.

458 3515 720 3596 .thico
750 3519 877 3596 quia
900 3536 1005 3576 ms.
1039 3521 1150 3577 scio
1172 3524 1318 3596 quia.
1361 3524 1566 3596 ‘f‘Cum
1599 3525 1789 3580 eodem
1820 3542 1933 3579 ms.
1973 3526 2211 3596 collata.
2252 3522 2568 3584 “’Possum,
2593 3536 2883 3596 cumpms.
2913 3520 3144 3596 possim,
3187 3534 3331 3596 cum.
3383 3516 3745 3596 "'Pra‘cepiti

426 3590 1026 3663 sinmihi‘pilaecipitms.
1060 3590 1325 3662 priecipit,
1360 3594 1403 3647 si
1435 3596 1735 3648 m:hi«lixit.
1794 3596 2000 3663 “‘Quia
2032 3599 2138 3663 iam
2165 3595 2274 3649 dixi
2304 3609 2408 3647 ms.
2446 3591 2696 3663 quaejam
2746 3593 2879 3647 dixi.
2907 3591 3037 3647 “‘ln
3096 3591 3352 3663 Angliam
3376 3606 3482 3645 ms.
3519 3591 3577 3645 in
3627 3595 3746 3645 An—

426 3654 558 3724 glia.
634 3654 856 3727 “‘Quod
877 3654 1358 3733 cognoscitur-ms.
1391 3666 1534 3733 quod
1561 3667 1861 3738 continget.

2250 3694 2266 3703 Α

1694 3763 1993 3820 JOANNIS
2024 3760 2534 3819 PlCARDlNOT£.

430 3853 674 3929 salutem,
715 3857 1111 3929 charissimam,
1172 3869 1225 3915 et
1279 3860 1716 3916 benedictionem
1770 3862 2035 3929 apostoli-

430 3938 576 4006 cam.
602 3927 908 4006 _Yigilantia
933 3933 1259 4006 universalis
1310 3934 1591 4006 regimiiiis
1610 3927 1886 4006 assiduam
1916 3932 2034 4006 sol—

429 3994 762 4072 licitudinem
799 4002 1050 4056 omnibus
1079 3994 1496 4072 debentesquae
1515 4004 1566 4056 in
1594 4004 2032 4058 Constantiniana

426 4069 639 4148 synodo
661 4087 842 4148 nuper
870 4074 1151 4148 celebrata
1191 4089 1256 4129 co
1294 4069 1406 4148 am:
1424 4085 1641 4128 centum
1700 4084 1754 4148 et
1792 4074 2031 4144 amplius

429 4142 722 4208 episcopis,
750 4142 878 4197 licet
927 4145 1084 4199 nobis
1140 4145 1421 4199 immeritis
1470 4145 1844 4213 praesentibus,
1890 4142 2030 4199 sunt

426 4213 687 4286 canonice
710 4214 969 4275 instituta.
1006 4215 1160 4270 vobis
1184 4216 1462 4271 notiticare
1487 4218 1791 4271 curavimus
1828 4233 1840 4277 ;
1901 4216 2029 4286 quia

428 4280 493 4333 ad
518 4282 746 4356 salutem
780 4296 1014 4340 nostram
1047 4304 1233 4342 eorum
1266 4296 1715 4343 eXsecutoresvos
1743 4280 2021 4356 cptam'us,

427 4358 478 4405 et
509 4355 802 4422 apostolica
823 4358 1145 4412 auctoritate
1172 4360 1417 4428 jubendo
1449 4355 1790 4412 mandamus.
1844 4358 2024 4412 Primo

427 4439 690 4499 pamque,
725 4428 1031 4495 inspectore
1066 4430 1201 4490 Deo.
1236 4439 1290 4483 ut
1322 4446 1352 4482 a
1378 4430 1538 4483 beato
1564 4446 1702 4499 papa
1735 4430 1916 4483 Leone
1971 4438 2023 4483 et

427 4492 598 4573 beate
624 4492 921 4573 ,memoriaa
968 4500 1194 4554 Nicolao
1246 4503 1393 4569 prius
1440 4492 1833 4573 statutumgest
1887 4514 2019 4569 erga

430 4564 771 4642 Simoniacos
801 4570 1004 4642 nullam
1037 4564 1460 4626 misericordiam
1486 4575 1535 4624 in
1575 4570 1839 4642 dignitate
1894 4564 2018 4623 sei--

431 4636 606 4720 vanda
639 4638 950 4720 habendam
970 4657 1094 4696 esse
1124 4644 1488 4720 decernimus.
1518 4666 1539 4690 ν
1573 4636 1664 4696 ΕΓ
1689 4642 1847 4720 paulo
1892 4648 2015 4720 post

2142 3877 2287 3915 anno
2322 3861 2476 3928 1104,
2507 3867 2560 3914 et
2580 3858 2632 3913 in
2691 3859 2887 3916 Galliis
2961 3876 3124 3929 supra
3173 3867 3281 3914 tres
3336 3874 3557 3914 menses
3615 3874 3738 3913 esse

2140 3941 2553 3995 commoratum,
2586 3940 2809 4001 propter
2834 3931 3030 3985 nimios
3050 3930 3556 4002 mstusisimilisque
3611 3945 3743 4002 cor-

2138 4004 2346 4073 pusculi
2370 4002 2815 4065 imbecillitatem,
2876 4002 2948 4055 ita
2984 4010 3039 4053 ut
3091 4018 3150 4056 se
3186 4001 3417 4073 idederit
3474 4001 3543 4055 in
3596 4001 3742 4073 viam

2138 4072 2322 4129 Nonas
2344 4074 2562 4128 circiter
2582 4078 2891 4144 Augustas;
2916 4073 3060 4127 hunc
3109 4072 3267 4144 enim,
3298 4072 3445 4126 diem
3502 4072 3743 4144 produnt

2137 4146 2380 4215 epistolae
2411 4148 2466 4198 81
2508 4153 2563 4197 et
2595 4142 3095 4215 85fPiaiterquam,
3129 4143 3273 4215 quod
3304 4157 3338 4196 a
3367 4156 3499 4197 vero
3529 4142 3741 4215 abhor-

2131 4213 2468 4290 reat,_viru_m
2497 4215 2667 4290 multo
2688 4214 2994 4270 confectum
3027 4215 3184 4268 senio
3216 4214 3347 4290 iisse
3388 4213 3735 4290 et__rediisse

2132 4299 2240 4340 tam
2271 4285 2424 4340 brevi
2456 4294 2512 4338 ut
2534 4288 2723 4339 eodem
2750 4293 3113 4340 reverteretur
3133 4284 3277 4340 anno
3307 4299 3416 4355 quo
3437 4284 3733 4339 discessis-

2127 4367 2224 4415 set.
2252 4357 2592 4427 maximeque
2623 4356 2845 4410 hiberno
2876 4364 3138 4427 tempore.

2198 4430 2345 4482 Hanc
2367 4424 2926 4496 verdseparationem
2952 4425 3192 4480 Aiiselmi
3250 4425 3505 4495 regiique
3557 4424 3727 4495 legati

2126 4500 2400 4556 Guillelmi
2426 4497 2786 4552 Guarlenastii
2815 4498 3111 4567 contigisse
3140 4497 3282 4551 haud
3309 4498 3495 4566 procul
3524 4512 3555 4550 a
3580 4497 3733 4567 Lug-

2126 4573 2301 4633 duno,
2328 4569 2649 4634 Eadmerus,
2676 4568 3190 4632 Malmesberiensis,
3223 4576 3276 4621 et
3330 4569 3417 4620 alii
3458 4576 3582 4621 sunt
3632 4584 3730 4622 au-

2124 4652 2327 4698 ctores.
2363 4642 2406 4695 D
2439 4656 2621 4694 versus
2643 4640 2815 4709 igitur
2833 4638 3160 4709 Lugdunum
3192 4639 3486 4694 Anselmus
3532 4640 3734 4694 multas

425 4715 610 4788 sancta
638 4712 881 4788 synodus
938 4713 1038 4788 hoc
1069 4713 1271 4788 _capite
1316 4713 1417 4766 sub
1461 4709 2015 4788 escomrriunicatioue
2045 4728 2099 4788 D
2133 4711 2530 4788 insequentium
2549 4711 2901 4788 epistolarum
2915 4709 3733 4788 scripsitad_regem.,_reginam,

424 4777 627 4852 statuit,
652 4777 841 4852 dicens
876 4800 888 4835 :
930 4805 948 4827 ο
978 4777 1297 4852 Quicunque
1327 4785 1585 4838 sacerdos
1621 4782 1711 4836 vel
1755 4782 2019 4835 diaconus

428 4848 510 4899 vel
546 4849 914 4922 subdiaconus
947 4848 1062 4922 post
1107 4848 1456 4909 constitutum
1521 4856 1694 4907 beata
1750 4854 2025 4906 memoriae

423 4920 847 4994 prmdecessoris
868 4920 1060 4983 nostri.
1096 4925 1428 4979 sanctissimi
1482 4940 1635 4994 papa
1687 4922 1881 4976 Leonis
1934 4931 2026 4994 aut

423 4989 633 5045 Nicolai
658 4993 725 5045 de
755 4995 998 5049 castitate
1024 4996 1348 5051 clericOrum
1381 4989 1739 5050 concubinam
1772 4992 2014 5056 duxerit,

423 5061 763 5134 velductam
809 5081 915 5119 non
959 5067 1257 5134 reliquerit,
1304 5083 1367 5119 ex
1426 5076 1577 5130 parte
1636 5063 2031 5131 οηπιὶροιθιιιίε

428 5133 547 5199 Dei,
576 5142 630 5186 et
661 5136 979 5190 auctoritate
1006 5137 1374 5203 apostolorum
1409 5137 1545 5189 Petri
1577 5143 1629 5189 et
1649 5134 1796 5187 Pauli
1834 5135 2028 5203 praeci-

424 5208 628 5273 pimus,
663 5214 713 5259 et
744 5207 1058 5260 omnimodo
1109 5206 1483 5259 interdicimus
1538 5214 1593 5258 ut
1643 5206 1863 5258 missam
1924 5221 2032 5260 non

422 5284 626 5338 cantet,
684 5293 859 5345 neque
920 5277 1302 5343 Evangelium,
1364 5292 1539 5344 neque
1596 5276 1895 5345 Epistolam
1964 5277 2029 5330 ad

426 5348 655 5425 missam
683 5346 844 5418 legat.
886 5369 905 5393 ο
970 5348 1097 5401 Haec
1152 5346 1381 5417 carptim
1438 5362 1501 5401 ex
1543 5347 1751 5416 synodo
1800 5347 2029 5401 Latera-

421 5433 610 5472 uenat.

498 5489 664 5542 Porro
688 5489 782 5560 bas
814 5487 1059 5560 Anselmi
1093 5486 1297 5542 litteras
1346 5487 1613 5560 Lugduno
1645 5487 1819 5560 fuisse
1876 5488 2031 5543 datas

416 5573 562 5612 anno
596 5559 735 5630 11ρὸ
756 5558 884 5613 inde
903 5564 1119 5615 constat
1143 5559 1288 5630 quod
1308 5558 1782 5615 obse‘rvaverimus
1796 5560 1849 5613 in
1867 5562 2025 5630 epist.

418 5629 486 5682 '16
518 5628 841 5684 Anselmum
874 5631 1103 5686 Romam
1122 5628 1499 5704 profecturum
1517 5632 1816 5688 excessisse
1836 5628 2027 5704 Anglia

2134 4780 2422 4848 antistites,
2473 4781 2880 4837 caenobiarchas
2919 4788 2972 4837 et
3016 4780 3340 4850 cmnobitas,
3386 4781 3589 4854 aliique
3664 4780 3737 4836 ad

2135 4870 2278 4909 eum.

2206 4924 2318 4993 (~22)
2352 4922 2494 4989 Quia
2524 4939 2653 4978 cum
2682 4923 3140 4993 illumcaronare
3167 4924 3316 4979 nolo.
3351 4920 3472 4991 Quo
3493 4939 3660 4977 sensu
3681 4920 3740 4976 id

2136 4992 2281 5048 dicat
2313 4995 2623 5066 Agnselmus,
2659 5009 2767 5048 non
2789 4992 2968 5066 video.
2990 4996 3118 5066 quia
3140 5004 3437 5066 antequam
3468 4995 3741 5066 Henricus

2138 5082 2263 5119 cum
2286 5064 2795 5137 primorevocasset
2822 5064 2875 5116 in
2904 5062 3300 5137 Angliam.jam
3325 5064 3569 5136 insignia
3592 5062 3742 5135 regis

2138 5144 2437 5204 sumpserat
2467 5134 2701 5205 ipsemet
2729 5143 2884 5195 teste,
2918 5134 3049 5204 epit.
3093 5137 3159 5190 ιυ
3207 5151 3403 5203 supra.
3448 5134 3745 5205 ‘Praeterea

2142 5215 2197 5261 ut
2237 5204 2652 5260 monstravimus
2692 5206 2759 5259 ad
2805 5205 3015 5270 epistol.
3053 5208 3142 5265 88.
3197 5208 3279 5260 has
3333 5207 3533 5261 litterae
3583 5204 3743 5260 fuere

2141 5277 2352 5345 scripta:
2373 5278 2617 5347 Lugduni
2641 5279 2776 5330 intra
2811 5292 3010 5331 annum
3034 5279 3202 5340 1105;
3230 5277 3524 5331 Henricum
3553 5284 3745 5330 autem

2148 5350 2312 5402 fuisse
2356 5348 2422 5419 in;
2468 5365 2652 5418 regem
2703 5347 2913 5419 Anglia
2948 5356 3167 5402 unctum
3216 5362 3360 5400 anno
3418 5349 3603 5419 1100,,
3631 5362 3747 5419 ρο-

2144 5419 2302 5491 strid.
2330 5417 2563 5491 Kalend.
2588 5417 2822 5491 August}
2863 5426 3287 5491 unoitestantur
3311 5434 3409 5491 ore
3447 5417 3747 5491 Heintidon.

2139 5489 2235 5562 lib.
2260 5504 2340 5543 vn
2373 5488 2723 5562 Malmesbur.
2760 5489 2931 5562 lib.__v
2975 5490 3054 5562 De
3088 5506 3208 5562 reg.
3261 5489 3458 5562 Ang|.,
3504 5488 3745 5562 Flerent.

2138 5560 2393 5633 Wigorn.
2416 5561 2490 5615 in.
2515 5559 2806 5629 Chronic.,
2843 5559 3061 5616 lloned.
3085 5559 3139 5615 in
3158 5559 3392 5615 'AnnalJ
3424 5561 3748 5631 part.,Neu-

2141 5631 2289 5705 brig.
2324 5631 2428 5688 lib.
2457 5647 2495 5700 i,
2521 5646 2646 5703 cap.
2665 5634 2718 5686 3.
