4010 6064
195 250 302 303 129

1475 241 1581 298 LIB
1617 243 1714 308 III,
1755 241 1986 298 EPIST.
2031 240 2205 297 XCII.

3392 257 3500 309 I30

190 375 437 442 tingeret
469 385 760 443 permeam
791 368 1159 440 praesentiam.
1193 375 1245 422 et
1277 367 1397 422 ideo
1419 367 1558 422 istud
1578 376 1801 438 prepter
1830 369 1883 428 Α
1915 376 2116 422 nostra:
2143 366 2205 395 “°
2236 376 2653 434 sacramentum,
2686 379 2775 425 aut
2817 370 2944 426 fidei
2983 373 3374 443 alligationem,
3415 381 3510 432 aut

195 462 336 516 illud
369 471 507 515 esset
539 460 1016 525 contemnendum,
1058 458 1170 529 jam
1202 457 1315 511 dixi
1360 457 1504 527 quia,
1554 457 1598 510 si
1645 473 1811 527 super

195 567 288 605 me
323 550 558 612 venerit,
595 549 977 604 inconcussam
1007 563 1278 601 servarem
1312 548 1654 615 patientiam.
1698 546 1811 600 Ve-

195 655 326 693 rum
361 640 618 708 quoniam
656 653 762 692 non
794 636 1060 690 debemus
1112 633 1290 689 facere
1323 635 1463 688 mala
1512 643 1569 687 ut
1601 637 1818 688 veniant

194 727 372 793 bona,
403 743 515 780 non
546 725 720 780 debeo
764 725 1038 780 attrahere
1068 739 1230 793 super
1259 723 1530 792 quoslibet
1559 721 1622 750 ⁸⁸⁷
1652 723 1812 776 inno-

198 827 397 872 centes
428 814 694 886 quzelibet
727 814 869 868 mala
897 823 951 867 ut
983 812 1268 866 animabus
1304 812 1534 865 aliorum
1565 813 1817 869 eveniant

202 905 378 959 bona.
411 904 534 958 Dixi
567 905 752 974 utique
785 904 838 956 in
859 901 1130 971 praeterito
1161 917 1324 964 anno,
1358 917 1485 955 cum
1519 917 1612 954 me
1635 900 1816 954 mina-

204 1003 405 1048 rentur
465 993 757 1063 expellere,
815 991 944 1062 quia
976 990 1173 1044 nollem
1217 993 1363 1044 exire
1394 998 1616 1060 propter
1636 989 1823 1056 injun-

205 1093 354 1139 ctam
387 1083 528 1153 mihi
555 1095 738 1135 curam
780 1088 833 1134 et
863 1079 1225 1134 obedientiam
1253 1094 1266 1143 ;
1293 1079 1394 1133 sed
1438 1089 1490 1133 et
1522 1082 1623 1132 hoc
1663 1079 1817 1133 dice-

205 1172 335 1226 bam
372 1179 596 1240 propter
625 1170 749 1223 illos
780 1169 868 1238 qui
900 1169 1002 1223 hoc
1047 1168 1409 1230 minabantur,
1445 1184 1512 1221 ne
1558 1183 1658 1238 pro
1689 1166 1820 1220 solis

214 1261 403 1315 verbis
436 1259 650 1314 illorum
674 1258 908 1321 exirem,
933 1273 1037 1311 non
1091 1266 1311 1326 propter
1330 1256 1566 1324 aliquam
1625 1255 1824 1308 utiliter

213 1347 537 1402 remanendi
572 1345 852 1400 ﬁduciam.
885 1347 1008 1398 Mox
1044 1345 1192 1398 enim
1225 1353 1280 1397 ut
1304 1345 1570 1398 discordia
1605 1353 1656 1398 et
1685 1359 1820 1397 con-

218 1439 393 1492 tentio
427 1437 570 1489 inter
601 1451 785 1505 regem
817 1441 976 1487 etme
1011 1438 1322 1502 appareret,
1376 1433 1574 1503 pariter
1601 1441 1654 1486 et
1683 1433 1822 1484 mala

217 1524 534 1596 corporalia
561 1523 848 1580 ferverent.
874 1529 927 1577 et
981 1522 1122 1576 bona
1145 1521 1441 1591 spiritualia
1486 1521 1696 1591 penitus
1721 1520 1823 1572 fri-

223 1627 446 1687 gerent.
481 1612 638 1677 Quod
665 1611 957 1680 imponitur
978 1610 1131 1674 mihi,
1159 1611 1280 1680 quia
1296 1610 1446 1680 quasi
1479 1616 1655 1663 astute
1675 1609 1822 1662 infa-

1919 464 2135 526 pactum
2169 458 2384 528 aliquod
2440 459 2582 528 quod
2633 470 2819 514 contra
2867 462 3108 516 ordinem
3156 467 3244 528 sit,
3295 476 3511 534 propter

1920 545 2211 598 tenendam
2258 546 2491 617 aliquam
2544 558 2888 616 potestatem,
2923 567 3084 619 quam
3116 551 3343 605 dicimus
3371 554 3509 608 obe-

1920 633 2204 694 dientiam,
2259 636 2593 690 considerate
2642 646 2694 690 et
2727 638 2776 690 in
2827 648 3085 707 quantum
3114 641 3375 709 possibile
3408 650 3508 710 est,

1923 731 1976 777 et
2029 723 2083 776 in
2142 733 2398 792 quantum
2459 725 2625 790 scitis,
2650 727 2878 781 avertite
2927 729 3184 782 malitiam
3213 728 3300 782 ⁸⁸³.
3334 729 3511 797 Quid-

1924 810 2052 881 quid
2087 813 2310 864 futurum
2343 813 2431 879 sit,
2469 813 2564 866 Dei
2595 815 2802 868 tuitioni
2829 831 2922 870 vos
2979 824 3030 870 et
3060 833 3252 872 omnes
3312 817 3514 875 fratres

1923 908 2138 953 nostros
2182 917 2300 953 cum
2341 903 2590 955 omnibus
2639 919 2757 974 qum
2809 904 2876 957 ad
2928 904 3234 960 Ecclesiam
3277 917 3514 961 nostram

1925 989 2194 1059 pertinent
2223 991 2565 1044 commendo.

2411 1079 2743 1134 EPISTOLA
2780 1081 2901 1136 XCI
2943 1082 3030 1137 “’.

2186 1183 2430 1222 ANSELMI
2461 1183 2532 1221 AD
2565 1184 2848 1224 ANTONIUM
2880 1188 3256 1228 SUBPRIOREM.

2332 1259 2476 1312 Eum
2511 1259 2705 1314 laudat
2737 1268 2793 1314 et
2822 1260 3116 1317 admonet.

2002 1348 2305 1400 ANSELMUS
2334 1349 2779 1418 archiepiscopus
2813 1349 2961 1402 fratri
2994 1360 3045 1403 et
3066 1350 3175 1404 ﬁlio
3205 1352 3522 1407 charissima

1932 1437 2186 1488 ANTONIO
2216 1436 2505 1504 subpriori,
2533 1436 2762 1489 salutem
2796 1451 2851 1491 et
2884 1439 3345 1494 benedictionem.

2005 1523 2231 1577 Gaudeo
2265 1535 2311 1578 ei
2347 1524 2557 1594 gratias
2590 1541 2694 1595 ago
2710 1526 2823 1580 Deo
2855 1533 2908 1580 et
2942 1527 3096 1580 vobis
3123 1544 3218 1597 pro
3253 1529 3395 1583 bono
3412 1530 3526 1585 zelo

1934 1628 2092 1681 quem
2133 1612 2364 1678 habetis,
2419 1621 2473 1667 et
2527 1615 2652 1682 quia
2707 1616 2950 1668 ordinem
3011 1625 3253 1670 vestrum
3303 1619 3530 1673 libenter

219 1703 488 1758 maverim
519 1717 702 1772 regem
740 1710 792 1754 et
821 1715 1049 1770 regnum
1081 1698 1222 1767 ejus,
1256 1704 1310 1752 et
1348 1699 1662 1767 episcOpum
1698 1698 1821 1750 Lin-
1851 1721 1902 1778 Β
1933 1701 2238 1763 custoditis,
2273 1709 2397 1755 etut
2425 1702 2511 1754 alii
2538 1702 2686 1760 illurn
2717 1717 2952 1769 servent,
2989 1714 3209 1759 strenue
3268 1708 3519 1761 studetis.

221 1794 584 1854 colniensem,
618 1805 728 1844 non
757 1805 858 1858 per
887 1804 974 1841 me
1007 1788 1323 1851 manifeste,
1363 1787 1457 1840 sed
1480 1787 1710 1840 latenter
1730 1802 1823 1856 per

222 1884 526 1937 monachos
575 1886 805 1942 nostros,
847 1886 999 1931 certe
1058 1875 1252 1930 falsum
1309 1884 1415 1943 est,
1466 1890 1593 1946 quia
1649 1875 1827 1928 nullus

222 1973 400 2026 homo
433 1986 461 2022 a
485 1984 570 2023 me
599 1968 664 2022 ad
697 1969 800 2021 hoc
823 1965 1057 2020 monitus
1077 1970 1181 2020 est.
1229 1963 1333 2018 Sed
1367 1979 1467 2018 nec
1503 1964 1600 2032 ipsi
1631 1963 1826 2016 fratres

221 2059 397 2114 nostri
433 2057 734 2112 Eadmerus
763 2056 878 2123 (23)
921 2064 975 2108 et
1003 2051 1065 2080 ‘“
1097 2054 1433 2117 Alexander,
1479 2052 1564 2120 qui
1597 2052 1828 2106 maxime

224 2151 294 2204 de
327 2150 432 2202 hoc
463 2153 808 2209 accusantur,
843 2145 912 2196 ita
949 2149 1087 2197 sicut
1143 2144 1212 2196 de
1241 2141 1318 2194 eis
1347 2141 1556 2206 dicitur,
1616 2155 1829 2210 cogno-

226 2243 393 2292 scunt
411 2252 537 2291 esse
563 2249 576 2303 ;
605 2242 658 2288 et
681 2249 778 2288 vas
799 2232 951 2286 scitis
971 2233 1097 2302 quia
1114 2231 1414 2292 delatores,
1437 2244 1618 2297 parvns
1632 2245 1830 2297 magna

231 2326 523 2391 addentes,
557 2322 850 2376 mendaces
885 2322 1059 2374 solent
1089 2335 1208 2374 esse
1234 2318 1500 2386 :denique
1539 2325 1828 2386 antequam

232 2432 338 2470 nos
371 2415 685 2469 veniremus
713 2410 962 2472 Romam,
996 2409 1161 2462 multa
1189 2407 1511 2461 dicebantur
1539 2406 1608 2460 de
1638 2405 1834 2476 Anglia

234 2505 379 2558 intra
406 2503 634 2556 Romam
663 2507 716 2553 et
747 2506 902 2552 extra
932 2497 1177 2550 Romam.
1201 2497 1261 2548 In
1279 2495 1360 2548 his
1389 2493 1642 2549 omnibus
1660 2509 1834 2561 neque

234 2609 338 2665 per
357 2608 466 2655 me,
494 2605 672 2660 neque
691 2603 788 2658 per
822 2586 1177 2654 sapientiores
1208 2601 1314 2647 me,
1349 2582 1561 2637 meliori
1613 2598 1835 2650 possum

239 2683 315 2736 uti
374 2680 604 2736 consilio
659 2693 818 2748 quam
869 2673 1283 2744 dispositionem
1320 2672 1414 2725 Dei
1448 2679 1763 2733 exsiiectare
1785 2677 1838 2724 et

246 2787 362 2826 rem
393 2769 513 2838 ejus
543 2763 1129 2831 committerejudicio.
1155 2762 1269 2815 Hoc
1287 2770 1467 2813 autem
1498 2758 1685 2813 scitote
1713 2758 1838 2829 quia

242 2861 496 2916 voluntas
526 2870 654 2910 mea
677 2861 854 2920 estut,
889 2851 1182 2920 adjuvante
1206 2851 1339 2913 Deo,
1370 2848 1569 2902 nullius
1600 2847 1839 2901 mortalis

240 2949 411 3003 homo
441 2945 584 3008 (iam,
619 2959 721 2998 nec
751 2957 849 3011 per
891 2945 1284 2994 sacramentum
1315 2935 1472 2990 fidem
1515 2936 1671 2990 alicui
1705 2949 1839 3004 pro-

245 3043 492 3092 mittam.
549 3033 842 3089 Consilium
890 3035 1134 3083 nostrum
1166 3026 1348 3095 petitis
1385 3025 1514 3096 quid
1544 3041 1707 3094 agere
1737 3024 1842 3078 de-

243 3127 422 3181 beatis
443 3127 580 3177 inter
603 3139 698 3176 eos
737 3128 790 3176 et
815 3136 941 3175 cum
973 3119 1052 3172 eis
1107 3131 1341 3186 quorum
1402 3114 1840 3170 communionem

241 3215 378 3271 mihi
409 3215 662 3268 dominus
695 3225 836 3279 iiapa
865 3206 1169 3262 interdixit.
1238 3204 1372 3270 Quae
1417 3219 1505 3257 res
1560 3203 1633 3257 ita
1682 3201 1845 3256 dubia

246 3313 348 3368 est,
378 3311 436 3358 ut
469 3302 644 3356 minus
669 3297 886 3353 difficile
916 3297 983 3350 sit
1016 3311 1123 3349 non
1167 3291 1573 3348 communicare
1620 3291 1699 3345 eis
1721 3289 1844 3360 qui-

249 3394 350 3447 bus
381 3408 478 3446 rex
507 3388 892 3450 communicat,
927 3384 1223 3455 praesertim
1239 3399 1357 3436 cum
1375 3381 1507 3434 mihi
1532 3380 1629 3434 soli
1663 3379 1848 3434 Roma:

255 3498 286 3537 a
316 3496 463 3552 papa
489 3480 589 3532 ista
607 3476 890 3531 interdicta
919 3475 985 3528 sit
1012 3473 1323 3528 communio
1345 3485 1357 3537 ;
1377 3485 1478 3524 nec
1504 3469 1676 3522 audeo
1705 3484 1848 3538 prae-

251 3573 445 3641 cipere
483 3577 540 3622 ut
596 3565 702 3620 illis
729 3563 1160 3627 communicetis,
1190 3561 1387 3632 quibus
1426 3574 1530 3628 ego
1579 3573 1685 3612 non
1704 3572 1852 3611 com-

251 3656 480 3712 munico
513 3673 528 3720 ;
561 3654 656 3709 sed
690 3654 733 3707 si
789 3655 865 3705 ita
890 3648 1295 3721 permanseritis
1347 3647 1485 3700 sicut
1513 3661 1608 3699 vos
1650 3643 1847 3709 dimisi,

255 3759 607 3816 nequaquam
660 3757 757 3796 vos
809 3737 1176 3810 reprehendo.
1241 3737 1362 3790 Non
1390 3734 1534 3788 enim
1568 3731 1793 3803 potestis
1822 3747 1852 3784 a

255 3843 372 3890 toto
417 3849 590 3905 regno
623 3830 956 3889 discordare,
1005 3843 1104 3882 nec
1136 3825 1428 3896 participes
1485 3823 1612 3877 estis
1663 3836 1853 3876 eorum

257 3923 484 3980 malitia;
539 3922 586 3976 si
643 3920 763 3990 quis
786 3936 816 3973 a
843 3917 998 3972 Vobis
1020 3915 1231 3986 petierit
1261 3912 1402 3984 quod
1436 3912 1770 3966 honestatem
1803 3916 1856 3963 et

259 4013 587 4083 religionem
661 4017 892 4064 vestram
943 4021 1049 4060 non
1107 4001 1168 4030 ⁴³’
1226 4003 1460 4065 deceat;
1495 3996 1854 4069 praemeditati

261 4110 439 4158 estote
473 4117 539 4154 ne
571 4106 664 4153 aut
694 4097 870 4159 minae,
903 4105 996 4150 aut
1025 4092 1320 4153 blanditiae,
1345 4090 1634 4160 autaliqua
1664 4086 1854 4141 astutia

259 4186 807 4262 persuadeantvobis
836 4183 1037 4253 aliquid
1056 4181 1196 4234 unde
1227 4196 1325 4234 vos
1345 4187 1533 4248 postea
1565 4177 1846 4247 ptrniteat.

260 4280 569 4337 Consilium
603 4286 653 4331 et
705 4290 894 4330 curam
936 4272 1177 4337 fratrum,
1231 4268 1494 4339 quidquid
1552 4266 1852 4335 contingat,

258 4377 492 4442 propter
551 4369 721 4420 Deum
775 4372 828 4418 et
883 4361 1202 4417 charitatem
1233 4356 1464 4429 proximi
1495 4355 1660 4409 nolite
1692 4354 1855 4408 dese-

1936 1791 2132 1844 Precor
2154 1802 2358 1857 autem,
2406 1792 2548 1844 sicut
2573 1808 2717 1861 saepe
2751 1801 2999 1862 precatus
3051 1811 3190 1858 sum,
3238 1804 3294 1849 ut
3325 1796 3379 1848 in
3429 1797 3531 1850 hoc

1934 1878 2079 1932 bono
2133 1880 2408 1948 proposito
2468 1881 2847 1948 perseveretis,
2881 1883 3006 1951 quia
3035 1883 3146 1936 Deo
3177 1894 3385 1952 gratum
3427 1887 3528 1948 est,

1936 1975 1986 2020 et
2019 1967 2085 2021 ab
2107 1983 2175 2020 eo
2197 1968 2477 2036 praemium
2511 1968 2709 2022 bonum
2743 1971 3108 2039 reportabitis.
3144 1972 3241 2024 Est
3273 1972 3530 2040 quiddam

1936 2056 2080 2109 unde
2115 2057 2242 2108 olim
2303 2058 2564 2124 quosdam
2598 2058 2780 2111 audivi
2825 2059 3115 2126 conqueri.
3157 2060 3358 2114 Dicunt
3389 2061 3529 2114 enim

1938 2147 2065 2218 quia
2095 2145 2382 2213 aliquando
2412 2161 2534 2199 cum
2568 2147 2621 2198 tit
2653 2155 2777 2200 ante
2806 2163 2904 2201 vos
2939 2149 3299 2216 proclamatio
3331 2149 3396 2203 de
3419 2149 3533 2218 qui-

1939 2237 2171 2290 busdam
2210 2234 2563 2305 negligentis,
2598 2252 2716 2305 qua!
2747 2235 2862 2289 sine
2892 2236 3029 2289 mala
3069 2236 3368 2291 intentione
3399 2254 3534 2307 pos-

1940 2334 2057 2378 sunt
2091 2324 2340 2393 intelligi,
2377 2331 2426 2375 et
2450 2323 2615 2374 solius
2647 2324 2886 2376 levitatis
2930 2327 3108 2393 culpa:
3167 2325 3418 2394 imputari
3448 2325 3535 2393 “‘,

1942 2415 2159 2468 dilectio
2190 2421 2370 2466 vestra
2401 2411 2451 2462 in
2486 2426 2711 2479 pravam
2761 2412 3118 2481 suspicionem
3153 2414 3202 2465 in
3263 2414 3538 2469 audientia

1943 2519 2034 2556 eas
2068 2499 2694 2569 iuterpretatur;veluti
2753 2509 2876 2552 sunt
2933 2501 3116 2571 signa,
3176 2511 3428 2570 aspectus
3486 2510 3539 2557 et

1946 2589 2160 2651 similia,
2198 2590 2248 2640 in
2281 2586 2477 2655 quibus
2501 2587 2647 2639 nulla
2671 2587 2888 2641 malitia:
2919 2589 3180 2643 certitudo
3222 2589 3540 2657 deprehen-

1946 2678 1996 2731 di
2033 2685 2229 2747 potest.
2269 2677 2462 2729 Moneo
2505 2691 2637 2745 ergo
2670 2691 2765 2729 vos
2817 2679 2874 2728 ut
2905 2675 3160 2730 dilectum
3220 2677 3538 2732 dilectorem

1945 2782 2146 2831 meum,
2209 2773 2260 2818 et
2318 2764 2562 2831 consulo,
2591 2774 2645 2817 ut
2675 2762 2788 2818 tilio
2819 2765 3141 2819 charissimo
3189 2782 3256 2820 ne
3315 2768 3418 2822 hoc
3452 2767 3539 2820 fa-

1947 2857 2119 2922 ciatis,
2181 2853 2286 2906 nisi
2340 2869 2461 2907 cum
2513 2869 2603 2906 res
2634 2853 2708 2905 ita
2740 2861 2928 2921 aperta
2953 2853 3112 2908 fuerit
3161 2863 3219 2907 ut
3277 2870 3306 2908 a
3338 2856 3541 2909 malitia

1949 2942 2194 2999 excusari
2235 2957 2342 2995 non
2398 2942 2588 3011 possit.
2619 2942 2791 2995 Nocet
2839 2941 2984 2996 enim
3032 2943 3279 2996 multum.
3314 2945 3544 2998 Potestis

1952 3033 2092 3088 enim
2125 3030 2342 3101 culpam
2377 3045 2476 3099 pro
2501 3030 2616 3083 sola
2637 3029 2926 3085 violatione
2959 3031 3170 3085 Ordinis
3216 3032 3410 3086 acriter
3439 3050 3544 3104 pu-

1958 3123 2096 3187 nire,
2134 3127 2188 3175 et
2217 3135 2435 3173 omnem
2473 3135 2692 3189 pravam
2723 3122 3110 3190 suspicionem,
3165 3122 3380 3192 quando
3414 3139 3544 3191 pro-

1952 3210 2069 3266 bari
2093 3209 2299 3278 nequit,
2321 3216 2596 3262 avertere.
2655 3208 2744 3262 Sic
2772 3214 2952 3262 autem
2987 3217 3036 3263 et
3067 3225 3162 3264 vos
3214 3211 3462 3281 diligent,
3496 3217 3549 3265 et

1957 3317 2014 3355 se
2045 3301 2159 3354 sine
2191 3298 2519 3353 verecundia
2547 3298 2839 3368 corrigent.
2878 3297 3032 3350 Vale.

2409 3385 2773 3439 EPISTOLA
2816 3386 2962 3438 XCII
3000 3385 3088 3440 “‘.

2383 3489 2620 3528 ANSELMI
2649 3490 2720 3527 AD
2752 3489 3117 3529 GONDULFUM.

2069 3567 2262 3622 Grates
2294 3565 2556 3636 persolvit
2589 3565 2844 3634 episcopo
2873 3564 2939 3617 de
2968 3581 3028 3618 se
3058 3565 3192 3619 bene
3221 3567 3443 3621 merito.

2031 3660 2348 3718 ANSBLMUS,
2385 3654 2482 3706 Dei
2509 3652 2865 3721 dispositione
2895 3653 3361 3724 archiepiscopus,
3392 3670 3556 3709 reve-

1963 3746 2136 3800 rendo
2157 3752 2210 3798 et
2239 3742 2555 3797 rliarissimo
2584 3740 2916 3811 coepiscopo
2949 3741 3280 3809 Gonnuaro,
3325 3743 3556 3798 salutem

1965 3844 2015 3889 et
2046 3833 2195 3905 quod
2225 3832 2418 3887 melius
2447 3832 2517 3884 sit
2546 3839 2598 3884 et
2629 3838 2835 3900 potest.

2037 3922 2248 3978 Gratias
2271 3936 2379 3992 ago
2397 3921 2548 3975 vobis
2574 3935 2676 3988 pro
2706 3919 2847 3974 bene
2873 3919 3033 3976 factis
3051 3937 3295 3993 magnas,
3312 3921 3407 3976 sed
3427 3922 3560 3976 mul-

1964 4023 2017 4068 to
2039 4012 2284 4080 majores
2321 4024 2421 4080 pro
2445 4017 2624 4062 vestra
2654 4009 2797 4062 bona
2845 4011 3147 4075 voluntate,
3201 4028 3319 4081 quae
3349 4027 3563 4079 semper

1964 4103 2086 4173 plus
2117 4101 2294 4154 facere
2339 4100 2449 4151 vult
2505 4113 2668 4165 quam
2722 4097 2916 4165 possit.
2983 4099 3185 4151 Bonum
3227 4098 3560 4152 desiderium

1967 4197 2205 4246 vestrum
2256 4187 2324 4241 de
2378 4185 2549 4238 reditu
2577 4194 2784 4252 nostro,
2819 4195 2870 4238 et
2899 4187 3186 4240 consilium
3219 4186 3285 4240 de
3320 4204 3448 4240 vera
3483 4188 3564 4239 di-

1967 4279 2200 4334 lectione
2226 4275 2526 4348 proredens
2555 4289 2680 4327 amo
2708 4282 2760 4327 et
2790 4274 2956 4327 laudo
2990 4292 3005 4340 ;
3034 4276 3128 4329 sed
3154 4275 3221 4327 de
3253 4273 3442 4328 effectu
3499 4275 3561 4302 ⁴⁴⁵

1971 4369 2215 4438 ejusdem
2274 4364 2561 4420 voluntatis
2610 4369 2816 4416 certum
2877 4363 3012 4431 quid
3091 4364 3405 4433 promittere
3458 4379 3565 4420 non

261 4435 414 4527 rere,
447 4457 557 4512 nisi
587 4471 686 4511 vos
736 4452 994 4509 violentia
1039 4449 1108 4504 de
1166 4447 1406 4502 Ecclesia
1451 4445 1738 4514 expulerit.
1800 4443 1835 4498 S

1967 4459 2172 4522 audeo;
2204 4455 2300 4510 sed
2347 4454 2442 4509 Dei
2475 4451 2822 4519 ordinationi,
2883 4452 2967 4505 cui
3017 4451 3302 4519 subjacent
3357 4453 3563 4518 omnia,

269 4556 579 4631 ingruerint
633 4552 990 4608 adversitates
1026 4556 1079 4603 et
1137 4545 1531 4611 tribulationes,
1564 4553 1690 4597 tunc
1749 4540 1865 4596 for-

265 4658 437 4713 tiores
471 4661 661 4718 estote,
686 4650 810 4706 etin
831 4647 1122 4703 tentatione
1152 4644 1410 4697 fratribus
1453 4640 1646 4696 vestris
1701 4639 1866 4695 nolite

1975 4565 2064 4603 me
2103 4554 2156 4601 et
2212 4557 2551 4615 quaecunque
2580 4541 2648 4595 de
2696 4556 2783 4594 me
2827 4548 2970 4604 sunt,
3007 4542 3358 4595 commendo.
3384 4542 3568 4610 Ipsum

1976 4653 2090 4703 ora,
2124 4643 2176 4689 et
2203 4649 2391 4688 omnes
2419 4632 2624 4685 amicos
2644 4643 2796 4683 meos
2838 4644 2997 4700 rogo,
3031 4637 3088 4682 ut
3118 4637 3276 4684 orent
3304 4639 3569 4701 quatenus

267 4756 532 4812 deﬁcere.
560 4751 615 4806 Si
638 4749 765 4822 quis
783 4748 1022 4819 exegerit
1043 4745 1112 4800 ab
1127 4745 1306 4816 aliquo
1321 4741 1590 4796 monacho
1604 4736 1869 4793 Ecclesiae
1978 4731 2090 4800 ipse
2149 4739 2236 4778 me
2266 4724 2322 4776 in
2353 4719 2699 4790 benePlaCitO
2739 4733 2838 4772 suo
2878 4719 3148 4789 disponat:
3201 4732 3303 4774 nec
3335 4735 3572 4791 unquam

1603 4861 1835 4918 VARIxE
1869 4851 2258 4914 LECTIONES
2273 4888 2284 4902 .

341 5004 589 5073 “’Super
644 5015 732 5056 me
788 4995 1062 5073 quaslibet
1084 5009 1197 5073 ρης.
1258 5005 1422 5060 super
1452 4987 1748 5073 quoslibet:
1809 4982 2112 5073 .‘"DineArus
2137 4971 2567 5073 m‘s‘i

270 5042 1234 5134 nem“vestram”boiitwu‘lilcclesite
1259 5042 1587 5118 vestiriejms.
1617 5057 1870 5137 Ecclesia.-
1899 5064 2141 5137 nostra:
2189 5045 2525 5137 “Avertere
2564 5042 2860 5137 “malitiam
2883 5053 2996 5137 χιε.
3020 5042 3264 5137 avertite.

267 5110 699 5205 3:232:33355:
716 5110 1098 5198 ἵζ’σοιιξῖἶᾶί
1105 5110 1660 5206 "sicuiﬁéé'pbs'siim—
1658 5110 1909 5199 imputari
1934 5143 2039 5180 ms.
2060 5123 2233 5189 culpa:
2262 5113 2534 5184 imputari.
2564 5110 2770 5166 “‘Cum
2801 5115 2994 5164 eodem
3020 5125 3122 5164 ms.
3158 5111 3392 5167 collata.
3431 5111 3578 5169 “‘De

275 5221 476 5278 δθθσω
506 5233 622 5271 ἠδ’
648 5214 715 5270 de
745 5210 957 5269 circa”
1495 5271 1788 5328 JOANNIS
1828 5267 2102 5324 PICARDI
2141 5259 2376 5317 NOTIE.

1993 5387 2332 5450 Anselmum,
2359 5376 2792 5435 Auselminostri
2815 5385 3067 5446 nepotem
3091 5377 3383 5432 destinavit
3430 5377 3530 5432 lib.
3563 5391 3587 5450 _i

285 5448 470 5555 (c333;
1403 5475 1455 5526 in
1483 5467 1885 5555 Cantuariensi-
1993 5479 2059 5516 ex
2085 5448 2324 5555 Aiiselnii
2354 5450 2749 5521 archiepiscopi
2767 5451 3379 5555 .diClI‘SnCOI'lCIInnalum,
3413 5458 3492 5555 'et
3523 5448 3590 5501 19

937 5552 944 5555 .
976 5553 981 5555 .
1051 5551 1059 5555 .
1285 5547 1292 5554 .
1341 5545 1351 5554 ι
1483 5543 1495 5555 1
1524 5542 1533 5552 ι
1873 5554 1880 5555 ,
1995 5534 2129 5555 --.κὶα
2237 5534 2504 5555 ἐμοιηηιηηι
2562 5539 2626 5555 nv
2660 5538 2758 5555 nun
2787 5538 2849 5555 Ill“
2991 5537 3047 5555 nn
3079 5538 3103 5555 ο
3132 5537 3203 5555 nn
3256 5536 3407 5555 cnmn
3433 5534 3587 5555 nrnm

285 5521 1798 5623 g5;11:03:;555,;,3;;;;;1;;.J;".;;;.;ﬁaiﬁgisame
1819 5537 1888 5623 de
1989 5534 2157 5623 εερίι.
2195 5528 2528 5609 distinctum,
2561 5539 2631 5578 ex
2660 5530 2864 5577 centur.
2903 5521 2971 5576 io
2991 5523 3222 5593 catalog.
3255 5529 3592 5591 scriptorum

287 5606 802 5697 Laudabunt)
834 5624 936 5680 fuit
965 5617 1368 5680 Cantuariensis
1388 5606 1716 5680 monachus,
1746 5623 1801 5666 et
1820 5606 1892 5664 ad
1988 5606 2301 5661 Britanniae.

354 5413 469 5483 (23)
489 5414 555 5468 Et
578 5409 922 5483 Aleagquer,
943 5403 1322 5483 quimqwime,
1339 5408 1444 5483 etc.
1464 5393 1886 5483 Alexander
