4010 6064
438 257 534 311 131

965 254 1021 309 S.
1062 252 1370 308 ANSELMI
1407 246 1757 306 CANTUAR.
1800 244 2135 301 ARCHIEP.
2178 246 2335 304 OPP.
2368 249 2541 306 PARS
2578 250 2677 305 III.
2709 280 2777 291 —-
2806 248 3183 308 EPISTOLIE.
3216 226 3227 229 ι

3634 256 3737 314 132

437 380 767 434 voluntatem
797 392 969 431 meam
1001 377 1206 431 ambire
1253 373 1324 430 de
1354 389 1455 429 sua
1511 372 1786 428 voluntate
1818 369 2040 440 permit-
2068 371 2123 430 A
2153 372 2338 445 igitur,
2402 375 2575 435 Pater,
2641 378 2743 439 est,
2793 376 2937 446 quod
2967 377 3155 433 doctor
3199 378 3290 435 ille
3318 378 3582 449 gentium,
3637 395 3737 435 vas

437 475 541 522 tat.
581 467 695 522 Hoc
724 475 904 521 autem
939 464 1127 520 scitote
1158 464 1279 534 quia
1311 479 1469 532 spero
1504 462 1554 515 in
1579 462 1712 520 Deo,
1733 469 1785 514 et
1814 461 1929 514 haec
1953 466 2034 513 est

438 558 687 612 voluntas
744 572 883 618 mea,
936 562 991 608 ut
1050 569 1320 622 nunquam
1354 568 1453 622 pro
1485 552 1659 605 reditu
1690 550 1742 603 in
1775 548 2032 621 Angliam

436 644 642 716 aliquid
700 656 890 698 contra
948 644 1286 697 honestatem
1347 640 1711 711 episcOpalem
1797 643 2035 691 scienter

436 734 654 789 faciam.
707 733 843 787 Malo
908 740 1086 786 autem
1151 730 1460 785 hominibus
1506 744 1613 783 non
1671 728 2028 791 concordare,

435 839 621 895 quam,
674 821 781 874 illis
811 820 1216 885 concordando,
1251 836 1281 874 a
1312 821 1426 873 Deo
1457 817 1789 872 discordare.
1824 814 2029 869 Consi-

434 912 563 965 lium
595 910 742 982 quod
762 910 940 979 petitis
968 908 1099 980 quid
1134 909 1290 962 vobis
1320 907 1624 961 faciendum
1659 907 1745 968 sit,
1779 906 1822 959 si
1846 905 2029 959 domi-

431 1016 532 1053 nus
562 1015 716 1053 meus
740 1015 835 1052 rex
865 1007 919 1051 et
975 1013 1079 1067 ego
1112 1013 1217 1051 non
1264 996 1688 1061 concordamus,
1737 994 1789 1047 in
1839 993 2030 1046 litteris

428 1089 625 1159 prioris
673 1087 911 1141 breviter
941 1086 1221 1141 mandavi.
1266 1087 1385 1139 Iloc
1428 1093 1631 1138 tantum
1660 1084 1728 1136 ad
1788 1098 2027 1153 praesens

430 1177 574 1240 dico,
634 1176 797 1229 nullae
828 1175 1007 1234 minae,
1042 1175 1209 1228 nullae
1242 1174 1554 1243 promissio,
1581 1172 1729 1225 nulla
1774 1172 1965 1225 astutia
1995 1186 2028 1224 a

434 1265 702 1336 religione
757 1273 936 1319 vestra
987 1271 1308 1332 extorqueat
1364 1270 1455 1316 aut
1541 1262 1875 1331 homagium,
1939 1267 2029 1314 aut

426 1354 832 1423 jusjurandum,
867 1363 955 1407 aut
987 1351 1108 1406 ﬁdei
1133 1352 1526 1423 alligatioiiem.
1560 1351 1614 1405 Si
1664 1352 1789 1419 quid
1836 1351 2024 1403 horum

434 1442 634 1514 aliquis
664 1444 929 1514 exegerit,
968 1443 1080 1495 hinc
1106 1442 1150 1494 si
1174 1450 1357 1495 vestra
1382 1440 1672 1508 responsio
1707 1458 1719 1494 :
1754 1438 2027 1493 Christia-

430 1549 540 1586 nus
571 1548 715 1599 sum,
764 1530 1073 1585 monachus
1105 1547 1251 1587 sum.
1300 1531 1587 1601 episcopus
1621 1544 1746 1583 sum
1778 1548 1796 1593 ,-
1828 1533 1883 1582 et
1906 1528 2025 1582 ideo

432 1620 693 1677 omnibus
716 1623 830 1675 volo
847 1621 1014 1685 ﬁdem
1037 1635 1259 1675 seruare
1279 1620 1591 1673 secundum
1624 1618 1769 1689 quod
1800 1617 2025 1672 unicui-

2143 462 2445 527 electionis,
2478 480 2597 517 cum
2622 468 2766 518 totus
2793 462 2846 517 in
2879 465 3020 538 legis
3077 468 3441 524 evacuatione
3497 469 3738 537 sudaret,

2143 552 2385 620 nunquid
2419 568 2522 605 non
2558 552 2610 605 in
2643 554 2866 623 templo,
2900 571 2969 609 ne
3002 557 3319 611 scandalum
3362 566 3506 612 esset
3536 558 3617 611 his
3646 557 3740 628 qui

2141 656 2205 696 ex
2254 641 2677 697 circumcisione
2726 643 3089 707 crediderant,
3144 646 3352 700 hostias
3383 646 3739 701 immolavit?

2139 729 2416 800 Nunquid,
2439 730 2527 800 qui
2559 731 3028 786 circumcisionem
3062 732 3736 799 damnabat,1‘imotheum

2138 818 2274 888 ipse,
2308 826 2366 871 ut
2396 819 2657 873 omnibus
2694 820 2876 874 omnia
2902 821 3078 884 fieret,
3112 836 3217 877 non
3249 823 3589 879 circumcidit
3616 820 3677 851 “'
3707 823 3738 878 Ἰ

2139 907 2280 975 Quid
2311 923 2447 979 ergo
2462 907 2622 962 faciet
2649 909 3040 966 misericordia:
3068 909 3229 975 ﬁlius,
3275 912 3567 983 discipulus
3595 912 3735 982 ejus,

2139 1000 2227 1064 qui
2256 1004 2311 1050 ut
2342 1012 2534 1051 servos
2565 997 2873 1062 redimeret,
2906 998 3022 1068 ipse
3052 1000 3105 1053 in
3136 1008 3364 1055 mortem
3423 1017 3482 1055 se
3513 1000 3729 1055 obtulit.

2143 1085 2325 1147 Vides,
2351 1102 2477 1140 ecce
2502 1085 2657 1140 vides
2699 1085 2898 1141 fratres
2927 1096 3070 1153 tuos,
3101 1102 3396 1144 conservos
3427 1092 3568 1151 tuos,
3630 1104 3735 1160 po-

2136 1173 2319 1243 pulum
2352 1174 2565 1228 Domini
2623 1175 2700 1228 tui
2750 1176 2866 1244 jam
2912 1176 3189 1248 naufragia
3221 1178 3731 1246 sustinentem,jam

2137 1263 2406 1317 labantem
2439 1263 2490 1316 in
2520 1262 2585 1290 “°
2611 1264 2835 1329 ultimis,
2867 1280 2969 1320 nec
3017 1267 3305 1331 succurris,
3339 1282 3439 1323 nec
3490 1266 3729 1338 porrigis

2135 1352 2433 1411 dexteram,
2455 1368 2554 1407 nec
2582 1353 2823 1419 objectas
2853 1360 2905 1408 te
2935 1354 3263 1410 discrimini.
3300 1356 3495 1409 Nonne
3509 1356 3732 1424 Optabat

2133 1439 2428 1509 Apostolus
2482 1442 2767 1495 anathema
2826 1457 2948 1496 esse
3004 1458 3037 1496 a
3080 1444 3293 1497 Christo
3340 1458 3437 1513 pro
3467 1443 3730 1499 fratribus

2133 1530 2246 1584 suis
2277 1532 2304 1583 ?
2327 1531 2509 1584 Flecte
2538 1530 2741 1601 itaque,
2777 1530 2918 1585 bone
2941 1532 3178 1595 domine,
3220 1532 3307 1601 pie
3360 1534 3537 1596 Pater,
3566 1549 3729 1587 seve-

2137 1620 2344 1672 ritatem
2370 1620 2504 1673 hanc
2537 1636 2550 1682 ;
2583 1628 2638 1672 et
2671 1620 2928 1686 ferreum,
2960 1635 3091 1687 pace
3121 1625 3208 1674 tua
3259 1622 3507 1684 dixerim,
3541 1631 3731 1691 pectus

432 1727 534 1781 quo
552 1710 737 1765 debeo.
761 1708 1035 1780 Quidquid
1054 1709 1195 1762 aliud
1220 1709 1373 1762 vobis
1389 1709 1616 1772 dicatur,
1636 1708 1716 1760 his
1736 1707 1913 1760 verbis
1928 1720 2026 1760 nec
2054 1724 2105 1783 Β
2137 1709 2321 1762 emolli
2355 1723 2368 1773 ;
2405 1710 2526 1762 veni
2586 1713 2641 1761 et
2671 1709 2829 1762 visita
2879 1710 3093 1780 plebem
3123 1717 3268 1764 tuam
3298 1724 3311 1779 ;
3343 1718 3395 1765 et
3433 1709 3573 1765 inter
3608 1727 3725 1780 eos,

432 1799 643 1853 addatis
674 1798 991 1868 quidquam,
1026 1813 1124 1852 nec
1157 1796 1432 1861 minuatis,
1465 1796 1610 1868 quod
1642 1795 1711 1849 ab
1769 1796 1868 1849 hac
1895 1811 2024 1848 sen-

428 1888 598 1942 tentia
645 1887 907 1941 discebat.
950 1886 1066 1939 Hoc
1099 1887 1274 1953 ipsum
1306 1886 1467 1953 401
1505 1885 1573 1937 de
1605 1901 1689 1937 me
1728 1885 1869 1941 dico.
1928 1899 2025 1937 nec

429 1992 593 2044 super
616 1974 731 2029 haec
758 1975 958 2043 aliquid
991 1974 1216 2037 addere,
1247 1974 1331 2028 vel
1365 1975 1432 2027 de
1464 1973 1546 2027 his
1577 1973 1834 2036 minuere,
1861 1972 2023 2040 adju-

430 2073 593 2120 vaute
630 2065 761 2127 Deo,
805 2064 957 2117 volo.
1000 2064 1160 2117 Filios
1195 2072 1407 2116 vestros
1430 2069 1480 2115 et
1514 2071 1747 2125 nostros,
1782 2069 1833 2115 et
1864 2060 2022 2126 ﬁlias,

430 2153 571 2207 sicut
617 2153 787 2220 scitis,
847 2153 1097 2219 salutate,
1157 2160 1206 2206 et
1261 2160 1318 2205 ut
1376 2151 1541 2206 nostri
1590 2166 1862 2205 memores
1917 2150 2027 2204 sint

427 2251 578 2297 orate
594 2282 605 2295 .

892 2310 1231 2367 EPISTOLA
1268 2310 1440 2365 XCIII
1479 2317 1560 2364 “3.

558 2416 859 2457 MATHILDIS
891 2415 1115 2455 REGINE
1143 2415 1449 2454 ANGLORUM
1479 2415 1551 2454 AD
1577 2415 1896 2455 ANSELMUM.

499 2502 664 2572 Regio
690 2500 857 2571 digna
876 2503 1101 2570 pectore
1132 2502 1189 2553 et
1216 2499 1434 2553 sanctis
1450 2497 1743 2567 affectibus
1755 2500 1951 2568 plena.

498 2597 732 2650 Domino
764 2611 889 2649 vere
919 2610 1134 2648 summo
1160 2602 1214 2647 et
1242 2594 1379 2647 Patri
1411 2597 1694 2656 ANSELMO,
1728 2595 1823 2647 Dei
1850 2594 2026 2664 gratia

429 2685 811 2741 Cantuariensi
843 2681 1272 2752 archiepiscopo,
1308 2683 1633 2745 MATHILDIS,
1670 2683 1856 2752 regina
1910 2686 2025 2737 An-

431 2774 667 2846 glorum,
704 2772 927 2826 humilis
959 2771 1158 2825 ancilla
1189 2772 1327 2840 ejus,
1380 2787 1615 2825 summae
1644 2771 1948 2827 devotionis
1976 2779 2028 2827 et

431 2861 708 2918 servitutis
733 2862 1068 2931 obsequium.

499 2960 789 3025 Converte,
868 2958 1087 3012 domine
1171 2964 1378 3023 sancte,
1452 2957 1614 3011 Pater
1686 2957 2023 3024 misericors,

2135 1798 2389 1853 ancillam
2423 1805 2586 1862 tuam,
2623 1799 2750 1851 totis
2790 1798 2858 1852 ad
2909 1807 2964 1852 te
3013 1798 3311 1853 visceribus
3357 1800 3724 1855 anhelantem.

2134 1887 2319 1940 Inveni
2351 1888 2489 1939 viam
2514 1902 2619 1956 qua
2645 1901 2746 1941 nec
2778 1890 2834 1939 tu
2863 1896 3068 1956 pastor,
3112 1889 3199 1955 qui
3232 1889 3511 1957 praecedis.
3544 1886 3728 1943 offen-

2135 1975 2254 2037 das,
2315 1990 2414 2029 nec
2472 1975 2637 2044 regiae
2668 1974 2967 2043 majestatis
2989 1975 3119 2044 jura
3143 1977 3447 2032 solvantur.
3494 1976 3649 2045 Quod
3682 1976 3731 2032 si

2136 2064 2251 2117 haec
2279 2063 2437 2116 simul
2468 2076 2718 2117 constare
2748 2079 2855 2117 non
2888 2063 3125 2129 valeant,
3164 2065 3343 2119 veniat
3374 2065 3586 2127 saltem,
3622 2083 3729 2121 ve-

2134 2152 2248 2205 niat
2277 2155 2343 2205 ad
2365 2150 2528 2205 tiliam
2565 2153 2735 2217 Pater,
2760 2153 2827 2204 ad
2851 2152 3108 2207 ancillam
3152 2153 3423 2216 dominus,
3457 2162 3509 2208 et
3537 2154 3730 2210 doceat

2135 2256 2255 2297 eam
2272 2242 2400 2312 quid
2432 2256 2600 2313 agere
2636 2241 2851 2296 debeat.
2913 2242 3265 2312 lngrediatur
3320 2243 3387 2297 ad
3418 2258 3536 2298 eam
3567 2253 3728 2299 ante-

2134 2346 2292 2402 quam
2351 2331 2663 2401 egrediatur
2727 2331 2795 2385 de
2837 2331 3062 2387 mundo.
3114 2330 3171 2387 Si
3254 2331 3396 2386 enim
3439 2341 3728 2404 antequam

2134 2420 2345 2474 moriar
2382 2419 2510 2473 mihi
2544 2428 2595 2473 te
2636 2435 2743 2473 non
2776 2419 2959 2474 videre
3001 2420 3308 2493 contigerit,
3342 2421 3590 2492 improbe
3640 2422 3727 2478 low-

2134 2524 2292 2577 quar,
2324 2508 2496 2563 timeo
2526 2523 2596 2563 ne
2652 2507 2783 2561 mihi
2806 2510 2965 2562 etiam
2997 2509 3052 2562 in
3101 2510 3197 2563 illa
3252 2519 3395 2565 terra
3425 2511 3726 2566 viventium

2133 2605 2185 2651 et
2237 2597 2530 2652 laetantium
2561 2597 2738 2650 omnis
2768 2598 3069 2652 exsultandi
3116 2598 3440 2668 praecidatur
3486 2600 3725 2657 occasio.

2134 2685 2208 2740 Tu
2233 2686 2503 2756 siquidem
2527 2702 2589 2740 es
2603 2686 2861 2758 gaudium
2885 2702 3087 2751 meum,
3120 2703 3249 2756 spes
3279 2704 3420 2755 mea,
3451 2688 3727 2761 refugium

2136 2791 2335 2829 meum.
2385 2774 2582 2829 Anima
2611 2790 2734 2830 mea
2781 2776 2915 2830 sicut
2941 2784 3085 2830 terra
3117 2777 3233 2830 sine
3254 2791 3398 2846 aqua
3428 2777 3520 2831 tibi
3553 2777 3735 2840 ;unde

2137 2873 2186 2919 et
2235 2864 2471 2928 expandi
2523 2864 2592 2917 ad
2652 2874 2703 2918 te
2752 2880 2945 2917 manus
2973 2880 3142 2924 meas,
3173 2874 3229 2919 ut
3260 2865 3571 2921 ariditatem
3616 2867 3735 2934 ejus

2142 2953 2519 3008 exsultationis
2549 2953 2670 3007 oleo
2703 2953 3012 3023 perfundas,
3046 2959 3099 3007 et
3127 2953 3427 3008 dulcedinis
3476 2956 3735 3024 ingenita

427 3049 707 3120 planctum
739 3062 916 3101 meum
949 3047 1000 3099 in
1032 3046 1292 3117 gaudium
1340 3046 1503 3110 mihi,
1534 3054 1589 3100 et
1635 3047 1910 3102 circumda
1939 3064 2026 3102 me
2066 3077 2115 3139 Ο
2143 3057 2267 3097 rore
2290 3043 2439 3114 riges
2464 3040 2547 3096 “1.
2582 3041 2635 3096 Si
2683 3050 2861 3096 autem
2922 3056 3021 3096 nec
3066 3049 3120 3095 te.
3158 3040 3319 3097 ﬂetus
3348 3043 3474 3109 mei,
3507 3059 3606 3099 nec
3626 3060 3737 3115 pu-

426 3138 628 3191 laatitia.
664 3137 820 3202 Ecce,
872 3134 1114 3200 domine,
1163 3134 1380 3188 humilis
1436 3134 1625 3188 ancilla
1681 3141 1768 3189 tua
1816 3137 2035 3190 miseri-

428 3226 627 3281 cordiae
654 3233 757 3279 tuae
787 3223 1020 3295 genibus
1040 3223 1315 3289 devoluta,
1350 3223 1629 3294 supplices
1658 3225 1723 3278 ad
1755 3232 1804 3278 te
1827 3242 2019 3280 manus

428 3316 676 3378 tendens,
730 3322 1003 3367 consuetae
1061 3314 1290 3382 postulat
1341 3313 1694 3382 benignitatis
1742 3312 2020 3369 affectum.

427 3402 587 3467 Veni,
649 3402 891 3466 domine,
949 3402 1091 3464 veni,
1126 3410 1177 3454 et
1211 3401 1365 3455 visita
1416 3418 1629 3454 servam
1684 3411 1825 3454 tuam
1884 3402 2027 3470 veni,

427 3492 673 3561 inquam,
724 3491 910 3554 Pater,
935 3500 984 3544 et
1015 3490 1258 3561 gemims
1318 3505 1470 3543 meos
1516 3490 1622 3543 leni
1653 3486 1736 3559 “",
1765 3492 2030 3563 lacrymas

436 3581 712 3650 absterge,
738 3578 954 3632 dolores
986 3580 1192 3647 mitiga.
1217 3578 1390 3631 luctus
1412 3579 1538 3632 tolle
1573 3593 1586 3646 ;
1617 3579 1781 3649 imple
1807 3581 2029 3634 deside-

436 3670 577 3723 rium
613 3683 790 3720 meum
818 3675 938 3719 vota
971 3667 1231 3719 secunda.
1274 3669 1364 3728 At,
1402 3667 1630 3736 inquies,
1692 3669 1813 3739 lege
1836 3670 2030 3738 prohi-

430 3758 583 3821 beor,
643 3764 694 3810 et
725 3754 1081 3824 quarumdam
1133 3757 1511 3809 necessitatum
1569 3757 1797 3810 vinculis
1854 3767 2033 3813 tentus

426 3844 702 3900 seniorum
729 3840 789 3869 ⁴⁴⁸
821 3843 1042 3899 decreta
1074 3843 1383 3914 transgredi
1413 3859 1522 3899 non
1554 3860 1861 3915 praesumo.
1891 3845 2032 3915 Quid

2144 3132 2287 3187 blica
2321 3143 2442 3187 vota
2471 3131 2782 3195 sollicitant,
2810 3131 3111 3201 p0stposita
3143 3132 3293 3203 regia
3321 3131 3611 3203 dignitate,
3640 3149 3738 3189 reb

2136 3221 2281 3276 lictis
2311 3220 2636 3291 insignibus,
2672 3220 2938 3290 deponam
2966 3221 3165 3283 fasces,
3197 3221 3458 3276 diadema
3488 3231 3740 3277 contem-

2138 3328 2285 3378 nam,
2309 3325 2597 3380 purpuram
2626 3309 2955 3380 byssumque
2977 3310 3221 3376 calcabo,
3255 3316 3310 3363 et
3357 3309 3547 3364 vadem
3587 3312 3651 3367 ad
3685 3320 3741 3368 te

2139 3416 2377 3455 morore
2408 3399 2674 3454 confecta.
2708 3399 2824 3467 (24)
2857 3397 3161 3468 Amplectar
3186 3399 3420 3471 vestigia
3443 3408 3550 3465 tua,
3567 3400 3740 3471 pedes

2140 3489 2519 3553 exosculabor,
2543 3504 2645 3542 nec
2673 3488 2949 3542 amovebit
2976 3503 3082 3548 me,
3116 3488 3161 3542 si
3193 3490 3376 3543 veniet
3406 3488 3575 3556 Giezi,
3626 3491 3739 3546 nisi

2139 3596 2258 3634 cum
2291 3577 2554 3632 desiderii
2610 3576 2717 3631 mei
2775 3591 2988 3630 summa
3014 3577 3400 3647 complebitur.
3455 3579 3566 3632 Pax
3614 3577 3735 3646 Dei,

2141 3685 2262 3738 quae
2293 3673 2579 3736 exsuperat
2600 3681 2814 3720 omnem
2847 3680 3089 3728 sensum,
3145 3667 3415 3721 custodiat
3462 3681 3555 3721 cor
3583 3674 3737 3721 tuum

2141 3764 2194 3812 et
2223 3755 2637 3825 intelligentiam
2666 3763 2831 3821 tuam,
2862 3762 2915 3810 et
2936 3754 3099 3810 faciat
3144 3755 3530 3811 misericordiae
3552 3755 3737 3813 viscea

2141 3847 2293 3901 ribus
2314 3844 2611 3900 abundare.

1743 4006 1968 4063 VARle
2018 4008 2433 4065 LECTIONES.

489 4157 695 4213 “‘Cum
725 4153 913 4229 eodem
941 4168 1046 4229 ms:
1068 4154 1300 4229 collata.
1317 4151 1644 4229 _“"Gemitus
1674 4157 1788 4211 leni
1809 4176 1914 4214 ms.
1948 4161 2183 4229 gemitus
2202 4174 2354 4213 meos
2386 4155 2519 4229 leni.
2540 4152 2853 4229 “‘Vinculis
2878 4161 3053 4229 tentus
3070 4172 3349 4229 servorum
3375 4174 3477 4213 ms.
3500 4155 3735 4213 nexibus

422 4240 603 4289 tentus
624 4228 922 4283 seniorum.
981 4222 1375 4281 “’Uircuncidit
1401 4243 1506 4281 ms.
1539 4243 1645 4283 nou
1677 4222 2029 4286 circumcidit.
2085 4230 2441 4286 ““Labentem
2475 4228 2529 4281 in
2560 4244 2663 4283 ms.
2703 4227 2973 4283 labantem
3006 4228 3084 4281 in.
3134 4225 3398 4301 “‘Rigeas
3432 4245 3534 4286 ms.
3590 4230 3740 4302 rigas

1638 4408 1931 4465 JOANNIS
1971 4404 2250 4465 PICARDI
2287 4405 2516 4463 NOTzE.

494 4562 605 4632 (21)
637 4557 1247 4632 Ατηρὶεσιανηυθείίθία
1278 4561 1397 4624 tua,
1418 4557 1581 4629 pedes
1624 4559 2010 4632 exosculabor.
2042 4560 2095 4619 D
2124 4534 2346 4614 domina
2403 4573 2525 4613 mea
2555 4557 2582 4610 ‘?
2614 4557 2769 4632 Certe
2825 4555 2871 4610 si
2928 4571 3021 4611 rex
3079 4555 3242 4632 sciret
3294 4557 3417 4625 ista,
3449 4568 3729 4632 nunquam

425 4628 705 4688 Lecto'reni
754 4628 847 4685 hic
905 4628 1063 4681 velim
1105 4638 1337 4695 oratum,
1372 4628 1438 4682 ne
1472 4638 1616 4696 putet
1670 4631 1857 4683 isthaec
1893 4647 2014 4684 esse

424 4704 591 4759 verba
624 4711 678 4756 et
707 4717 899 4761 voces;
926 4701 1068 4767 quod
1100 4702 1244 4752 enim
1272 4701 1461 4769 regina
1492 4701 1581 4753 illa
1618 4701 2013 4753 modestissima

422 4775 709 4845 pollicetur
733 4774 1004 4831 Anselmo,
1037 4772 1492 4845 eodem_prorsus_
1531 4787 1672 4845 anno
1703 4782 1755 4845 et
1782 4774 2011 4835 caeteris,

422 4841 477 4900 ut
502 4845 762 4899 credibile
794 4850 893 4903 est,
926 4842 1190 4907 praestitit.
1218 4842 1435 4894 Testem
1483 4841 1654 4895 habeo
1712 4843 2015 4896 Matthaeum

421 4917 670 4971 Paridem
705 4930 847 4967 anno
884 4912 1017 4965 1105
1051 4913 1269 4976 majoris
1302 4913 1549 4965 Historiae
1578 4912 1630 4965 id
1663 4915 2010 4967 referentem.

426 5011 447 5036 α
486 4990 715 5051 Eodem,
741 4986 929 5051 inquit,
975 4991 1217 5050 tempore
1247 4983 1418 5035 David
1454 4984 1616 5036 frater
1665 4987 1868 5052 reginae
1900 4990 2015 5037 An-

421 5061 636 5129 glorum
690 5054 988 5129 Mathitdis,
1041 5052 1185 5105 venit
1242 5054 1293 5105 in
1343 5056 2012 5129 Angliam._upsm0rem

420 5124 568 5184 suam
600 5130 861 5180 visitaret.
890 5124 989 5191 Qui
1023 5138 1145 5175 cum
1180 5132 1334 5177 nocte
1358 5126 1589 5185 quadam
1629 5126 1680 5178 in
1712 5126 2010 5179 thalamum

420 5202 539 5269 ejus
590 5199 658 5253 ab
706 5200 822 5265 ipsa
897 5202 1129 5269 vocatus
1200 5193 1724 5269 venisset_donium,
1809 5198 2014 5251 invenit

418 5265 655 5341 leprosis
680 5269 908 5337 plenam,
933 5275 985 5317 et
1005 5265 1225 5341 regina,
1258 5266 1309 5317 in
1333 5266 1516 5341 gmetlio
1559 5280 1727 5341 stans,
1761 5269 2011 5338 deposito

418 5336 607 5412 pallio,
643 5336 807 5391 lineo
840 5354 897 5412 se
917 5336 1156 5412 utrisque
1188 5338 1431 5412 manibus
1463 5339 1758 5406 praecinxit,
1793 5336 1848 5393 et
1873 5355 2011 5409 aqua

418 5409 689 5481 imposita,
742 5409 903 5474 cuspit
935 5409 1328 5481 lavareupeiles
1361 5424 1574 5475 corium,
1620 5420 1672 5464 et
1725 5420 2008 5475 extergere

416 5479 603 5547 linteo,
638 5490 685 5536 et
720 5483 965 5551 utrisque
988 5479 1236 5551 manibus
1268 5484 1586 5551 constrictos
1642 5491 1802 5551 cmpit
1832 5483 2004 5536 devo-

418 5555 627 5610 tissime
654 5550 916 5609 osculari.
936 5550 1034 5605 Cui
1054 5549 1256 5606 frater:
1298 5550 1437 5619 Quid
1475 5561 1559 5608 est
1606 5549 1752 5622 quod
1796 5554 1939 5624 agis,
1970 5567 2005 5608 ο

2124 4631 2439 4699 dignaretur
2467 4646 2527 4684 os
2553 4638 2698 4683 tuum
2722 4629 3058 4700 leprosorum
3075 4629 3272 4696 pedum
3297 4632 3417 4685 tabe
3441 4629 3724 4700 pollutum,

2124 4702 2285 4754 labiis
2340 4702 2448 4754 suis
2490 4700 2740 4755 osculari.
2793 4699 2858 4752 Et
2897 4699 2987 4753 illa
3034 4700 3339 4761 subridens,
3398 4702 3512 4755 ait:
3552 4700 3727 4757 Pedes

2123 4773 2291 4840 Regis
2320 4772 2508 4825 aeterni
2541 4771 2661 4838 quis
2711 4770 2878 4823 nescit
2943 4770 3105 4842 labiis
3140 4773 3287 4842 regis
3319 4772 3565 4826 morituri
3598 4788 3723 4828 esse

2124 4843 2493 4911 praeferendos
2524 4842 2551 4892 ‘?
2582 4843 2747 4905 Ecce,
2800 4856 2904 4911 ego
2937 4841 3146 4894 idcirco
3187 4841 3235 4896 te
3286 4844 3490 4905 vocavi,
3554 4841 3722 4897 frater

2122 4915 2459 4977 charissime,
2507 4920 2563 4965 ut
2606 4912 2853 4979 exemplo
2911 4926 3033 4965 meo
3066 4912 3194 4965 talia
3237 4913 3415 4967 discas
3454 4914 3713 4981 onerari;

2122 4986 2225 5044 fac,
2276 5000 2461 5056 rogo,
2494 4982 2643 5056 quod
2704 4998 2787 5035 me
2847 4982 3028 5056 facere
3084 4983 3324 5056 intueris.
3364 5004 3385 5032 ι
3424 4985 3715 5056 ﬂuensque

2126 5057 2405 5109 Matthmus
2452 5053 2616 5119 Paris,
2674 5056 2757 5107 cui
2791 5054 3047 5107 nonnulla
3078 5054 3486 5120 adjecissemus,
3532 5058 3578 5108 si
3612 5053 3711 5110 ve-

2119 5128 2286 5179 nisset
2308 5127 2360 5179 in
2384 5142 2576 5177 manus
2608 5134 2812 5178 nostras
2842 5125 2978 5178 liber
3007 5123 3074 5176 de
3124 5126 3248 5193 ejus
3281 5127 3394 5178 Vita
3450 5126 3708 5195 scriptus,

2119 5198 2277 5265 cujus
2309 5198 2635 5249 mentionem
2672 5196 2798 5249 favit
2855 5196 3178 5249 Guillelmus
3227 5196 3703 5263 Gemmetmensis,

2118 5268 2214 5321 lib.
2252 5284 2343 5320 vm
2376 5267 2624 5321 Historiae
2654 5268 2849 5321 (lucum
2872 5268 3390 5329 Nortlimaunorum,
3443 5284 3565 5335 cap.
3620 5270 3706 5322 1ο.

2120 5339 2219 5392 Ms.
2260 5340 2457 5393 Victor.
2495 5340 2651 5392 habet
2680 5343 2732 5406 8,
2762 5339 2817 5390 in
2844 5339 2985 5392 hunc
3016 5336 3259 5394 modum.
3299 5362 3321 5387 α
3357 5334 3585 5407 Quanta;
3603 5355 3706 5392 au-

2118 5420 2223 5462 tem
2286 5410 2588 5465 sanctitatis
2625 5418 2679 5463 et
2731 5408 2982 5481 scientia:
3052 5416 3153 5461 tam
3211 5411 3487 5463 saecularis
3544 5424 3708 5481 quam

2117 5481 2407 5550 spiritualis
2430 5491 2651 5555 utraque
2682 5480 2888 5553 regina,
2912 5481 3211 5607 Margareta
3264 5481 3470 5535 scilicet
3504 5480 3709 5535 et’Ma-

2118 5553 2298 5607 thildis
2316 5553 2535 5607 fuerint.
2574 5552 2737 5607 liber.
2791 5552 2886 5607 aui
2916 5550 2985 5606 de
3073 5552 3148 5607 ita
3199 5551 3447 5607 ipsarum
3475 5551 3709 5607 scriptus

2118 5553 2298 5609 thildis
2316 5553 2535 5624 fuerint,
2566 5550 2769 5620 ’liber,‘
2791 5552 2886 5623 qui
2904 5550 2985 5624 .dc
3024 5550 3148 5607 Vita
3199 5551 3447 5623 ipsarum
3475 5551 3709 5625 scriptus
