4010 6064
221 288 329 343 tea
1465 286 1596 342 LIB.
1629 285 1725 354 ΠΙ,
1758 280 1826 339 El

1936 284 1978 340 Γ.
2009 284 2204 343 XCVI.
3403 299 3506 355 134

1855 408 1912 469 Α
1941 417 1993 466 et
2023 412 2124 466 hoc
2143 412 2276 466 mihi
2307 414 2630 485 promittitis,
2675 423 2897 487 paratus
2922 439 3041 478 sum
3095 426 3275 485 redire
3326 432 3398 486 ad
3428 450 3526 491 vos

1934 500 1989 553 in
2021 501 2291 573 Angliam,
2325 512 2378 558 et
2412 507 2616 560 servire
2662 509 2794 573 Deo,
2840 520 2892 565 et
2942 513 3108 581 vobis,
3159 524 3213 571 et
3259 522 3524 577 omnibus

1935 588 2065 641 mihi
2095 592 2426 654 commissis,
2459 595 2758 650 secundum
2798 598 3037 655 ofﬁcium
3071 603 3198 658 mihi
3227 623 3257 660 a
3291 609 3404 664 Deo
3434 612 3524 665 in-

1930 676 2199 748 junetum,
2232 683 2349 749 ipso
2379 682 2693 751 adjuvante.
2756 687 3033 759 Siquidem
3090 709 3212 748 cum
3244 698 3390 753 nullo
3418 700 3526 758 alio

1936 780 2066 837 rege
2096 776 2193 821 aut
2222 770 2462 841 principe
2492 774 2722 842 mortali,
2754 777 2877 831 volo
2903 786 3008 833 tam
3027 780 3258 841 libenter
3285 802 3408 844 esse
3437 799 3528 846 aut

1936 854 1987 908 ei
2017 856 2236 912 servire.
2272 858 2327 912 Si
2358 868 2535 914 autem
2581 864 2682 917 hoc
2741 880 3078 936 nequaquam
3109 873 3397 942 suscipitis,
3433 890 3527 933 vos

1937 943 2145 998 facietis
2163 946 2306 1014 quod
2327 948 2481 1002 vobis
2503 950 2774 1020 plaCebit;
2808 970 2912 1023 ego
2932 973 3078 1026 vero,
3096 960 3210 1015 Deo
3230 975 3524 1034 annuente,

1939 1049 2049 1087 non
2084 1035 2367 1107 abnegabo
2400 1055 2583 1110 regem
2618 1041 2754 1110 ejus.
2792 1043 2861 1096 Et
2903 1061 3007 1099 non
3041 1050 3236 1116 audeo,
3270 1055 3528 1123 quoniam

1938 1137 2043 1176 non
2076 1123 2249 1179 debeo
2280 1138 2453 1182 tacere
2487 1129 2639 1183 vobis
2658 1132 2780 1199 quia
2804 1149 2909 1187 non
2939 1136 3110 1191 solum
3142 1140 3311 1205 402
3346 1145 3526 1212 requi-

1940 1221 2017 1265 ret
2050 1212 2194 1266 Deus
2223 1231 2253 1268 a
2283 1215 2439 1270 vobis
2469 1219 2613 1285 quod
2642 1220 2805 1275 debet
2851 1223 2925 1276 illi
2951 1226 3101 1296 regia
3135 1238 3396 1297 potestas,
3428 1233 3526 1287 sed

1940 1300 2198 1370 quidquid
2229 1305 2459 1373 pertinet
2488 1307 2556 1359 ad
2589 1310 2834 1375 primatis
2874 1314 3089 1383 Angliee
3148 1317 3523 1376 ministerium.

1939 1391 2093 1461 Quod
2124 1407 2261 1446 onus
2292 1393 2451 1447 nimis
2484 1403 2564 1450 est
2591 1395 2653 1423 ⁴⁶⁴
2678 1399 3208 1471 vobisimportabile,
3244 1423 3342 1463 nec
3372 1410 3527 1465 vobis

1940 1480 2099 1534 debet
2130 1481 2418 1549 displicere
2448 1484 2590 1554 quod
2620 1485 2814 1542 dicam.
2836 1489 2983 1542 Nulli
3004 1494 3203 1547 homini
3228 1498 3397 1565 magis
3425 1514 3526 1552 ex-

742 406 1086 465 EPISTOLA
1123 408 1315 465 XCIV.

398 515 641 555 HENRICI
669 515 845 555 REGIS
882 514 1190 553 ANGLORUM
1220 516 1297 554 AD
1322 515 1648 555 ANSELXUM.

214 607 384 664 Dolet
414 606 759 662 Amelmum
777 605 883 662 sibi
902 608 1278 677 pertinaciter
1294 608 1592 663 retractari.
1620 606 1828 661 Misissc

289 694 352 733 se
382 679 456 732 ad
471 682 845 749 apostolicum
879 678 1185 749 signiﬁcet,
1244 683 1298 732 et
1334 695 1392 731 se
1422 680 1658 733 interim
1690 693 1826 733 con-

289 748 513 805 sentire
547 755 614 804 ut
668 749 736 804 de
791 750 1057 818 beneﬁcio
1088 748 1523 805 Cantuaricnsi:
1566 750 1830 805 Ecclesia:

291 821 706 879 convenienter
734 820 960 877 habeat.

289 927 596 982 Hennaeas.
628 943 723 982 rex
753 926 1080 998 Anglorum,
1120 929 1413 993 Antaeum,
1447 924 1830 982 Cantuariensi

217 1015 657 1086 archiepiscopo,
689 1015 919 1071 salutem
941 1024 995 1070 et
1023 1016 1337 1070 amicitiam.

294 1104 567 1161 Mandasti
610 1104 739 1159 mihi
772 1105 913 1174 quod
961 1104 1029 1158 ad
1078 1119 1167 1158 me
1210 1103 1403 1158 venire
1451 1118 1557 1157 non
1589 1109 1826 1171 poteras,

218 1207 325 1248 nec
354 1208 569 1248 mecum
601 1208 745 1260 esse,
776 1193 911 1247 sicut
948 1192 1286 1248 Lanfrancus
1345 1201 1664 1248 antecessor
1711 1199 1832 1245 tuus

219 1298 345 1339 cum
382 1289 537 1354 patre
566 1297 688 1337 meo
719 1281 907 1336 multis
934 1283 1089 1335 annis
1119 1281 1221 1336 fuit
1246 1296 1259 1350 ;
1311 1281 1454 1336 unde
1484 1280 1642 1336 valde
1671 1280 1830 1334 doleo

219 1372 369 1440 quod
401 1371 582 1425 facere
612 1386 720 1425 non
743 1371 845 1435 vis,
869 1373 997 1442 quia
1017 1370 1060 1424 si
1080 1370 1263 1426 facere
1283 1370 1573 1433 voluisses,
1603 1368 1834 1423 libenter

216 1465 276 1515 te
304 1461 660 1528 susciperem,
690 1469 745 1515 et
772 1475 965 1515 omnes
996 1460 1118 1514 illos
1147 1463 1398 1519 honores.
1431 1467 1481 1513 et
1505 1459 1831 1525 dignitates,

220 1549 597 1656 E‘LFTicilias'
629 1564 765 1656 mitis
794 1557 946 1648 Rau".
974 1564 1128 1603 meus
1170 1547 1503 1656 amefe'sjqori
1562 1556 1655 1602 tuo
1687 1546 1832 1656 ἱθθίξί
1938 1569 2091 1638 pedit
2118 1586 2279 1640 quam
2315 1572 2431 1642 regi
2461 1589 2519 1625 se
2549 1574 2784 1630 subdere
2816 1576 2923 1649 legi
2956 1580 3071 1647 Dei,
3105 1590 3160 1635 et
3189 1546 3366 1639 nullus
3389 1588 3525 1656 peri-

218 1637 320 1691 tibi
357 1637 633 1693 fecissem.
676 1638 938 1692 Dominus
988 1654 1121 1692 vero
1168 1637 1504 1707 apostolicus
1555 1636 1834 1689 mandavit
1939 1636 2179 1713 ξευιοείιίε
2203 1676 2260 1712 se
2290 1636 2560 1714 suanm,
2590 1657 2649 1685 655
2670 1680 2700 1716 ἃ
2719 1664 2839 1734 μεθ
2866 1636 3006 1734 gius.
3035 1636 3172 1723 dicit
3202 1636 3528 1731 eni'lg'szlgr'a

225 1726 363 1779 mihi
394 1726 589 1780 litteris
616 1726 730 1780 suis
760 1741 947 1795 preces
976 1734 1030 1781 et
1085 1724 1484 1780 admonitiones
1513 1740 1677 1792 super
1705 1722 1826 1791 qui-

226 1814 459 1837 L---_I-_._
488 1815 648 1837 _-L-_-
696 1814 1037 1837 n_.___-_.-..
1055 1815 1175 1837 ..ΑΙΔ
1200 1815 1405 1837 Ι---ι--
1429 1829 1578 1837 ...-....
1604 1815 1826 1837 [DA—.4...

1943 1747 2244 1817 Scriptura,
2276 1764 2381 1802 non
2413 1765 2515 1819 ego
2537 1722 3529 1837 :Potentgspdtcntei'tormenta—pa:

226 1814 461 1928 “fidam
488 1815 670 1928 "ibus"
695 1814 1179 1928 (Ξῗδρίξορίθξξωο
1199 1815 1408 1886 legatos
1429 1829 1581 1869 meos
1603 1815 1829 1928 Eomflm
1940 1839 2189 1901 tientur;
2211 1842 2267 1893 et
2282 1838 2612 1907 fortioribus
2628 1814 3035 1911 fortiorinstut
3058 1814 3526 1928 cruciatusletFIp.

226 1904 466 1968 mittere,
494 1912 550 1957 et
578 1904 808 1958 consilio
842 1903 938 1958 Dei
970 1911 1021 1958 et
1042 1905 1305 1958 baronum
1338 1918 1582 1957 meorum
1612 1902 1833 1955 domino
1940 1942 2012 1990 Vl,
2043 1930 2091 1978 7.
2114 1925 2198 1995 9);
2233 1902 2374 1997 ql'md
2402 1928 2543 1981 Deus
2563 1945 2593 1979 ἢ
2614 1902 2767 1984 {,Obis
2790 1940 3001 1988 avertat
3028 1937 3038 1989 Ῐ
3074 1902 3530 2003 ῙηΤέέρδξΙεξ

222 2007 389 2063 papa
418 1992 545 2047 inde
583 1993 935 2062 respondere,
971 2001 1022 2047 et
1080 1994 1182 2047 hoc
1217 1995 1495 2061 requirere
1525 1990 1669 2062 quod
1702 1990 1831 2043 mihi

223 2080 614 2149 requirendum
646 2089 749 2136 rst.
786 2082 850 2135 Et
879 2089 1107 2152 accepto
1137 2096 1402 2151 responso
1424 2096 1456 2133 a
1488 2096 1648 2148 papa,
1683 2094 1832 2132 man-

224 2170 372 2225 dabo
403 2170 498 2223 tibi
528 2171 631 2225 hoc
665 2172 812 2242 quod
846 2171 971 2224 mihi
1019 2171 1164 2246 Deus
1194 2169 1457 2223 annuerit.
1483 2169 1698 2223 Interim
1730 2185 1830 2221 au-

222 2265 335 2313 tem
367 2260 704 2313 consentiam
735 2259 877 2329 quod
920 2267 977 2313 tu
1007 2260 1075 2313 de
1119 2256 1381 2313 beneﬁcio
1429 2256 1832 2312 Cantuariensis

227 2347 494 2402 Ecclesiae
521 2348 911 2403 convenienter
931 2348 1132 2403 habeas
1159 2361 1172 2417 ;
1207 2347 1458 2417 quamvis
1503 2348 1603 2400 hoc
1632 2345 1831 2399 invitus

223 2436 392 2502 far-io,
419 2436 681 2507 quoniam
715 2436 927 2490 nullum
958 2437 1242 2491 mortalem
1267 2436 1538 2489 hominem
1572 2451 1627 2488 tn
1659 2448 1832 2504 regno

221 2540 350 2579 meo
382 2525 642 2579 libentius
675 2541 886 2581 mecum
919 2541 1081 2597 quam
1143 2533 1193 2580 te
1249 2524 1454 2578 habere
1512 2522 1828 2591 voluissem,

218 2613 327 2667 nisi
362 2612 414 2666 in
446 2622 499 2668 te
528 2616 906 2680 remansisset,
940 2621 1077 2670 teste
1133 2612 1376 2669 Reberto
1409 2614 1666 2683 episcopo
1697 2611 1826 2665 Liu-

216 2701 490 2758 colniensi
524 2710 578 2757 et
609 2702 917 2757 Willelmo.

710 2824 1050 2880 EPISTOLA
1082 2825 1226 2879 xcv
1256 2823 1339 2880 «δ’.

676 2929 926 2971 ΑΝεΕωίι
964 2931 1041 2968 ΔΙ)
1080 2928 1378 2968 ΗεΜιιοωί

499 3020 597 3076 Est
623 3018 697 3075 ad
720 3019 1132 3090 praecedentem
1166 3021 1542 3090 rescriptum.

290 3126 569 3189 Hammo,
606 3125 702 3182 Dei
747 3125 923 3198 gratia
964 3124 1086 3198 regi
1133 3125 1453 3197 Anglorum.
1497 3132 1550 3180 et
1592 3120 1816 3179 domino
1845 3113 1895 3179 C

217 3230 339 3283 suo,
373 3217 707 3280 ANSELIUS,
740 3214 1181 3286 archiepiscopus
1212 3212 1634 3279 Cantuariensis,
1657 3212 1817 3268 ﬁdele

218 3303 503 3359 servitium
532 3311 587 3358 et
613 3303 907 3358 orationes.

290 3393 353 3447 In
384 3392 574 3447 litteris
603 3400 791 3449 vestra:
831 3390 1170 3448 celsitudinis
1214 3406 1349 3464 quas
1404 3407 1577 3463 nuper
1632 3389 1818 3462 accepi

215 3481 503 3536 mandavit
534 3481 662 3537 mihi
718 3489 899 3537 vestra
956 3481 1201 3550 dignatio
1257 3480 1569 3546 amicitiam,
1609 3489 1662 3535 et
1691 3482 1820 3553 quia

211 3570 420 3625 nullum
454 3569 734 3625 mortalem
769 3570 1042 3625 hominem
1067 3570 1121 3624 in
1151 3584 1320 3640 regno
1350 3580 1534 3624 vestro
1562 3568 1821 3623 libentius

214 3660 420 3714 habere
450 3676 606 3729 quam
640 3675 726 3714 me
752 3659 981 3726 velletis,
1008 3661 1052 3712 si
1086 3673 1191 3728 ego
1220 3659 1417 3713 vellem
1450 3659 1522 3713 ita
1541 3660 1819 3713 vobiscum

213 3763 337 3803 esse
366 3748 505 3802 sicut
532 3744 876 3802 Lanfraucus
905 3747 1349 3817 archiepiscopus
1381 3746 1480 3800 fuit
1510 3764 1633 3802 cum
1665 3754 1820 3817 patre

212 3844 423 3892 vestro.
457 3837 536 3891 De
568 3836 806 3893 amicitia
838 3844 890 3891 et
915 3835 980 3891 de
1000 3837 1146 3891 bona
1167 3836 1441 3890 voluntate
1461 3836 1671 3906 gratias
1689 3851 1817 3907 ago.

211 3925 297 3980 Ad
328 3926 435 3981 hoc
463 3925 611 3997 quod
638 3925 818 3982 dicitis
847 3926 917 3981 de
948 3934 1100 3995 patre
1129 3933 1308 3980 vestro
1328 3933 1381 3979 et
1412 3924 1821 3994 archiepiscopo

210 4013 521 4069 Lanfranco
554 4014 863 4083 respondeo
886 4014 1009 4083 quia
1041 4029 1217 4085 neque
1246 4014 1298 4067 in
1330 4012 1599 4083 baptismo
1644 4028 1821 4083 neque

210 4105 267 4157 in
297 4102 481 4175 aliqua
510 4102 848 4157 ordinatione
903 4119 1025 4157 mea
1084 4101 1306 4173 promisi
1363 4119 1447 4156 me
1478 4109 1821 4157 servaturum

209 4192 395 4264 legem
429 4192 513 4246 vel
543 4190 1001 4247 consuetudinem
1020 4193 1198 4262 patris
1230 4190 1418 4256 vestri,
1441 4200 1531 4245 aut
1552 4189 1821 4246 Laufran-

206 4282 257 4336 ci
287 4280 717 4350 archiepiscopi.
760 4280 854 4335 sed
886 4280 1066 4352 legem
1091 4280 1187 4334 Dei
1215 4289 1270 4334 et
1296 4280 1535 4334 omnium
1565 4280 1819 4334 ordinum

209 4385 348 4439 quos
377 4370 615 4439 suscepi.
668 4372 1006 4439 QuaprOpter
1034 4369 1078 4423 si
1110 4368 1270 4423 vultis
1319 4384 1406 4423 me
1447 4368 1524 4423 sic
1567 4384 1689 4422 esse
1720 4384 1822 4423 vo-

206 4460 419 4513 biscum
450 4467 510 4513 ut
536 4458 714 4529 posim
766 4458 952 4513 vivere
1002 4458 1302 4513 secundum
1326 4457 1504 4529 legem
1532 4457 1628 4512 Dei
1661 4463 1714 4512 et
1734 4473 1815 4512 or-
1845 4477 1898 4538 D

206 4548 393 4603 dinem
426 4564 632 4613 meum,
668 4555 721 4602 et
750 4547 795 4601 si
824 4564 910 4602 me
938 4547 1206 4602 revestitis
1239 4546 1537 4602 secundum
1571 4546 1816 4601 eamdem

204 4636 390 4707 legem
420 4636 525 4691 Dei
546 4636 616 4691 de
635 4635 887 4692 omnibus
906 4635 1070 4690 rebus
1100 4651 1235 4706 quas
1254 4635 1323 4689 de
1351 4635 1818 4706 archiepiscopatu

204 4741 336 4780 meo
368 4725 673 4795 accepistis,
719 4732 1008 4794 postquam
1053 4741 1083 4778 a
1128 4723 1285 4778 vobis
1316 4724 1561 4791 discessi,
1597 4739 1727 4793 quas
1752 4720 1816 4751 “'

207 4813 256 4868 si
279 4829 529 4887 praesens
558 4828 731 4869 essem
760 4828 873 4868 non
899 4812 1170 4869 deberetis
1190 4828 1277 4868 me
1298 4812 1513 4868 nolente
1545 4812 1812 4883 accipere,

1939 2022 2052 2069 stro
2085 2014 2227 2083 quod
2258 2015 2385 2068 mihi
2408 2016 2520 2083 jam
2554 2016 2637 2071 bis
2674 2019 2897 2087 fecistis,
2955 2024 3087 2078 nihil
3142 2026 3390 2100 intelligo
3422 2032 3528 2086 nisi

1939 2106 2247 2172 quamdam,
2279 2104 2322 2157 si
2353 2107 2527 2160 audeo
2558 2107 2755 2172 dicere,
2791 2126 2911 2178 quae
2961 2129 3061 2168 nec
3114 2117 3308 2172 animae
3338 2130 3528 2177 vestrae

1939 2208 2038 2247 nec
2068 2193 2326 2249 Ecclesiae
2358 2195 2453 2248 Dei
2484 2196 2721 2265 expedit,
2772 2199 3112 2258 dilationem.
3180 2207 3235 2260 Si
3291 2224 3426 2280 ergo
3457 2211 3525 2267 ad

1938 2280 2057 2336 ὴωο
2086 2283 2425 2351 respotidere
2455 2294 2647 2339 vestrae
2687 2288 2975 2343 voluntatis
3004 2294 3376 2351 certitudinem
3402 2298 3528 2354 diu-

1936 2369 2040 2423 tius
2069 2368 2311 2435 differtis,
2345 2387 2469 2442 ego,
2521 2376 2646 2444 quia
2677 2390 2831 2429 causa
2871 2394 2977 2432 non
3020 2390 3097 2433 est
3141 2399 3277 2450 mea,
3299 2388 3395 2440 sed
3426 2389 3525 2444 Dei

1936 2459 2069 2512 mihi
2100 2460 2169 2512 ab
2192 2461 2306 2528 ipso
2335 2462 2735 2527 commendata,
2760 2466 2923 2520 timeo
2955 2467 3047 2522 diu
3075 2470 3290 2527 differre
3318 2475 3524 2531 clamo-

1935 2565 2050 2603 rem
2090 2551 2155 2601 ad
2190 2550 2358 2603 Deum
2395 2552 2594 2605 facere.
2634 2552 2977 2624 Quapropter
3031 2574 3237 2628 precor,
3271 2564 3518 2633 obsecro,

1936 2654 2001 2691 ne
2035 2653 2122 2692 me
2148 2638 2356 2708 cogatis
2401 2639 2675 2693 dolentem
2720 2651 2771 2695 et
2820 2644 3048 2700 invitum
3106 2647 3523 2711 clamare:E.z:-

1936 2743 2118 2796 surge,
2152 2729 2316 2794 Deus,
2350 2729 2543 2793 iudica
2566 2746 2794 2785 causam
2817 2735 2974 2789 tuam
2997 2735 3170 2805 (Psat.
3196 2755 3382 2808 Lxxm,
3406 2745 3516 2813 '22),

1933 2820 2275 2885 omnipotens
2322 2817 2468 2871 Deus
2517 2818 2624 2873 cito
2682 2832 2957 2876 convertat
3009 2840 3104 2879 cor
3158 2841 3393 2884 vestrum
3450 2833 3523 2889 ad

1930 2905 2264 2960 voluntatem
2293 2922 2469 2970 suam,
2504 2916 2561 2961 ut
2603 2918 2722 2979 post
2748 2912 2810 2956 “0
2856 2912 2998 2969 hanc
3030 2914 3190 2971 vitam
3219 2918 3521 2978 introducat

1930 3019 2027 3059 vos
2054 3003 2109 3057 in
2138 3004 2373 3076 gloriam
2401 3022 2570 3060 suam.

2455 3140 2799 3198 EPISTOLA
2830 3145 3014 3201 XCVI.

2048 3270 2350 3311 MATHILDIS
2382 3270 2604 3311 REGlNiE
2634 3272 2938 3314 ANGLORUM
2967 3276 3041 3315 AD
3071 3277 3396 3325 ANSELHUM.

1927 3352 2233 3420 Quamtum
2253 3369 2316 3408 se
2339 3354 2590 3409 Anselmi
2617 3356 2828 3412 [illene
2847 3360 3238 3418 exhilararint
3262 3371 3519 3439 exponit.

1996 3470 2090 3525 Pie
2119 3471 2414 3526 recolendo
2447 3472 2609 3538 Patri,
2645 3480 2697 3527 et
2745 3473 2908 3543 digne
2953 3480 3252 3536 reverenda
3300 3482 3522 3543 domino

1928 3575 2046 3619 suo.
2079 3562 2357 3616 ANSBLIIO
2387 3562 2817 3632 archiepiscopo,
2853 3564 3188 3635 MATHILDIS,
3219 3570 3317 3626 Dei
3343 3576 3523 3646 gratia

1928 3649 2127 3720 regina
2156 3649 2452 3719 Anglorum
2500 3650 2724 3706 minima
2779 3653 3075 3711 sanctitatis
3130 3659 3247 3729 ejus
3302 3664 3517 3735 ancilla,

1929 3746 2249 3809 perpetuam
2281 3738 2332 3792 in
2361 3739 2574 3794 Christo
2608 3740 2858 3798 salutem.

1998 3827 2333 3882 lndesinenti
2368 3836 2561 3884 vestrm
2590 3828 2835 3897 bonitati,
2875 3849 3014 3902 quae,
3047 3838 3154 3893 mei
3181 3856 3289 3895 non
3320 3842 3519 3900 imme-

1928 3932 2065 3987 mor,
2095 3914 2158 3944 “7
2184 3916 2376 3971 litteris
2404 3918 2766 3987 praesentalis,
2801 3923 3044 3979 absentis
3073 3930 3239 3983 vestri
3270 3947 3519 4001 praesen-

1928 4007 2061 4060 tiam
2092 4006 2351 4061 exhibere
2378 4006 2604 4077 dignata
2624 4017 2727 4069 est,
2750 4010 2956 4080 gratias
2985 4015 3295 4073 innumeras
3315 4024 3517 4080 refero.

1928 4094 2177 4149 Tristitia
2208 4094 2407 4165 quippe
2440 4096 2650 4149 nebulis
2680 4098 2877 4165 quibus
2917 4101 3249 4160 obvolvebar
3276 4111 3520 4178 expulsis

1927 4180 2008 4249 ‘5‘,
2040 4185 2331 4239 verborum
2365 4193 2664 4238 vestrorum
2704 4202 2792 4240 me
2846 4188 3074 4260 rivulus,
3105 4203 3377 4263 tamquam
3409 4217 3520 4254 no-

1929 4289 2012 4327 va;
2060 4272 2193 4341 lucis
2250 4271 2453 4333 radius,
2516 4272 2875 4340 perlustravit.
2933 4279 3241 4337 Chai-talem
3300 4288 3519 4355 quidem

1934 4376 1966 4415 a
1995 4361 2151 4417 vobis
2182 4362 2400 4414 missam
2423 4359 2544 4415 loco
2577 4361 2751 4415 Patris
2807 4366 3124 4437 amplector,
3186 4373 3305 4428 sinu
3338 4376 3516 4447 loveo,

1931 4449 2083 4506 cordi
2114 4449 2290 4520 quoad
2322 4465 2559 4520 possum,
2617 4451 2837 4521 propius
2886 4456 3176 4524 admoveo,
3233 4464 3400 4520 verba
3450 4468 3525 4524 de

1930 4540 2073 4595 dulci
2101 4539 2359 4593 bonitatis
2395 4547 2591 4594 vestrae
2645 4536 2793 4595 fonte
2850 4548 3123 4601 manantia
3179 4565 3274 4606 ore
3303 4555 3515 4629 relego,

1927 4637 2110 4684 mente
2139 4631 2388 4692 retracto,
2431 4628 2601 4683 corde
2654 4631 2919 4701 recogito,
2979 4639 3281 4710 recogitata
3310 4643 3363 4698 in
3397 4646 3519 4716 ipso

1928 4718 2109 4775 cordis
2140 4733 2338 4772 arcano
2367 4732 2595 4786 repono.
2635 4718 2738 4773 Ubi
2781 4719 2944 4792 digne
2976 4724 3203 4783 laudatis
3244 4735 3516 4804 omnibus,

1924 4810 2028 4862 hoc
2056 4806 2230 4861 solum
2261 4807 2427 4861 miror
2453 4806 2599 4877 quod
2640 4807 2708 4862 de
2738 4821 2935 4880 nepote
2989 4824 3172 4873 vestro
3195 4824 3521 4882 excellentia

1527 4926 1760 4984 VARI/E
1798 4923 2207 4980 LECTIONES.

280 5026 491 5083 “Cum
537 5026 727 5083 eodem
776 5042 880 5081 ms.
932 5026 1162 5082 collata.

203 5098 565 5154 “'Subtrahet
613 5114 715 5153 ms.
774 5100 1055 5151 subtrahit.

205 5169 542 5242 mExpulsus
569 5185 675 5225 ms.
710 5170 966 5239 expulsis.

1265 5024 1378 5080 “'A
1411 5025 1569 5081 vobis
1598 5042 1731 5096 quas
1770 5040 1876 5079 ms.
1910 5039 1937 5078 a
1970 5022 2128 5096 vobis
2169 5019 2421 5096 discessi,
2451 5035 2607 5091 quas.

1145 5093 1277 5152 “‘Et
1324 5107 1445 5168 post
1499 5093 1714 5153 τηθίσι
1764 5104 1903 5167 post.

2691 5018 2939 5080 “‘Minus
2978 5035 3060 5083 est
3088 5047 3194 5086 ms.
3246 5036 3407 5093 nimis
3437 5048 3519 5098 est

2010 5089 2183 5147 “Mei
2230 5107 2356 5147 vero
2409 5089 2714 5150 immemor.
2759 5112 2872 5152 ms.
2930 5100 3036 5154 mei
3078 5118 3187 5158 non
3228 5089 3519 5169 immemor

1413 5238 1441 5294 ι
1448 5239 1643 5296 ΟΛΝΝ
1647 5239 1710 5296 IS
1772 5235 2054 5295 PICARDI
2094 5232 2320 5291 ΝΟΤᾸΞ.

205 5345 310 5402 est,
343 5338 508 5408 pleno
539 5352 795 5393 sermone
820 5335 1106 5393 describit.
1142 5360 1167 5387 ι»
1200 5335 1299 5393 Hic
1326 5344 1504 5393 autem
1538 5337 1804 5393 Gemme-

207 5412 428 5465 ticensis
460 5410 619 5464 locus
670 5424 867 5464 ansam
924 5411 1132 5479 praebet
1187 5411 1439 5463 monendi
1489 5410 1707 5464 lectoris
1737 5411 1807 5464 de

204 5497 394 5537 rerum
424 5481 731 5535 divinarum
782 5483 1254 5550 humanarumque.
1312 5482 1641 5551 cognitione,
1698 5497 1806 5551 qua

207 5552 466 5609 excelluit
492 5552 784 5613 Mathildts,
829 5568 1098 5623 quamque
1155 5559 1416 5607 testantur
1443 5553 1579 5606 satis
1608 5555 1729 5608 haec
1756 5559 1811 5608 et

207 5624 332 5681 alite
362 5623 615 5694 ejusdem
641 5623 712 5680 ad
738 5624 1063 5682 Anselmum
1081 5623 1344 5695 epistolae,
1368 5638 1439 5680 ne
1465 5623 1586 5695 quis
1612 5623 1809 5680 existi-

1918 5343 2023 5389 met
2055 5349 2156 5388 suo
2179 5333 2660 5408 tantnmscriptas
2691 5336 2936 5393 nomine.
2957 5337 3374 5404 Gemmeticensi
3404 5353 3517 5408 cal-

1914 5409 2093 5463 Culum
2126 5404 2314 5480 adjicit
2344 5405 2658 5460 Willelmus
2689 5409 3202 5480 Malmesberiensis,
3239 5421 3331 5475 lib.
3366 5440 3378 5476 ι

1920 5480 2097 5549 gestis
2129 5494 2243 5553 reg.
2279 5479 2588 5548 Anglorum
2626 5480 2676 5531 in
2733 5483 2870 5535 hanc
2920 5494 3241 5546 sententiam
3272 5510 3287 5547 :
3319 5495 3515 5553 litteris

1918 5566 2137 5623 quoque
2165 5549 2458 5606 lemineum
2486 5558 2688 5622 pectus
2712 5558 2970 5610 exercuit.
