4010 6064
420 206 521 259 I35

986 194 1045 250 S.
1076 189 1382 247 ANSELMI
1413 183 1762 244 CANTUAR.
1794 181 2114 239 ARCHIEP.
2147 182 2300 240 OPP.
2336 183 2508 240 PARS
2538 184 2632 240 IlI.
2662 212 2732 226 -
2760 182 3142 241 EPISTOLE.

3611 186 3717 243 136

410 332 607 380 vestrae
635 315 977 375 discretionis
1015 316 1255 373 inseruit.
1311 316 1432 369 Non
1465 311 1613 366 enim
1664 308 1794 362 mihi
1823 308 2009 378 judico
2038 311 2091 370 A
2122 310 2217 365 illo
2247 325 2355 365 non
2412 307 2688 376 avertatis,
2747 309 2856 364 imo
2912 325 3045 364 vero
3075 310 3186 379 (25)
3244 309 3383 380 apud
3412 309 3583 364 Deum
3615 325 3716 380 pro

412 414 711 486 quidquam
772 407 950 462 facere
1006 407 1163 461 aliter
1215 403 1440 469 vestris,
1473 400 1631 453 aliter
1659 399 1820 464 meis,
1854 398 2013 451 aliter

413 503 624 557 scilicet
652 498 788 553 meis
819 510 981 567 quam
1014 495 1149 548 meis
1176 509 1189 559 ;
1214 491 1379 548 vestri
1405 490 1606 561 quippe
1634 501 1842 555 genere
1868 492 2012 550 sunt,

416 591 526 645 mei
562 587 854 657 adOptione
896 591 950 638 et
977 582 1302 643 dilectione;
1346 587 1530 632 vestra
1570 590 1700 630 vero
1734 574 2016 644 scripturae

414 678 714 735 consolatio
755 672 1066 745 patientiam
1127 671 1258 723 milii
1315 665 1646 729 corroborat,
1705 680 1857 733 spem
1891 662 2017 718 facit

421 774 476 822 et
503 773 700 828 servat,
734 778 854 833 quas
883 760 1093 814 relevat
1123 774 1215 812 me
1235 758 1546 819 cadentem,
1577 753 1804 807 sustinet
1833 752 2019 806 laben-

412 864 542 919 tem,
592 849 824 906 lmtiﬁcat
853 848 1148 911 dolentem,
1198 846 1410 916 mitigat
1466 844 1794 897 irascentem
1827 848 2016 911 pacat-

420 960 525 1013 que
556 941 800 995 ﬂentem.
826 938 905 991 Ea
935 937 1063 989 mihi
1095 950 1331 1002 namque
1355 932 1671 1001 frequenter
1699 938 2018 999 secretoque

425 1029 716 1087 consulens
746 1025 975 1095 spondet
1007 1022 1131 1077 filia;
1163 1022 1403 1076 reditum
1457 1019 1645 1081 Patris,
1680 1017 1895 1071 ancillae
1921 1018 2020 1071 do-

420 1119 575 1183 mini,
609 1118 696 1173 ovi
728 1113 983 1185 pastoris.
1040 1112 1286 1182 Spondet
1316 1117 1495 1163 autem
1529 1107 1713 1161 itidem
1747 1104 2024 1160 conliden-

422 1208 491 1263 tia
523 1222 684 1279 quam
717 1205 769 1257 iu
802 1201 1137 1256 orationibus
1186 1199 1450 1253 bonorum
1510 1198 1792 1250 hominum
1826 1194 2019 1259 habeo,

422 1306 475 1353 et
505 1291 881 1351 benevolentia
912 1305 1074 1360 quam
1107 1305 1172 1343 ex
1203 1289 1370 1342 corde
1412 1285 1614 1339 domini
1648 1283 1755 1337 mei
1792 1282 2026 1337 solerter

423 1384 767 1453 investigatis
794 1374 855 1404 ⁴⁶⁹
887 1378 1186 1449 perpendo.
1221 1376 1313 1429 Est
1344 1374 1492 1428 enim
1524 1373 1603 1425 illi
1622 1388 1751 1443 erga
1782 1387 1880 1425 vos
1910 1371 2025 1424 ani—

427 1489 551 1528 mus
583 1468 939 1539 compositior
970 1482 1131 1536 quam
1178 1465 1423 1533 plerique
1454 1462 1703 1515 homines
1732 1461 2024 1535 aestiment,

429 1563 517 1631 qui
548 1559 615 1632 [f.
648 1558 785 1613 add.
826 1553 962 1626 Deo]
984 1561 1273 1617 annuente,
1299 1560 1349 1605 et
1373 1566 1459 1604 me
1482 1567 1585 1620 qua
1608 1558 1797 1618 potero
1827 1564 2026 1619 sugge-

2117 399 2237 469 ipso
2268 403 2320 453 et
2349 414 2458 462 me,
2491 406 2544 452 et
2572 397 2844 451 communi
2876 399 3083 464 sobole,
3115 409 3164 451 et
3198 398 3350 471 regni
3382 397 3544 453 nostri
3575 406 3715 453 statu

2117 487 2266 558 pium
2290 502 2384 541 vos
2415 486 2830 541 intercessorem
2861 483 2927 514 ‘"
2950 487 3279 543 exhibeatis.
3320 487 3505 543 Valeat
3534 495 3717 543 vestra

2122 591 2341 646 semper
2370 574 2652 630 sanctitas.

2568 662 2907 718 EPISTOLA
2948 663 3141 718 XCVII
3169 658 3254 720 ⁶⁶¹.

2396 767 2645 806 ANSELMI
2687 768 2762 806 AD
2801 768 3132 806 MATHILDEM
3164 766 3439 808 REGINAI.

2475 841 2764 895 Proximis
2795 841 3093 911 respondet
3127 842 3359 897 litteris.

2199 929 2449 983 Dominae
2489 928 2807 983 reverendae
2839 928 2960 983 tilia:
3009 929 3362 997 charissimae,
3415 931 3717 1000 ΜΑτιιιιυι,

2125 1017 2299 1089 gratia
2330 1018 2428 1070 Dei
2459 1017 2666 1087 reginae
2698 1018 3034 1087 Anglorum,
3068 1020 3393 1083 Amsauws,
3424 1018 3722 1089 archiepis-

2127 1122 2294 1176 copus
2325 1105 2743 1171 Cantuarieiisis,
2776 1104 2936 1159 ﬁdele
2980 1106 3277 1169 servitium,
3310 1112 3365 1161 et
3424 1107 3716 1176 orationes,

2129 1204 2180 1250 et
2205 1195 2642 1248 benedictionem
2675 1194 2796 1258 Dei,
2828 1203 2882 1248 et
2906 1210 3088 1264 suam,
3118 1194 3163 1248 si
3190 1195 3320 1263 quid
3340 1194 3507 1249 valet.

2202 1282 2416 1338 Gratias
2443 1298 2551 1353 ago
2585 1298 2853 1337 immensa
2881 1282 3187 1338 celsitudini
3243 1292 3455 1347 vestras,
3488 1283 3722 1340 amando

2130 1387 2250 1426 eam
2284 1380 2337 1424 et
2367 1372 2573 1425 orando
2605 1386 2707 1440 pio
2732 1386 2813 1437 ea,
2846 1386 2943 1440 pro
2998 1370 3359 1426 immensitate
3404 1380 3605 1427 sancta
3633 1372 3723 1426 di-

2130 1460 2377 1514 lectionis
2409 1468 2608 1513 vestrae
2638 1474 2771 1530 erga
2801 1460 3123 1528 parvitatem
3149 1476 3347 1524 meam,
3379 1476 3541 1529 quam
3570 1460 3723 1514 intel-

2131 1547 2237 1602 lexi
2262 1548 2315 1600 in
2357 1546 2549 1600 litteris
2604 1545 2817 1601 vestris.
2879 1548 2939 1599 In
2996 1547 3192 1617 quibus
3248 1549 3384 1602 satis
3440 1548 3723 1603 ostenditis

427 1658 602 1711 rente,
637 1646 793 1700 vobis
822 1643 913 1697 fiet
945 1641 1285 1697 commodior
1307 1647 1467 1709 atque
1486 1638 1826 1691 concordior.
1865 1635 2019 1703 Quod
2053 1664 2105 1724 B
2135 1644 2337 1706 quanto
2369 1650 2456 1688 me
2485 1632 2682 1689 ali'ectu
2729 1635 2995 1706 diligatis,
3055 1651 3179 1690 cum
3209 1636 3516 1691 chartulam
3548 1651 3725 1691 meam

426 1738 586 1796 vobis
619 1739 673 1788 in
708 1733 964 1804 piaesenti
997 1732 1065 1784 de
1097 1728 1402 1783 redditibus
1433 1726 1624 1779 vestris
1652 1723 1766 1778 fieri
1799 1725 2023 1795 permit-

430 1830 509 1893 tit,
545 1828 691 1879 idem
724 1830 776 1876 et
804 1820 996 1874 melius
1028 1818 1370 1887 ampliusque
1410 1815 1465 1868 in
1524 1814 1775 1879 futurum,
1810 1829 1932 1867 cum
1962 1828 2026 1865 ex

424 1933 485 1971 re
524 1923 576 1969 et
635 1920 879 1979 tempore
934 1906 1358 1978 pastulaveritis,
1417 1900 1534 1957 ﬁeri
1588 1902 1878 1971 permittet.
1925 1900 2028 1955 Ubi

434 2001 682 2077 quamvis
714 1999 946 2068 amplius
974 2010 1135 2064 quam
1164 2008 1378 2063 aequum
1397 1991 1631 2059 judicem
1660 1988 1835 2061 [/.ad.
1854 1987 2025 2060 decet]

428 2092 532 2147 sibi
563 2101 769 2152 teneat,
798 2102 896 2140 οπο
927 2092 1105 2138 tamen
1137 2089 1331 2137 vestrae
1348 2082 1574 2163 pietatis
1596 2078 1924 2132 afﬂuentiam
1949 2087 2024 2145 ut,

424 2180 646 2237 excluso
702 2173 1082 2231 amaiitudinis
1159 2173 1413 2224 humanae
1469 2181 1715 2230 rancore,
1752 2166 1841 2236 qui
1874 2165 2029 2220 vobis

423 2270 607 2326 inesse
627 2282 738 2323 non
772 2264 993 2327 assolet,
1022 2259 1329 2316 dilectionis
1358 2267 1554 2313 vestrae
1582 2255 1925 2310 dulcedinem
1959 2255 2028 2309 ab

2135 1726 2331 1792 taliter,
2378 1724 2520 1777 sicut
2577 1724 2869 1791 scripsistis
2965 1763 2981 1790 ,
3037 1724 3305 1794 suscipitis
3355 1734 3408 1780 et
3436 1726 3720 1781 tractatis:

2137 1812 2230 1866 ubi
2255 1821 2419 1866 etiam
2451 1812 2589 1868 adeo
2613 1828 2700 1867 me
2721 1812 2966 1883 dignatio
2985 1820 3170 1867 vestra
3209 1814 3482 1880 sublimat,
3505 1821 3561 1867 ut
3580 1814 3726 1883 quod

2135 1905 2327 1954 natura
2358 1900 2491 1954 mihi
2522 1907 2706 1971 negat,
2766 1900 2946 1969 gratia
3000 1909 3179 1954 vestra
3234 1902 3451 1969 tribuat,
3480 1918 3604 1957 cum
3633 1917 3729 1957 eos

2136 1990 2224 2058 qui
2255 1990 2361 2043 mei
2391 1997 2516 2043 sunt
2544 2004 2771 2060 genere,
2806 1997 3016 2043 vestros
3045 2005 3165 2044 esse
3194 1989 3484 2060 adaptione
3513 1997 3567 2045 et
3594 1991 3731 2045 dile-

2135 2079 2315 2133 ctione
2346 2081 2683 2148 pronuntiat.
2717 2076 2872 2145 Quod
2919 2078 3196 2133 desiderio
3225 2080 3432 2134 reditus
3461 2080 3568 2134 mei
3598 2079 3729 2134 niti-

2135 2168 2264 2221 mini
2295 2181 2392 2222 cor
2419 2166 2622 2219 domini
2682 2166 2789 2220 mei
2846 2167 2997 2237 regis
3045 2183 3182 2240 erga
3234 2168 3507 2240 mitigare,
3558 2167 3730 2222 facitis

2137 2255 2281 2325 quod
2313 2269 2411 2309 vos
2436 2255 2594 2310 decet
2621 2251 2683 2281 “’
2709 2263 2762 2310 et
2790 2254 2936 2324 quod
2963 2255 3042 2309 illi
3086 2256 3346 2326 expedire
3374 2256 3637 2329 intelligo.
3671 2256 3731 2312 Si

1725 2378 1951 2434 VARhE
1990 2378 2290 2434 LECTION
2297 2378 2407 2433 ES.

495 2513 917 2607 “’lnvestigavit
966 2527 1076 2565 ms.
1127 2509 1517 2607 I'in‘vestigz'gi'p‘s.l

426 2590 490 2621 ‘“
525 2592 661 2645 Cum
691 2579 883 2641 eodem
916 2598 1022 2637 ms.
1051 2583 1285 2636 collata.
1360 2579 1399 2607 “

432 2677 533 2719 vos
563 2661 742 2713 decet.

1601 2504 1819 2562 “’Statu
1895 2521 1994 2561 vos
2065 2508 2474 2561 intercessorem
2540 2520 2644 2559 ms.
2716 2512 2851 2559 statu
2924 2504 3070 2576 pium
3122 2521 3220 2560 vos
3289 2505 3726 2564 intercessorem.

1405 2578 1627 2633 ’Taliter
1680 2576 1968 2647 scripsistis
1997 2594 2101 2633 ms.
2158 2581 2352 2645 taliter,
2412 2580 2551 2631 sicut
2596 2574 2938 2648 scripsistis.
2999 2574 3228 2645 “'Quod
3261 2578 3414 2634 decet
3444 2595 3547 2635 ms.
3582 2580 3729 2651 quod

1631 2745 1923 2801 JOANNIS
1955 2745 2233 2800 PICARDI
2260 2743 2485 2799 ΝΟΤᾸΞ.

499 2881 613 2950 (25)
646 2876 803 2950 Apud
835 2877 1009 2929 Deum
1037 2887 1136 2950 pro
1169 2874 1310 2950 ipsa,
1340 2875 1397 2927 et
1417 2887 1525 2950 me,
1546 2871 2028 2950 etcpmmnpitso-
2060 2869 2109 2933 C
2146 2886 2377 2950 mo,_res
2403 2870 2455 2923 in
2486 2868 2936 2950 disceptationem
2968 2868 3136 2950 venit,
3180 2883 3302 2950 nec,
3350 2869 3451 2925 nisi
3481 2870 3733 2950 legitimis

438 2942 712 3018 bolepetc'.
754 2942 1070 3018 Communis
1100 2942 1205 3018 illaj
1226 2961 1267 2995 se
1290 2945 1447 3018 botes
1494 2942 1594 2995 fuit
1622 2942 1892 2995 Mathildis
1921 2943 2026 2994 lilia

432 3016 778 3093 cognominis
806 3020 968 3086 hujus
986 3016 1569 3093 Mathildisnnglorum
1588 3029 1790 3084 regium
1816 3029 2031 3093 suscep-

444 3085 590 3149 ta'ex
622 3085 889 3160 legitimo
916 3097 967 3139 et
996 3088 1201 3160 pudico
1246 3085 1653 3160 ilrnriciltoro,
1686 3099 1793 3137 non
1824 3092 2031 3160 incesto

432 3154 743 3222 οοηοιιῠῑιύ,
776 3168 832 3212 ut
863 3154 1145 3212 Matthteus
1173 3157 1340 3222 Paris,
1390 3154 1706 3225 Polydorus,
1739 3163 1793 3208 et
1821 3154 2028 3208 Arnol-

430 3238 535 3291 dus
569 3234 758 3287 Vuion.
790 3230 886 3284 lib.
920 3244 976 3282 iv
1016 3230 1174 3298 Ligni
1211 3229 1361 3288 Vitae,
1395 3236 1573 3295 capite
1604 3230 1670 3280 19
1700 3241 1793 3279 eos
1813 3234 2030 3279 secutus

432 3302 951 3376 imprudentissime,
982 3307 1228 3376 asserunt
1256 3315 1325 3376 ex
1356 3299 1564 3376 incerto
1596 3298 1916 3366 vulgarique
1950 3314 2032 3376 ru-

432 3368 713 3435 musculo;
746 3376 947 3428 nullum
998 3372 1137 3425 eniiii
1183 3370 1380 3423 habent
1422 3372 1792 3422 testimonium
1832 3368 2029 3421 certius

431 3464 592 3521 quam
623 3450 787 3521 verba
811 3446 1018 3521 {Aiunt
1047 3440 1309 3505 nonnulli,
1358 3441 1811 3521 perhibe_tit__etc.,
1844 3440 2027 3521 sicque

432 3509 579 3574 aiunt
614 3541 635 3565 α
665 3515 980 3570 Mathildem
1014 3523 1155 3566 inter
1202 3514 1499 3565 monachos
1551 3509 1943 3563 Wiltonienses
1977 3517 2031 3563 et

432 3591 819 3645 Rumesienses
874 3585 1146 3650 nutritam,
1223 3582 1529 3651 virginitate
1583 3582 1695 3649 jam
1754 3580 2022 3644 dedicata,

432 3670 679 3717 coactam
709 3666 761 3711 et
791 3662 1111 3726 agnatorum
1164 3653 1437 3721 precibus,
1490 3651 1890 3726 _et_novi_regis_
1916 3652 2023 3702 im-

434 3741 666 3802 portuno
697 3720 903 3787 amore,
938 3720 1207 3802 nupsisse,
1232 3732 1450 3802 tumque
1472 3720 1603 3773 diris
1620 3720 1830 3790 prolem
1856 3723 2024 3802 devo-

435 3792 603 3864 visse,
639 3800 681 3852 si
711 3814 874 3868 quam
908 3792 1089 3849 edeiet
1124 3795 1683 3868 ;_»accidi_sseque_.ex
1743 3792 2024 3868 genitricis

434 3883 561 3927 voto
591 3862 742 3942 quod
769 3868 1107 3942 Willelmum
1144 3864 1307 3942 tilium
1364 3865 1415 3942 in
1437 3862 1699 3942 _Anglia_r_n
1759 3862 2022 3916 transfre-

437 3935 642 3998 tantem
677 3956 830 3993 mare
868 3938 1233 4003 absorbuerit,
1263 3944 1315 3989 et
1343 3936 1541 3987 sinistri
1573 3935 1832 3987 bellorum
1865 3950 2024 3986 even-

437 4025 519 4094 tus
539 4012 835 4094 eripuerint
865 4010 1078 4094 Aqgliae
1102 4004 1598 4094 regiitivaatliil‘di
1618 4003 1755 4094 lina}
1785 4005 1855 4059 ab
1886 4006 2027 4094 Heu:

435 4087 547 4141 rico
579 4075 841 4138 relictum.
872 4102 893 4130 ι
928 4075 1190 4149 Egregia?
1228 4078 1467 4149 prol'ecto
1521 4075 1899 4149 divinationes,
1933 4083 2026 4149 aut

474 4157 613 4211 otius
644 4153 859 4222 ingenia
891 4147 1014 4205 recti
1044 4151 1225 4203 tlevia.
1258 4150 1366 4203 Sed
1398 4148 1467 4222 ad
1499 4163 1638 4222 rem.
1672 4147 1804 4222 Quis
1834 4147 2023 4222 credat

2140 2944 2363 2995 testibus
2393 2942 2670 3011 productis
2700 2940 2791 3011 qui
2817 2955 2934 2994 eam
2964 2941 3216 3009 jurarent
3245 2941 3362 2997 sine
3393 2940 3731 3011 professione

2140 3028 2302 3068 causa
2334 3028 2616 3083 procerum
2649 3014 2827 3065 velum
2860 3012 3126 3082 gessisse,
3160 3012 3602 3084 archiepisc0pus
3627 3016 3731 3068 ad-

2139 3084 2263 3138 duci
2311 3085 2483 3156 potiiit
2532 3084 2599 3156 ad
2655 3085 3137 3156 consentiendum.
3161 3105 3182 3130 υ
3232 3083 3335 3156 Sic
3386 3086 3476 3138 ille
3506 3083 3615 3156 qui
3662 3101 3731 3140 tie

2140 3155 2425 3209 verbulum
2458 3154 2675 3224 quidem
2707 3155 2865 3207 habet
2894 3154 3003 3207 voti
3033 3168 3062 3206 a
3118 3154 3374 3208 Mathilde
3404 3154 3606 3221 violati,
3635 3157 3732 3211 sed

2138 3242 2207 3279 ne
2267 3226 2489 3294 praestiti
2548 3225 2790 3294 quidem,
2846 3232 2936 3277 aut
2992 3233 3285 3279 exsecrata
3339 3227 3563 3291 sobolis,
3620 3228 3732 3282 imo

2139 3296 2438 3367 legitimum
2497 3296 2771 3369 appelavit
2821 3295 3168 3369 coniiubium,
3229 3304 3281 3349 et
3325 3297 3468 3365 pepli
3500 3299 3733 3369 virginei

2137 3368 2451 3438 aliquandiu
2482 3368 2933 3439 gestatiicausam
2963 3368 3218 3439 reddens,
3254 3382 3475 3439 gravem
3507 3368 3612 3423 non
3646 3368 3730 3424 fa-

2137 3454 2279 3492 mam
2312 3441 2651 3507 popularem.
2690 3437 2922 3491 l’lorent.
2970 3437 3370 3507 Wigornieiis.,
3403 3441 3731 3494 Guillelmus

2139 3509 2581 3571 Gemmeticens.,
2644 3509 2909 3561 Heniicus
2955 3508 3270 3575 Huntidon.,
3304 3513 3544 3579 aequales
3585 3511 3732 3565 Mal-

2136 3580 2493 3634 mesberiensi
2524 3595 2592 3633 ne
2620 3582 2689 3633 de
2720 3580 2932 3632 somnio
2962 3581 3177 3647 qundem
3211 3579 3368 3647 hujus
3401 3584 3596 3636 tabulae
3626 3598 3732 3636 me-

2129 3651 2360 3718 minere,
2391 3656 2480 3722 qui
2512 3651 2648 3722 alias
2682 3649 2748 3703 de
2782 3649 3055 3722 Mathildei
3094 3651 3330 3705 breviter
3353 3660 3437 3705 est
3469 3654 3728 3721 praeclare

2133 3722 2295 3776 locuti
2328 3721 2467 3775 sunt.
2504 3721 2676 3790 Ipsius
2735 3736 2951 3789 qqune
3007 3721 3279 3774 Matliildis
3336 3724 3724 3790 testimonium,

2136 3802 2203 3865 ut
2247 3809 2395 3865 suam
2459 3801 2812 3865 persequatur
2866 3791 3139 3865 injuriam,
3200 3802 3477 3862 praeterire
3532 3794 3728 3865 religio

2133 3863 2264 3916 milii
2296 3872 2406 3925 est;
2439 3863 2631 3931 poterit
2660 3864 2802 3915 enim
2843 3863 3022 3915 audiri
3054 3878 3162 3917 non
3189 3871 3244 3917 ut
3273 3865 3599 3927 accusatrix,
3633 3863 3732 3920 sed

2133 3941 2191 3988 ut
2222 3938 2388 4006 testis.
2423 3936 2511 3987 Ait
2541 3949 2670 4004 ergo
2700 3934 2913 4006 epistol.
2940 3938 3220 4006 55‘supra:
3260 3957 3283 3982 α
3322 3935 3487 4004 Cujus
3510 3940 3732 4006 (nempe

2132 4005 2403 4075 Anselmi)
2434 4022 2549 4057 sum
2583 4004 2963 4058 benedictione
3001 4004 3052 4057 in
3086 4005 3384 4075 legitimum
3444 4004 3731 4061 matrimo-

2133 4075 2281 4128 nium
2313 4084 2542 4137 sacrata,
2590 4076 2741 4144 cujus
2772 4076 3020 4143 precibus
3051 4075 3103 4128 in
3162 4076 3368 4130 ccelesti
3398 4077 3578 4143 gloria
3613 4079 3727 4134 Deo

2132 4155 2402 4200 annuente
2432 4146 2761 4201 coronanda.
2782 4169 2802 4192 υ
2841 4147 2953 4199 Nec
2986 4148 3182 4199 horum
3215 4147 3507 4201 veiborum
3529 4149 3728 4203 imme-

489 4271 500 4281 .
535 4218 868 4288 Anselinum,
913 4223 1085 4275 virum
1135 4222 1367 4274 Matthiet
1416 4218 1643 4279 Paridis,
1699 4218 1942 4288 Polydori
1976 4225 2026 4288 et
2054 4222 2104 4281 D
2136 4233 2255 4270 mor
2280 4218 2571 4271 Anselmus
2602 4219 2668 4270 ad
2693 4218 2934 4271 eamdem
2959 4218 3283 4288 rescribens,
3318 4220 3523 4288 inquit:
3562 4243 3585 4268 ιι
3611 4221 3729 4275 Me-

432 4298 664 4355 Vuionis
688 4287 892 4367 judicio
918 4292 1350 4367 integerrimum,
1400 4299 1506 4367 tam
1542 4287 1805 4367 nel‘andas
1834 4287 2021 4367 conci-

432 4370 598 4425 liasse
629 4360 885 4435 nuptias?
916 4360 1098 4432 Quare
1127 4363 1248 4435 idos
1280 4379 1346 4416 ne
1378 4360 1722 4435 piliquidem
1757 4361 1855 4412 hac
1885 4360 1937 4435 in
1967 4374 2026 4413 re

433 4441 595 4504 facio,
629 4428 739 4493 tum
772 4428 1025 4507 quodfut
1049 4434 1317 4508 diximus,
1353 4428 1415 4485 ex
1452 4430 1663 4508 plebeia
1695 4428 1857 4508 fama,
1883 4431 2025 4508 (qua:

431 4500 626 4567 crebro
656 4500 889 4563 mendax
918 4508 1018 4579 est)
1049 4505 1353 4579 lotiuantur,
1380 4510 1487 4554 tum
1512 4500 1759 4579 quodhic
1783 4501 2026 4579 quadra-

476 4585 616 4636 intos
646 4588 764 4651 post
792 4573 1132 4651 Anselmum,
1169 4575 1261 4651 ille
1286 4582 1501 4651 cen_tum
1522 4649 1527 4651 Α
1547 4580 1598 4624 et
1622 4573 1820 4649 .viginti
1851 4587 2026 4651 annos

476 4600 616 4636 lﬂlOS
646 4600 764 4651 ροδι
792 4600 1128 4637 Αηδειιιιυιιι,
1169 4600 1259 4627 litt:
1286 4600 1501 4627 υυιιιυιιι
1547 4600 1598 4624 ει
1622 4600 1820 4649 ,νιὸιυιι
1851 4600 2025 4651 αιιιιυδ

433 4600 671 4709 ᾕεηιπὶοο
704 4652 774 4704 lll
832 4664 961 4719 rege
1008 4645 1306 4714 scripserit.
1368 4643 1588 4721 Priestat
1620 4642 2025 4721 igiturjaudire

434 4727 735 4792 scriptores
774 4716 973 4792 rerum
1011 4727 1295 4792 gestarum
1354 4716 1709 4792 synchronus,
1769 4719 1823 4792 et
1852 4716 2025 4792 primo

433 4783 978 4849 Malmeshiiriensem
1010 4783 1475 4841 bibliothecarium
1504 4783 1687 4836 italib.
1714 4799 1744 4836 v
1777 4783 1852 4836 De
1885 4784 2022 4855 regi-

436 4867 539 4919 bus
573 4866 876 4934 Anglorum
904 4862 1245 4934 loquentem:
1285 4878 1304 4903 u
1326 4855 1625 4934 Nec‘multo
1648 4863 1765 4934 post
1784 4857 2022 4934 suaden-

436 4937 586 4991 tibus
613 4925 822 4995 amicis,
874 4948 936 4986 ac
976 4925 1225 4983 'maximc
1284 4925 1649 4996 pontiﬁcibus,
1705 4932 1760 4977 ut
1816 4932 2023 4979 remota

435 5009 707 5076 romptate
737 5000 1331 5076 pellicumdegitimum
1363 4997 1781 5076 amplecteretur
1807 5011 2018 5076 copim-

432 5064 602 5144 biurri,
636 5064 1189 5147 die'sancti_Mariini
1246 5064 1467 5147 accepit
1510 5066 1823 5146 Mathililem
1854 5064 2017 5147 filiam

430 5139 702 5204 Malcolini
734 5146 882 5217 regis
938 5143 1246 5217 Scotoium,
1305 5139 1462 5217 cujus
1491 5139 2017 5217 amorijampridem

431 5221 668 5274 animum
716 5209 1022 5283 impulerat,
1084 5212 1485 5283 pai-tipreiidens
1542 5209 1750 5283 dotales
1780 5209 2014 5283 divitia_s,

431 5290 726 5346 dummodo
765 5280 861 5340 diu
920 5280 1120 5352 cupitis
1175 5282 1453 5352 potiretur,
1489 5280 1843 5352 amplexibus.
1873 5302 1895 5327 ιι
1950 5280 2019 5335 Ει

431 5377 612 5417 rursus
640 5374 762 5428 pag.
798 5360 885 5418 92,
921 5350 1027 5428 fac.
1063 5350 1275 5428 2__et_‘.t3
1296 5368 1323 5428 ς.
1356 5373 1376 5428 ξι
1414 5351 1482 5428 [τι.
1510 5350 1774 5421 ignobiles
1804 5352 2019 5428 nuptias

433 5420 739 5501 respuere-tv
769 5427 1042 5501 (videlicet
1085 5422 1380 5489 Mathildis)
1434 5420 1716 5501 plusquam
1756 5424 1944 5501 semel
1989 5438 2019 5476 a

432 5492 583 5576 patre
631 5492 867 5576 ‘oblatas,
920 5497 1134 5567 peplum
1191 5504 1393 5548 sanctae
1448 5492 1801 5576 professionis
1847 5494 2018 5576 index

432 5564 694 5652 gestavit.
730 5564 1076 5643 Quapropter
1099 5581 1225 5623 cum
1248 5580 1348 5624 rex
1367 5565 1666 5637 susciperet
1692 5579 1813 5621 eam
1844 5564 2018 5621 thala-

2133 4303 2253 4341 mor
2280 4300 2361 4342 est
2388 4288 2626 4359 benigna
2657 4296 2840 4360 vestra
2860 4287 3105 4360 dignatio
3126 4289 3179 4341 in
3208 4287 3443 4358 epistola
3466 4306 3559 4345 sua
3583 4291 3730 4360 quod

2135 4375 2231 4432 per
2260 4375 2347 4413 me
2377 4360 2445 4412 sit
2474 4367 2667 4432 Vt’SU‘a_
2698 4359 2956 4432 celsitudo
2986 4360 3051 4432 in
3078 4359 3395 4432 coiijugium
3427 4361 3729 4432 legitimum

2135 4431 2490 4497 desponsata,
2524 4440 2574 4483 et
2606 4429 2670 4483 ad
2716 4429 2869 4500 regni
2917 4429 3296 4485 sublimitatem
3348 4447 3432 4486 me
3477 4429 3729 4489 sacrante

2132 4509 2474 4555 coronata.»
2546 4500 2636 4555 Sic
2698 4500 2984 4554 Anselmus
3047 4500 3202 4570 cujus
3263 4504 3449 4557 verbis
3506 4504 3550 4558 si
3617 4520 3730 4559 non

2133 4578 2389 4651 accredat
2418 4571 2558 4643 quis,
2594 4571 2982 4641 impudentiam
3029 4572 3203 4643 ipsam
3239 4573 3389 4627 illum
3415 4574 3541 4644 jure
3571 4577 3730 4632 voci-

2132 4649 2289 4696 taris.

2201 4712 2306 4787 Sed
2340 4727 2440 4787 nec
2478 4712 2531 4765 in
2583 4711 2823 4787 animum
2880 4711 3153 4787 inducere
3191 4728 3413 4787 possum
3447 4714 3725 4787 virginem

2130 4784 2528 4837 sanctissimam
2560 4791 2612 4837 et
2640 4783 2930 4854 singularis
2973 4783 3269 4853 pudicitiae,
3304 4791 3349 4839 si
3380 4793 3508 4841 voto
3536 4783 3728 4845 luisset

2130 4854 2408 4915 obstricta,
2461 4865 2571 4908 tam
2635 4854 2863 4907 nefando
2920 4869 3309 4909 consensuram
3342 4859 3716 4915 matrimonio.

2127 4925 2244 4977 Jam
2270 4940 2395 4978 vero
2426 4926 2520 4999 qui
2549 4925 2731 4978 credat
2766 4940 2900 4999 eam
2945 4925 3087 4999 male
3134 4927 3493 4999 imprecatum
3527 4932 3722 4999 soboli,

2129 5010 2248 5078 cum
2284 4993 2525 5121 Apsel‘mi
2549 5011 2738 5066 preces
2770 4995 2850 5049 his
2868 4995 3062 5050 litteris
3092 4993 3393 5068 eﬂlagitent
3420 5015 3519 5068 pro
3548 4993 3723 5058 saluto

2129 5082 2299 5121 ipsius

2128 5082 2232 5120 lDSl
2242 5084 2299 5120 US

2388 5137 2605 5209 tandem
2643 5136 2792 5192 Paris
2839 5145 2890 5193 et
2932 5136 3233 5209 Polydorus
3284 5137 3599 5209 opinantur,
3647 5141 3719 5197 ad

2127 5223 2244 5261 rem
2278 5224 2431 5261 suam
2457 5208 2636 5263 facere
2682 5208 2942 5263 Witlelmi
2975 5208 3249 5263 Mathildis
3279 5208 3372 5263 lilii
3402 5214 3600 5266 exitum
3634 5214 3722 5267 in-

2128 5279 2361 5343 felicem,
2412 5289 2464 5332 et
2520 5281 2773 5350 Angliam
2829 5280 3070 5334 Mathildi
3130 5280 3254 5335 lilia:
3308 5292 3545 5351 ereptam
3582 5285 3718 5339 nihil

2126 5365 2323 5417 moror,
2355 5366 2477 5404 cum
2510 5368 2594 5418 ea,
2625 5352 2820 5422 quiuus
2849 5351 3083 5405 maxime
3130 5351 3523 5420 incumberent,
3554 5370 3717 5410 ever-

2125 5423 2298 5484 terim,
2341 5431 2623 5477 contentus
2653 5422 2928 5477 Mathildis
2972 5424 3340 5479 innocentiam
3386 5423 3442 5479 in
3488 5426 3716 5486 transitu

2122 5508 2512 5565 prOpugnasse.
