4010 6064
211 258 318 309 137

1554 252 1692 306 LIB.
1732 253 1825 320 Ill,
1869 254 2083 310 EPIST.
2126 255 2187 309 C.

3423 262 3526 317 138

207 377 358 432 enim
388 391 522 449 erga
550 392 638 432 me
663 376 905 450 aliquam
955 378 1136 435 cordis
1185 377 1598 433 amaritudinem
1629 379 1813 445 habet,
1844 380 1901 440 A
1931 387 2015 434 est
2055 392 2294 449 summa,
2325 378 2596 447 videlicet,
2636 388 2813 437 utrum
2869 384 2936 438 de
2975 383 3195 440 castello
3253 385 3400 457 quod
3448 386 3517 441 de

210 466 403 521 nescio
435 482 521 520 me
551 483 790 537 unquam
815 468 914 522 hoc
941 467 1124 540 aliquo
1155 467 1344 532 modo,
1365 475 1625 539 quantum
1657 467 1710 521 in
1733 483 1819 522 me

219 563 330 621 est,
363 555 654 610 meruisse.
691 557 760 610 Et
790 556 832 609 si
860 556 1153 627 aliquando
1182 557 1257 610 illi
1287 556 1506 622 servivi,
1548 556 1667 627 ipse
1696 556 1818 625 scit,

213 652 266 698 et
303 651 436 715 puto
464 643 590 714 quia
619 659 728 699 non
761 644 934 698 tradet
961 644 1245 701 oblivioni.
1273 644 1328 698 Si
1357 660 1490 716 ergo
1510 660 1595 700 me
1615 644 1822 716 aliqua-

209 741 379 788 tenus
411 731 527 788 odit
558 731 681 788 sine
712 748 892 803 causa,
923 733 1145 804 expedit
1175 733 1252 788 illi
1285 741 1339 788 ut
1368 735 1510 788 hunc
1539 749 1568 788 a
1598 749 1654 788 se
1685 748 1820 787 ran-

209 837 401 876 corem
459 820 714 891 expellat,
772 837 840 876 ne
889 829 1085 892 peccet
1139 837 1322 878 coram
1380 823 1516 877 Deo.
1555 821 1824 878 Promittis

215 909 357 964 mihi
388 908 532 981 quod
564 909 634 964 de
663 909 962 964 redditibus
990 910 1213 977 nostris,
1246 910 1314 965 de
1342 910 1540 982 quibus
1570 911 1823 980 aliquan-

217 1002 339 1052 tum
391 997 524 1051 mihi
573 997 838 1066 permittit
884 998 1108 1064 habere,
1159 998 1354 1054 melius
1388 1007 1443 1054 et
1486 998 1717 1069 amplius
1768 999 1825 1053 in

215 1086 470 1140 futurum
502 1086 816 1156 permittet;
862 1086 1005 1141 unde
1046 1086 1436 1142 benevolentia:
1481 1095 1678 1143 vestrae
1715 1102 1826 1142 non

223 1175 408 1229 debeo
432 1190 551 1229 esse
569 1173 831 1245 ingratus,
848 1175 998 1247 quia,
1016 1183 1291 1244 quamtum
1312 1175 1366 1230 in
1388 1175 1542 1231 vobis
1561 1184 1661 1244 est,
1683 1175 1826 1231 bona

229 1263 516 1317 voluntate
546 1263 647 1318 hoc
681 1263 878 1319 facitis.
913 1263 1020 1318 Sed
1050 1279 1157 1319 non
1190 1264 1414 1319 deberet
1441 1280 1564 1320 esse
1605 1279 1741 1335 Opus
1769 1273 1827 1319 ut

229 1352 352 1406 haec
391 1351 522 1405 mihi
553 1349 705 1405 ﬁeret
749 1351 1066 1421 promissio,
1105 1353 1233 1424 quia
1259 1360 1448 1408 contra
1495 1352 1825 1408 voluntatem

227 1455 424 1495 meam
459 1439 601 1494 nulla
632 1440 794 1496 debet
840 1440 974 1494 mihi
1003 1441 1070 1496 de
1116 1441 1223 1495 illis
1253 1441 1371 1497 fieri
1400 1442 1694 1512 prohibitio
1737 1449 1830 1496 aut

227 1527 546 1584 diminutio.
593 1529 663 1582 Et
691 1528 780 1599 qui
827 1529 904 1584 illi
942 1530 1182 1584 consulit
1218 1539 1277 1584 ut
1315 1530 1518 1602 aliquid
1558 1530 1683 1586 inde
1725 1529 1828 1585 sibi

228 1624 500 1684 assumat,
533 1632 641 1672 non
672 1617 790 1672 leve
831 1626 1144 1688 peccatum,
1173 1635 1352 1689 neque
1396 1617 1502 1674 tale
1532 1619 1676 1690 quod
1719 1635 1829 1674 un-

1927 468 2121 523 comite
2151 468 2390 523 Roberto
2419 469 2632 535 tenetis,
2665 472 2879 540 possitis
2901 472 3054 528 fratri
3083 475 3200 542 ejus
3223 474 3344 546 regi
3370 475 3520 529 Hen-

1927 557 2042 612 rico
2083 563 2273 611 contra
2329 557 2584 612 eumdem
2633 562 2885 615 comitem
2938 561 3242 626 deservire,
3299 567 3522 633 propter

1928 641 2217 710 injustitias
2248 657 2387 713 quas
2419 641 2572 697 idem
2605 658 2790 700 comes
2819 645 2977 700 vobis
3009 646 3156 714 facit,
3193 645 3334 702 sicut
3360 663 3525 702 man~

1929 729 2120 784 dastis.
2153 728 2311 798 Quod
2342 746 2684 801 nequaquam
2717 749 2902 788 coram
2933 735 3049 790 Deo
3079 743 3132 790 et
3161 750 3346 790 coram
3371 735 3527 804 justis

1931 817 2242 872 hominibus
2260 817 2402 872 licita
2417 817 2530 873 ﬁeri
2555 836 2715 890 posse
2735 821 3114 895 intelligimus.
3128 825 3292 890 Nam,
3309 823 3525 879 etiamsi

1931 921 2030 960 vos
2059 906 2127 960 de
2142 907 2246 961 hoc
2273 906 2525 974 absolvit,
2546 909 2686 978 quod
2710 909 2785 964 illi
2809 910 3053 966 debeatis
3079 927 3178 982 per
3201 911 3523 981 hominium,

1933 1002 2024 1048 aut
2051 1011 2150 1066 per
2179 993 2341 1051 ﬁdem
2367 1001 2429 1031 ‘°'
2458 998 2806 1067 promissam,
2839 999 2953 1054 sive
2984 1016 3080 1071 per
3104 1000 3338 1072 aliquam
3371 1015 3528 1056 com-

1932 1099 2152 1138 munem
2182 1084 2620 1156 conventionem,
2653 1103 2763 1142 non
2795 1103 2894 1143 vos
2943 1089 3118 1158 potuit
3146 1089 3428 1145 absolvere
3459 1089 3528 1144 de

1933 1171 2037 1226 hoc
2067 1171 2211 1242 quod
2244 1173 2358 1228 Deo
2389 1180 2441 1227 et
2470 1175 2722 1244 proximo
2749 1183 2967 1247 propter
2995 1177 3172 1232 Deum
3203 1177 3414 1232 debetis
3431 1193 3529 1248 per

1937 1259 2296 1315 Christianam
2353 1261 2696 1333 religionem.
2776 1262 3122 1335 Quapropter
3177 1265 3530 1338 intelligimus

1937 1348 2060 1420 quia
2089 1364 2196 1404 non
2227 1349 2437 1405 debetis
2468 1351 2757 1421 praefatum
2789 1353 3043 1408 comitem
3074 1353 3139 1408 de
3159 1353 3265 1408 hoc
3295 1353 3439 1423 quod
3460 1353 3530 1409 de

1935 1437 2029 1493 illo
2060 1438 2268 1493 habetis
2298 1439 2646 1496 exhaeredare
2677 1449 2728 1494 et
2756 1441 3122 1498 haereditatem
3155 1443 3278 1513 ejus
3307 1442 3532 1498 inimico

1935 1541 2034 1582 suo
2065 1527 2296 1583 tradere.
2327 1529 2388 1582 In
2421 1529 2522 1584 hoc
2555 1545 2772 1602 quoque
2803 1547 2901 1586 vos
2935 1531 3162 1586 multum
3194 1538 3404 1602 opertet
3442 1531 3532 1586 in-

1934 1615 2158 1672 tendere
2192 1616 2336 1688 quod
2367 1617 2606 1672 nondum
2653 1627 2836 1674 vestra
2881 1618 3097 1675 dilectio
3133 1619 3369 1691 suscepit
3410 1620 3533 1690 epi-

229 1721 400 1778 quam
434 1705 651 1761 tolerari
682 1705 896 1772 debeat,
928 1707 1005 1761 illi
1035 1708 1291 1763 consulit.
1323 1707 1427 1775 Qui
1457 1708 1598 1762 enim
1622 1708 1830 1778 cpisco-
1861 1737 1914 1796 B
1945 1705 2097 1774 560pi
2119 1706 2670 1773 consecrationem,et
2690 1707 2735 1762 si
2757 1709 2858 1763 hoc
2882 1707 3136 1764 faceretis
3161 1708 3306 1780 quod
3325 1725 3356 1762 a
3378 1708 3535 1764 vobis

231 1811 369 1866 pum
400 1794 517 1850 suis
547 1795 710 1849 rebus
737 1795 814 1850 ita
843 1795 1060 1866 spoliat,
1094 1796 1242 1851 nullo
1281 1795 1444 1852 modo
1491 1797 1836 1853 reconciliari

233 1883 358 1938 Deo
386 1882 602 1954 poterit,
641 1882 743 1937 nisi
772 1883 848 1937 illi
880 1884 1091 1955 integre
1124 1885 1312 1939 omnia
1343 1899 1444 1940 sua
1481 1885 1741 1942 restituat.
1772 1887 1842 1941 Et

240 1971 443 2026 scitote
473 1971 600 2042 quia
626 1974 962 2027 tantumdem
994 1981 1076 2028 est
1106 1973 1243 2028 mihi
1290 1973 1360 2028 de
1391 1972 1632 2043 qualibet
1677 1989 1839 2044 parva

229 2068 393 2132 parte
425 2065 685 2132 quantum
719 2061 764 2114 si
791 2061 858 2116 de
891 2069 1001 2116 toto
1032 2063 1294 2132 spoliatus
1327 2063 1504 2116 fuero.
1542 2063 1664 2117 Non
1693 2063 1838 2118 enim

229 2151 340 2205 hoc
372 2149 493 2204 dico
538 2164 728 2205 amore
771 2150 1034 2221 pecuniae,
1067 2151 1162 2205 sed
1208 2167 1394 2206 amore
1442 2151 1541 2206 Dei
1582 2151 1829 2221 justitiae.

231 2234 373 2290 Orat
401 2242 581 2289 vestra
613 2234 920 2307 benignitas
950 2242 1008 2289 ut
1036 2235 1384 2291 dilectionem
1420 2251 1604 2290 meam
1642 2250 1676 2289 a
1706 2251 1840 2308 rege

231 2339 346 2378 non
396 2331 663 2390 avertam,
696 2323 792 2379 sed
848 2340 948 2394 pro
996 2323 1112 2390 illo,
1146 2333 1198 2380 et
1243 2340 1342 2396 pro
1388 2324 1562 2390 vobis,
1595 2333 1646 2379 et
1685 2325 1838 2396 prole

230 2421 442 2482 vestro,
470 2421 524 2468 et
554 2428 724 2485 regna
754 2413 919 2468 vestri
949 2421 1088 2468 statu
1126 2413 1485 2470 intercedam.
1521 2413 1679 2482 Quod
1728 2414 1838 2468 uti-

233 2517 343 2571 que
372 2501 642 2557 hactenus
670 2503 811 2571 feci;
843 2503 910 2558 de
956 2503 1135 2558 futuro
1179 2512 1381 2569 autem,
1415 2502 1514 2558 Dei
1555 2518 1642 2559 me
1683 2518 1836 2558 com-

231 2590 393 2645 mitto
423 2590 787 2662 dispositioni,
821 2592 961 2662 apud
994 2608 1156 2664 quem
1188 2591 1327 2646 filius
1371 2608 1479 2647 non
1519 2599 1696 2663 portat
1723 2591 1835 2646 ini-

233 2680 498 2751 quitatem
527 2681 838 2750 patris,nec
853 2696 999 2735 uxor
1016 2681 1144 2736 viri.
1183 2681 1252 2735 Et
1285 2681 1514 2752 speroin
1545 2681 1678 2746 Deo,
1713 2681 1838 2752 quia

227 2767 445 2823 nullum
493 2769 677 2824 cordis
725 2785 1007 2826 rancorem
1056 2770 1230 2825 habeo
1287 2771 1552 2825 adversus
1599 2770 1834 2841 aliquem

227 2856 379 2911 unde
410 2873 626 2913 mecum
658 2875 767 2914 non
797 2859 1029 2914 habeam
1061 2861 1268 2914 Deum.
1311 2858 1669 2929 Omnipotens
1690 2859 1836 2914 Deus

228 2959 334 2999 vos
367 2952 418 3000 et
448 2946 660 3017 prolem
690 2955 927 3004 vestram
961 2963 1182 3019 semper
1209 2949 1266 3002 in
1298 2963 1393 3002 sua
1440 2947 1617 3019 gratia
1646 2955 1832 3003 custo-

223 3031 360 3088 diat.

576 3145 742 3214 403
778 3143 1117 3201 EPISTOLA
1147 3143 1366 3200 XCVIII
1389 3141 1478 3198 εει.

226 3264 477 3304 ANSELII
510 3266 581 3305 ΑΙ)
612 3269 966 3310 ουιιιεωιωί
1005 3269 1310 3308 EPISCOPUM
1351 3265 1827 3307 “'ENTONIENSEM.

227 3336 389 3401 Quod
419 3356 534 3396 non
557 3345 734 3413 possit
766 3358 966 3398 nocere
996 3343 1324 3397 adversario
1353 3341 1550 3398 comiti
1580 3341 1642 3398 ob
1672 3341 1834 3406 iniu-

685 3415 802 3469 rias
833 3414 900 3468 ab
935 3415 1125 3468 eodem
1158 3413 1378 3468 illatas.

300 3505 632 3570 Axsswus,
668 3502 1110 3574 arcliiepiscOpus
1139 3500 1472 3568 Cantuarim,
1500 3502 1830 3556 GUILLELMO

222 3595 429 3651 dilecto
477 3592 727 3648 dilectori
773 3607 892 3660 suo,
943 3591 1118 3646 electo
1175 3591 1430 3661 episcopo
1486 3591 1827 3656 Wentoniae,

222 3684 460 3738 salutem
491 3690 542 3737 et
570 3680 1009 3736 benedictionem
1041 3680 1144 3733 Dei
1171 3678 1252 3745 ⁸⁸⁵,
1289 3686 1338 3734 et
1370 3694 1545 3746 suam,
1566 3687 1826 3749 quantum

221 3773 393 3838 valet,
426 3779 590 3844 atque
619 3769 803 3826 divino
847 3784 1062 3839 semper
1090 3769 1205 3839 regi
1245 3765 1479 3823 consilio
1518 3776 1571 3822 et
1611 3767 1827 3838 protegi

221 3860 459 3915 auxilio.

295 3948 536 4003 Nuntius
567 3955 753 4003 vester
781 3961 1011 4003 causam
1056 3953 1314 4011 vestram,
1341 3960 1438 4016 pro
1485 3959 1592 4017 qua
1630 3944 1698 4000 ad
1729 3959 1828 3999 nos

218 4038 430 4093 missus
454 4039 558 4102 est,
575 4036 874 4092 reverendo
905 4034 1131 4090 domino
1155 4043 1205 4090 et
1228 4035 1371 4088 Patri
1403 4042 1588 4089 nostro
1609 4033 1828 4106 Hugoni

219 4125 578 4198 Lugdunensi
610 4124 1039 4195 archiepiscopo,
1074 4132 1124 4177 et
1145 4123 1273 4177 mihi
1303 4122 1484 4188 simul,
1511 4123 1648 4177 sicut
1678 4139 1826 4192 pree-

220 4214 472 4285 cepistis,
504 4215 725 4279 retulit;
759 4222 812 4268 et
859 4229 963 4284 ego
1007 4213 1183 4267 eidem
1213 4212 1360 4266 Patri
1407 4219 1592 4266 nostro
1624 4210 1826 4264 litteras

221 4319 362 4374 quas
408 4302 543 4357 mihi
586 4301 837 4368 misistis,
889 4300 1122 4356 ostendi.
1176 4303 1302 4371 Ipso
1349 4299 1530 4369 itaque
1568 4297 1822 4368 jubente,

225 4408 329 4463 pro
364 4391 462 4445 illo
494 4398 546 4447 et
575 4407 671 4462 pro
702 4406 788 4445 me
815 4389 866 4443 in
899 4389 1018 4443 istis
1040 4387 1236 4443 litteris
1268 4387 1594 4459 respondeo.
1628 4387 1823 4457 Utique

223 4458 535 4553 gaudemus
566 4458 617 4536 et
647 4479 854 4553 gratias
885 4478 1100 4550 agimus
1121 4478 1234 4532 Deo
1263 4458 1372 4547 pro
1392 4485 1572 4532 vestra
1600 4475 1654 4529 in
1687 4476 1824 4530 veri-
1853 4458 1904 4519 D

223 4579 334 4624 tate
364 4568 686 4634 constantia,
720 4575 771 4623 et
803 4567 933 4638 quia
963 4581 1070 4620 non
1104 4565 1347 4637 qumritis
1378 4565 1686 4630 consilium,
1717 4564 1821 4619 nisi

221 4657 374 4729 quod
402 4659 518 4712 Deo
549 4657 760 4728 placeat
787 4654 846 4683 ⁸⁸⁸
879 4665 931 4710 et
960 4657 1299 4710 honestatem
1329 4658 1567 4708 vestram
1598 4661 1649 4707 et
1678 4653 1823 4708 ordi-

218 4763 374 4815 nem,
407 4747 474 4800 ad
505 4762 664 4817 quem
699 4743 855 4800 electi
881 4743 1029 4810 estis,
1062 4743 1270 4800 deceat.
1305 4743 1437 4799 Rem
1478 4751 1662 4812 totam,
1684 4742 1823 4796 sicut

218 4836 366 4892 idem
401 4835 619 4890 nuntius
650 4833 803 4889 vobis
835 4833 1096 4898 narravit,
1129 4841 1327 4904 quanto
1366 4831 1685 4903 diligentius
1717 4845 1818 4902 po-

222 4926 446 4990 tuimus,
478 4923 734 4979 adhibitis
784 4923 903 4976 aliis
941 4921 1299 4993 prudentibus
1347 4928 1398 4974 et
1437 4919 1710 4992 religiosis
1755 4917 1819 4947 ⁸⁸⁷

217 5014 374 5079 viris,
391 5012 866 5084 pertractavimus,
886 5019 937 5066 et
957 5009 1238 5066 consilium
1258 5009 1403 5080 quod
1424 5008 1618 5080 petitis,
1643 5010 1816 5064 Deum

213 5101 544 5158 invocantes
565 5109 620 5156 ut
640 5116 739 5156 nos
759 5100 1034 5172 dirigeret,
1053 5097 1307 5154 concordi
1329 5114 1488 5152 sensu
1511 5097 1818 5154 considera-

197 5191 414 5249 'vimus.
445 5190 614 5262 Cujus
641 5189 872 5259 consilii,
905 5189 961 5244 in
991 5195 1250 5260 quantum
1280 5185 1664 5256 intelleximus,
1700 5188 1817 5242 haec

1946 1809 2046 1848 rex
2077 1793 2264 1866 exigit,
2307 1793 2488 1849 nullus
2517 1803 2701 1866 posset
2743 1796 3088 1869 exstinguere
3139 1797 3534 1853 exsecrabilem

1946 1881 2174 1950 famam,
2207 1881 2334 1952 quia
2363 1884 2464 1936 hoc
2495 1881 2693 1937 factum
2723 1892 2866 1939 esset
2917 1892 3138 1955 propter
3166 1884 3536 1956 episcopatus,

1946 1985 2105 2041 quem
2130 1971 2360 2040 perdere
2386 1972 2659 2038 timeretis,
2686 1973 3136 2044 redemptionem.
3168 1972 3538 2042 Quamobrem

1946 2058 2203 2130 quoniam
2236 2059 2584 2131 providemus
2613 2059 2755 2117 bona
2798 2077 2908 2116 non
2938 2069 3139 2116 tantum
3171 2077 3356 2117 coram
3398 2063 3536 2130 Deo,

1945 2147 2040 2201 sed
2082 2148 2240 2202 etiam
2283 2164 2466 2204 coram
2514 2149 2845 2220 hominibus,
2895 2158 3109 2206 avertat
3151 2151 3299 2206 Deus
3348 2152 3452 2207 hoc
3507 2167 3539 2206 a

1945 2236 2119 2302 vobis,
2153 2252 2330 2308 neque
2354 2254 2590 2308 unquam
2622 2239 2903 2309 permittat
2933 2242 3042 2294 tam
3088 2255 3318 2310 pravum
3350 2256 3542 2295 exem-

1944 2325 2090 2396 plum
2109 2324 2221 2379 ulla
2242 2326 2495 2396 Opinione
2520 2326 2672 2382 exire
2690 2327 2758 2382 de
2781 2327 2957 2383 vobis.
2973 2327 3130 2396 Quod
3160 2334 3337 2382 autem
3357 2343 3391 2383 a
3406 2344 3542 2401 rege

1944 2412 2261 2484 praedictum
2290 2414 2596 2481 castellum,
2631 2415 2774 2471 sicut
2803 2415 2965 2471 homo
2996 2415 3114 2485 ejus
3161 2418 3346 2482 eratis,
3379 2433 3541 2474 acce-

1945 2501 2123 2572 pistis,
2157 2501 2304 2557 nullo
2331 2502 2495 2558 modo
2525 2503 2904 2574 cognoscimus
2935 2520 3034 2559 vos
3064 2504 3131 2559 ad
3172 2505 3279 2559 hoc
3310 2504 3542 2577 astringi

1942 2596 2000 2644 ut
2030 2605 2152 2644 eum
2183 2589 2377 2645 eodem
2407 2589 2632 2646 castello
2662 2599 2848 2647 contra
2877 2591 3131 2648 comitem
3152 2593 3228 2646 uti
3254 2593 3542 2662 permitta-

1944 2676 2037 2744 tis,
2071 2678 2119 2731 si
2161 2677 2210 2732 ei
2258 2677 2554 2732 hominium
2593 2693 2698 2733 non
2739 2679 2844 2733 nisi
2883 2679 3035 2734 salvo
3079 2679 3272 2735 ordine
3313 2679 3540 2736 fecistis.

1947 2766 2208 2836 Denique,
2257 2766 2397 2822 sicut
2451 2767 2630 2822 nullus
2685 2767 2847 2822 homo
2883 2767 3086 2839 aliquid
3125 2777 3316 2824 contra
3363 2770 3540 2824 Deum

1943 2854 2106 2910 debet
2144 2855 2482 2926 promittere,
2516 2856 2593 2910 ita
2645 2857 2972 2927 promissum
3018 2857 3327 2913 nullatenus
3380 2857 3544 2914 debet

1944 2942 2222 3014 perficere,
2256 2959 2358 3000 nec
2387 2943 2583 3015 aliquis
2615 2946 2716 3000 hoc
2737 2953 2882 3001 recte
2904 2953 3079 3016 potest
3108 2945 3348 3018 exigere.
3373 2945 3542 3015 Quae-

1944 3032 2070 3087 dam
2100 3032 2207 3087 alia
2236 3049 2334 3103 per
2375 3033 2535 3088 istum
2569 3035 2812 3088 nuntium
2853 3035 2980 3089 viva
3020 3035 3176 3090 vobis
3221 3051 3356 3092 voce
3387 3035 3540 3090 refe-

1862 3101 2107 3176 Crenda
2158 3101 2500 3179 mandamus.
2553 3123 2758 3178 Salutat
2797 3139 2897 3179 vos
2943 3123 3236 3195 praedictus
3289 3124 3542 3180 dominus

1939 3218 1992 3265 et
2022 3212 2180 3266 Pater
2210 3219 2411 3278 noster,
2435 3211 2575 3266 sicut
2605 3211 2815 3268 amicus
2847 3213 3104 3268 amicum.
3136 3212 3294 3268 Vale.

2457 3318 2792 3374 EPISTOLA
2827 3320 3005 3375 XCIX
3018 3363 3030 3376 .

1934 3423 2232 3464 ΜΑΤΠιιῡῐε
2254 3422 2477 3462 ΗΕΕῙΝᾸΞ
2498 3423 2798 3462 ANGLORUM
2827 3424 2898 3462 AD
2919 3408 3249 3464 PASCIIALEM
3268 3424 3307 3464 ΙΙ
3327 3424 3534 3467 ΡΛΡΔΜ.

1943 3499 2167 3555 Gratias
2180 3498 2404 3569 agi/pro
2420 3497 2629 3553 litteris
2645 3497 2977 3554 hortatoriis
2987 3498 3059 3554 ad
3066 3499 3195 3566 conj
3200 3514 3359 3570 ugem
3373 3500 3532 3557 datis

2005 3588 2235 3643 Summo
2282 3585 2526 3658 pontifici
2577 3593 2630 3641 et
2675 3585 2974 3642 universali
3023 3601 3182 3658 papae
3240 3588 3532 3657 PASCIIALI,

1932 3675 2266 3743 MATIIILDIS,
2289 3674 2386 3730 Dei
2407 3674 2584 3747 gratia
2604 3675 2901 3745 Anglorum
2925 3675 3138 3748 regina,
3160 3677 3234 3731 ita
3257 3677 3540 3750 dignitatis

1933 3763 2247 3834 ap05tolicze
2271 3765 2396 3832 jura
2424 3765 2740 3836 dispensare
2759 3766 3159 3836 temporaliter,
3179 3773 3237 3820 ut
3265 3781 3388 3822 cum
3416 3767 3536 3836 jus-

1931 3849 2061 3906 titiae
2088 3851 2376 3922 manipulis
2409 3849 2467 3904 in
2491 3855 2770 3922 perpetua:
2812 3852 2960 3923 pacis
2990 3852 3185 3924 gaudis
3233 3853 3532 3924 apostolico

1930 3940 2137 3996 senatui
2163 3949 2434 3996 mereatur
2463 3941 2665 3996 ascribi
2691 3944 3030 4011 perenniter.

2006 4029 2319 4085 Sanctitatis
2367 4037 2563 4084 vestrae
2616 4029 2953 4097 sublimitati,
3000 4045 3033 4086 o
3073 4030 3160 4087 vir
3208 4032 3524 4104 apostolice,

1933 4126 2035 4174 etc.
2080 4118 2202 4174 Vide
2233 4119 2294 4173 in
2328 4117 2592 4172 Paschah’
2623 4117 2686 4184 Il,
2721 4118 2793 4174 ad
2821 4136 2918 4174 an.
2949 4119 3115 4175 1118.

2318 4226 2490 4293 404
2522 4223 2857 4280 EPISTOLA
2889 4225 2928 4280 c
2955 4223 3138 4281 εσυ-ιτς,

2364 4328 2608 4369 ΑΝειξιὶιι
2637 4329 2712 4368 AD
2741 4329 3094 4370 ORDUI'INUM.

1936 4404 2281 4481 Gratulatur
2322 4403 2597 4481 monacho
2627 4419 2742 4481 siue
2778 4405 2958 4481 famae
2984 4402 3252 4481 studioso,
3285 4403 3523 4481 quidque

2075 4475 2540 4532 obtrectatoribus
2569 4477 2686 4529 sui:
2716 4474 3072 4546 respondeat,
3106 4474 3380 4546 suggerit.

2001 4567 2318 4629 Asseuaus,
2352 4562 2798 4634 archiepiscopus
2827 4563 3248 4630 Cantuariensis,
3289 4565 3438 4622 fratri
3471 4575 3525 4623 et

1929 4653 2042 4709 ﬁlio
2087 4652 2409 4710 charissimo
2441 4651 2754 4720 Onouvixo,
2786 4650 3035 4720 salutem,
3087 4661 3140 4708 et
3181 4653 3523 4713 benedictio-

1929 4759 2075 4798 nem.

1999 4831 2216 4887 Gratias
2262 4847 2370 4906 ago
2417 4830 2836 4888 dilectioni’tuaa
2878 4830 3002 4903 quia
3041 4831 3303 4889 sollicitus
3343 4849 3404 4890 es
3449 4835 3521 4891 de

1925 4936 2048 4976 mea
2079 4920 2243 4988 fama,
2276 4929 2327 4975 et
2357 4923 2557 4992 quaeris
2603 4919 2736 4992 quid
2767 4921 3096 4992 respondeas
3144 4922 3292 4976 falsis
3317 4922 3518 4978 calum-

1924 5009 2227 5064 niatoribus
2267 5009 2401 5065 meis
2446 5006 2817 5079 quaerentibus
2866 5008 3186 5065 occasiones
3228 5010 3519 5067 adversum

1922 5114 2032 5153 me.
2060 5097 2274 5161 Dicunt,
2307 5105 2364 5153 ut
2392 5096 2662 5167 scripsisti
2692 5096 2846 5164 mihi,
2878 5096 3004 5166 quia
3033 5098 3297 5168 prohibeo
3327 5115 3520 5172 regem

1922 5185 2053 5241 dare
2100 5185 2487 5257 investituras;
2532 5193 2586 5242 et
2622 5185 2766 5258 quod
2805 5183 2964 5258 pejus
3013 5193 3116 5254 est,
3148 5187 3406 5259 permitto
3461 5196 3524 5244 ut

1521 5309 1754 5367 VARUS
1792 5309 2094 5368 LECTION
2097 5310 2202 5370 ES.

285 5445 502 5504 “‘Cum
556 5443 1177 5516 eodem,m:.gcollata.
1231 5438 1617 5516 “‘Guentoniae
1657 5437 2134 5516 ni.g.__\_V_entoniIe.
2172 5436 2486 5516 “‘Ptacebit
2530 5455 2644 5516 ms.
2699 5437 2936 5514 placeat.
2983 5436 3345 5516 “'Religiosis
3397 5455 3513 5497 ms.

212 5521 497 5595 religiosis
527 5519 681 5576 viris.
710 5515 877 5573 “‘Aut
897 5514 1063 5574 fidem
1089 5532 1197 5574 ms.
1230 5523 1322 5571 aut
1349 5531 1449 5588 per
1470 5513 1654 5571 fidem.
1684 5507 1986 5572 “’-‘"Cum
2017 5513 2207 5570 eodem
2237 5529 2345 5569 ms.
2377 5513 2608 5571 collata.

384 5671 650 5735 Parnm.
687 5667 911 5754 CLIX.

3171 5660 3209 5731 5
