4010 6064
519 288 622 345 139

1054 282 1112 337 S.
1145 279 1457 337 ANSELMI
1498 275 1849 334 CANTUAR.
1890 258 2211 327 ARCHIEP.
2255 267 2411 324 OPP.
2454 266 2637 323 PARS
2676 266 2769 321 III.
2802 296 2869 305 -
2899 262 3275 321 EI’ISTOLZE.

3711 263 3816 320 140

519 411 729 469 scilicet
757 408 885 465 mali
914 414 969 464 et
1013 405 1261 479 perversi
1286 402 1473 461 clerici
1500 399 1760 458 invadant
1805 406 1860 455 et
1895 399 2109 454 vastent
2132 393 2191 455 A
2218 398 2388 448 totam
2402 388 3079 464 cengregationem.Sa2pe
3096 388 3239 445 enim
3260 388 3365 445 hoc
3394 386 3599 444 faciunt
3618 388 3808 446 divina

519 501 801 569 ecclesias,
830 513 931 554 nec
978 494 1217 553 ascendo
1247 510 1313 551 ex
1354 492 1617 549 adverso.
1657 489 1852 545 Dicunt
1894 502 2110 558 quoque

519 591 646 665 quia
673 605 779 662 ego
806 588 877 643 do
907 585 1163 643 ecclesias
1180 583 1356 638 laicis.
1377 581 1476 638 Dic
1506 580 1585 637 eis
1603 578 1733 653 quia
1751 577 2106 643 mentiuntur,

517 681 642 737 Non
666 678 810 735 enim
839 691 946 749 ego
971 672 1033 703 ⁸⁷⁵
1061 671 1328 745 prohibeo
1365 686 1465 743 per
1492 684 1581 724 me
1625 685 1658 724 a
1703 683 1833 740 rege
1877 665 1994 721 dari
2025 666 2110 719 in-

519 769 811 826 vestituras
845 763 1219 830 ecclesiarum,
1250 760 1347 815 sed
1380 758 1503 832 quia
1532 757 1711 813 audivi
1748 754 2107 828 apostolicum

518 858 574 913 in
603 869 806 929 magno
835 851 1067 910 concilio
1093 848 1563 907 excommunicare
1592 844 1757 902 laicos
1783 845 1970 901 dantes
1988 844 2106 898 illas

517 944 862 1004 investituras
891 949 944 998 et
972 939 1315 1012 accipientes,
1344 946 1399 995 et
1428 937 1522 1010 qui
1562 935 1893 1007 accipientes
1922 949 2104 989 sacra-

514 1038 668 1101 bunt,
705 1033 849 1089 nodo
889 1030 1285 1087 communicare
1327 1024 1809 1083 excemmunicatis
1837 1040 1938 1079 nec
1983 1023 2107 1078 fieri

518 1122 1049 1182 excommunicatus.
1065 1118 1308 1173 Clericos
1320 1133 1447 1172 vero
1464 1132 1563 1169 nec
1580 1115 1789 1181 volens,
1805 1113 1900 1169 sed
1918 1114 2107 1169 dolens

514 1213 689 1271 tolero
719 1208 981 1267 ecclesias
1008 1206 1331 1279 opprimere,
1364 1212 1416 1260 et
1446 1205 1500 1259 in
1532 1208 1740 1260 tantum
1775 1220 1842 1258 ex
1870 1201 2106 1257 adverso

517 1300 781 1370 ascendo,
814 1306 871 1355 ut
901 1312 1001 1368 pro
1024 1297 1125 1351 hoc
1155 1294 1256 1350 sim
1287 1294 1342 1348 in
1391 1293 1580 1349 exsilio
1610 1301 1661 1347 et
1698 1292 1859 1348 rebus
1890 1292 2107 1362 episco-

518 1400 676 1464 patus
703 1386 1049 1460 exspoliatus.
1082 1385 1206 1439 Non
1236 1382 1379 1437 enim
1419 1382 1562 1453 quod
1591 1381 1848 1451 objiciunt
1878 1381 1946 1437 de
1987 1381 2106 1437 cle-

511 1480 644 1536 ricis
673 1478 845 1541 fieret,
877 1474 930 1530 si
960 1472 1312 1540 investiturae,
1346 1471 1540 1542 quibus
1571 1487 1638 1527 ex
1659 1471 1889 1526 adverse
1917 1486 2107 1526 ascen-

514 1570 606 1636 do,
639 1583 748 1624 non
788 1564 1000 1621 tierunt.
1044 1561 1321 1618 Ecclesias
1366 1576 1495 1617 vero
1527 1576 1636 1616 non
1674 1560 1744 1616 do
1774 1560 1948 1627 laicis,
1980 1575 2105 1616 cum

512 1660 586 1716 do
619 1658 699 1714 eis
737 1670 861 1710 mea
897 1651 1143 1708 maneria
1172 1650 1239 1705 ad
1287 1648 1532 1720 ﬁrmam;
1569 1649 1664 1705 sed
1695 1649 2019 1705 commendo
2048 1657 2106 1703 ut

512 1764 608 1805 eas
656 1743 977 1811 custodiant,
1010 1757 1121 1796 non
1160 1747 1219 1795 ut
1258 1740 1516 1795 clericum
1563 1739 1617 1793 in
1658 1739 1735 1795 eis
1772 1746 1976 1810 ponant
2014 1746 2106 1794 aut
2130 1745 2185 1809 Β

510 1835 769 1901 inferant,
802 1831 905 1888 nisi
953 1846 1052 1902 per
1083 1846 1189 1898 me,
1222 1836 1309 1883 aut
1351 1827 1789 1884 archidiaconum
1831 1835 2100 1894 nostrum,

514 1932 607 1981 aut
646 1940 749 1996 per
774 1921 1008 1994 priorem
1041 1919 1095 1975 in
1143 1916 1399 1973 maneriis
1444 1916 1704 1973 Ecclesiae
1749 1926 1968 1973 nostra.
2000 1917 2102 1972 Ne-

508 2013 777 2088 quissime
832 2012 1016 2081 itaque
1080 2008 1451 2079 impmperant
1519 2006 1670 2074 mibi,
1732 2006 1859 2078 quia
1922 2006 2101 2063 aliena

508 2118 663 2171 curo,
696 2117 817 2157 mea
848 2098 1088 2171 neglige,
1122 2095 1376 2169 quoniam
1407 2110 1514 2151 non
1551 2095 1655 2151 hoc
1683 2095 1865 2152 dicunt
1908 2111 2099 2154 amore

501 2192 768 2259 veritatis,
799 2188 901 2245 sed
931 2187 1222 2245 obstruunt
1252 2201 1313 2241 es
1339 2201 1523 2240 meum
1550 2184 1781 2258 loquens
1810 2200 1911 2258 pro
1949 2184 2097 2245 veri-

505 2289 617 2339 tate
629 2323 641 2338 .
681 2279 833 2339 Vale.

1033 2393 1370 2453 EPISTOLA
1390 2395 1460 2452 CI
1486 2391 1566 2453 ⁸⁷⁸.

740 2502 985 2546 ΔΝεΕΙιΜΙ
1015 2501 1090 2540 AD
1121 2501 1366 2542 FRATBES
1394 2496 1862 2541 CANTUABIBNSBS.

505 2579 621 2653 Quo
656 2578 892 2653 debeant
925 2592 1043 2653 esse
1073 2576 1267 2631 animo
1289 2574 1731 2653 Cantuariemes
1749 2571 2013 2653 monachi
2030 2574 2095 2631 in

682 2647 1109 2708 calamitatibus
1139 2662 1276 2718 quas
1305 2662 1363 2702 se
1392 2647 1621 2703 absente
1652 2647 1922 2701 tolerant.

578 2754 885 2806 ANSELHUS
907 2743 1362 2814 archiepiscopus,
1386 2743 1645 2798 fratribus
1670 2749 1723 2797 et
1741 2741 1867 2796 ﬁliis
1893 2738 2098 2796 charis-

514 2836 668 2894 simis
696 2835 750 2888 in
766 2829 963 2887 Christi
983 2827 1230 2884 Ecclesia
1253 2827 1568 2883 Cantuariae
1584 2828 1699 2883 Deo
1716 2825 2095 2905 servientibus,

506 2922 736 2978 salutem
783 2923 835 2972 et
880 2911 1316 2970 benedictionem
1351 2911 1470 2982 Dei,
1517 2920 1571 2969 et
1616 2928 1790 2979 suam,
1836 2916 2098 2982 quantum

503 3016 701 3085 potest.

2210 481 2416 553 judicia
2444 489 2500 536 ut
2522 494 2722 550 magna
2750 478 3038 533 multitudo
3065 477 3414 550 perturbetur
3432 477 3591 533 unius
3620 477 3803 550 culpa.

2215 570 2371 628 Unde
2400 568 2446 624 si
2475 568 2633 624 nimis
2653 568 2881 639 longum
2911 582 3018 622 non
3050 572 3217 636 esset,
3252 566 3499 639 exempla
3518 567 3672 638 plura
3687 583 3814 639 pro-

2214 658 2347 715 ferri
2379 665 2619 731 possent.
2652 657 2841 712 Finem
2875 656 3071 711 faciam
3100 656 3262 726 hujus
3287 661 3494 711 nostrae
3523 655 3813 712 allocutio-

2214 748 2321 816 nis,
2354 747 2478 819 quia
2508 754 2558 802 et
2596 746 2783 817 plures
2813 761 2881 800 ex
2926 744 3084 803 vobis
3132 744 3443 816 Scripturas
3481 743 3806 818 intelligitis,

2216 846 2269 894 et
2298 837 2507 891 habetis
2535 835 2946 891 dilectissimum
2977 834 3205 889 fratrem
3234 840 3481 889 nostrum
3512 834 3811 890 dominum

2214 935 2452 998 prtorem
2486 923 2770 979 Ernulfum
2799 920 2885 992 "",
2921 923 3012 993 qui
3044 924 3161 979 haec
3194 930 3252 978 et
3272 922 3374 977 alia
3404 922 3520 990 scit,
3544 930 3599 979 et
3627 928 3812 993 potest

2215 1016 2397 1071 dicere
2424 1014 2599 1069 vobis.
2633 1012 2989 1083 Omnipotens
3009 1013 3154 1066 Deus
3188 1010 3444 1083 dignetur
3473 1026 3566 1068 vos
3595 1013 3666 1067 ab
3695 1028 3810 1069 om-

2216 1104 2379 1159 nibus
2410 1102 2568 1157 malis
2589 1101 2904 1167 emendare,
2929 1108 2981 1155 et
3014 1099 3173 1154 faciat
3200 1099 3359 1154 bonis
3376 1098 3629 1154 omnibus
3642 1100 3811 1157 abun-

2214 1192 2364 1261 dare,
2397 1199 2450 1246 et
2478 1198 2596 1262 post
2626 1190 2769 1244 hanc
2798 1188 2962 1243 vitam
2993 1188 3048 1241 in
3080 1203 3179 1242 suo
3209 1203 3379 1260 regno
3410 1187 3701 1245 exsultare.
3728 1191 3810 1247 Sit

2213 1297 2377 1352 super
2406 1295 2502 1336 vos
2534 1278 2633 1334 Dei
2663 1277 2993 1346 benedictio,
3027 1284 3080 1331 et
3127 1275 3329 1331 tribuat
3356 1275 3519 1332 vobis
3565 1278 3808 1334 omnium

2211 1376 2516 1426 vestrorum
2547 1374 2889 1439 peccatorum
2920 1363 3519 1423 remissionem.Amen.
3555 1366 3808 1423 Reditum

2211 1466 2458 1514 nostrum
2508 1457 2575 1511 ad
2619 1471 2715 1511 vos
2761 1454 2979 1527 quando
3034 1453 3245 1508 futurus
3310 1452 3381 1508 sit
3434 1453 3502 1509 ad
3559 1471 3808 1525 praesens

2211 1546 2416 1613 nescio,
2450 1546 2550 1601 sed
2598 1560 2758 1617 spero
2788 1545 2842 1598 in
2886 1544 3000 1599 Dee
3049 1541 3178 1613 quia
3218 1557 3331 1598 non
3366 1543 3467 1598 erit
3515 1543 3571 1598 in
3599 1559 3805 1601 vanum

2212 1636 2382 1692 oratio
2412 1643 2615 1693 vestra.

2729 1748 3071 1808 EPISTOLA
3097 1750 3187 1806 CII
3218 1745 3301 1809 ⁸⁷⁸.

2354 1866 2595 1908 ANSELMI
2614 1866 2686 1906 AD
2716 1864 2976 1914 QUOSDAH
3001 1864 3296 1905 MONACHOS
3324 1866 3658 1909 ΑΡοετΑτΛε.

2213 1943 2512 2016 Apostatas
2528 1940 2835 2016 monachos
2850 1940 2913 1995 in
2934 1940 3256 2016 claustrum
3274 1956 3518 2016 reuerso:
3530 1946 3721 2000 monet
3738 1947 3807 2001 ut

2400 2030 2514 2070 non
2535 2011 2879 2068 verecundia
2892 2011 3290 2083 paenitentiam
3312 2009 3607 2083 abjiciant.

2285 2113 2584 2166 Axsnwus
2606 2106 3063 2178 archiepiscepus,
3088 2106 3340 2162 fratribus
3369 2116 3423 2164 et
3452 2107 3576 2164 ﬁliis
3591 2110 3810 2167 charis-

2209 2199 2367 2261 simis
2388 2199 2680 2256 Wtraico.
2715 2197 2998 2264 Puturpo,
3022 2197 3356 2268 WtLLELno,
3379 2197 3607 2255 salutem
3635 2208 3691 2256 et
3711 2201 3810 2257 be-

2211 2294 2575 2351 nedictionem
2603 2293 2702 2348 Dei
2730 2301 2783 2348 et
2810 2308 2984 2348 suam.

2283 2383 2480 2441 Audivi
2520 2382 2643 2454 quia
2680 2381 3040 2455 persuasione
3075 2383 3344 2455 serpentis
3383 2384 3607 2456 antiqui,
3652 2388 3806 2459 cujus

2213 2473 2411 2529 astutia
2449 2472 2654 2543 primos
2698 2476 2948 2543 parentes
2976 2480 3190 2528 nostros
3225 2473 3293 2529 de
3332 2474 3586 2545 paradiso
3622 2476 3803 2547 ejecit,

2214 2561 2558 2619 claustralem
2575 2561 2889 2633 paradisum
2902 2567 2955 2615 et
2975 2560 3289 2633 religiosam
3310 2564 3802 2632 conversationem,

2214 2659 2470 2722 quantum
2514 2650 2582 2706 ad
2631 2665 2751 2717 vos,
2783 2649 3112 2719 deseruistis,
3165 2659 3221 2707 et
3266 2652 3434 2708 valde
3475 2652 3659 2719 dolui;
3708 2654 3806 2710 sed

2213 2741 2525 2796 consolatus
2552 2755 2670 2794 sum
2701 2747 2755 2794 et
2784 2736 3100 2807 testificatus,
3134 2740 3261 2810 quia
3288 2756 3401 2797 non
3430 2740 3634 2798 clausit
3659 2743 3809 2799 Deus

2212 2828 2371 2887 vobis
2419 2829 2623 2885 ostium
2662 2827 2925 2899 paradisi,
2957 2844 3028 2883 ne
3078 2830 3214 2885 ultra
3242 2830 3298 2884 in
3341 2829 3474 2886 illud
3510 2829 3805 2901 intraretis,

2213 2918 2310 2975 sed
2339 2918 2521 2990 potius
2551 2933 2649 2974 vos
2676 2916 3105 2973 misericorditer
3133 2918 3330 2990 coegit,
3363 2926 3424 2974 ut
3462 2918 3533 2974 ad
3560 2921 3809 2992 requiem

2211 3008 2451 3064 relictam
2492 3006 2760 3062 rediretis.
2812 3004 2880 3060 Si
2923 3012 3101 3060 autem
3142 3022 3243 3077 pro
3286 3007 3392 3063 bac
3439 3008 3812 3066 misericordia

577 3099 702 3158 Scio
733 3095 1065 3155 desiderium
1110 3101 1371 3161 vestrum,
1403 3098 1456 3147 et
1483 3086 1888 3179 tribulationem
1919 3103 2097 3179 quam
2124 3114 2176 3179 α
2210 3113 2372 3168 quam
2408 3096 2566 3153 vobis
2604 3094 2786 3151 invitis
2825 3093 2973 3163 fecit,
3017 3094 3220 3168 gratias
3257 3094 3336 3150 illi
3373 3096 3554 3168 agitis,
3600 3106 3654 3153 et
3691 3113 3810 3154 non

502 3191 560 3249 in
607 3186 871 3262 praesenti
912 3184 1209 3252 sustinetis,
1249 3191 1304 3238 et
1348 3179 1474 3253 quia
1513 3180 1779 3249 majorem
1819 3178 1875 3232 in
1907 3177 2097 3233 futuro

510 3278 731 3336 timetis.
760 3277 841 3332 De
868 3291 976 3346 qua
999 3289 1058 3329 re
1085 3272 1295 3328 nullum
1324 3269 1483 3327 vobis
1522 3267 1718 3323 melius
1761 3274 1935 3337 potest
1979 3265 2102 3321 dari

509 3368 793 3428 consilium
824 3379 989 3438 quam
1018 3370 1076 3418 ut
1116 3361 1335 3433 penitus
1378 3356 1672 3413 intendatis
1700 3356 1760 3411 in
1790 3355 1891 3411 Dei
1934 3355 2105 3411 servi-

505 3459 662 3515 tium.
696 3456 823 3513 Sive
849 3453 994 3510 enim
1024 3468 1126 3509 vos
1155 3449 1348 3522 prebet
1375 3448 1523 3503 Deus
1552 3463 1649 3518 per
1676 3444 2099 3511 tribulationem,

507 3551 625 3605 sive
653 3542 925 3615 corripiat,
957 3541 1071 3597 sive
1116 3544 1383 3606 exerceat,
1416 3552 1632 3607 semper
1676 3534 1746 3590 ad
1776 3536 1894 3591 haec
1940 3532 2105 3589 debet

508 3632 845 3708 respondere
877 3637 1052 3688 vestra
1083 3628 1151 3683 ad
1177 3627 1316 3682 bene
1346 3624 1642 3681 vivendum
1689 3622 1964 3679 instantia.
2001 3624 2105 3678 Per

504 3725 649 3781 hanc
698 3719 843 3777 enim
890 3732 1049 3789 quam
1090 3715 1259 3771 fortes
1289 3712 1425 3782 sitis,
1475 3719 1526 3767 et
1573 3727 1740 3781 quam
1784 3728 1915 3769 vere
1951 3710 2104 3766 illum

507 3810 770 3885 diligatis,
805 3805 1154 3868 monstratis;
1203 3819 1300 3875 per
1348 3802 1495 3855 hanc
1541 3798 1695 3855 illum
1740 3800 1969 3871 pacatis,
2007 3815 2106 3871 per

508 3903 652 3959 hanc
680 3893 968 3955 exercitari
999 3892 1068 3949 ad
1100 3892 1307 3962 majora
1336 3888 1618 3962 proficitis,
1652 3895 1710 3943 ut
1739 3888 1934 3943 altiora
1961 3887 2106 3943 dona

510 3985 833 4049 mereamini
884 3984 1026 4039 sicut
1067 3980 1308 4053 purgati.
1350 3979 1577 4035 Cessent
1623 3976 1792 4050 igitur
1839 3978 1895 4031 in
1948 3976 2105 4032 vobis

510 4073 853 4148 vaniloquia,
885 4074 1217 4143 cntirpetur
1264 4069 1441 4124 omnis
1478 4066 1760 4135 detractio,
1812 4065 2108 4122 suﬁ‘ocetur

508 4164 889 4227 murmuratio,
960 4160 1332 4232 exstinguatur
1391 4156 1748 4228 impatientia,
1817 4159 2109 4212 evanescat

510 4257 775 4314 inutilium
806 4250 1112 4315 curiositas,
1148 4245 1453 4319 expellatur
1489 4244 1753 4313 otiositas,
1783 4244 2109 4300 annihiletur

511 4344 838 4411 mussitatio,
896 4345 1187 4395 evacuetur
1241 4333 1563 4406 indignatio,
1612 4340 1666 4388 et
1721 4348 1818 4403 pro
1867 4333 2111 4404 qualibet

2207 3189 2416 3242 tantum
2458 3200 2645 3241 ceram
2686 3183 2939 3240 omnibus
2966 3200 3086 3251 ore,
3129 3184 3229 3239 sed
3258 3184 3421 3241 etiam
3465 3200 3650 3241 coram
3689 3187 3809 3242 Deo

2207 3275 2369 3331 corde
2406 3273 2796 3331 correctionem
2822 3268 2886 3301 ⁸⁷⁸
2929 3272 3258 3343 promittitis,
3301 3289 3467 3346 agam
3518 3274 3808 3332 vobiscum

2209 3364 2411 3437 gratias
2458 3363 2593 3429 Deo,
2627 3369 2681 3417 et
2714 3377 2937 3417 omnem
2985 3376 3271 3418 rancorem
3321 3377 3484 3433 quem
3525 3361 3593 3418 de
3645 3362 3809 3435 culpa

2209 3461 2390 3510 vestra
2418 3451 2663 3523 concepi,
2690 3451 2961 3523 expellam
2981 3450 3048 3505 de
3070 3450 3236 3506 corde
3256 3466 3399 3507 meo.
3419 3451 3611 3508 Moneo
3637 3452 3808 3526 igitur

2211 3558 2325 3611 vos,
2369 3550 2426 3597 ut
2460 3540 2522 3569 ⁴⁸⁰
2563 3539 2703 3596 filios
2743 3556 2917 3608 meos,
2960 3546 3222 3610 quatenus
3268 3539 3416 3594 illam
3477 3556 3700 3611 pravam
3750 3549 3809 3599 et

2210 3629 2540 3687 diabolicam
2585 3627 2916 3685 voluntatem
2957 3644 3117 3698 quam
3165 3627 3443 3694 habuistis,
3489 3629 3805 3700 paenitendo

2212 3736 2391 3776 coram
2410 3719 2524 3774 Deo
2555 3719 2623 3773 de
2643 3717 2807 3773 corde
2835 3724 3023 3772 vestro
3050 3716 3266 3788 penitus
3288 3715 3603 3787 expellatis;
3624 3734 3805 3789 neque

2213 3808 2499 3864 occasione
2529 3805 2752 3876 alicujus
2782 3804 3123 3861 verecundiae
3138 3812 3423 3876 postquam
3455 3820 3549 3862 vos
3573 3805 3718 3862 Deus
3734 3806 3807 3863 ad

2213 3913 2271 3954 se
2299 3895 2594 3967 revocavit,
2625 3901 2861 3950 mentem
2892 3901 3131 3949 vestram
3164 3892 3461 3950 indiscrete
3489 3894 3807 3952 confunda-

2213 3986 2283 4041 tis
2312 4003 2325 4040 :
2356 3985 2455 4041 sed
2485 3990 2759 4056 sperantes
2788 3983 2847 4036 in
2876 3983 2980 4039 hoc
3011 3982 3139 4054 quia
3168 3982 3318 4038 Deus
3348 3982 3673 4055 pmnitentes
3700 3985 3807 4042 be-

2214 4075 2381 4148 nigne
2412 4073 2656 4144 suspicit,
2690 4072 2751 4127 in
2797 4072 2939 4127 bona
2976 4072 3257 4127 voluntate
3300 4079 3353 4127 et
3398 4088 3588 4129 amore
3634 4075 3810 4133 vestri

2214 4163 2420 4220 ordinis
2467 4161 2783 4232 quiescatis.
2838 4160 2987 4216 Solet
3030 4159 3179 4216 enim
3222 4160 3497 4234 contigere
3544 4169 3620 4231 ut,
3666 4180 3810 4234 quo-

2214 4254 2362 4309 niam
2392 4251 2665 4319 diabolus,
2695 4249 2811 4306 Deo
2848 4249 3138 4305 miserante
3168 4257 3221 4305 et
3258 4267 3473 4306 servum
3503 4268 3664 4308 suum
3701 4253 3812 4310 de-

2214 4341 2489 4411 fendente,
2522 4356 2628 4396 non
2667 4346 2845 4411 potest
2870 4339 2938 4393 de
2984 4354 3050 4395 eo
3080 4337 3226 4409 quod
3270 4338 3493 4411 incoepit
3520 4340 3805 4414 perﬁcere,

508 4434 809 4493 offensione
838 4429 1036 4485 mentis
1066 4427 1309 4500 quiescat
1335 4422 1649 4491 commotio,
1683 4420 1991 4476 eliminetur
2012 4438 2105 4477 ne-
2133 4470 2187 4531 D
2214 4432 2284 4487 ad
2329 4431 2489 4485 aliam
2546 4446 2606 4486 se
2651 4436 2927 4485 οοηγθι-ιει
2974 4427 3261 4495 astutiam;
3321 4437 3374 4483 et
3428 4446 3610 4501 quem.
3665 4433 3813 4490 sic“!

507 4528 797 4604 gligentia,
841 4524 1237 4582 exterminetur
1281 4518 1597 4575 invidentia.
1642 4517 1993 4574 Exsecrabile
2039 4518 2107 4573 sit

509 4615 771 4691 quidquid
800 4631 833 4671 a
875 4612 1072 4670 vestris
1115 4608 1404 4674 discordat,
1437 4605 1670 4663 amabile
1721 4605 1789 4659 sit
1837 4606 2107 4677 quidquid

508 4704 841 4763 monachicis
885 4698 1313 4755 institutionibus
1350 4694 1675 4757 concordat;
1713 4693 1920 4749 ferveat
1967 4695 2106 4751 obe-

507 4796 727 4861 dientia,
779 4800 831 4847 et
869 4791 1112 4847 omnium
1159 4788 1442 4857 virtutum,
1502 4801 1623 4856 qua:
1680 4783 2000 4854 supradictis
2055 4793 2109 4841 et

505 4888 630 4945 aliis
659 4884 970 4955 repugnant
1013 4878 1177 4943 vitiis,
1202 4876 1432 4931 studium
1470 4883 1521 4931 et
1545 4874 1849 4946 diligentia.
1894 4876 2109 4931 Scruta-

506 4987 594 5034 tur
622 4971 997 5042 unusquisque
1046 4967 1336 5036 diligenter
1363 4966 1527 5020 vitam
1577 4979 1731 5018 suam
1761 4970 2027 5019 secretam
2056 4970 2109 5019 et

503 5065 800 5140 publicam,
832 5067 887 5115 et
913 5059 960 5112 si
990 5054 1200 5110 invenit
1229 5054 1393 5121 unde,
1428 5054 1645 5109 festinet
1672 5051 1743 5107 ad
1772 5052 2107 5124 condignam

505 5139 957 5216 satisfactionem,
980 5160 1049 5203 ne
1078 5142 1216 5200 forte
1245 5157 1344 5215 pro
1374 5141 1492 5212 ejus
1520 5143 1678 5215 culpa
1699 5139 1937 5214 flagellet
1956 5141 2106 5198 Deus

2214 4519 2456 4591 inccnpit,
2506 4517 2739 4587 dejicere
2786 4516 2992 4588 nequit,
3035 4516 3254 4587 dejiciat
3289 4532 3391 4586 per
3437 4518 3809 4577 immoderate

2216 4608 2553 4667 verecundiae
2582 4605 2996 4677 impatientiam.
3026 4605 3219 4660 Coram
3244 4605 3358 4660 Dee
3388 4612 3591 4662 tantum
3621 4607 3808 4665 admi-

2212 4698 2407 4755 ramiui
2455 4694 2726 4767 quomodo
2753 4695 2857 4750 hoc
2896 4693 3037 4749 velle
3066 4694 3344 4762 potuistis,
3378 4699 3435 4749 et
3479 4694 3804 4766 erubescite,

2215 4796 2267 4845 et
2293 4802 2478 4843 coram
2508 4783 2823 4840 hominibus
2853 4799 2923 4838 ex
2970 4781 3117 4836 bona
3154 4783 3488 4838 conscientia
3533 4785 3810 4843 conforta-

2214 4875 2364 4943 mini,
2399 4883 2451 4930 et
2480 4872 2751 4929 conﬁdite.
2784 4872 2886 4926 Per
2904 4871 3101 4927 bonam
3132 4871 3600 4929 conversationem
3630 4883 3811 4930 osten-

2215 4965 2325 5020 dite
2370 4977 2586 5019 emnem
2635 4975 2863 5031 pravam
2904 4958 3236 5015 voluntatem
3290 4959 3526 5017 alienum
3583 4978 3705 5019 esse
3772 4979 3812 5020 ιι

2213 5052 2398 5120 vobis;
2431 5059 2482 5108 et
2523 5049 2598 5105 sic
2630 5047 2840 5104 facietis
2870 5053 2930 5102 ut
2976 5048 3121 5103 nulla
3165 5049 3428 5104 memoria
3469 5051 3537 5106 sit
3564 5050 3687 5105 aliis
3734 5051 3807 5113 de

2212 5143 2316 5200 hoc
2342 5140 2488 5216 quod
2519 5138 2741 5207 fecistis,
2776 5145 2828 5194 et
2863 5136 3010 5193 nulla
3028 5152 3200 5211 prava
3242 5137 3487 5212 suspicio
3516 5139 3585 5197 de
3610 5139 3798 5201 vobis.

1825 5296 2056 5356 VARUS
2094 5294 2506 5357 LECTIONES.

563 5453 753 5517 ωΝοιι
770 5450 939 5556 ιςηίιηι
958 5448 1103 5556 quod
1134 5465 1372 5556 egpnnts.
1391 5466 1515 5556 ‘non
1535 5446 1679 5510 enim
1702 5470 1829 5556 ego.
1860 5446 2278 5556 "‘Cuﬂn’zrfddem
2296 5470 2401 5512 ms.
2428 5450 2657 5512 collata.
2681 5439 3015 5556 “Damnum
3038 5448 3371 5556 qulphum
3399 5466 3506 5507 ms.
3530 5443 3810 5556 Damnum

571 5536 736 5556 2---...
791 5545 920 5556 μη...
949 5545 978 5556 ..ι
1021 5544 1109 5556 ...νι
1272 5545 1297 5556 η
1353 5545 1379 5556 ,-
1415 5545 1441 5556 ι.
1478 5544 1600 5556 nn...
1639 5542 1694 5556 ,Α
1752 5544 1819 5556 ..μ
1850 5543 1932 5556 ι...
2110 5544 2175 5556 ,Α
2209 5528 2603 5556 ΑΛνικΛΛΙζΑᾌΛΜ
2635 5543 2721 5556 η..
2924 5536 3019 5556 nan
3058 5538 3088 5556 Δ
3117 5524 3506 5556 ιιι-ηδιοηηιίηηηιιη
3656 5526 3810 5556 ης...-

494 5533 741 5594 Priorem
769 5526 1133 5599 Ernulp’bum.
1162 5526 1181 5555 ‘

501 5614 560 5663 ut
587 5620 694 5662 ms.
725 5602 889 5676 igitur
917 5615 1013 5660 vos
1043 5605 1118 5657 ut.

1206 5526 1444 5586 ’ϐοιιαια
1473 5544 1604 5586 cum
1633 5523 1823 5585 eodem
1846 5543 1957 5583 me.
1993 5526 2176 5584 “Dee
2206 5528 2606 5585 correctionem
2634 5543 2742 5583 ms.
2778 5524 2899 5580 Deo
2923 5523 3088 5580 corde
3117 5524 3527 5580 correctionem.
3562 5524 3810 5598 “‘lgitur
