4010 6064
1462 300 1587 351 LIB.
1632 299 1726 362 ιιι,

1886 298 1990 350 δι’.
2044 295 2151 348 (δ’.
3325 301 3421 352 iiii.

164 298 267 362 iii

148 433 502 502 Omnipotens
529 431 677 485 Deus
703 443 799 485 vos
828 435 882 484 et
911 442 940 479 a
969 423 1254 497 praeteritis
1272 422 1446 494 culpis
1462 421 1730 488 absolvat,
1762 420 1817 482 A
1846 421 2119 492 sapienter
2154 423 2436 478 veritatem
2506 420 2723 476 vanitati
2791 413 3145 492 praeponenti,
3217 420 3428 476 fortiter

148 531 194 579 et
235 522 290 576 in
337 520 525 576 futuro
567 519 683 574 sine
715 515 821 573 ﬁne
867 516 938 572 ab
966 513 1115 571 omni
1157 520 1383 585 peccato
1425 511 1723 568 custodiat.
1839 511 2070 583 gloriam
2119 510 2488 566 transitoriam
2546 525 2646 580 pro
2692 510 2976 564 honestate
3030 510 3426 577 contemnenti,

146 616 326 676 ωειλ,
1839 598 2072 655 viriliter
2087 605 2463 672 paupertatem
2495 597 2787 668 superanti,
2822 597 2999 653 salute
3042 604 3094 653 et
3123 600 3292 670 gratia
3322 598 3422 654 Dei

520 698 688 766 405
729 693 1062 750 EPISTOLA
1101 693 1218 748 CIII
1255 689 1343 744 "‘.
1842 703 2062 758 semper
2090 688 2302 758 protegi
2331 685 2462 743 et“
2490 685 2808 742 confortari.

578 799 820 840 ANSELMI
849 798 921 837 AD
948 795 1294 836 WARNERUM.

157 879 215 935 Ut
243 880 512 933 sanctum
532 876 882 946 propositum
911 887 1024 927 non
1057 867 1503 946 despiciaiguod
1537 867 1737 946 timore

182 950 380 1002 mortis
401 938 654 1018 increpit',
689 945 787 1018 sect
815 947 1012 1018 sancto
1030 938 1220 1018 amore
1241 941 1302 1018 in
1323 938 1420 1018 illo
1435 938 1737 1018 proﬁciat;

185 1035 310 1074 eum
339 1034 494 1072 curre
516 1009 582 1072 (fc
613 1015 863 1072 consiliis
886 1013 1167 1082 Ernulphi
1187 1011 1390 1081 prioris
1415 1009 1739 1082 committit,

183 1091 537 1160 consulitque
559 1092 623 1142 ut
646 1088 796 1158 legat
814 1101 975 1140 suam
993 1081 1401 1138 ad’Lanzonem
1421 1081 1736 1152 epistolam.

219 1198 535 1250 Anssurus
552 1191 994 1262 archiepiscOpus
1012 1191 1308 1244 Wsnnnao
1322 1186 1552 1242 salutem
1580 1187 1634 1240 et
1653 1184 1748 1238 be-

154 1283 518 1340 nedictionem
565 1280 686 1346 Dei,
735 1287 790 1335 et
833 1295 1012 1345 suam,
1058 1286 1112 1332 et
1141 1278 1284 1332 bono
1325 1275 1563 1344 incoepto
1604 1272 1748 1344 opti-

156 1389 292 1428 mam
323 1369 583 1440 subsequi
606 1367 1157 1424 consummationem.

223 1459 550 1515 Benedictus
574 1459 719 1513 Deus
749 1456 805 1511 in
833 1456 991 1510 donis
1019 1453 1154 1519 suis,
1178 1460 1229 1507 et
1259 1459 1480 1509 sanctus
1500 1451 1552 1505 in
1569 1449 1750 1505 omni-

161 1550 261 1606 bus
291 1549 554 1620 operibus
583 1548 716 1612 suis,
749 1544 841 1616 qui
875 1552 943 1610 te,
975 1543 1049 1597 ﬁli
1078 1542 1416 1606 cbarissime,
1440 1541 1494 1594 in
1513 1539 1752 1611 periculo

159 1638 343 1694 mortis
371 1637 569 1691 animae
612 1643 665 1690 et
694 1633 940 1704 corporis
971 1647 1070 1686 sua
1099 1630 1276 1704 gratia
1317 1629 1570 1695 visitavit,
1603 1635 1652 1682 et
1683 1626 1755 1681 ad

159 1729 445 1798 utriusque
465 1725 632 1782 vitam
662 1721 1088 1778 misericorditer
1139 1719 1431 1774 revocavit.
1480 1718 1672 1787 Cugita
1701 1723 1756 1772 et

160 1815 452 1872 considera
479 1821 738 1884 quantum
769 1811 990 1883 signum
1021 1825 1136 1864 suae
1165 1807 1470 1862 dilectionis
1491 1807 1634 1862 Deus
1663 1804 1759 1858 tibi

162 1905 301 1972 (scit,
332 1919 458 1959 cum
489 1912 541 1957 te
567 1917 673 1957 non
705 1900 881 1955 solum
911 1897 1266 1970 fugienteum,
1299 1896 1396 1951 sed
1427 1904 1480 1950 et
1509 1902 1759 1949 contem-

160 2002 376 2049 nentem
407 2006 491 2055 se,
540 1999 594 2046 et
617 1989 722 2044 sibi
768 1988 837 2042 ad
883 1995 1114 2042 mortem
1160 1995 1305 2040 tuam
1349 1984 1758 2049 adversantem,

167 2084 235 2138 ad
288 2098 352 2136 se
381 2080 559 2136 redire
607 2088 667 2134 et
723 2077 828 2132 sibi
878 2076 1022 2132 velle
1097 2075 1299 2130 servire
1356 2082 1579 2143 paterna
1627 2085 1764 2126 cura

162 2170 364 2242 coegit.
395 2169 480 2224 Ne
517 2168 756 2224 aestimes
790 2176 1027 2237 unquam
1068 2164 1213 2234 quod
1255 2162 1351 2216 tibi
1371 2161 1553 2216 minus
1581 2161 1766 2214 valeat

163 2259 309 2332 quod
339 2257 630 2328 inccnpisti.
663 2256 788 2310 ideo
811 2253 942 2324 quia
973 2254 1172 2307 timore
1216 2251 1408 2306 mortis
1439 2257 1682 2314 coactus,
1713 2255 1767 2303 et

165 2363 270 2402 non
323 2354 628 2416 spontanea
673 2343 952 2398 voluntate
998 2357 1059 2395 es
1099 2347 1377 2395 attractus.
1434 2338 1560 2392 Non
1615 2337 1766 2391 enim

165 2443 358 2506 pensat
387 2435 534 2488 Deus
593 2439 800 2486 tantum
831 2445 938 2499 quo
990 2429 1142 2484 initio
1200 2428 1289 2482 vel
1319 2440 1427 2498 qua
1482 2425 1768 2481 occasione

166 2527 330 2579 homo
361 2523 565 2576 bonum
603 2519 847 2583 inchoat,
898 2526 1156 2590 quantum
1187 2530 1295 2586 qua
1337 2515 1627 2580 voluntate,
1663 2527 1772 2585 qua

165 2611 461 2666 devotione
488 2606 552 2636 “’
579 2607 816 2681 gratiam
839 2606 944 2662 Dei
962 2605 1258 2677 impensam
1277 2604 1378 2659 sibi
1395 2610 1599 2658 servat.
1632 2603 1772 2656 Nam

167 2699 366 2756 Paulus
425 2697 705 2768 apostolus
749 2701 975 2751 coactus
1031 2709 1324 2750 conversus
1351 2695 1436 2748 est
1491 2691 1560 2746 ad
1611 2690 1774 2744 ﬁdem

167 2787 532 2844 Christianam
567 2805 581 2850 ς
614 2785 711 2840 sed
725 2784 988 2856 quoniam
1006 2787 1121 2839 toto
1141 2782 1308 2837 corde
1326 2781 1488 2836 iidem
1509 2777 1772 2846 servavit,

170 2884 224 2932 et
244 2876 303 2930 in
335 2891 405 2930 ea
424 2890 644 2930 cursum
677 2872 1098 2936 consummavit,
1148 2870 1446 2940 repositam
1481 2867 1586 2922 sibi
1625 2881 1778 2922 coro-

173 2981 298 3020 nam
316 2965 553 3034 justititn
581 2962 876 3035 gaudendo
908 2961 961 3014 in
991 2959 1149 3014 dictis
1179 2959 1296 3013 suis
1323 2955 1774 3013 nobisindicavit.

171 3055 360 3109 Habes
385 3060 565 3108 tecum
617 3050 1002 3106 eharissimum
1035 3047 1249 3103 fratrem
1290 3061 1466 3100 meum
1497 3044 1774 3099 dominum

165 3143 409 3213 priorem
438 3140 727 3195 Ernulfum
757 3146 1097 3206 prmaentem,
1124 3136 1253 3209 quia
1287 3151 1392 3189 non
1428 3134 1604 3187 minus
1619 3145 1782 3204 quam
1812 3122 1862 3185 Β

169 3247 276 3303 ego
309 3230 414 3285 tibi
448 3237 504 3284 et
531 3228 762 3285 scientia
791 3235 842 3282 et
871 3226 1147 3282 voluntate
1178 3229 1362 3294 potest
1389 3223 1700 3288 consulere,
1733 3227 1786 3275 et

167 3327 222 3374 te
273 3333 406 3374 mea
461 3317 782 3373 auctoritate
844 3314 1150 3369 absolvere.
1186 3313 1300 3366 Deo
1358 3315 1412 3366 et
1440 3310 1519 3364 illi
1543 3318 1594 3364 te
1623 3324 1787 3364 com-

170 3408 327 3462 mitto
362 3424 380 3472 ;
417 3405 495 3460 illi
551 3413 676 3475 post
707 3405 882 3458 Deum
915 3411 971 3456 tu
1009 3403 1132 3471 ipse
1170 3409 1221 3455 te
1266 3407 1454 3454 nostro
1475 3398 1704 3453 consilio
1734 3405 1791 3453 et

175 3502 373 3551 nostra
395 3493 646 3563 iussione
684 3491 985 3548 committe.
1019 3489 1203 3545 Gratia
1253 3487 1352 3542 Dei
1385 3487 1652 3542 litteratus
1683 3502 1784 3552 es;

166 3583 466 3641 scientiam
498 3597 658 3653 quam
680 3582 829 3636 Deus
859 3580 914 3633 in
967 3593 1156 3633 amore
1186 3576 1368 3632 saeculi
1428 3583 1481 3630 te
1537 3574 1787 3646 permisi;

173 3674 488 3745 acquirere,
538 3671 606 3725 ad
655 3683 864 3725 morem
921 3665 1041 3730 Dei,
1076 3681 1108 3721 a
1138 3682 1245 3737 quo
1273 3664 1334 3692 ‘”
1365 3665 1534 3718 habes
1579 3661 1625 3716 si
1656 3662 1786 3734 quid

173 3763 382 3828 babes,
438 3763 720 3823 converte,
777 3765 836 3812 ut
875 3772 972 3828 pro
1018 3755 1196 3827 gloria
1244 3761 1473 3822 terrena,
1523 3751 1593 3806 ad
1624 3761 1786 3820 quam

174 3868 274 3920 per
298 3851 512 3906 litteras
538 3855 660 3902 tuas
688 3846 1012 3910 anhelabas,
1046 3843 1276 3915 gloriam
1309 3845 1568 3896 aeternam
1601 3839 1784 3910 adipi-

167 3939 367 4004 scar-is,
402 3952 561 4008 quam
594 3940 686 3990 aut
713 3933 1120 3996 contemnebas,
1154 3939 1246 3986 aut
1290 3929 1469 4000 tepide
1496 3928 1782 3984 desidera-

170 4027 289 4083 bas.
323 4023 769 4082 Consuetudines
799 4023 969 4078 nostri
1029 4021 1234 4089 ordinis
1260 4035 1424 4089 quem
1449 4034 1506 4072 es
1560 4017 1783 4088 ingrcs-

165 4131 286 4182 sus,
322 4115 493 4187 quasi
525 4131 556 4168 a
604 4114 718 4168 Deo
764 4112 1089 4167 constitutas
1126 4108 1373 4164 studiose
1415 4121 1596 4171 serva,
1655 4105 1784 4177 quia

165 4203 322 4258 nulla
355 4203 567 4257 inutilis
598 4210 699 4267 est,
733 4200 880 4256 nulla
908 4212 1263 4270 supervacua.
1298 4195 1536 4251 Consulo
1570 4194 1668 4248 tibi
1725 4201 1782 4249 ut

169 4307 394 4364 quzeras
423 4291 713 4362 epistolam
746 4305 904 4360 quam
959 4303 1065 4359 ego
1125 4285 1232 4340 feci
1261 4284 1482 4339 domino
1525 4282 1779 4351 Lanzoni,

171 4379 404 4450 quando
435 4377 673 4435 novitius
695 4383 816 4434 erat
841 4375 958 4448 (lib.
992 4391 1033 4445 1,
1067 4391 1153 4446 ep.
1177 4373 1296 4442 29).
1337 4369 1417 4426 Ibi
1449 4371 1592 4426 enim
1623 4371 1781 4426 inve-

1915 776 2295 832 Petitdilectio
2314 785 2404 831 tua
2421 784 2476 830 ut
2492 774 2730 845 aliquam
2763 775 2855 829 tibi
2885 775 3138 830 mandem
3171 776 3426 833 consola-

1845 864 2047 919 tionem
2082 883 2094 919 :
2129 866 2271 935 quod
2303 881 2408 935 ego
2446 866 2674 919 libenter
2705 863 2862 930 facio,
2895 865 3348 934 quemadmodum
3382 876 3436 922 te

1847 954 2022 1024 magis
2052 955 2245 1009 decere
2266 963 2317 1008 et
2335 953 2398 982 ⁸⁸⁷
2429 953 2523 1007 tibi
2542 967 2728 1008 coram
2745 954 2857 1007 Deo
2876 953 3132 1023 prodesse
3162 955 3429 1024 intelligo.

1849 1043 2192 1098 Conscientia
2216 1051 2322 1110 tua,
2354 1043 2524 1098 virtus
2552 1049 2664 1109 tua,
2717 1041 3124 1111 perseverantia
3153 1049 3244 1097 tua
3281 1043 3352 1097 sit
3379 1043 3435 1097 in

1850 1139 2145 1202 conspectu
2178 1131 2276 1186 Dei
2307 1130 2605 1186 consolatio
2634 1129 2813 1184 cordis
2843 1129 2940 1184 tui.
2974 1130 3206 1185 Fortiter
3247 1131 3434 1203 egisti,

1854 1221 2072 1290 quando
2101 1220 2496 1291 episcOpatum,
2540 1219 2592 1272 in
2615 1234 2774 1290 quem
2805 1233 2913 1273 non
2943 1219 3244 1273 secundum
3269 1221 3440 1274 Deum

1853 1309 2053 1364 invitus
2074 1309 2318 1364 introsus
2346 1324 2426 1373 es,
2459 1323 2561 1378 pro
2589 1307 2814 1361 veritate
2843 1306 3104 1375 rejecisti.
3123 1308 3243 1362 Non
3261 1308 3444 1363 inten-

1858 1398 1954 1452 dat
1980 1413 2077 1452 cor
2106 1405 2254 1452 tuum
2301 1404 2360 1452 ut
2414 1398 2517 1451 hoc
2574 1397 2720 1450 Deus
2768 1395 2866 1449 tibi
2923 1396 3205 1466 przemium
3237 1396 3449 1451 virtutis

1860 1487 2118 1541 retribuat
2159 1485 2306 1556 quod
2346 1501 2446 1556 pro
2476 1484 2698 1540 veritate
2728 1484 3120 1555 contempsisti.
3153 1485 3452 1540 Pretiosior

1861 1582 1944 1630 est
1974 1575 2132 1630 valde
2149 1575 2316 1629 virtus
2345 1589 2508 1645 quam
2557 1573 2782 1628 servasti
2826 1589 2986 1643 quam
3017 1572 3168 1643 quod
3225 1589 3330 1642 pro
3360 1573 3455 1629 illa

1861 1663 2136 1734 respuisti.
2199 1663 2363 1718 Valde
2419 1663 2583 1734 igitur
2633 1661 2920 1717 decoloras
2990 1661 3456 1732 pulchritudinem

1781 1769 1835 1832 Β
1863 1761 2009 1807 tuam
2041 1769 2219 1808 coram
2252 1753 2394 1822 Deo,
2426 1754 2473 1806 si
2505 1752 2650 1822 quod
2709 1751 2818 1807 vile
2847 1760 2898 1805 et
2929 1752 3293 1806 transitorium
3353 1761 3456 1818 est,

1867 1841 1924 1898 in
1951 1842 2236 1914 praemium
2267 1848 2318 1896 et
2347 1841 2774 1896 consolationem
2806 1848 3091 1910 exspectas
3119 1841 3188 1895 ab
3221 1857 3305 1896 eo.
3337 1841 3461 1896 Non

1870 1931 1990 1986 dico
2021 1930 2166 2002 quod
2195 1929 2568 2000 episcOpatum
2589 1929 2788 1984 habere
2806 1944 2911 1984 non
2931 1927 3152 1992 debeas,
3172 1935 3265 1984 aut
3310 1928 3462 1983 illum

1869 2035 1979 2074 non
2012 2018 2293 2084 merueris,
2327 2018 2421 2073 sed
2455 2033 2651 2072 moneo
2679 2025 2740 2072 ut
2777 2018 2834 2071 in
2861 2017 3200 2073 conscientia
3249 2025 3342 2072 tua
3397 2017 3466 2074 de

1871 2109 2054 2180 gratia
2083 2107 2134 2162 in
2167 2122 2276 2177 qua
2307 2115 2357 2161 te
2386 2107 2534 2161 Deus
2572 2114 2718 2160 stare
2752 2104 2897 2171 fecit,
2930 2105 3190 2177 gaudeas,
3210 2113 3262 2160 et
3292 2105 3466 2160 tribu-

1873 2197 2126 2251 lationem
2152 2205 2207 2251 et
2233 2194 2660 2251 consolationem
2692 2202 2833 2248 tuam
2885 2195 3054 2248 solius
3087 2193 3182 2249 Dei
3229 2193 3466 2265 disposi-

1875 2286 2006 2340 tioni
2056 2287 2330 2340 comittas.
2408 2285 2680 2338 Memento
2749 2282 2895 2352 quod
2950 2281 3183 2353 Spiritus
3248 2291 3470 2339 sanctus

1875 2373 2006 2429 dicit
2030 2389 2042 2428 :
2064 2375 2339 2446 Exspecta
2354 2373 2677 2437 Domi-num,
2693 2373 2941 2427 viriliter
2955 2388 3074 2443 age,
3089 2376 3144 2427 ct
3178 2375 3472 2442 conferte-‘-

1882 2463 2593 2526 turcortuum,etsustine
2612 2460 2912 2516 Dominum
2945 2461 3118 2529 (Psal.
3172 2477 3322 2527 xxvx,
3360 2461 3470 2529 14).

1881 2551 2015 2607 Cum
2042 2551 2210 2605 sentis
2231 2550 2582 2606 necessitates
2602 2556 2657 2603 et
2694 2556 3039 2620 paupertates
3087 2549 3234 2603 circa
3276 2557 3328 2604 te
3368 2550 3474 2603 fer-

1882 2655 2034 2706 vere,
2055 2646 2177 2694 tunc
2195 2647 2372 2694 certus
2385 2647 2502 2693 esto
2520 2639 2694 2692 Deum
2742 2638 2970 2706 gratiam
2985 2653 3136 2692 suam
3155 2637 3251 2692 tibi
3300 2637 3479 2693 multi-

1881 2727 2099 2798 pliciter
2141 2743 2361 2799 augere.
2404 2729 2559 2782 ilanc
2602 2726 2854 2782 desidero
2887 2742 3007 2782 esse
3041 2726 3474 2782 consolationem

1885 2824 2054 2881 tuam,
2080 2816 2135 2868 in
2169 2816 2272 2871 hoc
2300 2815 2552 2870 desidero
2583 2813 2940 2870 utconﬁrmes
2956 2831 3110 2884 spem
3132 2823 3296 2869 tuam.
3323 2815 3476 2870 Tum:

1885 2906 2082 2961 educet
2099 2905 2370 2960 Dominus
2383 2906 2543 2973 quasi
2557 2904 3052 2974 tumenjustitiam
3069 2909 3248 2967 tuam.
3270 2903 3484 2974 etjudt-

1886 2995 2040 3050 cium
2086 2998 2274 3057 tamn,
2315 2997 2583 3063 tanquam
2628 2993 2923 3048 meridiem
2949 2993 3124 3059 (Psal.
3170 3008 3362 3054 xxx".
3394 2993 3477 3062 6).

1895 3081 2034 3150 Quia
2053 3082 2239 3136 nescio
2257 3081 2384 3150 quid
2403 3081 2548 3134 Deus
2565 3080 2633 3135 de
2655 3089 2740 3135 me
2761 3080 3120 3150 disposituras
3147 3081 3230 3145 sit,
3255 3081 3390 3135 nihil
3417 3096 3489 3136 ex

1895 3187 1982 3224 me
2014 3170 2064 3224 in
2090 3169 2515 3225 consolationem
2533 3168 2705 3223 audeo
2736 3171 3067 3238 promittere,
3087 3169 3184 3224 sed
3235 3170 3496 3224 voluntav

1893 3268 1998 3314 tem
2022 3275 2192 3312 meam
2214 3274 2375 3327 quam
2398 3256 2528 3312 mihi
2549 3258 2695 3314 Deus
2713 3257 2863 3311 dedit
2899 3265 2951 3313 et
2972 3265 3026 3312 tu
3074 3258 3338 3327 meruisti,
3363 3273 3491 3328 pos-

1892 3363 2010 3402 sum
2031 3347 2342 3402 ostendere.
2365 3345 2522 3400 Certe
2550 3345 2616 3410 si,
2639 3345 2754 3400 Deo
2766 3345 2954 3408 dante,
2982 3346 3280 3416 aliquando
3293 3361 3490 3416 oppor-

1896 3435 2178 3490 tunitatem
2209 3434 2542 3498 habuero,et
2575 3432 2873 3488 secundum
2897 3449 3096 3502 corpus
3116 3441 3170 3488 et
3191 3434 3491 3488 secundum

1896 3525 2133 3578 animam
2164 3521 2260 3576 tibi
2291 3519 2553 3590 prodesse
2595 3518 2888 3574 desiderio.
2951 3519 3313 3590 Omnipotens
3341 3520 3493 3574 Deus

1895 3611 2154 3667 continua
2183 3617 2346 3664 suate
2375 3607 2711 3679 protectione
2742 3616 2793 3663 et
2831 3607 3204 3666 consolatione
3248 3609 3489 3682 gaudere

1895 3698 2074 3766 faciat,
2107 3699 2273 3753 frater
2301 3696 2372 3752 mi
2403 3696 2751 3753 cbarissime.
2791 3698 2988 3754 Amen.

2440 3803 2776 3860 EPISTOLA
2817 3805 2930 3860 CV.

2051 3925 2122 3966 AD
2152 3923 2506 3967 GUILLELMUM
2537 3916 2969 3967 WINTONIENSEM
3002 3921 3328 3971 εριδοοβωι.

1891 4018 2298 4075 Ilorlatureum
2315 4023 2376 4073 ut
2388 4035 2496 4090 qua
2507 4019 2749 4088 cmperat
2763 4018 2866 4073 ani
2869 4017 2946 4072 mi
2958 4015 3234 4086 ﬁrmitate
3246 4024 3308 4078 in
3320 4025 3489 4082 eccle-

1924 4091 2289 4145 siasticarum
2307 4091 2673 4144 sanctionum
2689 4090 3076 4147 observatione
3093 4098 3439 4163 perseveret.

1960 4196 2272 4250 AxssLMus
2322 4193 2766 4264 archiepiscopus
2823 4193 3020 4251 dilecto
3077 4197 3325 4254 dilectori
3384 4217 3482 4257 suo

1889 4285 2234 4339 Cumanum.
2283 4279 2653 4338 Winloniensi
2711 4282 2993 4355 episcopo,
3023 4286 3251 4341 salutem
3309 4296 3362 4342 et
3423 4288 3483 4343 in

1887 4372 2140 4427 omnibus
2160 4371 2340 4443 gratia
2369 4370 2466 4426 Dei
2497 4369 2784 4426 custodiri.

164 4470 293 4524 nies
323 4466 566 4540 qualiter
599 4474 650 4521 te
682 4465 734 4520 in
767 4463 1033 4536 principio
1057 4459 1430 4518 conversionis
1457 4459 1662 4514 debeas
1692 4457 1784 4514 ba-
1813 4467 1866 4531 D
1968 4459 2236 4529 Quamvis
2263 4469 2360 4530 per
2388 4459 2616 4532 gratiam
2647 4459 2744 4515 Dei
2773 4459 2842 4516 de
2864 4469 3036 4517 vestra
3055 4453 3318 4518 conﬁdam
3345 4481 3482 4521 (ξοην

166 4557 324 4624 bere,
347 4566 406 4612 et
434 4555 825 4611 tentationibus
884 4551 1147 4607 novitium
1207 4548 1658 4621 impugnantibus
1703 4564 1785 4603 rc-

169 4645 473 4716 spondere.
491 4641 903 4698 Absolutionem
925 4646 977 4694 et
995 4637 1369 4695 remissionem
1389 4635 1629 4691 omnium
1648 4651 1784 4706 pec-

168 4742 432 4790 catorum
456 4735 690 4797 tuorum,
713 4735 971 4803 quantum
1019 4744 1262 4799 possum,
1297 4741 1392 4780 oro
1424 4733 1481 4779 ut
1513 4726 1660 4780 Deus
1689 4724 1784 4779 tibi

168 4824 372 4878 tribuat
411 4840 424 4885 ;
455 4822 605 4877 etsic
637 4828 690 4876 te
721 4819 776 4874 in
808 4816 1098 4891 preposito
1125 4816 1306 4886 incmp
1321 4823 1372 4871 to
1423 4814 1712 4881 nutriat,ut
1735 4821 1786 4869 te

167 4911 240 4966 Id
266 4909 512 4984 gloriam
541 4912 800 4966 aeternam
830 4905 1110 4977 perducat.
1149 4904 1352 4957 Amen.

673 5001 1018 5062 EPISTULA
1060 5003 1174 5059 CIV
1211 4999 1296 5056 “‘.

592 5107 839 5152 ANSELHI
877 5106 948 5148 ΑΕ
988 5101 1356 5147 RAYNALDUM.

170 5183 415 5250 Solatur
440 5191 605 5262 plum
627 5187 937 5262 uexatum,
970 5181 1067 5262 qui
1105 5182 1493 5262 episcopatum
1620 5192 1785 5262 quem

303 5249 530 5320 inviiur
545 5260 658 5314 intr
669 5269 812 5312 usus
829 5249 1052 5326 fuerat,
1072 5249 1176 5324 pro
1205 5249 1442 5306 veritate
1457 5249 1657 5320 refecit

244 5361 1042 5435 Axsnnnusmrchiepiscopus
1055 5356 1684 5424 Cantuariae,RAvNALno
1699 5352 1786 5422 ⁸⁸⁸,

1893 4549 2110 4619 stantia,
2146 4555 2322 4603 tamen
2363 4548 2490 4619 quia
2520 4548 2894 4606 indesinenter
2922 4545 3180 4608 desidero
3238 4562 3295 4608 ut
3346 4571 3481 4609 nun-

1894 4654 2054 4711 quam
2097 4651 2130 4692 a
2177 4636 2490 4692 rectitudine
2519 4636 2830 4704 flectamini,
2876 4640 2973 4693 sed
3023 4657 3242 4712 semper
3267 4643 3332 4696 ad
3360 4661 3482 4698 me-

1891 4728 2030 4782 liora
2059 4725 2372 4798 proﬁciatis,
2406 4742 2477 4780 ex
2514 4725 2847 4781 abundantia
2901 4731 3083 4784 cordis
3135 4731 3372 4786 delectat
3395 4749 3482 4788 me

1892 4816 2240 4870 dilectionem
2269 4822 2505 4870 vestram
2536 4814 2836 4871 exhortari.
2890 4815 3093 4874 Omnes
3142 4819 3234 4891 qui
3291 4829 3483 4878 contra

1891 4904 2258 4960 sinceritatem
2286 4903 2587 4958 honestatis
2611 4910 2664 4957 et
2686 4903 2910 4972 justitia‘.
2939 4916 3260 4978 suggerunt,
3319 4926 3481 4967 vene-

1892 4993 2013 5050 nosi
2043 5000 2322 5063 serpentes
2351 4997 2493 5056 sunt,
2528 4989 2621 5044 tilii
2649 4990 2914 5063 serpentis
2933 4994 3156 5067 antiqui.
3191 4996 3346 5068 Rogo
3376 4999 3484 5069 igi-

1892 5087 1977 5138 tur
2025 5100 2140 5151 vos,
2197 5089 2254 5136 ut
2312 5080 2570 5135 dilectum
2601 5079 2858 5145 amicum,
2892 5088 2945 5136 et
2979 5083 3225 5154 consulo,
3258 5093 3312 5141 ut
3369 5085 3484 5143 filio

1891 5172 2229 5236 charissimo,
2261 5175 2320 5223 ut
2345 5167 2390 5222 si
2413 5167 2533 5239 quis
2567 5167 2880 5238 hujusmodi
2902 5170 3057 5225 vobis
3097 5164 3302 5244 aliquid
3341 5191 3481 5231 con-

1892 5267 1978 5316 tra
2007 5257 2290 5315 consilium
2321 5255 2426 5311 Dei
2451 5257 2741 5312 consulere
2778 5256 3023 5325 voluerit,
3057 5276 3333 5333 nunquam
3354 5271 3480 5320 tan-

1892 5353 2007 5405 tum
2037 5345 2282 5402 insibilat
2309 5344 2531 5400 auribus
2560 5345 2753 5403 vestris
2781 5346 3167 5419 promittendo,
3197 5351 3476 5421 minando,

1494 5453 1727 5510 VARUE
1765 5445 2067 5507 LECTION
2072 5445 2176 5502 ES.

243 5563 544 5622 “‘Collata
594 5575 723 5616 cum
754 5557 944 5615 eodem
988 5571 1096 5612 ms.
1153 5552 1339 5620 “'Cua
1388 5547 1673 5622 dilectione
1699 5557 1809 5622 gis.

1858 5554 1966 5615 qua
1994 5539 2288 5615 devotione
2343 5535 2667 5615 “Amorem
2691 5555 2719 5595 a
2759 5551 2866 5613 quo
2897 5561 3005 5600 ms.
3046 5562 3286 5603 amorem
3318 5543 3414 5602 Dei
3445 5565 3479 5604 a

171 5653 290 5710 quo
326 5605 563 5710 Ῠξίξὸἱῖἓὶι
594 5605 943 5710 νέάὶιὶῖτῐέξίέῖ
993 5605 1642 5710 ’ὧιιαιαΓλεοιιεγηαιωο
1691 5618 1846 5674 Edit.
1879 5605 2021 5670 'Pic.
2057 5605 2335 5667 heinaldo.
2422 5605 2706 5684 “’Protcgi
2756 5605 2809 5669 ei
2859 5632 2959 5671 ms.
2999 5634 3218 5688 semper
3259 5619 3476 5691 prologi

170 5699 244 5768 et.
318 5705 584 5764 mDicere
616 5711 669 5761 et
698 5717 808 5759 me.
846 5699 1042 5759 decere
1063 5704 1135 5755 et.
