3998 6076
543 265 642 320 143

1109 261 1165 318 5.
1199 259 1502 316 ANSELMI
1533 259 1876 314 CANTUAR.
1901 253 2229 312 'ARCHIEP.
2265 255 2416 312 OPP.
2450 259 2625 316 PARS
2655 261 2752 316 III.
2783 292 2856 302 —
2882 261 3256 319 EPISTOLzE.

3737 265 3844 320 144

539 388 899 456 blandiendo,
933 385 1197 458 rogando,
1233 388 1292 438 ut
1321 391 1554 437 mentem
1586 388 1820 434 vestram
1849 379 2140 434 invenenet
2166 376 2220 436 A
2252 381 2484 437 servatis
2513 383 2566 436 in
2595 391 2794 451 mente,
2827 392 2878 439 et
2901 383 3263 440 obedientiam
3284 386 3538 443 fraternae
3567 389 3848 445 charitatis

541 477 947 549 persuadendo.
985 477 1091 530 Vos
1119 473 1263 528 scitis
1295 472 1422 539 quia
1452 470 1714 523 Dominus
1738 469 1990 538 reprobat
2011 482 2139 522 con-

544 567 669 622 silia
702 567 1030 637 principum,
1081 561 1360 617 consilium
1391 568 1566 612 autem
1616 557 1830 612 Domini
1859 563 2041 610 manet
2082 555 2137 608 in

542 664 829 710 aeternum.
861 654 974 707 Hoc
1023 650 1147 705 ideo
1170 650 1292 704 dico
1327 647 1450 718 quia
1481 662 1587 700 non
1617 646 1803 700 dubito
1849 645 2137 714 antiquum

547 744 758 798 hostem
796 756 958 812 quem
1004 738 1212 794 fortiter
1253 737 1308 790 in
1357 733 1678 790 rectitudine
1725 731 2137 804 perseverando

538 829 886 896 confudistis,
924 826 1259 882 multimodis
1302 824 1519 880 astutiis
1556 822 1833 892 inquirere
1863 820 2137 892 quomodo

541 927 744 974 statum
787 924 840 973 et
889 917 1091 972 famam
1137 923 1329 972 vestra:
1372 911 1668 968 honestatis
1704 911 1876 982 possit
1907 909 2138 965 subver-

538 1018 675 1072 tere,
734 1013 786 1061 et
814 1005 1032 1060 laudem
1074 1019 1256 1074 quam,
1290 1003 1405 1057 Deo
1431 1000 1740 1070 adjuvante,
1771 998 1952 1070 adepti
1980 997 2136 1061 estis,

540 1095 595 1150 in
653 1095 925 1162 derisum,
978 1093 1124 1166 quod
1173 1093 1318 1146 Deus
1345 1094 1575 1155 avertat,
1617 1097 1954 1145 convertere.
1992 1085 2136 1141 Nihil

544 1183 868 1240 nominatim
901 1181 1058 1237 vobis
1086 1181 1232 1236 unde
1259 1179 1524 1244 caveatis,
1557 1177 1831 1250 significo,
1850 1175 1976 1247 quia
2003 1173 2140 1230 nihil

546 1271 697 1343 quod
731 1271 1078 1340 aliquatenus
1110 1269 1452 1324 honestatem
1479 1265 1778 1333 decoloret,
1809 1279 1993 1320 coram
2025 1264 2140 1317 Deo

547 1358 1068 1432 parvipendendum
1129 1357 1406 1412 existimo.
1461 1354 1825 1424 Omnipotens
1879 1354 2027 1408 Deus
2063 1351 2142 1405 sic

544 1449 712 1503 vitam
744 1455 980 1503 vestram
1026 1461 1243 1516 semper
1279 1452 1334 1500 et
1364 1443 1563 1515 ubique
1592 1443 1646 1497 in
1676 1441 1927 1498 omnibus
1951 1447 2142 1511 prote-

545 1541 641 1609 gat
685 1543 739 1591 et
759 1536 991 1603 muniat,
1027 1542 1084 1588 ut
1110 1533 1260 1588 nullo
1289 1531 1454 1588 modo
1485 1530 1682 1601 aliquis
1733 1529 1901 1584 hostis
1958 1535 2141 1584 vester

544 1625 617 1682 de
646 1623 832 1698 aliquo
861 1639 1018 1680 naevo
1037 1620 1454 1694 pulchritudinis
1483 1627 1680 1676 vestrae
1707 1618 1904 1673 rideat.
1943 1620 2137 1672 Amen.

928 1757 1096 1826 496
1138 1753 1483 1810 EPISTOLA
1522 1753 1634 1809 ενι
1672 1749 1753 1808 δ”.

615 1897 860 1940 ANSBLMI
889 1896 962 1937 AD
993 1895 1318 1936 GUNTERIUM
1346 1894 1665 1936 CANONICUH
1694 1893 1746 1933 S.
1780 1892 2060 1940 QUINTINI.

544 2008 688 2066 Eum
721 2009 853 2064 licet
882 2006 1092 2069 quietis
1119 2007 1604 2068 amantissimum,
1640 2007 1855 2069 tamen,
1901 2002 1951 2057 si
1985 2002 2139 2058 elec-

619 2087 712 2137 tus
737 2085 839 2144 est,
873 2075 1071 2134 debere
1091 2077 1368 2148 fratribus
1388 2093 1494 2148 per
1521 2076 1897 2132 obedientiam
1925 2075 2141 2129 servire

619 2157 679 2208 et
701 2151 921 2207 abbatis
952 2165 1094 2206 onus
1125 2149 1332 2204 subire.

618 2279 922 2332 Asssums
965 2288 1154 2327 servus
1183 2270 1452 2328 Ecclesiae
1482 2269 1909 2336 Cantuariensis,
1941 2267 2140 2324 dilecto

547 2365 707 2423 fratri
734 2372 788 2420 et
816 2368 994 2420 amico
1021 2359 1084 2390 “'
1114 2360 1412 2416 GUNTERIO
1443 2360 1713 2416 canonico
1748 2358 1930 2414 Sancti
1962 2356 2140 2426 Quin-

542 2456 665 2522 tini,
698 2452 932 2509 salutem
955 2455 1009 2506 et
1030 2449 1129 2506 Dei
1149 2464 1370 2520 semper
1387 2448 1505 2521 regi
1536 2447 1784 2504 consilio.

617 2544 766 2599 Sicut
794 2541 978 2608 audio,
1000 2555 1124 2595 cum
1173 2538 1371 2593 fratres
1392 2537 1557 2592 vestri
1587 2535 2003 2592 Bellovacenses
2040 2549 2142 2591 ca-

547 2631 737 2689 nonici
767 2629 1026 2685 Ecclesiae
1047 2626 1228 2682 Sancti
1254 2625 1498 2694 Quintini
1529 2641 1637 2680 non
1679 2631 1903 2691 temere,
1945 2625 2040 2679 sed
2070 2624 2142 2679 ob

545 2721 748 2776 multas
796 2717 1041 2772 rationes
1097 2715 1376 2770 dominum
1425 2713 1673 2768 Odonem
1719 2713 1800 2779 ⁴⁹⁰,
1833 2714 1924 2782 qui
1977 2712 2142 2768 modo

549 2816 731 2865 vester
767 2805 940 2862 abbas
983 2803 1200 2869 dicitur,
1249 2801 1438 2858 volunt
1480 2801 1548 2856 ab
1577 2802 1680 2856 hac
1718 2801 2034 2872 prmlatione
2064 2816 2146 2855 re-

550 2913 796 2964 movere,
847 2899 902 2949 et
928 2899 1161 2948 vestram
1188 2889 1582 2947 fraternitatem
1638 2890 1761 2946 loco
1782 2890 1902 2960 ejus
1934 2889 2144 2944 substi-

548 2993 706 3041 tuere
733 3001 746 3047 ;
779 2981 877 3038 sed
899 2981 1088 3036 timent
1114 2977 1176 3008 ⁴⁹¹
1207 2994 1277 3034 ne
1295 2987 1475 3034 vestra
1508 2978 1704 3049 religio
1726 2986 1943 3049 propter
1989 2992 2142 3032 amo-

2246 470 2300 526 in
2330 487 2495 542 opere
2522 487 2536 540 ;
2572 488 2731 542 quam
2759 473 2802 527 si
2832 474 3004 528 solam
3037 476 3572 545 contemplationem,
3607 480 3844 534 aliorum

2247 562 2644 616 contemnendo
2675 577 2872 633 preces
2917 570 2969 618 et
3024 564 3334 633 utilitatem,
3394 567 3570 622 velitis
3611 569 3843 640 eligere.

2246 650 2400 706 Vale.

2762 747 3110 806 EPISTOLA
3149 750 3316 806 CVII.

2379 865 2625 908 ΑΝεεωη
2654 867 2726 908 AD
2755 870 3077 911 MATIIILDEM
3107 871 3355 912 REGINAM
3382 870 3707 913 ANGLORUH.

2500 943 2576 998 De
2605 943 2865 1002 benevolo
2896 947 3109 1017 reginae
3138 963 3269 1018 erga
3288 962 3345 1002 se
3375 948 3586 1002 animo.

2319 1046 2566 1104 Domina:
2594 1057 2646 1104 et
2666 1049 2789 1106 tiliae
2818 1051 2872 1106 in
2902 1053 3018 1108 Deo
3049 1052 3265 1109 dilectae
3293 1055 3593 1118 MA'rmLm,
3637 1051 3844 1124 reginae

2247 1135 2572 1206 Anglorum,
2629 1141 2959 1208 Amsnuws,
3001 1142 3447 1214 archiepiscopus
3509 1141 3840 1206 Cantuarias,

2247 1225 2480 1280 salutem
2535 1233 2588 1281 et
2634 1227 3072 1285 benedictionem
3123 1230 3244 1298 Dei,
3271 1238 3324 1285 et
3352 1246 3526 1296 suam,
3577 1241 3841 1301 quantum

2247 1318 2451 1384 potest,
2486 1321 2541 1368 et
2568 1315 2763 1371 ﬁdeles
2791 1318 3064 1374 orationes
3092 1333 3218 1375 cum
3243 1319 3480 1375 servitio.

2319 1405 2380 1456 In
2413 1403 2600 1458 litteris
2630 1404 2746 1459 suis
2775 1405 3040 1463 celsitudo
3069 1415 3254 1464 vestra
3281 1415 3492 1464 tantum
3533 1423 3628 1464 me
3658 1407 3846 1464 laetifi-

2248 1493 2392 1546 cavit
2421 1501 2684 1562 quantum
2711 1494 2781 1548 de
2811 1511 2872 1550 se
2903 1495 3098 1551 bonam
3130 1512 3287 1567 spem
3316 1496 3487 1552 dedit.
3516 1495 3670 1552 Solet
3691 1496 3846 1552 enim

2249 1595 2374 1636 esse
2404 1589 2549 1636 certa
2570 1598 2698 1653 spes
2718 1584 3075 1640 correctionis
3099 1585 3318 1640 humilis
3346 1586 3616 1656 susceptio
3644 1600 3844 1642 corre-

2247 1669 2447 1725 ctionis
2477 1677 2532 1725 et
2551 1671 2889 1727 monitionis.
2930 1673 3152 1728 Gratias
3167 1673 3332 1745 igitur
3351 1689 3457 1746 ago
3486 1674 3608 1730 Deo
3637 1674 3734 1746 qui
3753 1673 3846 1729 dat

2163 1732 2220 1794 Β
2247 1757 2448 1814 bonam
2472 1758 2808 1816 voluntatem
2828 1759 2987 1815 vobis
3006 1778 3169 1833 quam
3199 1761 3255 1816 in
3275 1732 3628 1833 respuensione
3655 1732 3843 1819 vestra

2247 1846 2384 1902 mihi
2421 1845 2804 1918 signiﬁcastis;
2837 1856 2890 1904 et
2919 1850 3122 1921 gratias
3169 1865 3275 1923 ago
3327 1850 3488 1907 vobis
3542 1850 3672 1923 quia
3719 1865 3844 1905 eam

2249 1935 2398 1991 dulci
2424 1934 2622 1992 affectu
2641 1937 2894 1994 servatis.
2937 1938 3093 1994 Unde
3116 1955 3218 1995 oro
3248 1941 3424 1995 Deum
3463 1947 3521 1994 ut
3549 1939 3704 2010 quod
3723 1939 3845 2010 ipse

2248 2024 2405 2081 vobis
2452 2023 2875 2082 misericorditer
2920 2026 3163 2099 inspirat,
3195 2036 3484 2084 conservet
3509 2036 3566 2084 et
3619 2036 3846 2101 augeat,

2251 2121 2520 2185 quatenus
2547 2127 2670 2169 cum
2699 2113 2882 2170 anima
2904 2123 3084 2171 vestra
3124 2116 3192 2171 de
3212 2131 3443 2187 corpore
3497 2116 3691 2172 exiens
3721 2125 3849 2172 ante

2249 2209 2604 2274 conspectum
2653 2203 2773 2272 ejus
2829 2204 3267 2275 praesentabitur,
3327 2205 3597 2262 felicitatis
3626 2214 3853 2262 aeternas

2249 2290 2534 2360 praemium
2552 2291 2620 2346 ab
2650 2307 2716 2348 eo
2745 2292 3030 2363 suscipiat.
3057 2292 3116 2348 Si
3149 2301 3325 2348 vestra
3338 2293 3630 2364 prudentia
3659 2299 3854 2366 egeret

2251 2379 2433 2435 doceri
2463 2379 2696 2452 qualiter
2719 2387 2779 2435 ut
2806 2381 2921 2436 Deo
2972 2381 3260 2452 placeretis
3298 2382 3570 2438 deberetis
3625 2381 3846 2450 vivere,

2249 2467 2521 2524 studerem
2550 2468 2848 2524 secundum
2864 2484 3028 2539 posse
3043 2485 3227 2524 meum
3259 2467 3369 2526 hoc
3388 2469 3707 2527 ostendere.
3736 2470 3848 2526 Sed

2252 2558 2537 2629 quoniam.
2566 2557 2666 2613 Dei
2693 2556 2890 2629 gratia,
2923 2573 3022 2613 vos
3051 2558 3252 2613 mentis
3279 2557 3553 2614 intellectu
3580 2558 3723 2614 inter
3753 2559 3849 2614 bo-

2251 2661 2378 2701 num
2409 2645 2689 2700 et-malum
2719 2661 2832 2701 non
2855 2646 3051 2717 ignoro
3069 2645 3403 2714 discernere,
3446 2649 3550 2704 hoc
3564 2661 3727 2720 rogo,
3746 2649 3854 2703 hoc

2251 2749 2464 2804 precor,
2495 2737 2602 2790 hoc
2629 2749 2845 2802 moneo,
2877 2741 2934 2789 ut
2964 2735 3066 2790 hoc
3094 2736 3168 2790 sit
3223 2736 3396 2791 vestri
3424 2736 3610 2792 cordis
3647 2735 3854 2791 indeﬁ-

2251 2823 2402 2879 ciens
2458 2823 2816 2893 propositum,
2881 2831 3144 2893 quatenus
3207 2823 3265 2878 in
3328 2824 3584 2879 omnibus
3634 2824 3856 2880 actibus

2253 2913 2468 2978 vestris,
2500 2911 2713 2983 magnis
2742 2919 2796 2967 et
2824 2912 3027 2982 parvis,
3077 2912 3180 2966 hoc
3204 2913 3382 2983 potius
3436 2912 3651 2985 eligatis
3707 2912 3858 2982 quod

2253 3000 2432 3072 magis
2462 3001 2576 3055 Deo
2594 3000 2810 3071 placere
2824 2999 3085 3069 probatis.
3105 3000 3250 3055 Satis
3277 3001 3369 3072 pio
3398 3009 3453 3057 et
3479 3002 3626 3057 dulci
3651 3000 3857 3057 affectu

551 3090 668 3130 rem
697 3071 894 3144 quietis
915 3084 1074 3142 quam
1095 3083 1239 3124 nunc
1267 3067 1499 3134 διδθίίεν
1531 3081 1641 3122 που
1695 3065 1826 3120 νεῘίῑ
1862 3065 2147 3156 melitioni
2177 3085 2228 3150 C
2258 3085 2312 3139 in
2339 3065 2547 3140 Eisdem
2577 3065 2774 3139 litteris
2802 3065 3158 3156 signiﬁcastis
3187 3065 3294 3140 vos
3312 3101 3490 3141 meum
3514 3087 3568 3140 in
3585 3086 3857 3156 Angliam

555 3178 743 3221 eorum
801 3158 962 3215 facile
1015 3157 1340 3213 consentire.
1377 3156 1650 3223 Quoniam
1680 3169 1815 3226 ergo
1843 3154 2021 3210 sciunt
2050 3171 2150 3211 vos

555 3267 736 3308 meam
765 3247 1123 3304 humilitatem
1153 3245 1407 3316 diligere,
1435 3251 1488 3300 et
1517 3249 1744 3315 sperant
1770 3258 1867 3298 vos
1894 3243 2018 3314 plus
2030 3259 2151 3298 meo

556 3355 720 3411 quam
751 3337 1113 3410 quorumdam
1142 3334 1375 3389 consilio
1404 3333 1649 3400 credere,
1688 3339 1891 3403 rogant
1917 3347 2004 3387 me
2022 3331 2152 3402 quid

553 3430 685 3486 inde
715 3427 948 3482 sentiam
977 3431 1172 3480 vestrm
1207 3421 1456 3478 charitati
1485 3421 1793 3476 ostendere.
1856 3420 2072 3489 Utique,
2107 3419 2154 3473 si

553 3516 613 3570 in
666 3530 898 3586 corpore
957 3511 1153 3568 Christi
1197 3511 1430 3567 invicem
1480 3525 1666 3564 sumus
1725 3507 1866 3564 alter
1931 3508 2154 3563 alterius

556 3603 828 3670 membra,
864 3609 918 3657 et
948 3599 1180 3654 maxime
1211 3599 1267 3652 in
1303 3613 1412 3652 una
1468 3598 1848 3668 religiosarum
1895 3612 2156 3668 persona-

562 3708 687 3746 rum
745 3688 1014 3755 Ecclesia,
1075 3688 1167 3758 qui
1227 3701 1338 3741 non
1395 3685 1658 3756 permittit
1683 3701 1782 3740 nec
1810 3684 1926 3740 vult
1965 3689 2022 3738 ut
2051 3684 2158 3739 alia

561 3779 806 3834 membra
827 3781 883 3832 et
911 3783 1078 3831 totum
1107 3789 1307 3844 corpus
1332 3789 1392 3828 se
1421 3781 1640 3828 utantur
1667 3782 1724 3828 ut
1757 3788 1855 3828 suo
1885 3773 2154 3842 membro,

564 3882 676 3922 non
732 3865 896 3923 video
955 3862 1229 3933 quomodo
1284 3862 1459 3932 possit
1494 3877 1552 3917 se
1574 3861 1812 3932 probare
1851 3861 2157 3917 membrum

565 3955 715 4010 illius
746 3951 992 4024 corporis
1027 3968 1040 4015 ;
1077 3959 1129 4006 et
1157 3951 1200 4005 si
1226 3965 1422 4021 corpus
1451 3950 1579 4004 illud
1602 3958 1682 4005 est
1711 3965 1907 4021 corpus
1936 3949 2157 4017 Christi,

567 4042 843 4116 quomodo
873 4056 935 4097 se
966 4039 1214 4096 ostendat
1243 4054 1366 4094 esse
1392 4039 1692 4094 membrum
1728 4039 1956 4094 Christi.
1981 4040 2078 4094 Est
2106 4043 2162 4093 et

567 4132 735 4200 aliud,
769 4130 903 4204 quia
933 4144 1112 4198 nemo,
1145 4128 1191 4183 si
1241 4136 1390 4184 recte
1419 4144 1478 4183 se
1508 4133 1719 4196 tractat,
1758 4127 1861 4182 sibi
1916 4128 2019 4183 soli
2051 4128 2164 4184 vult

563 4221 761 4279 vivere
795 4218 930 4288 ;sed
981 4218 1121 4274 sicut
1166 4215 1437 4272 desiderat
1466 4223 1519 4271 et
1546 4216 1737 4282 credit,
1771 4216 1821 4271 si
1851 4216 2160 4272 membrum

564 4311 668 4368 Dei
697 4317 799 4377 est,
835 4307 1017 4364 omnia
1047 4303 1340 4363 commoda
1369 4303 1604 4360 aliorum
1646 4304 2022 4360 membrorum
2062 4321 2161 4360 sua

563 4403 724 4457 erunt
751 4398 804 4453 in
834 4397 1018 4452 futura
1035 4395 1146 4450 vita
1181 4413 1195 4462 ;
1227 4395 1305 4448 ita
1334 4393 1494 4448 debet
1525 4393 1663 4448 velle
1709 4401 1766 4448 ut
1795 4393 1840 4448 si
1871 4394 1998 4465 quid
2029 4393 2159 4449 boni

565 4493 649 4544 est
678 4487 730 4541 in
763 4501 842 4551 se,
871 4485 1101 4540 aliorum
1140 4483 1210 4537 sit
1239 4481 1292 4536 in
1324 4481 1579 4553 praesenti
1618 4482 1752 4541 vita.
1790 4481 2024 4538 Consule
2045 4482 2158 4554 igi-

565 4583 675 4641 tur,
708 4581 973 4646 quantum
1004 4572 1062 4626 in
1099 4586 1187 4625 me
1217 4577 1316 4634 est,
1349 4576 1401 4624 et
1449 4585 1659 4640 precor,
1718 4569 1884 4624 frater
1910 4579 1960 4626 et
1989 4571 2162 4626 amice

566 4662 910 4727 charissima,
939 4669 997 4714 ut
1027 4659 1072 4714 si
1092 4666 1199 4714 tota
1229 4665 1410 4713 vestra
1435 4658 1806 4730 congregatio,
1857 4658 1943 4714 vel
1971 4660 2162 4715 melior

562 4766 710 4822 pars,
738 4748 964 4803 consilio
982 4747 1402 4802 reverendorum
1432 4746 1816 4818 episCOporum
1831 4747 2157 4802 IvonisCar-

559 4837 808 4894 notensis
838 4840 892 4890 et
925 4833 1150 4891 Galoois
1175 4835 1492 4888 Parisiensis
1522 4833 1606 4900 "’,
1628 4839 1756 4906 quia
1779 4836 1965 4890 Patres
1994 4834 2158 4890 vestri

564 4927 783 4982 fuerunt
805 4931 973 4979 etvos
1002 4922 1357 4988 nutriverunt,
1390 4937 1488 4977 vos
1535 4922 1797 4978 instanter
1835 4924 2060 4995 elegerit
2089 4925 2157 4978 ad

563 5016 671 5071 hoc
701 5013 845 5083 quod
903 5027 1067 5084 supra
1096 5010 1229 5075 dixi,
1262 5026 1330 5065 ne
1368 5011 1588 5066 omnino
1645 5011 1926 5084 refugiatis
1979 5029 2157 5084 neque

554 5099 1024 5175 impersuasibilis
1081 5097 1346 5155 existatis.
1407 5099 1599 5154 Utilius
1657 5101 1808 5155 enim
1841 5100 1996 5158 vobis
2040 5117 2156 5157 esse

555 5191 829 5259 existimo,
888 5190 937 5245 si
993 5187 1230 5260 quietem
1260 5187 1740 5260 contemplationis
1771 5205 1874 5262 per
1914 5205 2156 5246 amorem

2257 3173 2490 3228 reditum
2522 3172 2877 3236 desiderare;
2909 3189 3097 3229 verum
3153 3190 3330 3244 neque
3377 3174 3537 3230 video
3585 3174 3742 3230 illum
3800 3175 3860 3230 in

2259 3263 2412 3330 cujus
2441 3269 2708 3332 potestate
2747 3262 2980 3317 maxime
3009 3269 3094 3318 est
3146 3263 3350 3318 reditus
3379 3279 3534 3319 meus
3589 3272 3860 3337 quantum

2261 3351 2329 3406 ad
2357 3350 2634 3406 hominem
2664 3349 2919 3419 pertinet,
2956 3351 3010 3405 in
3041 3352 3147 3407 hoc
3175 3350 3442 3407 voluntati
3485 3352 3582 3408 Dei
3611 3368 3859 3410 concor-

2261 3439 2413 3507 dare,
2454 3455 2630 3508 neque
2659 3440 2855 3494 anima:
2887 3455 3023 3494 mea:
3052 3439 3273 3511 expedit
3309 3441 3383 3494 ab
3412 3455 3479 3496 ea
3513 3441 3857 3498 discordare.

2263 3529 2328 3584 Et
2349 3528 2516 3583 timeo
2547 3543 2614 3582 ne
2636 3527 2788 3582 tarde
2808 3527 3078 3600 intelligat
3105 3543 3166 3583 se
3194 3544 3226 3583 a
3255 3535 3409 3585 recta
3437 3529 3523 3585 via
3576 3530 3860 3600 deviasse,

2265 3616 2547 3672 consilium
2568 3615 2665 3670 Dei
2688 3615 3018 3686 spernendo,
3050 3623 3100 3672 et
3122 3617 3345 3672 consilia
3375 3617 3700 3690 principum,
3735 3636 3864 3692 qua:

2264 3704 2534 3760 Dominus
2561 3704 2835 3773 reprobat,
2854 3705 3150 3776 sequendo.
3175 3707 3370 3761 Certus
3383 3710 3568 3762 tamen
3589 3723 3712 3762 sum
3729 3709 3866 3779 quia

2265 3793 2560 3865 aliquando
2585 3793 2872 3864 intelliget.
2895 3792 3254 3864 Omnipotens
3287 3795 3441 3850 Deus
3470 3800 3713 3851 vestram
3753 3813 3865 3852 ex-

2267 3882 2572 3938 cellentiam
2598 3885 2653 3936 et
2681 3897 2857 3936 meam
2888 3881 3210 3952 parvitatem
3233 3882 3525 3955 aliquando
3554 3883 3622 3939 de
3665 3893 3866 3941 mutua

2267 3970 2480 4026 visione
2502 3969 2799 4024 secundum
2829 3985 2984 4024 suam
3013 3971 3346 4026 voluntatem
3383 3971 3643 4041 lmtiﬁcet,
3693 3981 3748 4029 et
3807 3975 3868 4029 in

2267 4059 2428 4118 vobis
2453 4059 2648 4132 gratiae
2668 4074 2782 4114 sua:
2801 4058 2946 4114 dona
2975 4059 3312 4130 multiplicet.

2719 4180 3059 4239 EPISTOLA
3097 4182 3270 4240 CVIII
3306 4182 3367 4214 ‘"
3381 4227 3396 4240 .

2301 4298 2540 4340 ANSELMI
2569 4298 2640 4338 AD
2669 4295 3033 4349 PARMANNUH,
3067 4299 3396 4342 οιιουνιΝωί
3421 4300 3492 4340 ΕΤ
3521 4300 3829 4346 BENJAMIN.

2272 4371 2383 4447 Cur
2411 4373 2630 4447 eisnon
2658 4373 2833 4444 possit
2863 4373 3164 4447 concedere
3193 4379 3256 4447 ut
3295 4375 3366 4430 ad
3386 4375 3580 4447 ipsum
3603 4381 3866 4434 veniant.

2187 4441 2241 4504 D
2309 4445 2562 4514 Singulis
2589 4441 2780 4499 autem
2811 4459 3003 4499 eorum
3035 4441 3474 4514 difﬁcultatibus
3503 4449 3828 4519 respondet.

2340 4553 2641 4606 ANSELMUS
2672 4549 3119 4621 archiepiscopus
3174 4550 3506 4606 charissimis
3559 4549 3686 4608 ﬁliis
3712 4553 3868 4611 Fan-

2268 4653 2484 4704 MANNO,
2521 4639 2816 4695 Ottnuvmo
2847 4645 2896 4694 et
2933 4640 3232 4709 BENJAHIN,
3265 4641 3497 4696 salutem
3521 4650 3573 4697 et
3592 4637 3871 4701 benedic-

2267 4731 2470 4784 tionem
2501 4727 2620 4796 Dei,
2653 4733 2707 4782 et
2735 4742 2911 4783 suam.

2339 4835 2484 4902 Scio,
2520 4833 2959 4900 tiliicharissimi,
2984 4834 3112 4907 quia
3154 4832 3468 4893 dilectionis
3523 4837 3871 4898 abundantia

2267 4923 2392 4980 facit
2413 4939 2510 4979 vos
2536 4923 2846 4978 desiderare
2902 4939 3076 4978 meam
3107 4927 3479 4994 praesentiam,
3526 4931 3658 4982 utet
3716 4931 3868 4998 quod

2266 5013 2434 5071 corde
2463 5012 2674 5084 geritis,
2705 5011 2842 5067 sicut
2876 5010 2970 5066 ﬁlii
3001 5013 3156 5083 patri,
3190 5015 3465 5084 aperiatis,
3497 5023 3551 5072 et
3569 5019 3868 5074 consilium

2264 5102 2495 5176 singulis
2541 5099 2812 5172 angustiis
2843 5100 3042 5156 vestris
3071 5101 3372 5172 accipiatis.
3419 5104 3548 5170 Sed,
3611 5108 3868 5177 quamvis

2264 5191 2471 5246 bonum
2499 5190 2567 5246 sit
2594 5189 2794 5245 habere
2823 5189 3026 5246 bonum
3053 5188 3230 5246 zelum
3261 5199 3314 5248 et
3359 5192 3715 5265 laudabilem,
3775 5203 3865 5250 ta-

1867 5314 2102 5371 VARLE
2137 5316 2440 5374 LECTION
2447 5316 2549 5374 ES.

618 5414 830 5474 “‘Cum
860 5412 1048 5474 eodem
1080 5429 1189 5471 ms.
1228 5411 1460 5481 collata.
1523 5406 1779 5469 “’Amico
1809 5413 1884 5468 G.
1923 5431 2031 5470 ms.
2069 5413 2250 5471 amico
2283 5414 2572 5472 Gunterio.
2616 5415 2970 5473 “Dominum
3000 5413 3066 5473 Ο.
3100 5433 3202 5474 ms.
3268 5415 3551 5476 dominum
3584 5418 3859 5478 Odanem.

545 5487 732 5561 "‘Sed
751 5499 937 5561 tamen
963 5486 1438 5561 _ms._sed_‘tir_nent.
1471 5483 1929 5561 "priseoporu_m
1953 5485 2293 5542 Carnotensis
2309 5494 2363 5542 et
2393 5488 2716 5544 Parisiensis
2747 5506 2852 5545 ms.
2877 5490 3137 5561 EpiscOp.
3165 5491 3369 5547 Yvonis
3400 5495 3756 5552 Cartonensis
3787 5503 3842 5551 et

545 5560 770 5618 Gelonis
799 5559 1153 5616 Parisiensis.
1190 5554 1404 5613 “'Cum
1432 5555 1622 5614 eodem
1640 5554 1753 5612 ms;
1777 5559 2012 5615 collata.
