4010 6064
162 271 266 326 185

1459 270 1589 326 LIB.
1619 268 1713 336 Ill,
1747 265 1973 324 EPIST.
2012 269 2161 328 CIX.

3357 275 3458 332 N6

155 413 286 456 men
315 395 364 452 si
390 411 502 453 non
547 401 632 453 est
672 397 968 453 secundum
1017 395 1322 464 scientiam,
1356 410 1464 450 non
1512 403 1595 451 est
1639 395 1757 448 Deo
1787 396 1842 452 A
1871 393 2102 466 impellit
2151 395 2268 453 sine
2321 395 2664 453 discretione.
2721 398 2920 470 Neque
2971 399 3278 471 intelligere
3333 399 3460 454 ani-

157 485 529 557 acceptabile.
572 487 746 542 Vultis
774 488 976 542 habere
1006 501 1038 540 a
1065 501 1153 541 me
1184 485 1455 540 licentiam
1486 491 1542 538 ut
1570 483 1639 538 ad
1669 499 1755 536 me

159 575 422 644 veniatis,
455 575 554 630 sed
598 591 698 643 pro
740 584 888 631 certo
937 590 1127 630 verum
1171 582 1255 628 est
1293 574 1419 644 quia
1458 571 1754 636 difficilius,

157 664 270 718 imo
302 663 700 734 impossibilius
727 663 834 719 hoc
868 667 965 728 est,
1000 677 1162 733 quam
1179 678 1278 718 vos
1291 661 1353 691 ⁴⁹⁴
1373 661 1753 736 cognoscatis;

157 752 247 806 via
295 752 464 806 nimis
511 751 695 824 longa,
728 768 866 824 gens
915 760 1192 820 extranea,
1219 751 1319 806 iter
1358 750 1754 822 periculosum;

158 840 418 896 monachi
451 839 519 895 de
549 840 741 894 eadem
773 848 917 896 terra
945 841 1248 910 capiuntur,
1272 839 1414 894 male
1446 845 1759 907 tractantur,

158 928 314 998 equi,
349 937 404 984 et
434 927 481 983 si
508 928 636 998 quid
669 928 888 997 habent,
923 929 1262 984 auferuntur.
1303 929 1534 983 Pecunia
1563 941 1763 997 magna

159 1017 500 1079 necessaria,
536 1017 696 1072 labor
723 1018 928 1090 gravis,
960 1016 1394 1073 exordinationes
1422 1016 1604 1070 multa:
1627 1030 1641 1082 ;
1664 1014 1766 1069 uti-

160 1106 286 1161 litas
317 1121 430 1160 non
461 1105 601 1161 adeo
629 1121 849 1177 magna,
882 1113 939 1160 ut
968 1104 1059 1160 alii
1088 1121 1176 1161 me
1195 1121 1301 1160 non
1318 1105 1766 1174 judicentrepre-

160 1194 518 1258 hensibilem,
543 1195 588 1248 si
606 1194 674 1248 ad
696 1195 839 1250 hunc
859 1210 1140 1248 assensum
1163 1194 1393 1249 exhibeo
1420 1209 1506 1248 me
1527 1191 1762 1248 facilem.

161 1281 219 1337 Si
249 1281 398 1336 mala
432 1299 556 1352 quae
584 1281 714 1337 fiunt
744 1282 797 1336 in
836 1281 1031 1353 Anglia
1059 1291 1111 1337 et
1141 1283 1194 1335 in
1236 1281 1501 1345 Ecclesia,
1531 1295 1652 1352 qua:
1680 1278 1767 1334 vi-

163 1369 310 1426 detis
354 1379 410 1426 et
459 1371 678 1439 auditis,
727 1370 860 1425 mihi
904 1370 1067 1426 vultis
1117 1369 1417 1436 notificare,
1457 1370 1586 1424 satis
1632 1367 1765 1436 scio,

160 1475 385 1530 nequeo
428 1460 740 1531 corrigere;
791 1460 906 1514 Deo
949 1459 1136 1528 dicite,
1171 1467 1226 1514 et
1265 1468 1319 1512 ut
1369 1458 1485 1529 ipse
1532 1457 1772 1527 corrigat

167 1548 546 1618 exspectando
582 1555 755 1602 orate.
789 1547 844 1601 Si
871 1547 1160 1603 consilium
1192 1547 1259 1602 de
1281 1547 1559 1600 animabus
1580 1542 1774 1599 vestris

169 1636 341 1690 vultis
372 1651 645 1708 quaerere,
674 1635 888 1690 habetis
919 1635 1206 1691 vobiscum
1239 1635 1608 1690 venerabilem
1655 1632 1771 1686 fra-

1865 501 2009 538 mam
2043 494 2187 541 tuam
2217 487 2272 540 in
2316 486 2560 556 periculo
2606 503 2728 542 esse
2771 488 3098 558 perditionis
3144 490 3187 542 si
3237 503 3456 544 mecum

1866 573 2016 645 loqui
2047 591 2153 629 non
2187 583 2360 645 potes.
2391 577 2526 629 Nam
2559 576 2604 630 si
2634 592 2812 630 essem
2843 578 2936 632 ubi
2968 577 3277 633 nullatenus
3305 593 3458 634 acce-

1867 663 2000 718 dere
2034 679 2227 734 posses
2258 663 2311 717 in
2343 665 2443 718 hoc
2481 664 2703 730 mundo,
2735 673 2828 719 aut
2857 666 2910 720 in
2959 666 3133 721 altera
3183 667 3315 730 vita,
3347 681 3460 720 non

1869 760 2050 808 tamen
2080 752 2148 807 de
2175 752 2344 808 salute
2373 753 2566 819 animae
2593 760 2698 808 tuae
2733 754 2828 808 tibi
2853 754 3252 823 desperandum
3284 761 3452 810 esset.

1870 843 2067 896 Precor
2111 841 2275 912 igitur
2319 850 2370 896 et
2417 842 2659 906 consulo,
2692 841 2767 896 fili
2814 843 3150 906 charissime,
3191 851 3249 897 ut
3294 841 3459 898 susti-

1871 945 2000 985 neas
2021 929 2142 985 sine
2171 929 2431 986 scandalo
2457 931 2652 986 animte
2679 939 2783 986 tute
2812 932 2908 986 Dei
2930 932 3382 1003 dispositionem;
3405 938 3460 986 et

1871 1019 2168 1075 secundum
2201 1019 2346 1088 quod
2378 1019 2524 1074 vides
2553 1036 2677 1074 eum
2707 1036 2808 1075 nos
2836 1028 2894 1075 et
2922 1037 3042 1090 qua:
3068 1021 3137 1074 ad
3168 1036 3268 1075 nos
3297 1020 3461 1091 perti-

1874 1115 2025 1173 nent,
2070 1109 2342 1170 ordinare,
2376 1107 2531 1161 stude
2577 1115 2632 1162 te
2677 1108 2875 1178 ipsum,
2921 1109 3055 1163 sicut
3097 1108 3362 1164 discretus
3407 1117 3462 1162 et

1876 1196 1966 1264 qui
1996 1212 2149 1265 spem
2182 1195 2344 1250 habet
2393 1195 2444 1249 in
2490 1197 2625 1256 Deo,
2655 1197 2887 1252 salvare.
2920 1197 3000 1251 De
3046 1197 3150 1250 hoc
3195 1197 3338 1266 quod
3382 1204 3460 1262 tu,

1876 1285 2044 1340 frater
2072 1293 2127 1339 et
2156 1284 2249 1338 ﬁlii
2281 1284 2558 1340 Orduvine
2587 1283 2668 1352 “',
2703 1285 2956 1340 obtendis
3002 1286 3135 1340 mihi
3181 1286 3308 1357 quia
3353 1300 3463 1340 non

1878 1374 2045 1429 redeo
2077 1373 2130 1427 in
2161 1373 2432 1444 Angliam,
2467 1374 2606 1429 scito
2627 1375 2753 1444 quia
2775 1389 2880 1428 non
2906 1373 3056 1444 fugio
3076 1383 3330 1436 mortem,
3354 1388 3466 1428 non

1879 1462 2214 1518 abscisiones
2259 1463 2654 1529 membrorum,
2706 1478 2814 1518 non
2861 1463 3118 1534 quaelibet
3177 1469 3464 1530 tormenta,

1883 1552 1981 1607 sed
2011 1559 2292 1622 peccatum
2323 1559 2378 1606 et
2405 1551 2760 1622 ignominiam
2812 1551 3069 1607 Ecclesiae
3099 1551 3220 1611 Dei,
3251 1559 3302 1606 et
3343 1564 3470 1604 ma-

1882 1640 2030 1694 xime
2059 1637 2483 1694 Cantuariensis.
2518 1638 2574 1694 Si
2605 1639 2750 1692 enim
2782 1638 2856 1693 ita
2887 1639 3105 1693 rediero
3134 1645 3193 1691 ut
3219 1644 3469 1705 apertum

168 1733 310 1780 trem
345 1733 400 1779 et
427 1723 594 1778 filium
628 1733 876 1779 nostrum
908 1725 1186 1779 dominum
1208 1724 1440 1794 priorem
1463 1721 1767 1786 Ernulfum,
1797 1749 1853 1811 B
1885 1744 1994 1783 non
2023 1728 2093 1782 sit
2122 1727 2248 1796 quia
2276 1743 2366 1782 rex
2399 1743 2484 1780 me
2515 1726 2775 1795 spoliare,
2810 1734 2859 1781 et
2897 1742 2987 1781 res
3032 1725 3294 1781 Ecclesiae
3341 1723 3472 1778 mihi

169 1813 360 1868 virum
392 1812 753 1884 spiritualem,
786 1812 838 1867 in
872 1829 980 1884 quo
1011 1820 1065 1866 et
1106 1813 1249 1868 bona
1296 1812 1562 1879 voluntas,
1598 1810 1772 1882 gratia

170 1903 296 1966 Dei,
352 1900 614 1965 abundat,
667 1910 719 1956 et
765 1902 1071 1972 sapientia;
1125 1917 1286 1971 quem
1334 1901 1490 1956 vobis
1527 1917 1622 1971 pro
1664 1913 1774 1967 me,

174 1990 334 2062 quasi
367 1991 603 2045 alterum
635 2005 742 2056 me,
769 1989 976 2044 dimisi.
1008 1989 1086 2044 Ad
1117 1990 1271 2044 illum
1303 1989 1455 2058 quasi
1487 1989 1555 2043 ad
1573 2003 1658 2043 me
1680 2004 1778 2042 re-

174 2079 402 2144 currite,
435 2077 512 2132 illi
557 2077 704 2132 velut
743 2078 878 2132 mihi
921 2094 1020 2134 vos
1071 2079 1274 2133 credite
1303 2076 1364 2105 ‘”
1397 2077 1608 2146 ;illum,
1642 2076 1781 2132 sicut

179 2183 293 2234 me,
331 2167 622 2238 suscipite.
663 2167 777 2220 Hoc
827 2166 990 2222 etiam
1040 2166 1281 2222 concedo
1329 2167 1396 2221 de
1443 2163 1505 2194 ⁴⁹⁶
1553 2165 1777 2220 domino

181 2257 456 2327 episcopo
486 2255 780 2325 Gondulfo,
814 2256 859 2310 si
905 2257 1023 2326 quis
1070 2255 1322 2311 voluerit.
1355 2254 1476 2309 Tibi
1524 2253 1672 2322 dico,
1707 2251 1780 2306 fili

189 2346 525 2412 Farmanne,
560 2344 650 2416 qui
681 2343 807 2398 ideo
836 2344 977 2413 petis
1010 2344 1288 2398 licentiam
1313 2343 1439 2397 alibi
1463 2357 1782 2398 conversan-

177 2433 256 2501 di,
289 2433 419 2504 quia
454 2433 510 2486 in
541 2437 616 2487 tot
643 2432 1139 2502 perturbationibus
1184 2432 1424 2486 animam
1474 2439 1619 2486 tuam
1669 2429 1782 2484 sal-

179 2537 317 2577 vare
338 2521 561 2592 nequis,
593 2528 650 2575 ut
679 2520 833 2586 dicis,
865 2536 972 2575 non
1004 2520 1159 2576 decet
1188 2529 1245 2575 ut
1277 2520 1520 2590 quandiu
1554 2535 1652 2574 vos
1672 2534 1780 2574 non

173 2625 404 2682 possum
434 2625 629 2680 regere
660 2624 763 2665 nec
791 2609 1076 2680 colligere,
1111 2609 1367 2680 incipiam
1413 2624 1511 2665 vos
1557 2608 1777 2678 disper-

179 2715 340 2771 gere.
374 2699 498 2752 Non
529 2713 664 2770 ergo
689 2706 773 2752 est
803 2698 1096 2753 consilium
1130 2707 1185 2752 ut
1214 2709 1306 2753 aut
1352 2706 1407 2751 tu
1450 2699 1553 2753 hoc
1602 2706 1776 2768 petas,

179 2793 272 2842 aut
305 2804 414 2859 ego
444 2787 658 2842 faciam.
693 2787 941 2857 Denique
972 2787 1016 2842 si
1047 2787 1136 2841 uni
1168 2795 1258 2841 aut
1279 2787 1491 2841 duobus
1509 2787 1774 2852 concedo,

177 2885 270 2931 aut
323 2876 479 2931 exire
527 2875 596 2931 de
651 2876 916 2942 Ecclesia,
948 2885 1001 2930 ut
1059 2876 1189 2930 alibi
1245 2884 1634 2943 conversetur;
1685 2879 1783 2928 aut

178 2967 332 3022 exire
367 2965 434 3020 de
466 2980 656 3036 regno,
689 2972 746 3018 ut
771 2965 839 3019 ad
873 2981 957 3019 me
982 2965 1187 3030 veniat,
1210 2972 1422 3020 totsunt
1444 2963 1533 3036 qui
1552 2963 1786 3018 similem

175 3056 385 3110 habent
413 3069 652 3122 causam,
688 3061 746 3107 ut
794 3070 902 3108 non
950 3054 1068 3108 sine
1117 3069 1317 3125 magno
1370 3053 1660 3120 seandalo,
1693 3060 1784 3106 aut

178 3145 299 3199 sine
333 3159 537 3214 magna
569 3141 929 3197 dissolutione
958 3141 1072 3196 ﬁeri
1112 3142 1304 3213 possit.
1341 3143 1550 3196 llabeat
1599 3141 1778 3215 igitur,

181 3231 273 3303 qui
306 3233 415 3287 hoc
445 3229 580 3296 vult,
615 3245 735 3284 eam
761 3229 1149 3286 discretionem
1183 3236 1236 3284 et
1267 3230 1584 3300 patientiam
1616 3245 1784 3302 quam

181 3320 392 3375 habent
436 3318 548 3382 alii,
576 3327 631 3372 ut
662 3319 872 3388 pariter
929 3318 984 3372 in
1040 3319 1302 3389 patientia
1358 3327 1546 3374 vestra
1603 3319 1782 3388 possi-

180 3409 364 3464 deatis
391 3410 560 3476 407
597 3407 810 3461 animas
840 3415 1072 3462 vestras.
1091 3407 1208 3462 Tibi
1235 3422 1450 3478 quoque
1468 3407 1561 3461 ﬁlii
1586 3408 1784 3478 Benja-

177 3497 315 3564 min,
349 3496 442 3568 qui
475 3497 592 3550 sine
635 3512 721 3550 me
748 3493 812 3523 "7
843 3495 1062 3565 adjuras
1111 3496 1450 3565 terribiliter,
1485 3504 1536 3551 et
1581 3497 1780 3551 obten-

180 3594 268 3649 dis
319 3593 679 3664 perditionem
726 3593 925 3647 anima:
969 3601 1094 3662 tuae,
1128 3593 1354 3649 ostendo
1399 3602 1457 3649 ut
1502 3593 1582 3648 illi
1628 3592 1782 3662 cujus

180 3691 392 3748 animae
417 3691 592 3746 debeo
621 3698 674 3745 et
704 3690 828 3746 volo
857 3690 1166 3759 consulere,
1199 3691 1326 3760 quia
1355 3698 1463 3745 tam
1513 3689 1780 3746 indiscre-

179 3797 294 3844 tam
328 3805 443 3843 rem
476 3804 582 3844 non
613 3787 849 3844 debuisti
886 3788 1087 3856 facere,
1123 3805 1300 3858 neque
1331 3787 1524 3843 animae
1553 3803 1686 3842 mea:
1730 3794 1784 3842 et

178 3889 383 3942 animae
430 3892 535 3941 tua:
582 3895 688 3940 tarn
731 3901 904 3958 grave
951 3885 1255 3957 periculum
1302 3901 1604 3956 opponere.
1645 3884 1778 3939 Cum

181 3985 333 4042 enim
371 3985 606 4040 animam
637 3985 894 4056 impellis,
924 3992 1182 4054 quantum
1214 3983 1270 4038 in
1318 3992 1370 4040 te
1419 3991 1521 4051 est,
1554 3983 1606 4038 in
1655 3990 1780 4038 tan-

179 4092 292 4139 tum
325 4082 652 4154 periculurn,
681 4089 867 4138 certus
897 4090 1008 4136 esto
1039 4083 1171 4154 quia
1199 4097 1305 4136 non
1340 4090 1419 4137 est
1449 4082 1553 4137 hoc
1583 4081 1781 4138 animae

178 4189 287 4236 tuae
316 4179 544 4235 salubre
575 4179 882 4234 consilium.
904 4177 1063 4247 Quod
1094 4180 1232 4250 petis
1265 4178 1410 4235 nulla
1432 4180 1642 4235 ratione
1664 4178 1778 4234 ﬁeri

178 4285 384 4348 potest.
419 4276 729 4332 lndiscreta
757 4284 810 4331 et
852 4277 1155 4332 inordinata
1203 4277 1500 4332 temeritate
1545 4276 1780 4331 forsitan

178 4375 294 4431 fleri
327 4382 540 4447 posset.
575 4375 696 4429 Non
725 4373 869 4429 enim
903 4383 986 4430 est
1015 4374 1335 4430 rationabile
1353 4373 1504 4446 sequi
1529 4389 1776 4445 quocun-

1809 3103 1860 3167 C

1885 1816 2205 1874 commissas
2246 1815 2528 1882 invadere,
2572 1815 2712 1871 sicut
2759 1815 2906 1880 fecit,
2939 1830 3048 1870 non
3096 1813 3305 1881 debuit,
3335 1827 3475 1868 con-

1887 1905 2122 1960 ﬁrmabo
2151 1919 2399 1974 pravam,
2431 1903 2540 1959 imo
2570 1902 2822 1958 servilem
2853 1911 2906 1958 et
2925 1903 3217 1974 pessimam
3240 1916 3478 1956 consue-

1889 1995 2129 2050 tudinem
2161 1992 2291 2047 mihi
2320 2000 2373 2048 et
2401 1991 2629 2062 posteris
2660 1992 2816 2057 meis,
2849 2006 2972 2047 meo
3020 1990 3295 2060 exemplo,
3329 1988 3478 2060 quod

1887 2083 2037 2138 Deus
2066 2089 2272 2137 avertat
2298 2096 2332 2136 a
2360 2096 2467 2136 me.
2500 2080 2615 2136 Nisi
2645 2095 2779 2152 ergo
2799 2088 3080 2150 peccatum
3098 2095 3254 2132 suum
3272 2093 3480 2148 cogno-

1889 2187 2072 2240 scere,
2104 2178 2158 2225 et
2186 2171 2301 2225 Deo
2331 2169 2658 2224 satisfacere
2687 2168 2754 2223 de
2785 2170 2888 2225 hoc
2915 2168 3058 2240 quod
3089 2167 3148 2222 in
3177 2183 3265 2222 me
3294 2180 3484 2237 pecca-

1890 2262 1967 2316 vit
1995 2265 2050 2314 et
2079 2268 2288 2330 peccat,
2321 2258 2553 2314 voluerit
2579 2256 2675 2320 ⁴⁹⁹;
2709 2265 2767 2312 ιιι
2795 2273 2894 2312 nec
2924 2259 3061 2328 ipse,
3095 2271 3196 2310 nec
3251 2269 3483 2310 succes-

1891 2365 1986 2404 sor
2020 2348 2143 2417 ejus
2173 2347 2302 2402 mihi
2352 2354 2446 2402 aut
2487 2346 2890 2402 successoribus
2938 2345 3096 2412 meis,
3128 2358 3250 2398 meo
3293 2357 3485 2397 exem-

1893 2438 2007 2509 plo,
2041 2437 2224 2491 dicere
2253 2435 2425 2506 possit
2445 2451 2504 2490 se
2535 2436 2639 2491 hoc
2667 2435 2844 2490 facere
2893 2449 2992 2504 per
3034 2430 3486 2488 consuetudinem

1898 2527 2208 2582 nullatenus
2253 2523 2524 2596 intelligo,
2560 2539 2736 2594 neque
2781 2521 2978 2595 aliquis
3020 2519 3355 2575 rationabilis
3396 2519 3488 2572 in-

1901 2615 2169 2677 tellectus,
2200 2614 2474 2685 quomodo
2502 2614 2550 2667 ei
2580 2613 2935 2676 concordare,
2955 2613 3048 2665 aut
3069 2609 3138 2663 ad
3157 2625 3282 2665 eum
3309 2607 3490 2663 redire

1900 2704 2106 2776 possim
2138 2703 2204 2758 ad
2236 2703 2513 2757 honorem
2545 2701 2664 2770 Dei,
2695 2709 2742 2755 et
2773 2698 3034 2755 Ecclesiae
3062 2705 3281 2761 nostrae,
3315 2705 3371 2751 et
3398 2710 3494 2750 sa-

1899 2793 2073 2848 lutem
2105 2793 2299 2847 animae
2329 2807 2486 2845 mete.
2519 2789 2575 2844 Si
2606 2789 2662 2843 tit
2690 2789 2820 2844 mihi
2853 2789 2997 2861 quod
3030 2786 3146 2842 fieri
3187 2785 3368 2849 debet,
3404 2785 3485 2839 fa-

1900 2883 2040 2939 ciam
2075 2881 2217 2952 quod
2249 2881 2425 2934 debeo
2455 2879 2527 2933 ad
2560 2881 2816 2933 honorem
2836 2876 2956 2932 Dei.
2989 2879 3110 2931 Pax
3128 2874 3354 2930 Domini
3372 2889 3495 2944 qua:

1899 2973 2209 3042 exsuperat
2239 2985 2459 3024 omnem
2492 2983 2741 3034 sensum,
2773 2965 3059 3022 custodiat
3089 2963 3264 3021 corda
3283 2963 3492 3028 vestra,

1898 3065 1956 3118 et
1984 3058 2399 3132 intelligentias
2436 3061 2650 3112 vestras
2670 3054 2905 3128 (Philip.
2939 3069 3016 3122 tv,
3051 3055 3134 3124 7).

2427 3161 2764 3219 EPISTOLA
2793 3162 2940 3218 CIX.

2044 3271 2288 3310 ANSELMI
2326 3269 2393 3308 AD
2435 3267 2723 3307 HENRICUII
2761 3265 2951 3306 REGE!
2988 3263 3322 3304 ΑΝαιοιιυιι.

1897 3363 2146 3431 Corripit
2175 3378 2358 3431 regem
2394 3359 2538 3431 quod
2579 3359 2880 3431 pecuniam
2923 3358 3118 3428 inique
3146 3356 3486 3431 _e_.2_:igeret_‘a

1957 3425 2298 3506 presbyteris
2339 3425 2951 3506 Anglire_'vi_olr_ttoribus
2991 3425 3223 3506 concilii
3267 3425 3480 3506 Londi-

1959 3495 2152 3559 ἶηρνηδίἷς
2175 3505 2241 3558 ab
2264 3495 2528 3557 Anseimo
2551 3501 2745 3563 habiti,
2769 3516 2899 3554 cum
2919 3501 3065 3554 hanc
3081 3498 3315 3569 culpam
3353 3495 3485 3551 vin-

1959 3576 2148 3631 dicare
2174 3591 2288 3630 non
2317 3575 2605 3646 pertineat
2629 3573 2745 3627 nisi
2766 3571 2839 3626 ad
2867 3571 3168 3643 epismpos.

1962 3664 2242 3731 Hnmuco,
2270 3678 2366 3717 suo
2397 3660 2716 3717 charissimo
2747 3659 2988 3727 domino,
3019 3657 3199 3730 gratia
3228 3657 3327 3713 Dei
3366 3656 3489 3730 regi

1887 3758 2212 3830 Anglorum,
2260 3759 2584 3818 Amemus,
2637 3752 3081 3826 archiepiscopus
3151 3752 3483 3818 Cantuarios,

1887 3847 2078 3902 fideles
2107 3845 2378 3901 orationes
2407 3861 2526 3900 cum
2560 3842 2704 3898 fideli
2735 3843 2988 3898 servitio.

1956 3936 2038 3990 Ad
2084 3951 2172 3990 me
2221 3935 2472 4004 pertinet,
2514 3933 2560 3986 si
2606 3931 2773 3987 audio
2818 3931 2964 4001 quod
3013 3930 3230 3986 faciatis
3277 3930 3486 4002 aliquid

1887 4025 2034 4096 quod
2062 4023 2259 4079 anima:
2288 4031 2484 4078 vestrae
2511 4037 2620 4076 non
2651 4021 2927 4092 expediat,
2961 4029 3017 4074 ut
3044 4020 3148 4076 hoc
3175 4021 3334 4076 vobis
3375 4034 3487 4074 non

1885 4122 2118 4179 taceam,
2168 4128 2238 4166 ne
2287 4112 2431 4182 quod
2479 4112 2624 4165 Deus
2667 4116 2897 4177 avertat,
2931 4110 3078 4163 Deus
3125 4109 3384 4164 irascatur
3431 4115 3487 4162 et

1884 4203 2064 4269 vobis,
2094 4201 2137 4255 si
2171 4200 2357 4255 facitis
2387 4199 2530 4268 quod
2579 4198 2660 4252 illi
2703 4213 2812 4252 non
2853 4196 3087 4268 placeat,
3120 4205 3171 4250 et
3204 4196 3338 4251 mihi
3383 4211 3485 4268 pro

1885 4289 2247 4347 taciturnitate
2269 4303 2410 4343 mea.
2436 4287 2613 4342 Audio
2631 4286 2777 4358 quod
2801 4294 2981 4341 vestra
3002 4285 3326 4341 excellentia
3355 4284 3483 4340 vin-

1886 4381 2084 4437 dictam
2114 4385 2332 4434 exercet
2359 4393 2523 4448 super
2551 4375 2907 4447 presbyteros
2949 4373 3178 4441 Angliae,
3211 4381 3265 4429 et
3303 4372 3478 4428 foris-

184 4489 292 4545 que
361 4488 463 4527 nos
528 4471 760 4544 impetus
825 4471 1012 4540 animi,
1060 4473 1220 4528 etiam
1247 4471 1393 4528 bona
1454 4462 1850 4541 intentione,D
1883 4471 2145 4526 facturam
2191 4468 2303 4538 (~26)
2335 4465 2506 4539 exigit
2553 4465 2624 4522 ab
2671 4464 2769 4536 eis,
2821 4463 2948 4537 quia
2995 4478 3105 4519 non
3135 4471 3482 4519 servaverunt

1487 4597 1720 4654 VARUS
1758 4593 2184 4652 LECTIONES.

251 4693 500 4763 "‘Quam
528 4708 626 4750 vos
651 4710 757 4749 ms.
790 4694 896 4751 hoc
920 4703 1000 4750 est
1029 4712 1187 4757 atram
1220 4711 1335 4750 vos.
1352 4695 1548 4749 “‘llihi
1578 4695 1784 4751 credite
1812 4711 1918 4751 ms.
1940 4692 2069 4747 mihi
2099 4706 2196 4747 vos
2219 4689 2438 4763 credite.
2459 4687 2702 4763 _‘_’_°Etiam
2727 4686 2793 4763 de
2823 4702 2929 4763 ms.
2949 4685 3109 4763 etiam
3130 4685 3372 4743 concedo
3390 4686 3479 4763 de.

179 4757 366 4834 “Qui
391 4781 479 4821 me
507 4782 612 4820 ms.
645 4765 737 4836 qui
767 4766 846 4822 sic
873 4783 978 4822 me.
1010 4765 1257 4822 "'Frater
1285 4766 1524 4823 Orduine
1559 4783 1665 4822 ms.
1702 4765 1870 4822 frater
1925 4774 1978 4820 et
2021 4763 2095 4818 fili
2143 4762 2411 4819 Orduine.
2449 4759 2787 4826 “'l’eccavit,
2821 4757 3048 4816 voluerit
3095 4775 3201 4815 ms.
3231 4759 3482 4832 peccavit

182 4846 234 4894 et
259 4845 478 4910 peccat,
519 4837 775 4892 voluerit.

1391 4938 1418 4990 .l
1425 4935 1614 4992 ΟΑΝΝ
1621 4936 1685 4992 IS
1728 4935 2004 4992 PICARDI
2042 4933 2270 4988 NOTrE.

262 5034 380 5101 ('27)
401 5034 848 5102 Foris/'acturam
863 5035 1066 5103 exigit.
1089 5033 1498 5103 Foris/"actura,
1514 5035 1774 5102 foris/ac-

191 5107 264 5159 tio
285 5107 733 5175 eti/oris/‘actuni
768 5105 932 5175 vulgo
966 5121 1260 5175 synonyma
1299 5113 1437 5158 sunt.
1461 5105 1559 5159 llic
1595 5111 1774 5158 autem

189 5173 538 5247 lorisfactura
557 5173 828 5247 significat
845 5173 1064 5230 multam
1088 5173 1454 5247 pecuniariam
1475 5191 1507 5229 a
1528 5175 1774 5247 principe

185 5245 270 5301 Vel
293 5245 480 5311 judice
500 5245 820 5316 delinquinti
863 5246 1191 5316 impositam,
1211 5245 1459 5301 Amende
1493 5261 1564 5316 en
1598 5245 1774 5316 puni-

193 5317 313 5371 tion
331 5316 411 5387 du
425 5319 651 5386 for/ait.
668 5315 742 5370 Et
761 5315 837 5369 sic
858 5318 1074 5387 quidam
1099 5318 1182 5372 hic
1203 5317 1373 5386 accipi
1392 5315 1620 5387 suadent
1656 5318 1775 5369 An-

188 5386 345 5440 selmi
370 5387 536 5441 verba
557 5388 672 5441 hanc
695 5405 707 5440 :
731 5409 753 5433 «
775 5385 910 5441 Dico
925 5389 1067 5442 enim
1089 5388 1242 5442 vobis
1257 5385 1400 5456 quOd
1417 5386 1569 5440 valde
1582 5385 1777 5441 timere

193 5456 405 5510 debetis
430 5457 559 5528 quia
591 5458 820 5528 pecunia
835 5458 1009 5514 taliter
1024 5467 1246 5527 accepta
1265 5464 1344 5528 (ut
1371 5465 1576 5512 taceam
1600 5472 1775 5528 quan-

191 5535 304 5581 tum
349 5527 542 5582 noceat
583 5527 799 5592 animos)
829 5545 937 5584 non
983 5538 1208 5591 tantum,
1257 5545 1378 5583 cum
1422 5527 1776 5596 expendetur,

193 5595 480 5666 adiuvabit
517 5605 731 5655 terrena
775 5598 1015 5672 negotia,
1048 5608 1307 5672 quantum
1352 5595 1707 5670 perturbabit.
1751 5619 1772 5648 lt

1884 5033 1976 5086 Sic
2007 5047 2190 5086 rursus
2210 5035 2501 5101 usurpatur
2521 5029 2571 5082 in
2593 5028 2810 5099 legibus
2828 5027 3102 5101 Willclmi
3121 5029 3305 5094 Nothi,
3326 5031 3472 5101 apud

1884 5100 2356 5174 Rogersllonedq
2391 5117 2518 5174 pag.
2554 5102 2671 5174 342.
2702 5101 2806 5154 fac.
2840 5105 2909 5155 2:
2947 5123 2969 5149 σι
3002 5099 3162 5174 Ωιιρά
3183 5102 3246 5167 si,
3274 5099 3469 5173 inquit,

1883 5171 2038 5228 aliter
2085 5171 2292 5233 fecerit,
2339 5171 2516 5224 solvat
2552 5173 2974 5225 satisfacturam.
3015 5194 3036 5217 ιι
3090 5172 3153 5225 Et
3201 5171 3470 5241 pagase-

1884 5244 2067 5314 quenti
2103 5260 2114 5296 :
2172 5265 2194 5292 ι
2251 5241 2532 5298 Reddatur
2569 5242 2856 5314 _de_rebus
2901 5241 3137 5296 hominis
3181 5241 3340 5314 illius,
3378 5244 3472 5313 qui

1883 5311 2235 5370 calumniatus
2291 5322 2389 5377 est,
2441 5311 2587 5383 quod
2641 5312 2833 5384 dicitur
2880 5327 3093 5380 scapus,
3138 5321 3199 5366 et
3249 5311 3476 5384 insuper

1885 5389 2030 5457 regis
2063 5384 2420 5457 forisfactura.
2464 5407 2485 5432 η
2524 5384 2590 5437 Et
2635 5383 2764 5457 folio
2805 5385 2930 5457 345,
2959 5399 3088 5457 pag.
3123 5387 3154 5438 2
3188 5400 3221 5457 :_
3247 5407 3268 5430 αι
3305 5383 3478 5457 Sacca

1885 5453 1986 5516 est.
2021 5457 2164 5525 quod
2194 5456 2236 5508 si
2270 5455 2522 5526 quislibet
2563 5453 2886 5508 nominatim
2925 5453 3160 5523 aliquem
3193 5455 3260 5508 de
3287 5455 3476 5526 aliquo

1885 5527 2242 5582 calumniatus
2292 5525 2481 5593 fuerit,
2532 5534 2585 5578 et
2629 5526 2720 5579 ille
2782 5529 3084 5594 negaverit,
3139 5525 3481 5579 forisfactura

1887 5598 2222 5671 probationis
2267 5596 2354 5652 vel
2401 5596 2712 5666 negationis
2759 5595 2804 5649 si
2850 5596 3112 5662 evenerit,
3145 5609 3245 5650 sua
3292 5597 3416 5649 erit.
3455 5614 3476 5643 ιι
