  <div class='ocr_page' id='page_1' title='image "/cluster/home/n/w/nwhite01/storage/ocr_20150623/159/hvd.32044054760178/079.png"; bbox 0 0 3998 6076; ppageno 0'>
   <div class='ocr_carea' id='block_1_1' title="bbox 482 191 3798 270">
    <p class='ocr_par' dir='ltr' id='par_1_1' title="bbox 482 191 3798 270">
     <span class='ocr_line' id='line_1_1' title="bbox 482 191 3798 270; baseline -0.004 -9"><span class='ocrx_word' id='word_1_1' title='bbox 482 201 590 270; x_wconf 68' lang='grc' dir='ltr'><strong>1ιῖ</strong></span> <span class='ocrx_word' id='word_1_2' title='bbox 1037 199 1094 259; x_wconf 89' lang='lat' dir='ltr'><strong>S.</strong></span> <span class='ocrx_word' id='word_1_3' title='bbox 1131 201 1439 258; x_wconf 82' lang='lat' dir='ltr'><strong>ANSELMI</strong></span> <span class='ocrx_word' id='word_1_4' title='bbox 1468 199 1812 257; x_wconf 72' lang='lat' dir='ltr'><strong>CANTL&#39;AR.</strong></span> <span class='ocrx_word' id='word_1_5' title='bbox 1845 192 2166 254; x_wconf 78' lang='lat' dir='ltr'><strong>ARCIIIRP.</strong></span> <span class='ocrx_word' id='word_1_6' title='bbox 2199 191 2356 250; x_wconf 84' lang='lat' dir='ltr'><strong>OPP.</strong></span> <span class='ocrx_word' id='word_1_7' title='bbox 2395 194 2572 252; x_wconf 81' lang='lat' dir='ltr'>PARS</span> <span class='ocrx_word' id='word_1_8' title='bbox 2604 196 2695 250; x_wconf 82' lang='lat' dir='ltr'><strong>Ill.</strong></span> <span class='ocrx_word' id='word_1_9' title='bbox 2729 225 2797 234; x_wconf 86' lang='lat'><strong><em>——</em></strong></span> <span class='ocrx_word' id='word_1_10' title='bbox 2827 191 3221 250; x_wconf 62' lang='lat' dir='ltr'><strong>EPISTOLxE.</strong></span> <span class='ocrx_word' id='word_1_11' title='bbox 3679 193 3798 249; x_wconf 67' lang='grc'><strong>148</strong></span> 
     </span>
    </p>
   </div>
   <div class='ocr_carea' id='block_1_2' title="bbox 485 319 3798 402">
    <p class='ocr_par' dir='ltr' id='par_1_2' title="bbox 485 319 3798 402">
     <span class='ocr_line' id='line_1_2' title="bbox 485 319 3798 402; baseline -0.003 -18"><span class='ocrx_word' id='word_1_12' title='bbox 485 335 815 402; x_wconf 58' lang='lat' dir='ltr'><strong>praeceptum</strong></span> <span class='ocrx_word' id='word_1_13' title='bbox 861 329 1075 392; x_wconf 81' lang='lat' dir='ltr'><strong>concilii</strong></span> <span class='ocrx_word' id='word_1_14' title='bbox 1130 327 1276 400; x_wconf 89' lang='lat' dir='ltr'><strong>quod</strong></span> <span class='ocrx_word' id='word_1_15' title='bbox 1323 341 1429 398; x_wconf 90' lang='lat' dir='ltr'><strong>ego</strong></span> <span class='ocrx_word' id='word_1_16' title='bbox 1486 342 1614 381; x_wconf 82' lang='lat' dir='ltr'><strong>cum</strong></span> <span class='ocrx_word' id='word_1_17' title='bbox 1669 333 1846 381; x_wconf 86' lang='lat' dir='ltr'><strong>vestro</strong></span> <span class='ocrx_word' id='word_1_18' title='bbox 1898 323 2082 378; x_wconf 80' lang='lat' dir='ltr'><strong>favore</strong></span> <span class='ocrx_word' id='word_1_19' title='bbox 2111 320 2167 382; x_wconf 80' lang='grc' dir='ltr'><strong>Λ</strong></span> <span class='ocrx_word' id='word_1_20' title='bbox 2266 322 2333 376; x_wconf 86' lang='lat' dir='ltr'><strong>Et</strong></span> <span class='ocrx_word' id='word_1_21' title='bbox 2365 323 2564 402; x_wconf 38' lang='lat' dir='ltr'><strong>comi-ti</strong></span> <span class='ocrx_word' id='word_1_22' title='bbox 2585 321 2972 402; x_wconf 73' lang='lat' dir='ltr'><strong>deMelIentoi</strong></span> <span class='ocrx_word' id='word_1_23' title='bbox 2991 319 3377 402; x_wconf 63' lang='lat' dir='ltr'><strong>qutEeclesia’.</strong></span> <span class='ocrx_word' id='word_1_24' title='bbox 3407 320 3798 402; x_wconf 44' lang='grc' dir='ltr'><strong>,ςυρψ-[ωο-</strong></span> 
     </span>
    </p>
   </div>
   <div class='ocr_carea' id='block_1_3' title="bbox 486 391 3653 490">
    <p class='ocr_par' dir='ltr' id='par_1_3' title="bbox 486 391 3653 490">
     <span class='ocr_line' id='line_1_3' title="bbox 486 391 3653 490; baseline 0 -40"><span class='ocrx_word' id='word_1_25' title='bbox 486 391 640 484; x_wconf 47' lang='lat' dir='ltr'><strong>iam“</strong></span> <span class='ocrx_word' id='word_1_26' title='bbox 666 391 812 490; x_wconf 55' lang='lat' dir='ltr'>&#39;ﬂpud</span> <span class='ocrx_word' id='word_1_27' title='bbox 845 391 1183 481; x_wconf 50' lang='grc' dir='ltr'><strong>ιοηάοηίωξι</strong></span> <span class='ocrx_word' id='word_1_28' title='bbox 1210 431 1333 472; x_wconf 68' lang='lat' dir='ltr'><strong>cum</strong></span> <span class='ocrx_word' id='word_1_29' title='bbox 1358 391 1488 470; x_wconf 48' lang='lat' dir='ltr'><strong>Quis</strong></span> <span class='ocrx_word' id='word_1_30' title='bbox 1525 415 1805 486; x_wconf 65' lang='lat' dir='ltr'><strong>episcopis</strong></span> <span class='ocrx_word' id='word_1_31' title='bbox 1851 420 1904 468; x_wconf 67' lang='grc' dir='ltr'><strong>ει</strong></span> <span class='ocrx_word' id='word_1_32' title='bbox 1943 412 2077 467; x_wconf 63' lang='lat' dir='ltr'><strong>re&quot;-</strong></span> <span class='ocrx_word' id='word_1_33' title='bbox 2195 409 2313 450; x_wconf 86' lang='lat' dir='ltr'><strong>rem</strong></span> <span class='ocrx_word' id='word_1_34' title='bbox 2332 394 2693 467; x_wconf 78' lang='lat' dir='ltr'><strong>promiserat,</strong></span> <span class='ocrx_word' id='word_1_35' title='bbox 2728 391 2982 450; x_wconf 76' lang='lat' dir='ltr'><strong>ecclesia:</strong></span> <span class='ocrx_word' id='word_1_36' title='bbox 3004 391 3317 450; x_wconf 81' lang='lat' dir='ltr'><strong>introitum</strong></span> <span class='ocrx_word' id='word_1_37' title='bbox 3335 391 3653 464; x_wconf 71' lang='lat' dir='ltr'><strong>permittit.</strong></span> 
     </span>
    </p>
   </div>
   <div class='ocr_carea' id='block_1_4' title="bbox 489 501 2078 578">
    <p class='ocr_par' dir='ltr' id='par_1_4' title="bbox 489 501 2078 578">
     <span class='ocr_line' id='line_1_4' title="bbox 489 501 2078 578; baseline -0.006 -14"><span class='ocrx_word' id='word_1_38' title='bbox 489 507 665 577; x_wconf 76' lang='lat' dir='ltr'><strong>giosis</strong></span> <span class='ocrx_word' id='word_1_39' title='bbox 696 505 970 578; x_wconf 82' lang='lat' dir='ltr'><strong>personis.</strong></span> <span class='ocrx_word' id='word_1_40' title='bbox 1003 505 1162 574; x_wconf 82' lang='lat' dir='ltr'><strong>Quod</strong></span> <span class='ocrx_word' id='word_1_41' title='bbox 1193 507 1454 560; x_wconf 78' lang='lat' dir='ltr'><strong>hactenus</strong></span> <span class='ocrx_word' id='word_1_42' title='bbox 1477 503 1777 558; x_wconf 86' lang='lat' dir='ltr'><strong>inauditum</strong></span> <span class='ocrx_word' id='word_1_43' title='bbox 1821 509 1874 558; x_wconf 91' lang='lat' dir='ltr'><strong>et</strong></span> <span class='ocrx_word' id='word_1_44' title='bbox 1904 501 2078 557; x_wconf 79' lang='lat' dir='ltr'><strong>inusi-</strong></span> 
     </span>
    </p>
   </div>
   <div class='ocr_carea' id='block_1_5' title="bbox 491 591 2080 664">
    <p class='ocr_par' dir='ltr' id='par_1_5' title="bbox 491 591 2080 664">
     <span class='ocr_line' id='line_1_5' title="bbox 491 591 2080 664; baseline -0.004 -13"><span class='ocrx_word' id='word_1_45' title='bbox 491 604 656 661; x_wconf 76' lang='lat' dir='ltr'><strong>tatum</strong></span> <span class='ocrx_word' id='word_1_46' title='bbox 689 603 772 650; x_wconf 84' lang='lat' dir='ltr'><strong>est</strong></span> <span class='ocrx_word' id='word_1_47' title='bbox 804 596 860 650; x_wconf 89' lang='lat' dir='ltr'><strong>in</strong></span> <span class='ocrx_word' id='word_1_48' title='bbox 893 593 1144 650; x_wconf 79' lang='lat' dir='ltr'><strong>Ecclesia</strong></span> <span class='ocrx_word' id='word_1_49' title='bbox 1175 593 1275 648; x_wconf 87' lang='lat' dir='ltr'><strong>Dei</strong></span> <span class='ocrx_word' id='word_1_50' title='bbox 1305 594 1373 648; x_wconf 90' lang='lat' dir='ltr'><strong>de</strong></span> <span class='ocrx_word' id='word_1_51' title='bbox 1404 593 1514 648; x_wconf 92' lang='lat' dir='ltr'><strong>ullo</strong></span> <span class='ocrx_word' id='word_1_52' title='bbox 1544 609 1675 664; x_wconf 89' lang='lat' dir='ltr'><strong>rege</strong></span> <span class='ocrx_word' id='word_1_53' title='bbox 1704 600 1756 647; x_wconf 89' lang='lat' dir='ltr'><strong>et</strong></span> <span class='ocrx_word' id='word_1_54' title='bbox 1783 593 1852 647; x_wconf 89' lang='lat' dir='ltr'><strong>de</strong></span> <span class='ocrx_word' id='word_1_55' title='bbox 1894 591 2080 661; x_wconf 81' lang='lat' dir='ltr'><strong>aliquo</strong></span> 
     </span>
    </p>
   </div>
   <div class='ocr_carea' id='block_1_6' title="bbox 491 679 2080 755">
    <p class='ocr_par' dir='ltr' id='par_1_6' title="bbox 491 679 2080 755">
     <span class='ocr_line' id='line_1_6' title="bbox 491 679 2080 755; baseline -0.003 -17"><span class='ocrx_word' id='word_1_56' title='bbox 491 684 760 755; x_wconf 84' lang='lat' dir='ltr'><strong>principe.</strong></span> <span class='ocrx_word' id='word_1_57' title='bbox 793 684 915 737; x_wconf 90' lang='lat' dir='ltr'><strong>Non</strong></span> <span class='ocrx_word' id='word_1_58' title='bbox 946 681 1088 736; x_wconf 90' lang='lat' dir='ltr'><strong>enim</strong></span> <span class='ocrx_word' id='word_1_59' title='bbox 1119 683 1351 751; x_wconf 77' lang='lat' dir='ltr'><strong>pertinet</strong></span> <span class='ocrx_word' id='word_1_60' title='bbox 1396 682 1698 737; x_wconf 83' lang='lat' dir='ltr'><strong>secundum</strong></span> <span class='ocrx_word' id='word_1_61' title='bbox 1747 679 1926 751; x_wconf 87' lang='lat' dir='ltr'><strong>legem</strong></span> <span class='ocrx_word' id='word_1_62' title='bbox 1979 679 2080 733; x_wconf 86' lang='lat' dir='ltr'><strong>Dei</strong></span> 
     </span>
    </p>
   </div>
   <div class='ocr_carea' id='block_1_7' title="bbox 495 767 2080 841">
    <p class='ocr_par' dir='ltr' id='par_1_7' title="bbox 495 767 2080 841">
     <span class='ocr_line' id='line_1_7' title="bbox 495 767 2080 841; baseline -0.004 -14"><span class='ocrx_word' id='word_1_63' title='bbox 495 771 806 841; x_wconf 85' lang='lat' dir='ltr'><strong>hujusmodi</strong></span> <span class='ocrx_word' id='word_1_64' title='bbox 836 770 1051 840; x_wconf 81' lang='lat' dir='ltr'><strong>culpam</strong></span> <span class='ocrx_word' id='word_1_65' title='bbox 1084 770 1378 837; x_wconf 89' lang='lat' dir='ltr'><strong>vindicare,</strong></span> <span class='ocrx_word' id='word_1_66' title='bbox 1411 770 1515 824; x_wconf 85' lang='lat' dir='ltr'><strong>nisi</strong></span> <span class='ocrx_word' id='word_1_67' title='bbox 1545 769 1612 824; x_wconf 86' lang='lat' dir='ltr'><strong>ad</strong></span> <span class='ocrx_word' id='word_1_68' title='bbox 1661 769 1912 840; x_wconf 88' lang='lat' dir='ltr'><strong>singulos</strong></span> <span class='ocrx_word' id='word_1_69' title='bbox 1957 767 2080 837; x_wconf 86' lang='lat' dir='ltr'><strong>epi-</strong></span> 
     </span>
    </p>
   </div>
   <div class='ocr_carea' id='block_1_8' title="bbox 493 856 2083 930">
    <p class='ocr_par' dir='ltr' id='par_1_8' title="bbox 493 856 2083 930">
     <span class='ocr_line' id='line_1_8' title="bbox 493 856 2083 930; baseline -0.003 -16"><span class='ocrx_word' id='word_1_70' title='bbox 493 876 690 930; x_wconf 84' lang='lat' dir='ltr'><strong>scopos</strong></span> <span class='ocrx_word' id='word_1_71' title='bbox 718 875 816 930; x_wconf 85' lang='lat' dir='ltr'><strong>per</strong></span> <span class='ocrx_word' id='word_1_72' title='bbox 844 875 972 914; x_wconf 88' lang='lat' dir='ltr'><strong>suas</strong></span> <span class='ocrx_word' id='word_1_73' title='bbox 1002 859 1292 929; x_wconf 79' lang='lat' dir='ltr'><strong>parochias</strong></span> <span class='ocrx_word' id='word_1_74' title='bbox 1317 874 1331 928; x_wconf 88' lang='lat'><strong>;</strong></span> <span class='ocrx_word' id='word_1_75' title='bbox 1365 868 1453 914; x_wconf 90' lang='lat' dir='ltr'><strong>aut</strong></span> <span class='ocrx_word' id='word_1_76' title='bbox 1479 858 1522 911; x_wconf 88' lang='lat' dir='ltr'><strong>si</strong></span> <span class='ocrx_word' id='word_1_77' title='bbox 1552 867 1605 912; x_wconf 89' lang='lat' dir='ltr'><strong>et</strong></span> <span class='ocrx_word' id='word_1_78' title='bbox 1635 857 1735 928; x_wconf 86' lang='lat' dir='ltr'><strong>ipsi</strong></span> <span class='ocrx_word' id='word_1_79' title='bbox 1767 857 2003 928; x_wconf 88' lang='lat' dir='ltr'><strong>episcopi</strong></span> <span class='ocrx_word' id='word_1_80' title='bbox 2027 856 2083 910; x_wconf 87' lang='lat' dir='ltr'><strong>in</strong></span> 
     </span>
    </p>
   </div>
   <div class='ocr_carea' id='block_1_9' title="bbox 495 943 2082 1019">
    <p class='ocr_par' dir='ltr' id='par_1_9' title="bbox 495 943 2082 1019">
     <span class='ocr_line' id='line_1_9' title="bbox 495 943 2082 1019; baseline -0.004 -15"><span class='ocrx_word' id='word_1_81' title='bbox 495 950 604 1004; x_wconf 87' lang='lat' dir='ltr'><strong>hoc</strong></span> <span class='ocrx_word' id='word_1_82' title='bbox 633 947 976 1019; x_wconf 73' lang='lat' dir='ltr'><strong>negligentes</strong></span> <span class='ocrx_word' id='word_1_83' title='bbox 1006 946 1222 1015; x_wconf 78' lang='lat' dir='ltr'><strong>fuerint,</strong></span> <span class='ocrx_word' id='word_1_84' title='bbox 1254 947 1320 1001; x_wconf 86' lang='lat' dir='ltr'><strong>ad</strong></span> <span class='ocrx_word' id='word_1_85' title='bbox 1352 946 1826 1017; x_wconf 83' lang='lat' dir='ltr'><strong>archiepiscopum</strong></span> <span class='ocrx_word' id='word_1_86' title='bbox 1873 952 1928 1000; x_wconf 89' lang='lat' dir='ltr'><strong>et</strong></span> <span class='ocrx_word' id='word_1_87' title='bbox 1965 943 2082 1016; x_wconf 90' lang='lat' dir='ltr'><strong>pri-</strong></span> 
     </span>
    </p>
   </div>
   <div class='ocr_carea' id='block_1_10' title="bbox 495 1035 2085 1108">
    <p class='ocr_par' dir='ltr' id='par_1_10' title="bbox 495 1035 2085 1108">
     <span class='ocr_line' id='line_1_10' title="bbox 495 1035 2085 1108; baseline -0.002 -18"><span class='ocrx_word' id='word_1_88' title='bbox 495 1045 714 1101; x_wconf 80' lang='lat' dir='ltr'><strong>malem.</strong></span> <span class='ocrx_word' id='word_1_89' title='bbox 797 1038 990 1092; x_wconf 81' lang='lat' dir='ltr'><strong>Precor</strong></span> <span class='ocrx_word' id='word_1_90' title='bbox 1061 1037 1224 1108; x_wconf 92' lang='lat' dir='ltr'><strong>igitur</strong></span> <span class='ocrx_word' id='word_1_91' title='bbox 1297 1052 1418 1098; x_wconf 87' lang='lat' dir='ltr'><strong>vos,</strong></span> <span class='ocrx_word' id='word_1_92' title='bbox 1495 1036 1632 1090; x_wconf 82' lang='lat' dir='ltr'><strong>sicut</strong></span> <span class='ocrx_word' id='word_1_93' title='bbox 1702 1035 2085 1091; x_wconf 90' lang='lat' dir='ltr'><strong>charissimum</strong></span> 
     </span>
    </p>
   </div>
   <div class='ocr_carea' id='block_1_11' title="bbox 496 1123 2085 1195">
    <p class='ocr_par' dir='ltr' id='par_1_11' title="bbox 496 1123 2085 1195">
     <span class='ocr_line' id='line_1_11' title="bbox 496 1123 2085 1195; baseline -0.004 -13"><span class='ocrx_word' id='word_1_94' title='bbox 496 1125 798 1190; x_wconf 88' lang='lat' dir='ltr'><strong>dominum,</strong></span> <span class='ocrx_word' id='word_1_95' title='bbox 829 1125 982 1192; x_wconf 85' lang='lat' dir='ltr'><strong>cujus</strong></span> <span class='ocrx_word' id='word_1_96' title='bbox 1028 1124 1269 1180; x_wconf 88' lang='lat' dir='ltr'><strong>animam</strong></span> <span class='ocrx_word' id='word_1_97' title='bbox 1321 1123 1492 1195; x_wconf 84' lang='lat' dir='ltr'><strong>diligo</strong></span> <span class='ocrx_word' id='word_1_98' title='bbox 1519 1123 1805 1194; x_wconf 78' lang='lat' dir='ltr'><strong>plusquam</strong></span> <span class='ocrx_word' id='word_1_99' title='bbox 1839 1137 2085 1194; x_wconf 66' lang='lat' dir='ltr'><strong>praesen-</strong></span> 
     </span>
    </p>
   </div>
   <div class='ocr_carea' id='block_1_12' title="bbox 499 1209 2089 1283">
    <p class='ocr_par' dir='ltr' id='par_1_12' title="bbox 499 1209 2089 1283">
     <span class='ocr_line' id='line_1_12' title="bbox 499 1209 2089 1283; baseline -0.003 -13"><span class='ocrx_word' id='word_1_100' title='bbox 499 1221 607 1270; x_wconf 89' lang='lat' dir='ltr'><strong>tem</strong></span> <span class='ocrx_word' id='word_1_101' title='bbox 637 1214 805 1268; x_wconf 81' lang='lat' dir='ltr'><strong>vitam</strong></span> <span class='ocrx_word' id='word_1_102' title='bbox 837 1213 1081 1283; x_wconf 91' lang='lat' dir='ltr'><strong>corporis</strong></span> <span class='ocrx_word' id='word_1_103' title='bbox 1109 1212 1235 1277; x_wconf 87' lang='lat' dir='ltr'><strong>mei,</strong></span> <span class='ocrx_word' id='word_1_104' title='bbox 1270 1219 1322 1268; x_wconf 90' lang='lat' dir='ltr'><strong>et</strong></span> <span class='ocrx_word' id='word_1_105' title='bbox 1351 1212 1574 1267; x_wconf 91' lang='lat' dir='ltr'><strong>consulo</strong></span> <span class='ocrx_word' id='word_1_106' title='bbox 1603 1211 1740 1267; x_wconf 85' lang='lat' dir='ltr'><strong>sicut</strong></span> <span class='ocrx_word' id='word_1_107' title='bbox 1769 1227 1892 1267; x_wconf 89' lang='lat' dir='ltr'><strong>vere</strong></span> <span class='ocrx_word' id='word_1_108' title='bbox 1914 1209 2089 1266; x_wconf 83' lang='lat' dir='ltr'><strong>ﬁdelis</strong></span> 
     </span>
    </p>
   </div>
   <div class='ocr_carea' id='block_1_13' title="bbox 497 1299 2089 1372">
    <p class='ocr_par' dir='ltr' id='par_1_13' title="bbox 497 1299 2089 1372">
     <span class='ocr_line' id='line_1_13' title="bbox 497 1299 2089 1372; baseline -0.002 -15"><span class='ocrx_word' id='word_1_109' title='bbox 497 1300 716 1372; x_wconf 77' lang='lat' dir='ltr'><strong>corpori</strong></span> <span class='ocrx_word' id='word_1_110' title='bbox 745 1306 802 1356; x_wconf 85' lang='lat' dir='ltr'><strong>et</strong></span> <span class='ocrx_word' id='word_1_111' title='bbox 843 1300 1038 1358; x_wconf 69' lang='lat' dir='ltr'><strong>animae</strong></span> <span class='ocrx_word' id='word_1_112' title='bbox 1090 1309 1306 1368; x_wconf 68' lang='lat' dir='ltr'><strong>vestrae,</strong></span> <span class='ocrx_word' id='word_1_113' title='bbox 1339 1316 1408 1356; x_wconf 89' lang='lat' dir='ltr'><strong>ne</strong></span> <span class='ocrx_word' id='word_1_114' title='bbox 1449 1315 1568 1367; x_wconf 89' lang='lat' dir='ltr'><strong>vos,</strong></span> <span class='ocrx_word' id='word_1_115' title='bbox 1598 1309 1788 1355; x_wconf 86' lang='lat' dir='ltr'><strong>contra</strong></span> <span class='ocrx_word' id='word_1_116' title='bbox 1830 1299 2089 1355; x_wconf 86' lang='lat' dir='ltr'><strong>ecclesia-</strong></span> 
     </span>
    </p>
   </div>
   <div class='ocr_carea' id='block_1_14' title="bbox 501 1387 2091 1460">
    <p class='ocr_par' dir='ltr' id='par_1_14' title="bbox 501 1387 2091 1460">
     <span class='ocr_line' id='line_1_14' title="bbox 501 1387 2091 1460; baseline -0.003 -14"><span class='ocrx_word' id='word_1_117' title='bbox 501 1390 691 1446; x_wconf 83' lang='lat' dir='ltr'><strong>sticam</strong></span> <span class='ocrx_word' id='word_1_118' title='bbox 723 1387 1187 1454; x_wconf 86' lang='lat' dir='ltr'><strong>consuetudinem,</strong></span> <span class='ocrx_word' id='word_1_119' title='bbox 1220 1396 1325 1444; x_wconf 87' lang='lat' dir='ltr'><strong>tam</strong></span> <span class='ocrx_word' id='word_1_120' title='bbox 1356 1404 1524 1460; x_wconf 88' lang='lat' dir='ltr'><strong>grave</strong></span> <span class='ocrx_word' id='word_1_121' title='bbox 1545 1396 1823 1458; x_wconf 85' lang='lat' dir='ltr'><strong>peccatum</strong></span> <span class='ocrx_word' id='word_1_122' title='bbox 1841 1389 2091 1442; x_wconf 81' lang='lat' dir='ltr'><strong>commit-</strong></span> 
     </span>
    </p>
   </div>
   <div class='ocr_carea' id='block_1_15' title="bbox 500 1475 2086 1548">
    <p class='ocr_par' dir='ltr' id='par_1_15' title="bbox 500 1475 2086 1548">
     <span class='ocr_line' id='line_1_15' title="bbox 500 1475 2086 1548; baseline 0.002 -16"><span class='ocrx_word' id='word_1_123' title='bbox 500 1477 656 1541; x_wconf 84' lang='lat' dir='ltr'><strong>tatis;</strong></span> <span class='ocrx_word' id='word_1_124' title='bbox 691 1485 745 1539; x_wconf 85' lang='lat' dir='ltr'><strong>et</strong></span> <span class='ocrx_word' id='word_1_125' title='bbox 799 1476 849 1532; x_wconf 90' lang='lat' dir='ltr'><strong>si</strong></span> <span class='ocrx_word' id='word_1_126' title='bbox 900 1477 1013 1546; x_wconf 91' lang='lat' dir='ltr'><strong>jam</strong></span> <span class='ocrx_word' id='word_1_127' title='bbox 1071 1475 1374 1548; x_wconf 80' lang='lat' dir='ltr'><strong>incepistis,</strong></span> <span class='ocrx_word' id='word_1_128' title='bbox 1406 1483 1464 1530; x_wconf 89' lang='lat' dir='ltr'><strong>ut</strong></span> <span class='ocrx_word' id='word_1_129' title='bbox 1516 1477 1742 1532; x_wconf 88' lang='lat' dir='ltr'><strong>omnino</strong></span> <span class='ocrx_word' id='word_1_130' title='bbox 1797 1477 2086 1535; x_wconf 83' lang='lat' dir='ltr'><strong>desistatis.</strong></span> 
     </span>
    </p>
   </div>
   <div class='ocr_carea' id='block_1_16' title="bbox 498 1564 2094 1637">
    <p class='ocr_par' dir='ltr' id='par_1_16' title="bbox 498 1564 2094 1637">
     <span class='ocr_line' id='line_1_16' title="bbox 498 1564 2094 1637; baseline -0.001 -13"><span class='ocrx_word' id='word_1_131' title='bbox 498 1566 635 1624; x_wconf 83' lang='lat' dir='ltr'><strong>Dico</strong></span> <span class='ocrx_word' id='word_1_132' title='bbox 666 1564 809 1620; x_wconf 91' lang='lat' dir='ltr'><strong>enim</strong></span> <span class='ocrx_word' id='word_1_133' title='bbox 841 1565 1002 1626; x_wconf 82' lang='lat' dir='ltr'><strong>vobis</strong></span> <span class='ocrx_word' id='word_1_134' title='bbox 1031 1565 1176 1635; x_wconf 90' lang='lat' dir='ltr'><strong>quod</strong></span> <span class='ocrx_word' id='word_1_135' title='bbox 1207 1565 1360 1620; x_wconf 87' lang='lat' dir='ltr'><strong>valde</strong></span> <span class='ocrx_word' id='word_1_136' title='bbox 1391 1565 1582 1620; x_wconf 88' lang='lat' dir='ltr'><strong>timere</strong></span> <span class='ocrx_word' id='word_1_137' title='bbox 1613 1565 1828 1620; x_wconf 77' lang='lat' dir='ltr'><strong>debetis</strong></span> <span class='ocrx_word' id='word_1_138' title='bbox 1848 1567 1974 1637; x_wconf 90' lang='lat' dir='ltr'><strong>quia</strong></span> <span class='ocrx_word' id='word_1_139' title='bbox 1997 1582 2094 1635; x_wconf 86' lang='lat' dir='ltr'><strong>pe—</strong></span> 
     </span>
    </p>
   </div>
   <div class='ocr_carea' id='block_1_17' title="bbox 497 1654 2090 1724">
    <p class='ocr_par' dir='ltr' id='par_1_17' title="bbox 497 1654 2090 1724">
     <span class='ocr_line' id='line_1_17' title="bbox 497 1654 2090 1724; baseline -0.002 -12"><span class='ocrx_word' id='word_1_140' title='bbox 497 1655 666 1712; x_wconf 82' lang='lat' dir='ltr'><strong>cunia</strong></span> <span class='ocrx_word' id='word_1_141' title='bbox 695 1654 873 1713; x_wconf 79' lang='lat' dir='ltr'><strong>taliter</strong></span> <span class='ocrx_word' id='word_1_142' title='bbox 901 1662 1147 1724; x_wconf 86' lang='lat' dir='ltr'><strong>accepta,</strong></span> <span class='ocrx_word' id='word_1_143' title='bbox 1182 1662 1238 1710; x_wconf 85' lang='lat' dir='ltr'><strong>ut</strong></span> <span class='ocrx_word' id='word_1_144' title='bbox 1254 1661 1463 1709; x_wconf 85' lang='lat' dir='ltr'><strong>taceam</strong></span> <span class='ocrx_word' id='word_1_145' title='bbox 1487 1662 1744 1724; x_wconf 87' lang='lat' dir='ltr'><strong>quantum</strong></span> <span class='ocrx_word' id='word_1_146' title='bbox 1763 1663 1956 1711; x_wconf 87' lang='lat' dir='ltr'><strong>noceat</strong></span> <span class='ocrx_word' id='word_1_147' title='bbox 1976 1655 2090 1710; x_wconf 89' lang='lat' dir='ltr'><strong>ani-</strong></span> 
     </span>
    </p>
   </div>
   <div class='ocr_carea' id='block_1_18' title="bbox 503 1742 2094 1813">
    <p class='ocr_par' dir='ltr' id='par_1_18' title="bbox 503 1742 2094 1813">
     <span class='ocr_line' id='line_1_18' title="bbox 503 1742 2094 1813; baseline 0 -13"><span class='ocrx_word' id='word_1_148' title='bbox 503 1759 626 1811; x_wconf 68' lang='lat' dir='ltr'><strong>mas,</strong></span> <span class='ocrx_word' id='word_1_149' title='bbox 659 1757 767 1806; x_wconf 83' lang='lat' dir='ltr'><strong>non</strong></span> <span class='ocrx_word' id='word_1_150' title='bbox 802 1750 1007 1798; x_wconf 90' lang='lat' dir='ltr'><strong>tantum</strong></span> <span class='ocrx_word' id='word_1_151' title='bbox 1037 1757 1161 1802; x_wconf 89' lang='lat' dir='ltr'><strong>cum</strong></span> <span class='ocrx_word' id='word_1_152' title='bbox 1191 1742 1529 1813; x_wconf 77' lang='lat' dir='ltr'><strong>expendetur</strong></span> <span class='ocrx_word' id='word_1_153' title='bbox 1568 1742 1844 1812; x_wconf 87' lang='lat' dir='ltr'><strong>adjuvabit</strong></span> <span class='ocrx_word' id='word_1_154' title='bbox 1888 1753 2094 1800; x_wconf 85' lang='lat' dir='ltr'><strong>terrena</strong></span> 
     </span>
    </p>
   </div>
   <div class='ocr_carea' id='block_1_19' title="bbox 501 1829 2094 1904">
    <p class='ocr_par' dir='ltr' id='par_1_19' title="bbox 501 1829 2094 1904">
     <span class='ocr_line' id='line_1_19' title="bbox 501 1829 2094 1904; baseline 0.001 -17"><span class='ocrx_word' id='word_1_155' title='bbox 501 1831 724 1903; x_wconf 83' lang='lat' dir='ltr'><strong>negotia</strong></span> <span class='ocrx_word' id='word_1_156' title='bbox 771 1838 1027 1900; x_wconf 85' lang='lat' dir='ltr'><strong>quantum</strong></span> <span class='ocrx_word' id='word_1_157' title='bbox 1072 1834 1264 1901; x_wconf 85' lang='lat' dir='ltr'><strong>postea</strong></span> <span class='ocrx_word' id='word_1_158' title='bbox 1311 1829 1670 1900; x_wconf 87' lang='lat' dir='ltr'><strong>perturbabit.</strong></span> <span class='ocrx_word' id='word_1_159' title='bbox 1702 1831 1946 1904; x_wconf 88' lang='lat' dir='ltr'><strong>Denique</strong></span> <span class='ocrx_word' id='word_1_160' title='bbox 1994 1848 2094 1888; x_wconf 90' lang='lat' dir='ltr'><strong>vos</strong></span> 
     </span>
    </p>
   </div>
   <div class='ocr_carea' id='block_1_20' title="bbox 503 1919 2092 1991">
    <p class='ocr_par' dir='ltr' id='par_1_20' title="bbox 503 1919 2092 1991">
     <span class='ocr_line' id='line_1_20' title="bbox 503 1919 2092 1991; baseline 0.001 -15"><span class='ocrx_word' id='word_1_161' title='bbox 503 1921 652 1978; x_wconf 84' lang='lat' dir='ltr'><strong>scitis</strong></span> <span class='ocrx_word' id='word_1_162' title='bbox 681 1919 806 1991; x_wconf 79' lang='lat' dir='ltr'><strong>quia</strong></span> <span class='ocrx_word' id='word_1_163' title='bbox 836 1935 924 1975; x_wconf 89' lang='lat' dir='ltr'><strong>me</strong></span> <span class='ocrx_word' id='word_1_164' title='bbox 972 1919 1028 1980; x_wconf 87' lang='lat' dir='ltr'><strong>in</strong></span> <span class='ocrx_word' id='word_1_165' title='bbox 1072 1919 1465 1974; x_wconf 88' lang='lat' dir='ltr'><strong>Northmannia</strong></span> <span class='ocrx_word' id='word_1_166' title='bbox 1512 1919 1570 1972; x_wconf 90' lang='lat' dir='ltr'><strong>in</strong></span> <span class='ocrx_word' id='word_1_167' title='bbox 1617 1935 1807 1990; x_wconf 87' lang='lat' dir='ltr'><strong>pacem</strong></span> <span class='ocrx_word' id='word_1_168' title='bbox 1856 1929 2092 1978; x_wconf 86' lang='lat' dir='ltr'><strong>vestram</strong></span> 
     </span>
    </p>
   </div>
   <div class='ocr_carea' id='block_1_21' title="bbox 504 2007 2093 2079">
    <p class='ocr_par' dir='ltr' id='par_1_21' title="bbox 504 2007 2093 2079">
     <span class='ocr_line' id='line_1_21' title="bbox 504 2007 2093 2079; baseline 0.001 -17"><span class='ocrx_word' id='word_1_169' title='bbox 504 2008 848 2079; x_wconf 82' lang='lat' dir='ltr'><strong>suscepistis,</strong></span> <span class='ocrx_word' id='word_1_170' title='bbox 881 2015 934 2063; x_wconf 91' lang='lat' dir='ltr'><strong>et</strong></span> <span class='ocrx_word' id='word_1_171' title='bbox 961 2008 1032 2063; x_wconf 88' lang='lat' dir='ltr'><strong>de</strong></span> <span class='ocrx_word' id='word_1_172' title='bbox 1061 2007 1525 2078; x_wconf 86' lang='lat' dir='ltr'><strong>archiepiscopatu</strong></span> <span class='ocrx_word' id='word_1_173' title='bbox 1555 2023 1678 2063; x_wconf 89' lang='lat' dir='ltr'><strong>meo</strong></span> <span class='ocrx_word' id='word_1_174' title='bbox 1724 2025 1812 2064; x_wconf 90' lang='lat' dir='ltr'><strong>me</strong></span> <span class='ocrx_word' id='word_1_175' title='bbox 1858 2011 2093 2067; x_wconf 88' lang='lat' dir='ltr'><strong>resarci-</strong></span> 
     </span>
    </p>
   </div>
   <div class='ocr_carea' id='block_1_22' title="bbox 501 2095 2095 2167">
    <p class='ocr_par' dir='ltr' id='par_1_22' title="bbox 501 2095 2095 2167">
     <span class='ocr_line' id='line_1_22' title="bbox 501 2095 2095 2167; baseline 0.003 -16"><span class='ocrx_word' id='word_1_176' title='bbox 501 2095 660 2157; x_wconf 86' lang='lat' dir='ltr'><strong>vistis</strong></span> <span class='ocrx_word' id='word_1_177' title='bbox 685 2111 698 2164; x_wconf 90' lang='lat'>;</span> <span class='ocrx_word' id='word_1_178' title='bbox 730 2099 785 2156; x_wconf 88' lang='lat' dir='ltr'><strong>et</strong></span> <span class='ocrx_word' id='word_1_179' title='bbox 815 2111 943 2152; x_wconf 89' lang='lat' dir='ltr'><strong>cura</strong></span> <span class='ocrx_word' id='word_1_180' title='bbox 972 2096 1100 2167; x_wconf 87' lang='lat' dir='ltr'><strong>quia</strong></span> <span class='ocrx_word' id='word_1_181' title='bbox 1129 2096 1182 2152; x_wconf 90' lang='lat' dir='ltr'><strong>in</strong></span> <span class='ocrx_word' id='word_1_182' title='bbox 1211 2095 1446 2151; x_wconf 88' lang='lat' dir='ltr'><strong>vindicta</strong></span> <span class='ocrx_word' id='word_1_183' title='bbox 1474 2095 1596 2150; x_wconf 90' lang='lat' dir='ltr'><strong>talis</strong></span> <span class='ocrx_word' id='word_1_184' title='bbox 1617 2095 1842 2153; x_wconf 67' lang='lat' dir='ltr'><strong>offensae</strong></span> <span class='ocrx_word' id='word_1_185' title='bbox 1858 2101 2095 2158; x_wconf 84' lang='lat' dir='ltr'><strong>maxime</strong></span> 
     </span>
    </p>
   </div>
   <div class='ocr_carea' id='block_1_23' title="bbox 502 2184 2092 2256">
    <p class='ocr_par' dir='ltr' id='par_1_23' title="bbox 502 2184 2092 2256">
     <span class='ocr_line' id='line_1_23' title="bbox 502 2184 2092 2256; baseline 0.002 -16"><span class='ocrx_word' id='word_1_186' title='bbox 502 2184 736 2256; x_wconf 88' lang='lat' dir='ltr'><strong>pertinet</strong></span> <span class='ocrx_word' id='word_1_187' title='bbox 785 2185 855 2240; x_wconf 88' lang='lat' dir='ltr'><strong>ad</strong></span> <span class='ocrx_word' id='word_1_188' title='bbox 897 2184 1448 2254; x_wconf 84' lang='lat' dir='ltr'><strong>archiepiscOpatum,</strong></span> <span class='ocrx_word' id='word_1_189' title='bbox 1496 2185 1751 2254; x_wconf 91' lang='lat' dir='ltr'><strong>quoniam</strong></span> <span class='ocrx_word' id='word_1_190' title='bbox 1800 2187 1927 2256; x_wconf 86' lang='lat' dir='ltr'><strong>plus</strong></span> <span class='ocrx_word' id='word_1_191' title='bbox 1972 2205 2092 2243; x_wconf 91' lang='lat' dir='ltr'><strong>sum</strong></span> 
     </span>
    </p>
   </div>
   <div class='ocr_carea' id='block_1_24' title="bbox 501 2272 2094 2348">
    <p class='ocr_par' dir='ltr' id='par_1_24' title="bbox 501 2272 2094 2348">
     <span class='ocr_line' id='line_1_24' title="bbox 501 2272 2094 2348; baseline 0.002 -19"><span class='ocrx_word' id='word_1_192' title='bbox 501 2275 790 2345; x_wconf 70' lang='lat' dir='ltr'><strong>episcopus</strong></span> <span class='ocrx_word' id='word_1_193' title='bbox 820 2289 922 2343; x_wconf 92' lang='lat' dir='ltr'><strong>pro</strong></span> <span class='ocrx_word' id='word_1_194' title='bbox 951 2272 1213 2344; x_wconf 85' lang='lat' dir='ltr'><strong>spirituali</strong></span> <span class='ocrx_word' id='word_1_195' title='bbox 1243 2288 1377 2328; x_wconf 89' lang='lat' dir='ltr'><strong>cura</strong></span> <span class='ocrx_word' id='word_1_196' title='bbox 1407 2288 1568 2344; x_wconf 85' lang='lat' dir='ltr'><strong>quam</strong></span> <span class='ocrx_word' id='word_1_197' title='bbox 1599 2290 1695 2344; x_wconf 86' lang='lat' dir='ltr'><strong>pro</strong></span> <span class='ocrx_word' id='word_1_198' title='bbox 1727 2282 1940 2331; x_wconf 89' lang='lat' dir='ltr'><strong>terrena</strong></span> <span class='ocrx_word' id='word_1_199' title='bbox 1962 2293 2094 2348; x_wconf 89' lang='lat' dir='ltr'><strong>pos-</strong></span> 
     </span>
    </p>
   </div>
   <div class='ocr_carea' id='block_1_25' title="bbox 500 2361 2096 2432">
    <p class='ocr_par' dir='ltr' id='par_1_25' title="bbox 500 2361 2096 2432">
     <span class='ocr_line' id='line_1_25' title="bbox 500 2361 2096 2432; baseline -0.001 -10"><span class='ocrx_word' id='word_1_200' title='bbox 500 2362 764 2422; x_wconf 78' lang='lat' dir='ltr'><strong>sessione.</strong></span> <span class='ocrx_word' id='word_1_201' title='bbox 801 2361 1162 2432; x_wconf 89' lang='lat' dir='ltr'><strong>Omnipotens</strong></span> <span class='ocrx_word' id='word_1_202' title='bbox 1189 2363 1337 2418; x_wconf 89' lang='lat' dir='ltr'><strong>Deus</strong></span> <span class='ocrx_word' id='word_1_203' title='bbox 1365 2362 1442 2417; x_wconf 90' lang='lat' dir='ltr'><strong>sic</strong></span> <span class='ocrx_word' id='word_1_204' title='bbox 1473 2372 1528 2418; x_wconf 90' lang='lat' dir='ltr'><strong>et</strong></span> <span class='ocrx_word' id='word_1_205' title='bbox 1554 2362 1610 2416; x_wconf 91' lang='lat' dir='ltr'><strong>in</strong></span> <span class='ocrx_word' id='word_1_206' title='bbox 1640 2364 1743 2418; x_wconf 86' lang='lat' dir='ltr'><strong>hoc</strong></span> <span class='ocrx_word' id='word_1_207' title='bbox 1773 2371 1826 2418; x_wconf 85' lang='lat' dir='ltr'><strong>et</strong></span> <span class='ocrx_word' id='word_1_208' title='bbox 1867 2364 1922 2418; x_wconf 92' lang='lat' dir='ltr'><strong>in</strong></span> <span class='ocrx_word' id='word_1_209' title='bbox 1969 2366 2096 2421; x_wconf 84' lang='lat' dir='ltr'><strong>aliis</strong></span> 
     </span>
    </p>
   </div>
   <div class='ocr_carea' id='block_1_26' title="bbox 499 2451 2094 2523">
    <p class='ocr_par' dir='ltr' id='par_1_26' title="bbox 499 2451 2094 2523">
     <span class='ocr_line' id='line_1_26' title="bbox 499 2451 2094 2523; baseline -0.001 -14"><span class='ocrx_word' id='word_1_210' title='bbox 499 2451 709 2509; x_wconf 87' lang='lat' dir='ltr'><strong>actibus</strong></span> <span class='ocrx_word' id='word_1_211' title='bbox 729 2452 920 2508; x_wconf 87' lang='lat' dir='ltr'><strong>vestris</strong></span> <span class='ocrx_word' id='word_1_212' title='bbox 949 2451 1149 2523; x_wconf 83' lang='lat' dir='ltr'><strong>dirigat</strong></span> <span class='ocrx_word' id='word_1_213' title='bbox 1175 2466 1271 2506; x_wconf 92' lang='lat' dir='ltr'><strong>cor</strong></span> <span class='ocrx_word' id='word_1_214' title='bbox 1297 2455 1534 2506; x_wconf 90' lang='lat' dir='ltr'><strong>vestrum</strong></span> <span class='ocrx_word' id='word_1_215' title='bbox 1563 2451 1859 2506; x_wconf 87' lang='lat' dir='ltr'><strong>secundum</strong></span> <span class='ocrx_word' id='word_1_216' title='bbox 1894 2453 2094 2509; x_wconf 87' lang='lat' dir='ltr'><strong>volun-</strong></span> 
     </span>
    </p>
   </div>
   <div class='ocr_carea' id='block_1_27' title="bbox 499 2536 2095 2608">
    <p class='ocr_par' dir='ltr' id='par_1_27' title="bbox 499 2536 2095 2608">
     <span class='ocr_line' id='line_1_27' title="bbox 499 2536 2095 2608; baseline 0.003 -16"><span class='ocrx_word' id='word_1_217' title='bbox 499 2545 667 2592; x_wconf 86' lang='lat' dir='ltr'><strong>tatem</strong></span> <span class='ocrx_word' id='word_1_218' title='bbox 701 2551 884 2602; x_wconf 87' lang='lat' dir='ltr'><strong>suam,</strong></span> <span class='ocrx_word' id='word_1_219' title='bbox 916 2543 972 2590; x_wconf 90' lang='lat' dir='ltr'><strong>ut</strong></span> <span class='ocrx_word' id='word_1_220' title='bbox 1017 2544 1139 2608; x_wconf 88' lang='lat' dir='ltr'><strong>post</strong></span> <span class='ocrx_word' id='word_1_221' title='bbox 1187 2537 1328 2592; x_wconf 88' lang='lat' dir='ltr'><strong>hanc</strong></span> <span class='ocrx_word' id='word_1_222' title='bbox 1375 2537 1541 2592; x_wconf 85' lang='lat' dir='ltr'><strong>vitam</strong></span> <span class='ocrx_word' id='word_1_223' title='bbox 1585 2536 1846 2608; x_wconf 86' lang='lat' dir='ltr'><strong>perducat</strong></span> <span class='ocrx_word' id='word_1_224' title='bbox 1886 2554 1984 2594; x_wconf 89' lang='lat' dir='ltr'><strong>vos</strong></span> <span class='ocrx_word' id='word_1_225' title='bbox 2024 2540 2095 2596; x_wconf 81' lang='lat' dir='ltr'><strong>ad</strong></span> 
     </span>
    </p>
   </div>
   <div class='ocr_carea' id='block_1_28' title="bbox 500 2624 939 2698">
    <p class='ocr_par' dir='ltr' id='par_1_28' title="bbox 500 2624 939 2698">
     <span class='ocr_line' id='line_1_28' title="bbox 500 2624 939 2698; baseline 0 -16"><span class='ocrx_word' id='word_1_226' title='bbox 500 2624 734 2698; x_wconf 79' lang='lat' dir='ltr'><strong>gloriam</strong></span> <span class='ocrx_word' id='word_1_227' title='bbox 763 2640 939 2688; x_wconf 86' lang='lat' dir='ltr'><strong>suam.</strong></span> 
     </span>
    </p>
   </div>
   <div class='ocr_carea' id='block_1_29' title="bbox 998 2713 1594 2771">
    <p class='ocr_par' dir='ltr' id='par_1_29' title="bbox 998 2713 1594 2771">
     <span class='ocr_line' id='line_1_29' title="bbox 998 2713 1594 2771; baseline -0.003 -1"><span class='ocrx_word' id='word_1_228' title='bbox 998 2714 1350 2771; x_wconf 78' lang='lat' dir='ltr'><strong>EPISTOLA</strong></span> <span class='ocrx_word' id='word_1_229' title='bbox 1380 2714 1475 2769; x_wconf 89' lang='lat' dir='ltr'>CX</span> <span class='ocrx_word' id='word_1_230' title='bbox 1512 2713 1594 2768; x_wconf 84' lang='grc'><strong>⁶⁰⁰.</strong></span> 
     </span>
    </p>
   </div>
   <div class='ocr_carea' id='block_1_30' title="bbox 611 2816 1977 2860">
    <p class='ocr_par' dir='ltr' id='par_1_30' title="bbox 611 2816 1977 2860">
     <span class='ocr_line' id='line_1_30' title="bbox 611 2816 1977 2860; baseline 0 0"><span class='ocrx_word' id='word_1_231' title='bbox 611 2816 851 2860; x_wconf 66' lang='grc' dir='ltr'><strong>ΑΝεΒικι</strong></span> <span class='ocrx_word' id='word_1_232' title='bbox 889 2817 961 2858; x_wconf 70' lang='lat' dir='ltr'><strong>AD</strong></span> <span class='ocrx_word' id='word_1_233' title='bbox 999 2817 1302 2858; x_wconf 68' lang='lat' dir='ltr'><strong>EBNULFUI</strong></span> <span class='ocrx_word' id='word_1_234' title='bbox 1340 2818 1586 2858; x_wconf 67' lang='lat' dir='ltr'><strong>PRIOBBH</strong></span> <span class='ocrx_word' id='word_1_235' title='bbox 1625 2818 1694 2859; x_wconf 78' lang='grc' dir='ltr'><strong>ΒΤ</strong></span> <span class='ocrx_word' id='word_1_236' title='bbox 1731 2819 1977 2860; x_wconf 64' lang='grc' dir='ltr'><strong>ιδίιλτιιῐίε</strong></span> 
     </span>
    </p>
   </div>
   <div class='ocr_carea' id='block_1_31' title="bbox 1063 2889 1534 2930">
    <p class='ocr_par' dir='ltr' id='par_1_31' title="bbox 1063 2889 1534 2930">
     <span class='ocr_line' id='line_1_31' title="bbox 1063 2889 1534 2930; baseline 0.004 -2"><span class='ocrx_word' id='word_1_237' title='bbox 1063 2889 1534 2930; x_wconf 67' lang='grc' dir='ltr'><strong>ΟΑΝΤΠΑΒΙΒΝδΕΞ.</strong></span> 
     </span>
    </p>
   </div>
   <div class='ocr_carea' id='block_1_32' title="bbox 507 2963 2098 3036">
    <p class='ocr_par' dir='ltr' id='par_1_32' title="bbox 507 2963 2098 3036">
     <span class='ocr_line' id='line_1_32' title="bbox 507 2963 2098 3036; baseline 0.001 -15"><span class='ocrx_word' id='word_1_238' title='bbox 507 2965 762 3021; x_wconf 67' lang='lat' dir='ltr'><strong>Excusat</strong></span> <span class='ocrx_word' id='word_1_239' title='bbox 777 2979 836 3019; x_wconf 86' lang='lat' dir='ltr'><strong>se</strong></span> <span class='ocrx_word' id='word_1_240' title='bbox 851 2963 994 3036; x_wconf 85' lang='lat' dir='ltr'><strong>quod</strong></span> <span class='ocrx_word' id='word_1_241' title='bbox 1013 2963 1236 3019; x_wconf 84' lang='lat' dir='ltr'><strong>tardius</strong></span> <span class='ocrx_word' id='word_1_242' title='bbox 1257 2979 1347 3018; x_wconf 87' lang='lat' dir='ltr'><strong>eos</strong></span> <span class='ocrx_word' id='word_1_243' title='bbox 1370 2966 1640 3020; x_wconf 87' lang='lat' dir='ltr'><strong>certiores</strong></span> <span class='ocrx_word' id='word_1_244' title='bbox 1655 2965 1858 3033; x_wconf 78' lang='lat' dir='ltr'><strong>fecerit</strong></span> <span class='ocrx_word' id='word_1_245' title='bbox 1878 2965 1946 3021; x_wconf 87' lang='lat' dir='ltr'><strong>de</strong></span> <span class='ocrx_word' id='word_1_246' title='bbox 1967 2982 2098 3022; x_wconf 88' lang='lat' dir='ltr'><strong>con-</strong></span> 
     </span>
    </p>
   </div>
   <div class='ocr_carea' id='block_1_33' title="bbox 2259 625 3803 699">
    <p class='ocr_par' dir='ltr' id='par_1_33' title="bbox 2259 625 3803 699">
     <span class='ocr_line' id='line_1_33' title="bbox 2259 625 3803 699; baseline -0.003 -18"><span class='ocrx_word' id='word_1_247' title='bbox 2259 627 2564 682; x_wconf 75' lang='lat' dir='ltr'><strong>ANSBLMUS</strong></span> <span class='ocrx_word' id='word_1_248' title='bbox 2593 627 3057 699; x_wconf 85' lang='lat' dir='ltr'><strong>archiepiscOpus,</strong></span> <span class='ocrx_word' id='word_1_249' title='bbox 3084 625 3342 682; x_wconf 77' lang='lat' dir='ltr'><strong>fratribus</strong></span> <span class='ocrx_word' id='word_1_250' title='bbox 3361 633 3413 681; x_wconf 92' lang='lat' dir='ltr'><strong>et</strong></span> <span class='ocrx_word' id='word_1_251' title='bbox 3430 625 3558 684; x_wconf 83' lang='lat' dir='ltr'><strong>ﬁliis</strong></span> <span class='ocrx_word' id='word_1_252' title='bbox 3575 625 3803 683; x_wconf 63' lang='lat' dir='ltr'><strong>charis.</strong></span> 
     </span>
    </p>
   </div>
   <div class='ocr_carea' id='block_1_34' title="bbox 2190 715 3802 786">
    <p class='ocr_par' dir='ltr' id='par_1_34' title="bbox 2190 715 3802 786">
     <span class='ocr_line' id='line_1_34' title="bbox 2190 715 3802 786; baseline 0.001 -16"><span class='ocrx_word' id='word_1_253' title='bbox 2190 715 2360 781; x_wconf 86' lang='lat' dir='ltr'><strong>simis,</strong></span> <span class='ocrx_word' id='word_1_254' title='bbox 2392 715 2594 771; x_wconf 89' lang='lat' dir='ltr'><strong>domno</strong></span> <span class='ocrx_word' id='word_1_255' title='bbox 2626 717 2794 786; x_wconf 85' lang='lat' dir='ltr'><strong>priori</strong></span> <span class='ocrx_word' id='word_1_256' title='bbox 2824 717 3110 779; x_wconf 67' lang='lat' dir='ltr'><strong>Enwio,</strong></span> <span class='ocrx_word' id='word_1_257' title='bbox 3145 721 3198 770; x_wconf 90' lang='lat' dir='ltr'><strong>et</strong></span> <span class='ocrx_word' id='word_1_258' title='bbox 3226 715 3349 771; x_wconf 88' lang='lat' dir='ltr'><strong>aliis</strong></span> <span class='ocrx_word' id='word_1_259' title='bbox 3379 715 3480 772; x_wconf 88' lang='lat' dir='ltr'><strong>sub</strong></span> <span class='ocrx_word' id='word_1_260' title='bbox 3529 715 3620 770; x_wconf 91' lang='lat' dir='ltr'><strong>illo</strong></span> <span class='ocrx_word' id='word_1_261' title='bbox 3673 717 3802 771; x_wconf 82' lang='lat' dir='ltr'><strong>Deo</strong></span> 
     </span>
    </p>
   </div>
   <div class='ocr_carea' id='block_1_35' title="bbox 2192 803 3801 867">
    <p class='ocr_par' dir='ltr' id='par_1_35' title="bbox 2192 803 3801 867">
     <span class='ocr_line' id='line_1_35' title="bbox 2192 803 3801 867; baseline 0 -9"><span class='ocrx_word' id='word_1_262' title='bbox 2192 804 2582 858; x_wconf 82' lang='lat' dir='ltr'><strong>iamuianlibus</strong></span> <span class='ocrx_word' id='word_1_263' title='bbox 2610 806 2662 858; x_wconf 91' lang='lat' dir='ltr'><strong>in</strong></span> <span class='ocrx_word' id='word_1_264' title='bbox 2697 804 2897 860; x_wconf 85' lang='lat' dir='ltr'><strong>Christi</strong></span> <span class='ocrx_word' id='word_1_265' title='bbox 2929 803 3171 859; x_wconf 87' lang='lat' dir='ltr'><strong>Ecclesia</strong></span> <span class='ocrx_word' id='word_1_266' title='bbox 3201 803 3528 867; x_wconf 72' lang='lat' dir='ltr'><strong>Cantuariaa,</strong></span> <span class='ocrx_word' id='word_1_267' title='bbox 3553 804 3801 864; x_wconf 83' lang='lat' dir='ltr'><strong>salutem</strong></span> 
     </span>
    </p>
   </div>
   <div class='ocr_carea' id='block_1_36' title="bbox 2192 891 3680 964">
    <p class='ocr_par' dir='ltr' id='par_1_36' title="bbox 2192 891 3680 964">
     <span class='ocr_line' id='line_1_36' title="bbox 2192 891 3680 964; baseline -0.001 -17"><span class='ocrx_word' id='word_1_268' title='bbox 2192 900 2248 948; x_wconf 90' lang='lat' dir='ltr'><strong>et</strong></span> <span class='ocrx_word' id='word_1_269' title='bbox 2279 891 2708 948; x_wconf 85' lang='lat' dir='ltr'><strong>benedictionem</strong></span> <span class='ocrx_word' id='word_1_270' title='bbox 2735 893 2853 958; x_wconf 86' lang='lat' dir='ltr'><strong>Dei,</strong></span> <span class='ocrx_word' id='word_1_271' title='bbox 2888 897 2946 948; x_wconf 87' lang='lat' dir='ltr'><strong>et</strong></span> <span class='ocrx_word' id='word_1_272' title='bbox 2972 907 3152 958; x_wconf 85' lang='lat' dir='ltr'><strong>suam,</strong></span> <span class='ocrx_word' id='word_1_273' title='bbox 3182 899 3444 962; x_wconf 87' lang='lat' dir='ltr'><strong>quantum</strong></span> <span class='ocrx_word' id='word_1_274' title='bbox 3475 899 3680 964; x_wconf 88' lang='lat' dir='ltr'><strong>potest.</strong></span> 
     </span>
    </p>
   </div>
   <div class='ocr_carea' id='block_1_37' title="bbox 2265 978 3805 1052">
    <p class='ocr_par' dir='ltr' id='par_1_37' title="bbox 2265 978 3805 1052">
     <span class='ocr_line' id='line_1_37' title="bbox 2265 978 3805 1052; baseline -0.001 -16"><span class='ocrx_word' id='word_1_275' title='bbox 2265 980 2423 1050; x_wconf 88' lang='lat' dir='ltr'><strong>Quod</strong></span> <span class='ocrx_word' id='word_1_276' title='bbox 2456 988 2558 1035; x_wconf 88' lang='lat' dir='ltr'><strong>tam</strong></span> <span class='ocrx_word' id='word_1_277' title='bbox 2583 981 2675 1034; x_wconf 92' lang='lat' dir='ltr'><strong>diu</strong></span> <span class='ocrx_word' id='word_1_278' title='bbox 2704 978 2886 1036; x_wconf 82' lang='lat' dir='ltr'><strong>distuli</strong></span> <span class='ocrx_word' id='word_1_279' title='bbox 2909 980 3144 1037; x_wconf 88' lang='lat' dir='ltr'><strong>scribere</strong></span> <span class='ocrx_word' id='word_1_280' title='bbox 3174 980 3348 1047; x_wconf 83' lang='lat' dir='ltr'><strong>vobis,</strong></span> <span class='ocrx_word' id='word_1_281' title='bbox 3381 979 3449 1035; x_wconf 88' lang='lat' dir='ltr'><strong>de</strong></span> <span class='ocrx_word' id='word_1_282' title='bbox 3497 981 3602 1036; x_wconf 88' lang='lat' dir='ltr'><strong>hoc</strong></span> <span class='ocrx_word' id='word_1_283' title='bbox 3643 978 3805 1052; x_wconf 86' lang='lat' dir='ltr'><strong>quod</strong></span> 
     </span>
    </p>
   </div>
   <div class='ocr_carea' id='block_1_38' title="bbox 2194 1067 3807 1140">
    <p class='ocr_par' dir='ltr' id='par_1_38' title="bbox 2194 1067 3807 1140">
     <span class='ocr_line' id='line_1_38' title="bbox 2194 1067 3807 1140; baseline -0.001 -16"><span class='ocrx_word' id='word_1_284' title='bbox 2194 1069 2449 1124; x_wconf 81' lang='lat' dir='ltr'><strong>convenit</strong></span> <span class='ocrx_word' id='word_1_285' title='bbox 2495 1069 2632 1123; x_wconf 88' lang='lat' dir='ltr'><strong>inter</strong></span> <span class='ocrx_word' id='word_1_286' title='bbox 2676 1086 2865 1140; x_wconf 80' lang='lat' dir='ltr'><strong>regem</strong></span> <span class='ocrx_word' id='word_1_287' title='bbox 2913 1077 2964 1124; x_wconf 89' lang='lat' dir='ltr'><strong>et</strong></span> <span class='ocrx_word' id='word_1_288' title='bbox 3005 1086 3091 1124; x_wconf 91' lang='lat' dir='ltr'><strong>mc</strong></span> <span class='ocrx_word' id='word_1_289' title='bbox 3137 1069 3190 1122; x_wconf 91' lang='lat' dir='ltr'><strong>in</strong></span> <span class='ocrx_word' id='word_1_290' title='bbox 3239 1068 3424 1140; x_wconf 85' lang='lat' dir='ltr'><strong>vigilia</strong></span> <span class='ocrx_word' id='word_1_291' title='bbox 3489 1067 3807 1124; x_wconf 80' lang='lat' dir='ltr'><strong>festivitatis</strong></span> 
     </span>
    </p>
   </div>
   <div class='ocr_carea' id='block_1_39' title="bbox 2198 1155 3808 1228">
    <p class='ocr_par' dir='ltr' id='par_1_39' title="bbox 2198 1155 3808 1228">
     <span class='ocr_line' id='line_1_39' title="bbox 2198 1155 3808 1228; baseline 0 -17"><span class='ocrx_word' id='word_1_292' title='bbox 2198 1157 2408 1211; x_wconf 72' lang='lat' dir='ltr'><strong>Sanctae</strong></span> <span class='ocrx_word' id='word_1_293' title='bbox 2440 1155 2625 1211; x_wconf 81' lang='lat' dir='ltr'><strong>Mariae</strong></span> <span class='ocrx_word' id='word_1_294' title='bbox 2656 1157 3022 1228; x_wconf 68' lang='lat' dir='ltr'><strong>Magdalenen,</strong></span> <span class='ocrx_word' id='word_1_295' title='bbox 3053 1173 3162 1212; x_wconf 90' lang='lat' dir='ltr'><strong>non</strong></span> <span class='ocrx_word' id='word_1_296' title='bbox 3193 1155 3294 1210; x_wconf 86' lang='lat' dir='ltr'><strong>fuit</strong></span> <span class='ocrx_word' id='word_1_297' title='bbox 3315 1155 3674 1228; x_wconf 84' lang='lat' dir='ltr'><strong>negligentia,</strong></span> <span class='ocrx_word' id='word_1_298' title='bbox 3697 1155 3808 1212; x_wconf 84' lang='lat' dir='ltr'><strong>sed</strong></span> 
     </span>
    </p>
   </div>
   <div class='ocr_carea' id='block_1_40' title="bbox 2197 1244 3807 1316">
    <p class='ocr_par' dir='ltr' id='par_1_40' title="bbox 2197 1244 3807 1316">
     <span class='ocr_line' id='line_1_40' title="bbox 2197 1244 3807 1316; baseline 0 -16"><span class='ocrx_word' id='word_1_299' title='bbox 2197 1245 2637 1316; x_wconf 88' lang='lat' dir='ltr'><strong>opportunitatis,</strong></span> <span class='ocrx_word' id='word_1_300' title='bbox 2689 1261 2852 1316; x_wconf 87' lang='lat' dir='ltr'><strong>quam</strong></span> <span class='ocrx_word' id='word_1_301' title='bbox 2896 1254 3203 1302; x_wconf 89' lang='lat' dir='ltr'><strong>monstrare</strong></span> <span class='ocrx_word' id='word_1_302' title='bbox 3236 1261 3372 1315; x_wconf 85' lang='lat' dir='ltr'><strong>Opus</strong></span> <span class='ocrx_word' id='word_1_303' title='bbox 3424 1261 3531 1302; x_wconf 89' lang='lat' dir='ltr'><strong>non</strong></span> <span class='ocrx_word' id='word_1_304' title='bbox 3563 1252 3670 1310; x_wconf 87' lang='lat' dir='ltr'><strong>est,</strong></span> <span class='ocrx_word' id='word_1_305' title='bbox 3695 1244 3807 1301; x_wconf 86' lang='lat' dir='ltr'><strong>ab-</strong></span> 
     </span>
    </p>
   </div>
   <div class='ocr_carea' id='block_1_41' title="bbox 2194 1332 3806 1406">
    <p class='ocr_par' dir='ltr' id='par_1_41' title="bbox 2194 1332 3806 1406">
     <span class='ocr_line' id='line_1_41' title="bbox 2194 1332 3806 1406; baseline 0.002 -18"><span class='ocrx_word' id='word_1_306' title='bbox 2194 1333 2362 1388; x_wconf 88' lang='lat' dir='ltr'><strong>sentia</strong></span> <span class='ocrx_word' id='word_1_307' title='bbox 2389 1332 2469 1388; x_wconf 83' lang='grc'><strong>⁶⁰¹.</strong></span> <span class='ocrx_word' id='word_1_308' title='bbox 2504 1334 2703 1390; x_wconf 88' lang='lat' dir='ltr'><strong>Scitote</strong></span> <span class='ocrx_word' id='word_1_309' title='bbox 2735 1335 2860 1406; x_wconf 87' lang='lat' dir='ltr'><strong>quia</strong></span> <span class='ocrx_word' id='word_1_310' title='bbox 2892 1351 2989 1388; x_wconf 82' lang='lat' dir='ltr'><strong>rex</strong></span> <span class='ocrx_word' id='word_1_311' title='bbox 3019 1350 3105 1389; x_wconf 92' lang='lat' dir='ltr'><strong>me</strong></span> <span class='ocrx_word' id='word_1_312' title='bbox 3154 1332 3429 1389; x_wconf 88' lang='lat' dir='ltr'><strong>revestivit</strong></span> <span class='ocrx_word' id='word_1_313' title='bbox 3482 1332 3552 1388; x_wconf 92' lang='lat' dir='ltr'><strong>de</strong></span> <span class='ocrx_word' id='word_1_314' title='bbox 3601 1333 3806 1392; x_wconf 58' lang='lat' dir='ltr'><strong>archiv</strong></span> 
     </span>
    </p>
   </div>
   <div class='ocr_carea' id='block_1_42' title="bbox 2199 1420 3810 1494">
    <p class='ocr_par' dir='ltr' id='par_1_42' title="bbox 2199 1420 3810 1494">
     <span class='ocr_line' id='line_1_42' title="bbox 2199 1420 3810 1494; baseline -0.001 -17"><span class='ocrx_word' id='word_1_315' title='bbox 2199 1422 2514 1494; x_wconf 83' lang='lat' dir='ltr'><strong>episcopatu</strong></span> <span class='ocrx_word' id='word_1_316' title='bbox 2540 1430 2747 1486; x_wconf 90' lang='lat' dir='ltr'><strong>nostro,</strong></span> <span class='ocrx_word' id='word_1_317' title='bbox 2780 1430 2833 1476; x_wconf 89' lang='lat' dir='ltr'><strong>et</strong></span> <span class='ocrx_word' id='word_1_318' title='bbox 2861 1422 3124 1494; x_wconf 89' lang='lat' dir='ltr'><strong>promittit</strong></span> <span class='ocrx_word' id='word_1_319' title='bbox 3168 1439 3227 1476; x_wconf 91' lang='lat' dir='ltr'><strong>se</strong></span> <span class='ocrx_word' id='word_1_320' title='bbox 3276 1421 3607 1478; x_wconf 90' lang='lat' dir='ltr'><strong>redditurum</strong></span> <span class='ocrx_word' id='word_1_321' title='bbox 3655 1420 3810 1493; x_wconf 86' lang='lat' dir='ltr'><strong>quod</strong></span> 
     </span>
    </p>
   </div>
   <div class='ocr_carea' id='block_1_43' title="bbox 2198 1509 3810 1581">
    <p class='ocr_par' dir='ltr' id='par_1_43' title="bbox 2198 1509 3810 1581">
     <span class='ocr_line' id='line_1_43' title="bbox 2198 1509 3810 1581; baseline -0.001 -15"><span class='ocrx_word' id='word_1_322' title='bbox 2198 1509 2268 1567; x_wconf 87' lang='lat' dir='ltr'><strong>de</strong></span> <span class='ocrx_word' id='word_1_323' title='bbox 2297 1512 2497 1566; x_wconf 89' lang='lat' dir='ltr'><strong>nostris</strong></span> <span class='ocrx_word' id='word_1_324' title='bbox 2523 1510 2831 1566; x_wconf 86' lang='lat' dir='ltr'><strong>redditibus</strong></span> <span class='ocrx_word' id='word_1_325' title='bbox 2882 1512 3142 1566; x_wconf 84' lang='lat' dir='ltr'><strong>hactenus</strong></span> <span class='ocrx_word' id='word_1_326' title='bbox 3198 1509 3420 1581; x_wconf 89' lang='lat' dir='ltr'><strong>accipit.</strong></span> <span class='ocrx_word' id='word_1_327' title='bbox 3460 1509 3622 1579; x_wconf 88' lang='lat' dir='ltr'><strong>Quod</strong></span> <span class='ocrx_word' id='word_1_328' title='bbox 3681 1509 3810 1580; x_wconf 84' lang='lat' dir='ltr'><strong>ipse</strong></span> 
     </span>
    </p>
   </div>
   <div class='ocr_carea' id='block_1_44' title="bbox 2200 1598 3814 1672">
    <p class='ocr_par' dir='ltr' id='par_1_44' title="bbox 2200 1598 3814 1672">
     <span class='ocr_line' id='line_1_44' title="bbox 2200 1598 3814 1672; baseline -0.001 -18"><span class='ocrx_word' id='word_1_329' title='bbox 2200 1617 2326 1658; x_wconf 90' lang='lat' dir='ltr'><strong>cum</strong></span> <span class='ocrx_word' id='word_1_330' title='bbox 2373 1616 2570 1672; x_wconf 83' lang='lat' dir='ltr'><strong>magna</strong></span> <span class='ocrx_word' id='word_1_331' title='bbox 2618 1599 2801 1654; x_wconf 79' lang='lat' dir='ltr'><strong>laetitia</strong></span> <span class='ocrx_word' id='word_1_332' title='bbox 2841 1607 2893 1654; x_wconf 92' lang='lat' dir='ltr'><strong>et</strong></span> <span class='ocrx_word' id='word_1_333' title='bbox 2939 1599 3084 1656; x_wconf 88' lang='lat' dir='ltr'><strong>bona</strong></span> <span class='ocrx_word' id='word_1_334' title='bbox 3131 1598 3406 1654; x_wconf 86' lang='lat' dir='ltr'><strong>voluntate</strong></span> <span class='ocrx_word' id='word_1_335' title='bbox 3454 1614 3513 1654; x_wconf 86' lang='lat' dir='ltr'><strong>se</strong></span> <span class='ocrx_word' id='word_1_336' title='bbox 3563 1598 3814 1658; x_wconf 82' lang='lat' dir='ltr'><strong>ostendit</strong></span> 
     </span>
    </p>
   </div>
   <div class='ocr_carea' id='block_1_45' title="bbox 2115 1671 3813 1758">
    <p class='ocr_par' dir='ltr' id='par_1_45' title="bbox 2115 1671 3813 1758">
     <span class='ocr_line' id='line_1_45' title="bbox 2115 1671 3813 1758; baseline 0 -14"><span class='ocrx_word' id='word_1_337' title='bbox 2115 1671 2169 1732; x_wconf 82' lang='grc' dir='ltr'>Β</span> <span class='ocrx_word' id='word_1_338' title='bbox 2202 1689 2417 1758; x_wconf 81' lang='lat' dir='ltr'><strong>facere;</strong></span> <span class='ocrx_word' id='word_1_339' title='bbox 2447 1671 2498 1743; x_wconf 89' lang='lat' dir='ltr'><strong>et</strong></span> <span class='ocrx_word' id='word_1_340' title='bbox 2527 1704 2715 1742; x_wconf 81' lang='lat' dir='ltr'><strong>omnes</strong></span> <span class='ocrx_word' id='word_1_341' title='bbox 2744 1688 2832 1758; x_wconf 91' lang='lat' dir='ltr'><strong>qui</strong></span> <span class='ocrx_word' id='word_1_342' title='bbox 2864 1704 2985 1742; x_wconf 89' lang='lat' dir='ltr'><strong>cum</strong></span> <span class='ocrx_word' id='word_1_343' title='bbox 3015 1704 3081 1743; x_wconf 88' lang='lat' dir='ltr'><strong>eo</strong></span> <span class='ocrx_word' id='word_1_344' title='bbox 3127 1693 3269 1758; x_wconf 76' lang='lat' dir='ltr'><strong>sunt,</strong></span> <span class='ocrx_word' id='word_1_345' title='bbox 3298 1703 3355 1742; x_wconf 90' lang='lat' dir='ltr'><strong>se</strong></span> <span class='ocrx_word' id='word_1_346' title='bbox 3399 1687 3636 1748; x_wconf 86' lang='lat' dir='ltr'><strong>clamant</strong></span> <span class='ocrx_word' id='word_1_347' title='bbox 3678 1687 3813 1744; x_wconf 78' lang='lat' dir='ltr'><strong>inde</strong></span> 
     </span>
    </p>
   </div>
   <div class='ocr_carea' id='block_1_46' title="bbox 2201 1776 3814 1851">
    <p class='ocr_par' dir='ltr' id='par_1_46' title="bbox 2201 1776 3814 1851">
     <span class='ocr_line' id='line_1_46' title="bbox 2201 1776 3814 1851; baseline -0.001 -19"><span class='ocrx_word' id='word_1_348' title='bbox 2201 1777 2457 1851; x_wconf 86' lang='lat' dir='ltr'><strong>gaudere.</strong></span> <span class='ocrx_word' id='word_1_349' title='bbox 2491 1777 2683 1848; x_wconf 87' lang='lat' dir='ltr'><strong>Sperat</strong></span> <span class='ocrx_word' id='word_1_350' title='bbox 2709 1777 2850 1832; x_wconf 88' lang='lat' dir='ltr'><strong>enim</strong></span> <span class='ocrx_word' id='word_1_351' title='bbox 2883 1793 2975 1832; x_wconf 83' lang='lat' dir='ltr'><strong>rex</strong></span> <span class='ocrx_word' id='word_1_352' title='bbox 3008 1777 3146 1831; x_wconf 88' lang='lat' dir='ltr'><strong>inter</strong></span> <span class='ocrx_word' id='word_1_353' title='bbox 3175 1776 3457 1832; x_wconf 89' lang='lat' dir='ltr'><strong>dominum</strong></span> <span class='ocrx_word' id='word_1_354' title='bbox 3505 1792 3706 1848; x_wconf 86' lang='lat' dir='ltr'><strong>papam</strong></span> <span class='ocrx_word' id='word_1_355' title='bbox 3757 1782 3814 1830; x_wconf 89' lang='lat' dir='ltr'><strong>et</strong></span> 
     </span>
    </p>
   </div>
   <div class='ocr_carea' id='block_1_47' title="bbox 2202 1863 3814 1925">
    <p class='ocr_par' dir='ltr' id='par_1_47' title="bbox 2202 1863 3814 1925">
     <span class='ocr_line' id='line_1_47' title="bbox 2202 1863 3814 1925; baseline -0.002 -5"><span class='ocrx_word' id='word_1_356' title='bbox 2202 1883 2260 1922; x_wconf 90' lang='lat' dir='ltr'><strong>se</strong></span> <span class='ocrx_word' id='word_1_357' title='bbox 2290 1870 2494 1920; x_wconf 89' lang='lat' dir='ltr'><strong>tantam</strong></span> <span class='ocrx_word' id='word_1_358' title='bbox 2525 1865 2874 1922; x_wconf 85' lang='lat' dir='ltr'><strong>concordiam</strong></span> <span class='ocrx_word' id='word_1_359' title='bbox 2904 1873 3031 1920; x_wconf 87' lang='lat' dir='ltr'><strong>ante</strong></span> <span class='ocrx_word' id='word_1_360' title='bbox 3059 1865 3200 1920; x_wconf 89' lang='lat' dir='ltr'><strong>diem</strong></span> <span class='ocrx_word' id='word_1_361' title='bbox 3231 1864 3536 1920; x_wconf 81' lang='lat' dir='ltr'><strong>Nativitatis</strong></span> <span class='ocrx_word' id='word_1_362' title='bbox 3585 1863 3814 1925; x_wconf 84' lang='lat' dir='ltr'><strong>Domini</strong></span> 
     </span>
    </p>
   </div>
   <div class='ocr_carea' id='block_1_48' title="bbox 2203 1952 3814 2024">
    <p class='ocr_par' dir='ltr' id='par_1_48' title="bbox 2203 1952 3814 2024">
     <span class='ocr_line' id='line_1_48' title="bbox 2203 1952 3814 2024; baseline 0 -16"><span class='ocrx_word' id='word_1_363' title='bbox 2203 1955 2463 2019; x_wconf 87' lang='lat' dir='ltr'><strong>futuram,</strong></span> <span class='ocrx_word' id='word_1_364' title='bbox 2498 1961 2554 2008; x_wconf 91' lang='lat' dir='ltr'><strong>ut</strong></span> <span class='ocrx_word' id='word_1_365' title='bbox 2585 1969 2690 2024; x_wconf 85' lang='lat' dir='ltr'><strong>ego</strong></span> <span class='ocrx_word' id='word_1_366' title='bbox 2720 1956 2932 2024; x_wconf 87' lang='lat' dir='ltr'><strong>utrique</strong></span> <span class='ocrx_word' id='word_1_367' title='bbox 2976 1953 3182 2024; x_wconf 89' lang='lat' dir='ltr'><strong>possim</strong></span> <span class='ocrx_word' id='word_1_368' title='bbox 3225 1952 3279 2006; x_wconf 90' lang='lat' dir='ltr'><strong>in</strong></span> <span class='ocrx_word' id='word_1_369' title='bbox 3323 1953 3523 2020; x_wconf 73' lang='lat' dir='ltr'><strong>Anglia</strong></span> <span class='ocrx_word' id='word_1_370' title='bbox 3570 1968 3814 2008; x_wconf 82' lang='lat' dir='ltr'><strong>concor-</strong></span> 
     </span>
    </p>
   </div>
   <div class='ocr_carea' id='block_1_49' title="bbox 2204 2040 3814 2113">
    <p class='ocr_par' dir='ltr' id='par_1_49' title="bbox 2204 2040 3814 2113">
     <span class='ocr_line' id='line_1_49' title="bbox 2204 2040 3814 2113; baseline -0.001 -15"><span class='ocrx_word' id='word_1_371' title='bbox 2204 2043 2333 2098; x_wconf 85' lang='lat' dir='ltr'><strong>dare</strong></span> <span class='ocrx_word' id='word_1_372' title='bbox 2361 2042 2476 2098; x_wconf 92' lang='lat' dir='ltr'><strong>sine</strong></span> <span class='ocrx_word' id='word_1_373' title='bbox 2507 2041 2830 2098; x_wconf 78' lang='lat' dir='ltr'><strong>oifensione.</strong></span> <span class='ocrx_word' id='word_1_374' title='bbox 2865 2040 2984 2110; x_wconf 88' lang='lat' dir='ltr'><strong>Qua</strong></span> <span class='ocrx_word' id='word_1_375' title='bbox 3013 2041 3080 2098; x_wconf 91' lang='lat' dir='ltr'><strong>de</strong></span> <span class='ocrx_word' id='word_1_376' title='bbox 3112 2057 3168 2096; x_wconf 88' lang='lat' dir='ltr'><strong>re</strong></span> <span class='ocrx_word' id='word_1_377' title='bbox 3199 2041 3321 2112; x_wconf 88' lang='lat' dir='ltr'><strong>ipse</strong></span> <span class='ocrx_word' id='word_1_378' title='bbox 3372 2041 3613 2113; x_wconf 86' lang='lat' dir='ltr'><strong>legatum</strong></span> <span class='ocrx_word' id='word_1_379' title='bbox 3643 2057 3814 2096; x_wconf 88' lang='lat' dir='ltr'><strong>suum</strong></span> 
     </span>
    </p>
   </div>
   <div class='ocr_carea' id='block_1_50' title="bbox 2204 2129 3816 2200">
    <p class='ocr_par' dir='ltr' id='par_1_50' title="bbox 2204 2129 3816 2200">
     <span class='ocr_line' id='line_1_50' title="bbox 2204 2129 3816 2200; baseline -0.002 -13"><span class='ocrx_word' id='word_1_380' title='bbox 2204 2131 2440 2187; x_wconf 81' lang='lat' dir='ltr'><strong>Romam</strong></span> <span class='ocrx_word' id='word_1_381' title='bbox 2470 2131 2687 2186; x_wconf 87' lang='lat' dir='ltr'><strong>mittere</strong></span> <span class='ocrx_word' id='word_1_382' title='bbox 2716 2129 2976 2200; x_wconf 89' lang='lat' dir='ltr'><strong>disponit,</strong></span> <span class='ocrx_word' id='word_1_383' title='bbox 3009 2139 3067 2184; x_wconf 90' lang='lat' dir='ltr'><strong>ut</strong></span> <span class='ocrx_word' id='word_1_384' title='bbox 3097 2139 3222 2184; x_wconf 88' lang='lat' dir='ltr'><strong>ante</strong></span> <span class='ocrx_word' id='word_1_385' title='bbox 3253 2129 3588 2184; x_wconf 89' lang='lat' dir='ltr'><strong>nominatum</strong></span> <span class='ocrx_word' id='word_1_386' title='bbox 3618 2129 3816 2192; x_wconf 86' lang='lat' dir='ltr'><strong>termi-</strong></span> 
     </span>
    </p>
   </div>
   <div class='ocr_carea' id='block_1_51' title="bbox 2204 2217 3810 2290">
    <p class='ocr_par' dir='ltr' id='par_1_51' title="bbox 2204 2217 3810 2290">
     <span class='ocr_line' id='line_1_51' title="bbox 2204 2217 3810 2290; baseline 0 -16"><span class='ocrx_word' id='word_1_387' title='bbox 2204 2236 2334 2274; x_wconf 89' lang='lat' dir='ltr'><strong>num</strong></span> <span class='ocrx_word' id='word_1_388' title='bbox 2365 2219 2444 2274; x_wconf 91' lang='lat' dir='ltr'><strong>rei</strong></span> <span class='ocrx_word' id='word_1_389' title='bbox 2476 2219 2855 2274; x_wconf 69' lang='lat' dir='ltr'><strong>certituclinem</strong></span> <span class='ocrx_word' id='word_1_390' title='bbox 2886 2219 3144 2289; x_wconf 91' lang='lat' dir='ltr'><strong>accipere</strong></span> <span class='ocrx_word' id='word_1_391' title='bbox 3173 2217 3370 2288; x_wconf 87' lang='lat' dir='ltr'><strong>possit.</strong></span> <span class='ocrx_word' id='word_1_392' title='bbox 3403 2219 3512 2274; x_wconf 87' lang='lat' dir='ltr'><strong>Sed</strong></span> <span class='ocrx_word' id='word_1_393' title='bbox 3541 2219 3810 2290; x_wconf 88' lang='lat' dir='ltr'><strong>quoniam</strong></span> 
     </span>
    </p>
   </div>
   <div class='ocr_carea' id='block_1_52' title="bbox 2203 2307 3816 2378">
    <p class='ocr_par' dir='ltr' id='par_1_52' title="bbox 2203 2307 3816 2378">
     <span class='ocr_line' id='line_1_52' title="bbox 2203 2307 3816 2378; baseline -0.001 -14"><span class='ocrx_word' id='word_1_394' title='bbox 2203 2325 2290 2364; x_wconf 84' lang='lat' dir='ltr'><strong>res</strong></span> <span class='ocrx_word' id='word_1_395' title='bbox 2320 2308 2563 2363; x_wconf 88' lang='lat' dir='ltr'><strong>nondum</strong></span> <span class='ocrx_word' id='word_1_396' title='bbox 2595 2318 2674 2362; x_wconf 90' lang='lat' dir='ltr'><strong>est</strong></span> <span class='ocrx_word' id='word_1_397' title='bbox 2706 2309 2758 2361; x_wconf 91' lang='lat' dir='ltr'><strong>in</strong></span> <span class='ocrx_word' id='word_1_398' title='bbox 2793 2324 2858 2363; x_wconf 88' lang='lat' dir='ltr'><strong>ea</strong></span> <span class='ocrx_word' id='word_1_399' title='bbox 2887 2309 3041 2378; x_wconf 88' lang='lat' dir='ltr'><strong>pacis</strong></span> <span class='ocrx_word' id='word_1_400' title='bbox 3092 2315 3143 2362; x_wconf 90' lang='lat' dir='ltr'><strong>et</strong></span> <span class='ocrx_word' id='word_1_401' title='bbox 3184 2307 3493 2363; x_wconf 77' lang='lat' dir='ltr'><strong>concordizn</strong></span> <span class='ocrx_word' id='word_1_402' title='bbox 3535 2307 3675 2362; x_wconf 90' lang='lat' dir='ltr'><strong>inter</strong></span> <span class='ocrx_word' id='word_1_403' title='bbox 3714 2323 3816 2363; x_wconf 87' lang='lat' dir='ltr'><strong>eos</strong></span> 
     </span>
    </p>
   </div>
   <div class='ocr_carea' id='block_1_53' title="bbox 2203 2395 3814 2464">
    <p class='ocr_par' dir='ltr' id='par_1_53' title="bbox 2203 2395 3814 2464">
     <span class='ocr_line' id='line_1_53' title="bbox 2203 2395 3814 2464; baseline -0.002 -11"><span class='ocrx_word' id='word_1_404' title='bbox 2203 2396 2523 2453; x_wconf 88' lang='lat' dir='ltr'><strong>certitudine</strong></span> <span class='ocrx_word' id='word_1_405' title='bbox 2558 2395 2806 2464; x_wconf 85' lang='lat' dir='ltr'><strong>solidata,</strong></span> <span class='ocrx_word' id='word_1_406' title='bbox 2852 2403 2909 2450; x_wconf 90' lang='lat' dir='ltr'><strong>ut</strong></span> <span class='ocrx_word' id='word_1_407' title='bbox 2951 2397 3066 2451; x_wconf 88' lang='lat' dir='ltr'><strong>sine</strong></span> <span class='ocrx_word' id='word_1_408' title='bbox 3113 2396 3405 2459; x_wconf 87' lang='lat' dir='ltr'><strong>dubietate,</strong></span> <span class='ocrx_word' id='word_1_409' title='bbox 3441 2396 3487 2450; x_wconf 93' lang='lat' dir='ltr'><strong>si</strong></span> <span class='ocrx_word' id='word_1_410' title='bbox 3540 2395 3708 2452; x_wconf 85' lang='lat' dir='ltr'><strong>modo</strong></span> <span class='ocrx_word' id='word_1_411' title='bbox 3756 2396 3814 2450; x_wconf 88' lang='lat' dir='ltr'><strong>in</strong></span> 
     </span>
    </p>
   </div>
   <div class='ocr_carea' id='block_1_54' title="bbox 2204 2484 3814 2559">
    <p class='ocr_par' dir='ltr' id='par_1_54' title="bbox 2204 2484 3814 2559">
     <span class='ocr_line' id='line_1_54' title="bbox 2204 2484 3814 2559; baseline -0.001 -17"><span class='ocrx_word' id='word_1_412' title='bbox 2204 2485 2463 2559; x_wconf 82' lang='lat' dir='ltr'><strong>Angliam</strong></span> <span class='ocrx_word' id='word_1_413' title='bbox 2495 2485 2788 2551; x_wconf 84' lang='lat' dir='ltr'><strong>intravero,</strong></span> <span class='ocrx_word' id='word_1_414' title='bbox 2822 2485 3096 2540; x_wconf 83' lang='lat' dir='ltr'><strong>conﬁdam</strong></span> <span class='ocrx_word' id='word_1_415' title='bbox 3128 2501 3216 2540; x_wconf 89' lang='lat' dir='ltr'><strong>me</strong></span> <span class='ocrx_word' id='word_1_416' title='bbox 3247 2484 3301 2538; x_wconf 91' lang='lat' dir='ltr'><strong>in</strong></span> <span class='ocrx_word' id='word_1_417' title='bbox 3331 2499 3468 2556; x_wconf 87' lang='lat' dir='ltr'><strong>pace</strong></span> <span class='ocrx_word' id='word_1_418' title='bbox 3498 2484 3572 2539; x_wconf 91' lang='lat' dir='ltr'><strong>ibi</strong></span> <span class='ocrx_word' id='word_1_419' title='bbox 3592 2501 3814 2540; x_wconf 89' lang='lat' dir='ltr'><strong>reman-</strong></span> 
     </span>
    </p>
   </div>
   <div class='ocr_carea' id='block_1_55' title="bbox 2203 2573 3813 2646">
    <p class='ocr_par' dir='ltr' id='par_1_55' title="bbox 2203 2573 3813 2646">
     <span class='ocr_line' id='line_1_55' title="bbox 2203 2573 3813 2646; baseline -0.002 -16"><span class='ocrx_word' id='word_1_420' title='bbox 2203 2591 2414 2640; x_wconf 89' lang='lat' dir='ltr'><strong>surum,</strong></span> <span class='ocrx_word' id='word_1_421' title='bbox 2444 2573 2589 2646; x_wconf 81' lang='lat' dir='ltr'><strong>elegi</strong></span> <span class='ocrx_word' id='word_1_422' title='bbox 2619 2573 2795 2644; x_wconf 89' lang='lat' dir='ltr'><strong>potius</strong></span> <span class='ocrx_word' id='word_1_423' title='bbox 2825 2574 2894 2628; x_wconf 88' lang='lat' dir='ltr'><strong>ad</strong></span> <span class='ocrx_word' id='word_1_424' title='bbox 2927 2581 3140 2643; x_wconf 86' lang='lat' dir='ltr'><strong>tempus</strong></span> <span class='ocrx_word' id='word_1_425' title='bbox 3188 2583 3338 2628; x_wconf 83' lang='lat' dir='ltr'><strong>extra</strong></span> <span class='ocrx_word' id='word_1_426' title='bbox 3383 2573 3639 2644; x_wconf 80' lang='lat' dir='ltr'><strong>Angliam</strong></span> <span class='ocrx_word' id='word_1_427' title='bbox 3687 2589 3813 2627; x_wconf 86' lang='lat' dir='ltr'><strong>ma-</strong></span> 
     </span>
    </p>
   </div>
   <div class='ocr_carea' id='block_1_56' title="bbox 2202 2660 3815 2734">
    <p class='ocr_par' dir='ltr' id='par_1_56' title="bbox 2202 2660 3815 2734">
     <span class='ocr_line' id='line_1_56' title="bbox 2202 2660 3815 2734; baseline -0.001 -16"><span class='ocrx_word' id='word_1_428' title='bbox 2202 2680 2356 2730; x_wconf 89' lang='lat' dir='ltr'><strong>nere,</strong></span> <span class='ocrx_word' id='word_1_429' title='bbox 2394 2662 2574 2718; x_wconf 89' lang='lat' dir='ltr'><strong>donec</strong></span> <span class='ocrx_word' id='word_1_430' title='bbox 2605 2663 2817 2734; x_wconf 85' lang='lat' dir='ltr'><strong>legatus</strong></span> <span class='ocrx_word' id='word_1_431' title='bbox 2864 2660 3123 2732; x_wconf 75' lang='lat' dir='ltr'><strong>praefatus</strong></span> <span class='ocrx_word' id='word_1_432' title='bbox 3163 2660 3349 2717; x_wconf 89' lang='lat' dir='ltr'><strong>redeat</strong></span> <span class='ocrx_word' id='word_1_433' title='bbox 3391 2661 3566 2718; x_wconf 82' lang='lat' dir='ltr'><strong>Roma</strong></span> <span class='ocrx_word' id='word_1_434' title='bbox 3613 2661 3710 2729; x_wconf 89' lang='lat' dir='ltr'><strong>(ita</strong></span> <span class='ocrx_word' id='word_1_435' title='bbox 3753 2668 3815 2716; x_wconf 90' lang='lat' dir='ltr'><strong>ut</strong></span> 
     </span>
    </p>
   </div>
   <div class='ocr_carea' id='block_1_57' title="bbox 2204 2750 3811 2821">
    <p class='ocr_par' dir='ltr' id='par_1_57' title="bbox 2204 2750 3811 2821">
     <span class='ocr_line' id='line_1_57' title="bbox 2204 2750 3811 2821; baseline -0.001 -14"><span class='ocrx_word' id='word_1_436' title='bbox 2204 2751 2421 2808; x_wconf 90' lang='lat' dir='ltr'><strong>interim</strong></span> <span class='ocrx_word' id='word_1_437' title='bbox 2453 2759 2503 2806; x_wconf 92' lang='lat' dir='ltr'><strong>et</strong></span> <span class='ocrx_word' id='word_1_438' title='bbox 2532 2767 2620 2806; x_wconf 90' lang='lat' dir='ltr'><strong>res</strong></span> <span class='ocrx_word' id='word_1_439' title='bbox 2673 2750 3175 2821; x_wconf 88' lang='lat' dir='ltr'><strong>archiepiscopatus</strong></span> <span class='ocrx_word' id='word_1_440' title='bbox 3217 2751 3274 2805; x_wconf 90' lang='lat' dir='ltr'><strong>in</strong></span> <span class='ocrx_word' id='word_1_441' title='bbox 3319 2753 3443 2806; x_wconf 82' lang='lat' dir='ltr'><strong>mea</strong></span> <span class='ocrx_word' id='word_1_442' title='bbox 3487 2751 3600 2808; x_wconf 84' lang='lat' dir='ltr'><strong>sint</strong></span> <span class='ocrx_word' id='word_1_443' title='bbox 3644 2758 3811 2820; x_wconf 88' lang='lat' dir='ltr'><strong>pote-</strong></span> 
     </span>
    </p>
   </div>
   <div class='ocr_carea' id='block_1_58' title="bbox 2204 2837 3813 2910">
    <p class='ocr_par' dir='ltr' id='par_1_58' title="bbox 2204 2837 3813 2910">
     <span class='ocr_line' id='line_1_58' title="bbox 2204 2837 3813 2910; baseline -0.001 -15"><span class='ocrx_word' id='word_1_444' title='bbox 2204 2848 2364 2908; x_wconf 89' lang='lat' dir='ltr'><strong>state,</strong></span> <span class='ocrx_word' id='word_1_445' title='bbox 2399 2848 2451 2894; x_wconf 90' lang='lat' dir='ltr'><strong>et</strong></span> <span class='ocrx_word' id='word_1_446' title='bbox 2494 2838 2740 2894; x_wconf 86' lang='lat' dir='ltr'><strong>homines</strong></span> <span class='ocrx_word' id='word_1_447' title='bbox 2784 2840 2961 2893; x_wconf 89' lang='lat' dir='ltr'><strong>nostri</strong></span> <span class='ocrx_word' id='word_1_448' title='bbox 3007 2837 3113 2892; x_wconf 90' lang='lat' dir='ltr'><strong>sint</strong></span> <span class='ocrx_word' id='word_1_449' title='bbox 3161 2837 3217 2892; x_wconf 91' lang='lat' dir='ltr'><strong>in</strong></span> <span class='ocrx_word' id='word_1_450' title='bbox 3265 2838 3490 2909; x_wconf 89' lang='lat' dir='ltr'><strong>quiete),</strong></span> <span class='ocrx_word' id='word_1_451' title='bbox 3526 2853 3689 2910; x_wconf 90' lang='lat' dir='ltr'><strong>quam</strong></span> <span class='ocrx_word' id='word_1_452' title='bbox 3739 2839 3813 2894; x_wconf 91' lang='lat' dir='ltr'><strong>ad</strong></span> 
     </span>
    </p>
   </div>
   <div class='ocr_carea' id='block_1_59' title="bbox 2201 2925 3802 3001">
    <p class='ocr_par' dir='ltr' id='par_1_59' title="bbox 2201 2925 3802 3001">
     <span class='ocr_line' id='line_1_59' title="bbox 2201 2925 3802 3001; baseline -0.001 -18"><span class='ocrx_word' id='word_1_453' title='bbox 2201 2945 2447 3001; x_wconf 64' lang='lat' dir='ltr'><strong>praesens</strong></span> <span class='ocrx_word' id='word_1_454' title='bbox 2469 2943 2554 2982; x_wconf 91' lang='lat' dir='ltr'><strong>me</strong></span> <span class='ocrx_word' id='word_1_455' title='bbox 2583 2926 2636 2982; x_wconf 90' lang='lat' dir='ltr'><strong>in</strong></span> <span class='ocrx_word' id='word_1_456' title='bbox 2667 2926 3078 2999; x_wconf 85' lang='lat' dir='ltr'><strong>ambiguitatem</strong></span> <span class='ocrx_word' id='word_1_457' title='bbox 3123 2925 3185 2954; x_wconf 77' lang='grc'><strong>⁵⁰¹</strong></span> <span class='ocrx_word' id='word_1_458' title='bbox 3233 2926 3505 2998; x_wconf 85' lang='lat' dir='ltr'><strong>ingerere,</strong></span> <span class='ocrx_word' id='word_1_459' title='bbox 3539 2943 3607 2982; x_wconf 89' lang='lat' dir='ltr'><strong>ne</strong></span> <span class='ocrx_word' id='word_1_460' title='bbox 3656 2927 3802 2982; x_wconf 84' lang='lat' dir='ltr'><strong>forte</strong></span> 
     </span>
    </p>
   </div>
   <div class='ocr_carea' id='block_1_60' title="bbox 579 3014 3810 3104">
    <p class='ocr_par' dir='ltr' id='par_1_60' title="bbox 579 3014 3810 3104">
     <span class='ocr_line' id='line_1_60' title="bbox 579 3014 3810 3104; baseline -0.002 -14"><span class='ocrx_word' id='word_1_461' title='bbox 579 3014 1000 3090; x_wconf 58' lang='grc' dir='ltr'><strong>ιῖεηιιιίηίεἷεὲ</strong></span> <span class='ocrx_word' id='word_1_462' title='bbox 1014 3014 1939 3104; x_wconf 56' lang='grc' dir='ltr'><strong>ἔϊῆὲξιὲὶγὶξὶηῆέιξίὲέέἰοὲῦὲζςὲἑυῗὶ</strong></span> <span class='ocrx_word' id='word_1_463' title='bbox 1963 3014 2092 3092; x_wconf 54' lang='lat' dir='ltr'><strong>an.</strong></span> <span class='ocrx_word' id='word_1_464' title='bbox 2125 3035 2176 3099; x_wconf 86' lang='lat' dir='ltr'><strong>c</strong></span> <span class='ocrx_word' id='word_1_465' title='bbox 2205 3017 2405 3072; x_wconf 59' lang='lat' dir='ltr'><strong>iterum</strong></span> <span class='ocrx_word' id='word_1_466' title='bbox 2437 3032 2535 3087; x_wconf 71' lang='lat' dir='ltr'><strong>Per</strong></span> <span class='ocrx_word' id='word_1_467' title='bbox 2565 3014 3336 3104; x_wconf 12' lang='lat' dir='ltr'><strong>discordiimrimplacabilcm</strong></span> <span class='ocrx_word' id='word_1_468' title='bbox 3365 3031 3590 3070; x_wconf 79' lang='lat' dir='ltr'><strong>necesse</strong></span> <span class='ocrx_word' id='word_1_469' title='bbox 3622 3015 3810 3104; x_wconf 18' lang='lat' dir='ltr'><strong>sithme</strong></span> 
     </span>
    </p>
   </div>
   <div class='ocr_carea' id='block_1_61' title="bbox 578 3105 2105 3176">
    <p class='ocr_par' dir='ltr' id='par_1_61' title="bbox 578 3105 2105 3176">
     <span class='ocr_line' id='line_1_61' title="bbox 578 3105 2105 3176; baseline 0.001 -15"><span class='ocrx_word' id='word_1_470' title='bbox 578 3108 644 3162; x_wconf 84' lang='lat' dir='ltr'><strong>de</strong></span> <span class='ocrx_word' id='word_1_471' title='bbox 660 3106 1171 3176; x_wconf 83' lang='lat' dir='ltr'><strong>archiepiscopatu,</strong></span> <span class='ocrx_word' id='word_1_472' title='bbox 1201 3105 1364 3160; x_wconf 90' lang='lat' dir='ltr'><strong>rebus</strong></span> <span class='ocrx_word' id='word_1_473' title='bbox 1384 3105 1645 3161; x_wconf 75' lang='lat' dir='ltr'><strong>Ecclesia:</strong></span> <span class='ocrx_word' id='word_1_474' title='bbox 1675 3107 2105 3164; x_wconf 83' lang='lat' dir='ltr'><strong>Cantuariensis</strong></span> 
     </span>
    </p>
   </div>
   <div class='ocr_carea' id='block_1_62' title="bbox 579 3177 2110 3238">
    <p class='ocr_par' dir='ltr' id='par_1_62' title="bbox 579 3177 2110 3238">
     <span class='ocr_line' id='line_1_62' title="bbox 579 3177 2110 3238; baseline 0.001 -5"><span class='ocrx_word' id='word_1_475' title='bbox 579 3179 836 3238; x_wconf 79' lang='lat' dir='ltr'><strong>omnibus</strong></span> <span class='ocrx_word' id='word_1_476' title='bbox 859 3179 1165 3232; x_wconf 72' lang='lat' dir='ltr'><strong>restitutis.</strong></span> <span class='ocrx_word' id='word_1_477' title='bbox 1196 3177 1305 3232; x_wconf 73' lang='lat' dir='ltr'><strong>Nec</strong></span> <span class='ocrx_word' id='word_1_478' title='bbox 1344 3181 1536 3232; x_wconf 88' lang='lat' dir='ltr'><strong>tamen</strong></span> <span class='ocrx_word' id='word_1_479' title='bbox 1573 3179 1874 3233; x_wconf 74' lang='lat' dir='ltr'><strong>Anselmus</strong></span> <span class='ocrx_word' id='word_1_480' title='bbox 1905 3180 1967 3234; x_wconf 89' lang='lat' dir='ltr'><strong>in</strong></span> <span class='ocrx_word' id='word_1_481' title='bbox 2001 3182 2110 3235; x_wconf 80' lang='lat' dir='ltr'><strong>An-</strong></span> 
     </span>
    </p>
   </div>
   <div class='ocr_carea' id='block_1_63' title="bbox 577 3249 2108 3320">
    <p class='ocr_par' dir='ltr' id='par_1_63' title="bbox 577 3249 2108 3320">
     <span class='ocr_line' id='line_1_63' title="bbox 577 3249 2108 3320; baseline 0.002 -17"><span class='ocrx_word' id='word_1_482' title='bbox 577 3251 754 3320; x_wconf 82' lang='lat' dir='ltr'><strong>gliam</strong></span> <span class='ocrx_word' id='word_1_483' title='bbox 794 3251 1018 3302; x_wconf 82' lang='lat' dir='ltr'><strong>intrare</strong></span> <span class='ocrx_word' id='word_1_484' title='bbox 1056 3250 1179 3303; x_wconf 84' lang='lat' dir='ltr'><strong>vult</strong></span> <span class='ocrx_word' id='word_1_485' title='bbox 1230 3249 1406 3320; x_wconf 73' lang='lat' dir='ltr'><strong>donec</strong></span> <span class='ocrx_word' id='word_1_486' title='bbox 1452 3249 1675 3319; x_wconf 78' lang='lat' dir='ltr'><strong>legatus</strong></span> <span class='ocrx_word' id='word_1_487' title='bbox 1736 3252 1884 3317; x_wconf 86' lang='lat' dir='ltr'><strong>regis</strong></span> <span class='ocrx_word' id='word_1_488' title='bbox 1931 3253 2108 3306; x_wconf 80' lang='lat' dir='ltr'><strong>Roma</strong></span> 
     </span>
    </p>
   </div>
   <div class='ocr_carea' id='block_1_64' title="bbox 581 3318 2109 3392">
    <p class='ocr_par' dir='ltr' id='par_1_64' title="bbox 581 3318 2109 3392">
     <span class='ocr_line' id='line_1_64' title="bbox 581 3318 2109 3392; baseline 0.001 -17"><span class='ocrx_word' id='word_1_489' title='bbox 581 3318 836 3375; x_wconf 75' lang='lat' dir='ltr'><strong>redierit.</strong></span> <span class='ocrx_word' id='word_1_490' title='bbox 876 3321 1118 3374; x_wconf 83' lang='lat' dir='ltr'><strong>Interim</strong></span> <span class='ocrx_word' id='word_1_491' title='bbox 1150 3318 1373 3392; x_wconf 78' lang='lat' dir='ltr'><strong>reddita</strong></span> <span class='ocrx_word' id='word_1_492' title='bbox 1406 3318 1543 3374; x_wconf 71' lang='lat' dir='ltr'><strong>usus</strong></span> <span class='ocrx_word' id='word_1_493' title='bbox 1588 3323 1871 3391; x_wconf 83' lang='lat' dir='ltr'><strong>potestate</strong></span> <span class='ocrx_word' id='word_1_494' title='bbox 1920 3323 2109 3392; x_wconf 85' lang='lat' dir='ltr'><strong>privat</strong></span> 
     </span>
    </p>
   </div>
   <div class='ocr_carea' id='block_1_65' title="bbox 583 3391 2112 3466">
    <p class='ocr_par' dir='ltr' id='par_1_65' title="bbox 583 3391 2112 3466">
     <span class='ocr_line' id='line_1_65' title="bbox 583 3391 2112 3466; baseline 0.002 -20"><span class='ocrx_word' id='word_1_495' title='bbox 583 3393 742 3466; x_wconf 74' lang='lat' dir='ltr'><strong>omni</strong></span> <span class='ocrx_word' id='word_1_496' title='bbox 760 3391 1024 3466; x_wconf 81' lang='lat' dir='ltr'><strong>bene/icio</strong></span> <span class='ocrx_word' id='word_1_497' title='bbox 1055 3391 1442 3446; x_wconf 76' lang='lat' dir='ltr'><strong>ecclesiastico</strong></span> <span class='ocrx_word' id='word_1_498' title='bbox 1472 3407 1666 3447; x_wconf 87' lang='lat' dir='ltr'><strong>omnes</strong></span> <span class='ocrx_word' id='word_1_499' title='bbox 1685 3391 2000 3448; x_wconf 75' lang='lat' dir='ltr'><strong>sacerdotes</strong></span> <span class='ocrx_word' id='word_1_500' title='bbox 2015 3395 2112 3466; x_wconf 84' lang='lat' dir='ltr'><strong>qui</strong></span> 
     </span>
    </p>
   </div>
   <div class='ocr_carea' id='block_1_66' title="bbox 583 3463 1153 3533">
    <p class='ocr_par' dir='ltr' id='par_1_66' title="bbox 583 3463 1153 3533">
     <span class='ocr_line' id='line_1_66' title="bbox 583 3463 1153 3533; baseline -0.005 -15"><span class='ocrx_word' id='word_1_501' title='bbox 583 3463 833 3533; x_wconf 83' lang='lat' dir='ltr'><strong>feminas</strong></span> <span class='ocrx_word' id='word_1_502' title='bbox 861 3463 1153 3517; x_wconf 84' lang='lat' dir='ltr'><strong>tenebant.</strong></span> 
     </span>
    </p>
   </div>
   <div class='ocr_carea' id='block_1_67' title="bbox 2217 3103 3819 3176">
    <p class='ocr_par' dir='ltr' id='par_1_67' title="bbox 2217 3103 3819 3176">
     <span class='ocr_line' id='line_1_67' title="bbox 2217 3103 3819 3176; baseline -0.002 -15"><span class='ocrx_word' id='word_1_503' title='bbox 2217 3106 2284 3161; x_wconf 90' lang='lat' dir='ltr'><strong>de</strong></span> <span class='ocrx_word' id='word_1_504' title='bbox 2314 3105 2516 3176; x_wconf 83' lang='lat' dir='ltr'><strong>Anglia</strong></span> <span class='ocrx_word' id='word_1_505' title='bbox 2543 3104 2717 3158; x_wconf 82' lang='lat' dir='ltr'><strong>exire.</strong></span> <span class='ocrx_word' id='word_1_506' title='bbox 2753 3103 3019 3175; x_wconf 87' lang='lat' dir='ltr'><strong>Equidem</strong></span> <span class='ocrx_word' id='word_1_507' title='bbox 3051 3103 3302 3159; x_wconf 88' lang='lat' dir='ltr'><strong>existimo</strong></span> <span class='ocrx_word' id='word_1_508' title='bbox 3334 3104 3470 3160; x_wconf 85' lang='lat' dir='ltr'><strong>hanc</strong></span> <span class='ocrx_word' id='word_1_509' title='bbox 3487 3104 3592 3158; x_wconf 88' lang='lat' dir='ltr'><strong>mei</strong></span> <span class='ocrx_word' id='word_1_510' title='bbox 3613 3103 3819 3158; x_wconf 87' lang='lat' dir='ltr'><strong>reditus</strong></span> 
     </span>
    </p>
   </div>
   <div class='ocr_carea' id='block_1_68' title="bbox 2217 3191 3816 3263">
    <p class='ocr_par' dir='ltr' id='par_1_68' title="bbox 2217 3191 3816 3263">
     <span class='ocr_line' id='line_1_68' title="bbox 2217 3191 3816 3263; baseline -0.002 -14"><span class='ocrx_word' id='word_1_511' title='bbox 2217 3195 2536 3249; x_wconf 89' lang='lat' dir='ltr'><strong>dilationem</strong></span> <span class='ocrx_word' id='word_1_512' title='bbox 2569 3192 2882 3247; x_wconf 90' lang='lat' dir='ltr'><strong>nullatenus</strong></span> <span class='ocrx_word' id='word_1_513' title='bbox 2913 3192 3218 3247; x_wconf 89' lang='lat' dir='ltr'><strong>nocituram</strong></span> <span class='ocrx_word' id='word_1_514' title='bbox 3251 3191 3320 3246; x_wconf 92' lang='lat' dir='ltr'><strong>ad</strong></span> <span class='ocrx_word' id='word_1_515' title='bbox 3350 3191 3648 3263; x_wconf 80' lang='lat' dir='ltr'><strong>perfectam</strong></span> <span class='ocrx_word' id='word_1_516' title='bbox 3678 3207 3816 3246; x_wconf 90' lang='lat' dir='ltr'><strong>con-</strong></span> 
     </span>
    </p>
   </div>
   <div class='ocr_carea' id='block_1_69' title="bbox 2216 3279 3818 3352">
    <p class='ocr_par' dir='ltr' id='par_1_69' title="bbox 2216 3279 3818 3352">
     <span class='ocr_line' id='line_1_69' title="bbox 2216 3279 3818 3352; baseline -0.002 -14"><span class='ocrx_word' id='word_1_517' title='bbox 2216 3283 2458 3339; x_wconf 89' lang='lat' dir='ltr'><strong>cordiam</strong></span> <span class='ocrx_word' id='word_1_518' title='bbox 2505 3297 2663 3352; x_wconf 87' lang='lat' dir='ltr'><strong>quam</strong></span> <span class='ocrx_word' id='word_1_519' title='bbox 2711 3296 2994 3352; x_wconf 88' lang='lat' dir='ltr'><strong>speramus</strong></span> <span class='ocrx_word' id='word_1_520' title='bbox 3036 3279 3295 3335; x_wconf 81' lang='lat' dir='ltr'><strong>futuram.</strong></span> <span class='ocrx_word' id='word_1_521' title='bbox 3336 3280 3416 3334; x_wconf 93' lang='lat' dir='ltr'><strong>De</strong></span> <span class='ocrx_word' id='word_1_522' title='bbox 3459 3279 3818 3352; x_wconf 75' lang='lat' dir='ltr'><strong>presbyteris,</strong></span> 
     </span>
    </p>
   </div>
   <div class='ocr_carea' id='block_1_70' title="bbox 2219 3367 3819 3443">
    <p class='ocr_par' dir='ltr' id='par_1_70' title="bbox 2219 3367 3819 3443">
     <span class='ocr_line' id='line_1_70' title="bbox 2219 3367 3819 3443; baseline -0.003 -15"><span class='ocrx_word' id='word_1_523' title='bbox 2219 3380 2274 3428; x_wconf 86' lang='lat' dir='ltr'><strong>et</strong></span> <span class='ocrx_word' id='word_1_524' title='bbox 2321 3370 2514 3443; x_wconf 87' lang='lat' dir='ltr'><strong>quibus</strong></span> <span class='ocrx_word' id='word_1_525' title='bbox 2555 3386 2653 3424; x_wconf 82' lang='lat' dir='ltr'><strong>rex</strong></span> <span class='ocrx_word' id='word_1_526' title='bbox 2695 3368 2942 3440; x_wconf 67' lang='lat' dir='ltr'><strong>principii.</strong></span> <span class='ocrx_word' id='word_1_527' title='bbox 2994 3376 3054 3422; x_wconf 90' lang='lat' dir='ltr'><strong>ut</strong></span> <span class='ocrx_word' id='word_1_528' title='bbox 3096 3376 3149 3422; x_wconf 90' lang='lat' dir='ltr'><strong>et</strong></span> <span class='ocrx_word' id='word_1_529' title='bbox 3193 3367 3451 3423; x_wconf 87' lang='lat' dir='ltr'><strong>ecclesias</strong></span> <span class='ocrx_word' id='word_1_530' title='bbox 3502 3375 3554 3422; x_wconf 90' lang='lat' dir='ltr'><strong>et</strong></span> <span class='ocrx_word' id='word_1_531' title='bbox 3585 3367 3819 3423; x_wconf 85' lang='lat' dir='ltr'><strong>feminas</strong></span> 
     </span>
    </p>
   </div>
   <div class='ocr_carea' id='block_1_71' title="bbox 2218 3453 3821 3529">
    <p class='ocr_par' dir='ltr' id='par_1_71' title="bbox 2218 3453 3821 3529">
     <span class='ocr_line' id='line_1_71' title="bbox 2218 3453 3821 3529; baseline -0.004 -12"><span class='ocrx_word' id='word_1_532' title='bbox 2218 3461 2472 3524; x_wconf 86' lang='lat' dir='ltr'><strong>habeant,</strong></span> <span class='ocrx_word' id='word_1_533' title='bbox 2532 3456 2671 3512; x_wconf 90' lang='lat' dir='ltr'><strong>sicut</strong></span> <span class='ocrx_word' id='word_1_534' title='bbox 2725 3465 2970 3529; x_wconf 90' lang='lat' dir='ltr'><strong>tempore</strong></span> <span class='ocrx_word' id='word_1_535' title='bbox 3037 3455 3208 3528; x_wconf 88' lang='lat' dir='ltr'><strong>patris</strong></span> <span class='ocrx_word' id='word_1_536' title='bbox 3282 3455 3364 3510; x_wconf 87' lang='lat' dir='ltr'><strong>sui</strong></span> <span class='ocrx_word' id='word_1_537' title='bbox 3420 3463 3473 3511; x_wconf 91' lang='lat' dir='ltr'><strong>et</strong></span> <span class='ocrx_word' id='word_1_538' title='bbox 3535 3453 3821 3512; x_wconf 81' lang='lat' dir='ltr'><strong>Lanfranci</strong></span> 
     </span>
    </p>
   </div>
   <div class='ocr_carea' id='block_1_72' title="bbox 1836 3559 2512 3617">
    <p class='ocr_par' dir='ltr' id='par_1_72' title="bbox 1836 3559 2512 3617">
     <span class='ocr_line' id='line_1_72' title="bbox 1836 3559 2512 3617; baseline -0.003 -2"><span class='ocrx_word' id='word_1_539' title='bbox 1836 3560 2063 3617; x_wconf 71' lang='grc' dir='ltr'><strong>νΛΗΙτΕ</strong></span> <span class='ocrx_word' id='word_1_540' title='bbox 2101 3559 2512 3616; x_wconf 82' lang='lat' dir='ltr'><strong>LECTIONES.</strong></span> 
     </span>
    </p>
   </div>
   <div class='ocr_carea' id='block_1_73' title="bbox 593 3635 3811 3728">
    <p class='ocr_par' dir='ltr' id='par_1_73' title="bbox 593 3635 3811 3728">
     <span class='ocr_line' id='line_1_73' title="bbox 593 3635 3811 3728; baseline -0.001 -16"><span class='ocrx_word' id='word_1_541' title='bbox 593 3635 1024 3728; x_wconf 73' lang='lat' dir='ltr'><strong>‘°°Cameodem</strong></span> <span class='ocrx_word' id='word_1_542' title='bbox 1053 3671 1164 3728; x_wconf 77' lang='lat' dir='ltr'><strong>ms.</strong></span> <span class='ocrx_word' id='word_1_543' title='bbox 1201 3655 1432 3712; x_wconf 88' lang='lat' dir='ltr'><strong>collata.</strong></span> <span class='ocrx_word' id='word_1_544' title='bbox 1464 3653 1920 3728; x_wconf 73' lang='lat' dir='ltr'><strong>&#39;_°‘Negligentiae,</strong></span> <span class='ocrx_word' id='word_1_545' title='bbox 1955 3657 2050 3712; x_wconf 91' lang='lat' dir='ltr'><strong>sed</strong></span> <span class='ocrx_word' id='word_1_546' title='bbox 2093 3655 2511 3728; x_wconf 85' lang='lat' dir='ltr'><strong>opportunitatis</strong></span> <span class='ocrx_word' id='word_1_547' title='bbox 2543 3670 2701 3728; x_wconf 81' lang='lat' dir='ltr'><strong>quam</strong></span> <span class='ocrx_word' id='word_1_548' title='bbox 2748 3659 3038 3728; x_wconf 69' lang='lat' dir='ltr'><strong>monstras,</strong></span> <span class='ocrx_word' id='word_1_549' title='bbox 3064 3667 3208 3728; x_wconf 84' lang='lat' dir='ltr'><strong>opus</strong></span> <span class='ocrx_word' id='word_1_550' title='bbox 3253 3666 3366 3728; x_wconf 79' lang='lat' dir='ltr'><strong>non</strong></span> <span class='ocrx_word' id='word_1_551' title='bbox 3397 3657 3501 3728; x_wconf 86' lang='lat' dir='ltr'><strong>_est</strong></span> <span class='ocrx_word' id='word_1_552' title='bbox 3539 3650 3811 3728; x_wconf 75' lang='lat' dir='ltr'><strong>absentia.</strong></span> 
     </span>
    </p>
   </div>
   <div class='ocr_carea' id='block_1_74' title="bbox 530 3721 3820 3798">
    <p class='ocr_par' dir='ltr' id='par_1_74' title="bbox 530 3721 3820 3798">
     <span class='ocr_line' id='line_1_74' title="bbox 530 3721 3820 3798; baseline -0.002 -17"><span class='ocrx_word' id='word_1_553' title='bbox 530 3727 1040 3798; x_wconf 9' lang='lat' dir='ltr'><strong>ms.rnegligentia,</strong></span> <span class='ocrx_word' id='word_1_554' title='bbox 1075 3727 1170 3781; x_wconf 90' lang='lat' dir='ltr'><strong>sed</strong></span> <span class='ocrx_word' id='word_1_555' title='bbox 1202 3721 1827 3798; x_wconf 44' lang='lat' dir='ltr'><strong>opportunitatisfquam</strong></span> <span class='ocrx_word' id='word_1_556' title='bbox 1859 3721 2322 3798; x_wconf 35' lang='lat' dir='ltr'><strong>m&#39;onstrare&#39;opus</strong></span> <span class='ocrx_word' id='word_1_557' title='bbox 2357 3742 2466 3782; x_wconf 91' lang='lat' dir='ltr'><strong>non</strong></span> <span class='ocrx_word' id='word_1_558' title='bbox 2514 3721 2616 3791; x_wconf 76' lang='lat' dir='ltr'><strong>est,</strong></span> <span class='ocrx_word' id='word_1_559' title='bbox 2651 3724 2922 3780; x_wconf 88' lang='lat' dir='ltr'><strong>absentia.</strong></span> <span class='ocrx_word' id='word_1_560' title='bbox 2952 3721 3015 3752; x_wconf 85' lang='grc'><strong>⁵⁰²</strong></span> <span class='ocrx_word' id='word_1_561' title='bbox 3044 3721 3122 3779; x_wconf 80' lang='lat' dir='ltr'><strong>Ad</strong></span> <span class='ocrx_word' id='word_1_562' title='bbox 3167 3721 3581 3795; x_wconf 86' lang='lat' dir='ltr'><strong>ambiguitatem</strong></span> <span class='ocrx_word' id='word_1_563' title='bbox 3626 3738 3730 3779; x_wconf 87' lang='lat' dir='ltr'><strong>ms.</strong></span> <span class='ocrx_word' id='word_1_564' title='bbox 3765 3722 3820 3777; x_wconf 93' lang='lat' dir='ltr'><strong>in</strong></span> 
     </span>
    </p>
   </div>
   <div class='ocr_carea' id='block_1_75' title="bbox 1722 3866 2606 3925">
    <p class='ocr_par' dir='ltr' id='par_1_75' title="bbox 1722 3866 2606 3925">
     <span class='ocr_line' id='line_1_75' title="bbox 1722 3866 2606 3925; baseline -0.002 -2"><span class='ocrx_word' id='word_1_565' title='bbox 1722 3867 2020 3925; x_wconf 72' lang='lat' dir='ltr'><strong>JOANNIS</strong></span> <span class='ocrx_word' id='word_1_566' title='bbox 2058 3869 2339 3925; x_wconf 82' lang='lat' dir='ltr'><strong>PICARDI</strong></span> <span class='ocrx_word' id='word_1_567' title='bbox 2377 3866 2606 3924; x_wconf 72' lang='grc' dir='ltr'><strong>ΝΟΤίΕ.</strong></span> 
     </span>
    </p>
   </div>
   <div class='ocr_carea' id='block_1_76' title="bbox 526 3797 956 3869">
    <p class='ocr_par' dir='ltr' id='par_1_76' title="bbox 526 3797 956 3869">
     <span class='ocr_line' id='line_1_76' title="bbox 526 3797 956 3869; baseline -0.005 -17"><span class='ocrx_word' id='word_1_568' title='bbox 526 3797 956 3869; x_wconf 85' lang='lat' dir='ltr'><strong>ambiguitatem.</strong></span> 
     </span>
    </p>
   </div>
   <div class='ocr_carea' id='block_1_77' title="bbox 534 3962 2115 4035">
    <p class='ocr_par' dir='ltr' id='par_1_77' title="bbox 534 3962 2115 4035">
     <span class='ocr_line' id='line_1_77' title="bbox 534 3962 2115 4035; baseline -0.001 -16"><span class='ocrx_word' id='word_1_569' title='bbox 534 3965 606 4019; x_wconf 89' lang='lat' dir='ltr'><strong>Et</strong></span> <span class='ocrx_word' id='word_1_570' title='bbox 636 3963 688 4017; x_wconf 91' lang='lat' dir='ltr'><strong>in</strong></span> <span class='ocrx_word' id='word_1_571' title='bbox 722 3962 876 4018; x_wconf 89' lang='lat' dir='ltr'><strong>titulo</strong></span> <span class='ocrx_word' id='word_1_572' title='bbox 909 3966 982 4019; x_wconf 87' lang='lat' dir='ltr'><strong>De</strong></span> <span class='ocrx_word' id='word_1_573' title='bbox 999 3965 1068 4020; x_wconf 87' lang='lat' dir='ltr'><strong>iis</strong></span> <span class='ocrx_word' id='word_1_574' title='bbox 1089 3965 1186 4034; x_wconf 84' lang='lat' dir='ltr'><strong>qui</strong></span> <span class='ocrx_word' id='word_1_575' title='bbox 1199 3979 1397 4034; x_wconf 80' lang='lat' dir='ltr'><strong>pacem</strong></span> <span class='ocrx_word' id='word_1_576' title='bbox 1415 3979 1515 4035; x_wconf 82' lang='lat' dir='ltr'><strong>per</strong></span> <span class='ocrx_word' id='word_1_577' title='bbox 1530 3964 1686 4019; x_wconf 89' lang='lat' dir='ltr'><strong>breve</strong></span> <span class='ocrx_word' id='word_1_578' title='bbox 1705 3966 1848 4035; x_wconf 82' lang='lat' dir='ltr'><strong>regis</strong></span> <span class='ocrx_word' id='word_1_579' title='bbox 1890 3964 2115 4028; x_wconf 77' lang='lat' dir='ltr'><strong>habent,</strong></span> 
     </span>
    </p>
   </div>
   <div class='ocr_carea' id='block_1_78' title="bbox 533 4035 2121 4106">
    <p class='ocr_par' dir='ltr' id='par_1_78' title="bbox 533 4035 2121 4106">
     <span class='ocr_line' id='line_1_78' title="bbox 533 4035 2121 4106; baseline -0.001 -15"><span class='ocrx_word' id='word_1_580' title='bbox 533 4045 584 4091; x_wconf 88' lang='lat' dir='ltr'><strong>et</strong></span> <span class='ocrx_word' id='word_1_581' title='bbox 617 4035 866 4105; x_wconf 84' lang='lat' dir='ltr'><strong>proxime</strong></span> <span class='ocrx_word' id='word_1_582' title='bbox 893 4036 1138 4106; x_wconf 81' lang='lat' dir='ltr'><strong>apposito</strong></span> <span class='ocrx_word' id='word_1_583' title='bbox 1161 4036 1312 4090; x_wconf 88' lang='lat' dir='ltr'><strong>titulo</strong></span> <span class='ocrx_word' id='word_1_584' title='bbox 1347 4052 1357 4090; x_wconf 95' lang='lat'>:</span> <span class='ocrx_word' id='word_1_585' title='bbox 1398 4058 1419 4082; x_wconf 77' lang='grc' dir='ltr'>α</span> <span class='ocrx_word' id='word_1_586' title='bbox 1453 4037 1532 4089; x_wconf 90' lang='lat' dir='ltr'><strong>De</strong></span> <span class='ocrx_word' id='word_1_587' title='bbox 1561 4037 1676 4090; x_wconf 83' lang='lat' dir='ltr'><strong>istis</strong></span> <span class='ocrx_word' id='word_1_588' title='bbox 1707 4046 1828 4089; x_wconf 91' lang='lat' dir='ltr'><strong>octo</strong></span> <span class='ocrx_word' id='word_1_589' title='bbox 1852 4036 2002 4090; x_wconf 89' lang='lat' dir='ltr'><strong>libris</strong></span> <span class='ocrx_word' id='word_1_590' title='bbox 2023 4053 2121 4090; x_wconf 80' lang='lat' dir='ltr'><strong>rex</strong></span> 
     </span>
    </p>
   </div>
   <div class='ocr_carea' id='block_1_79' title="bbox 537 4107 2122 4175">
    <p class='ocr_par' dir='ltr' id='par_1_79' title="bbox 537 4107 2122 4175">
     <span class='ocr_line' id='line_1_79' title="bbox 537 4107 2122 4175; baseline 0 -13"><span class='ocrx_word' id='word_1_591' title='bbox 537 4109 737 4163; x_wconf 87' lang='lat' dir='ltr'><strong>habeat</strong></span> <span class='ocrx_word' id='word_1_592' title='bbox 785 4117 1001 4161; x_wconf 87' lang='lat' dir='ltr'><strong>centum</strong></span> <span class='ocrx_word' id='word_1_593' title='bbox 1048 4107 1276 4171; x_wconf 89' lang='lat' dir='ltr'><strong>solidos,</strong></span> <span class='ocrx_word' id='word_1_594' title='bbox 1327 4116 1378 4162; x_wconf 88' lang='lat' dir='ltr'><strong>et</strong></span> <span class='ocrx_word' id='word_1_595' title='bbox 1437 4107 1626 4161; x_wconf 90' lang='lat' dir='ltr'><strong>consul</strong></span> <span class='ocrx_word' id='word_1_596' title='bbox 1677 4107 1983 4172; x_wconf 89' lang='lat' dir='ltr'><strong>comitatus,</strong></span> <span class='ocrx_word' id='word_1_597' title='bbox 2031 4107 2122 4175; x_wconf 90' lang='lat' dir='ltr'><strong>qui</strong></span> 
     </span>
    </p>
   </div>
   <div class='ocr_carea' id='block_1_80' title="bbox 538 4177 2125 4249">
    <p class='ocr_par' dir='ltr' id='par_1_80' title="bbox 538 4177 2125 4249">
     <span class='ocr_line' id='line_1_80' title="bbox 538 4177 2125 4249; baseline 0 -17"><span class='ocrx_word' id='word_1_598' title='bbox 538 4180 753 4232; x_wconf 82' lang='lat' dir='ltr'><strong>tertium</strong></span> <span class='ocrx_word' id='word_1_599' title='bbox 787 4179 944 4233; x_wconf 86' lang='lat' dir='ltr'><strong>habet</strong></span> <span class='ocrx_word' id='word_1_600' title='bbox 986 4177 1279 4249; x_wconf 85' lang='lat' dir='ltr'><strong>denarium</strong></span> <span class='ocrx_word' id='word_1_601' title='bbox 1321 4178 1698 4249; x_wconf 15' lang='lat' dir='ltr'><strong>iorisrfacturaa,</strong></span> <span class='ocrx_word' id='word_1_602' title='bbox 1731 4179 2125 4249; x_wconf 79' lang='lat' dir='ltr'><strong>quinquaginta</strong></span> 
     </span>
    </p>
   </div>
   <div class='ocr_carea' id='block_1_81' title="bbox 538 4248 2125 4320">
    <p class='ocr_par' dir='ltr' id='par_1_81' title="bbox 538 4248 2125 4320">
     <span class='ocr_line' id='line_1_81' title="bbox 538 4248 2125 4320; baseline 0.001 -17"><span class='ocrx_word' id='word_1_603' title='bbox 538 4251 791 4304; x_wconf 80' lang='lat' dir='ltr'><strong>solidos.»</strong></span> <span class='ocrx_word' id='word_1_604' title='bbox 828 4251 1136 4320; x_wconf 87' lang='lat' dir='ltr'><strong>lterumque</strong></span> <span class='ocrx_word' id='word_1_605' title='bbox 1167 4248 1323 4304; x_wconf 80' lang='lat' dir='ltr'><strong>titulo</strong></span> <span class='ocrx_word' id='word_1_606' title='bbox 1343 4250 1414 4304; x_wconf 92' lang='lat' dir='ltr'><strong>De</strong></span> <span class='ocrx_word' id='word_1_607' title='bbox 1439 4248 1757 4304; x_wconf 81' lang='lat' dir='ltr'><strong>latronibus</strong></span> <span class='ocrx_word' id='word_1_608' title='bbox 1772 4265 1870 4320; x_wconf 83' lang='lat' dir='ltr'><strong>pro</strong></span> <span class='ocrx_word' id='word_1_609' title='bbox 1891 4248 2125 4304; x_wconf 78' lang='lat' dir='ltr'><strong>latroci-</strong></span> 
     </span>
    </p>
   </div>
   <div class='ocr_carea' id='block_1_82' title="bbox 2226 3960 3823 4036">
    <p class='ocr_par' dir='ltr' id='par_1_82' title="bbox 2226 3960 3823 4036">
     <span class='ocr_line' id='line_1_82' title="bbox 2226 3960 3823 4036; baseline 0.001 -17"><span class='ocrx_word' id='word_1_610' title='bbox 2226 3965 2450 4020; x_wconf 83' lang='lat' dir='ltr'><strong>Joannis</strong></span> <span class='ocrx_word' id='word_1_611' title='bbox 2480 3963 2863 4036; x_wconf 84' lang='lat' dir='ltr'><strong>Magdunensis</strong></span> <span class='ocrx_word' id='word_1_612' title='bbox 2909 3979 3146 4029; x_wconf 85' lang='lat' dir='ltr'><strong>carmen,</strong></span> <span class='ocrx_word' id='word_1_613' title='bbox 3180 3962 3324 4036; x_wconf 84' lang='lat' dir='ltr'><strong>quod</strong></span> <span class='ocrx_word' id='word_1_614' title='bbox 3369 3960 3540 4036; x_wconf 75' lang='lat' dir='ltr'><strong>vulgo</strong></span> <span class='ocrx_word' id='word_1_615' title='bbox 3591 3963 3823 4036; x_wconf 82' lang='lat' dir='ltr'><strong>Roman.-</strong></span> 
     </span>
    </p>
   </div>
   <div class='ocr_carea' id='block_1_83' title="bbox 2233 4032 3821 4096">
    <p class='ocr_par' dir='ltr' id='par_1_83' title="bbox 2233 4032 3821 4096">
     <span class='ocr_line' id='line_1_83' title="bbox 2233 4032 3821 4096; baseline -0.004 -6"><span class='ocrx_word' id='word_1_616' title='bbox 2233 4039 2457 4091; x_wconf 87' lang='lat' dir='ltr'><strong>tianum</strong></span> <span class='ocrx_word' id='word_1_617' title='bbox 2489 4032 2704 4091; x_wconf 74' lang='lat' dir='ltr'><strong>derosa</strong></span> <span class='ocrx_word' id='word_1_618' title='bbox 2734 4035 2954 4096; x_wconf 83' lang='lat' dir='ltr'><strong>dicitur,</strong></span> <span class='ocrx_word' id='word_1_619' title='bbox 2977 4036 3153 4088; x_wconf 87' lang='lat' dir='ltr'><strong>ethoc</strong></span> <span class='ocrx_word' id='word_1_620' title='bbox 3173 4032 3438 4088; x_wconf 80' lang='lat' dir='ltr'><strong>vocabulo</strong></span> <span class='ocrx_word' id='word_1_621' title='bbox 3461 4032 3628 4086; x_wconf 78' lang='lat' dir='ltr'><strong>utitur</strong></span> <span class='ocrx_word' id='word_1_622' title='bbox 3657 4033 3821 4085; x_wconf 89' lang='lat' dir='ltr'><strong>indu-</strong></span> 
     </span>
    </p>
   </div>
   <div class='ocr_carea' id='block_1_84' title="bbox 2229 4104 3820 4177">
    <p class='ocr_par' dir='ltr' id='par_1_84' title="bbox 2229 4104 3820 4177">
     <span class='ocr_line' id='line_1_84' title="bbox 2229 4104 3820 4177; baseline -0.002 -16"><span class='ocrx_word' id='word_1_623' title='bbox 2229 4123 2360 4161; x_wconf 86' lang='lat' dir='ltr'><strong>cens</strong></span> <span class='ocrx_word' id='word_1_624' title='bbox 2391 4107 2705 4177; x_wconf 86' lang='lat' dir='ltr'><strong>pudicitiam</strong></span> <span class='ocrx_word' id='word_1_625' title='bbox 2738 4107 2812 4159; x_wconf 88' lang='lat' dir='ltr'><strong>ita</strong></span> <span class='ocrx_word' id='word_1_626' title='bbox 2840 4107 3265 4177; x_wconf 65' lang='lat' dir='ltr'><strong>supplicantem,</strong></span> <span class='ocrx_word' id='word_1_627' title='bbox 3290 4108 3377 4168; x_wconf 85' lang='lat' dir='ltr'><strong>ut,</strong></span> <span class='ocrx_word' id='word_1_628' title='bbox 3413 4104 3607 4173; x_wconf 84' lang='lat' dir='ltr'><strong>inquit,</strong></span> <span class='ocrx_word' id='word_1_629' title='bbox 3630 4119 3820 4177; x_wconf 78' lang='lat' dir='ltr'><strong>reme-</strong></span> 
     </span>
    </p>
   </div>
   <div class='ocr_carea' id='block_1_85' title="bbox 2231 4174 3823 4250">
    <p class='ocr_par' dir='ltr' id='par_1_85' title="bbox 2231 4174 3823 4250">
     <span class='ocr_line' id='line_1_85' title="bbox 2231 4174 3823 4250; baseline -0.003 -17"><span class='ocrx_word' id='word_1_630' title='bbox 2231 4174 2676 4250; x_wconf 50' lang='lat' dir='ltr'><strong>dium&#39;ponatur,</strong></span> <span class='ocrx_word' id='word_1_631' title='bbox 2697 4181 2757 4232; x_wconf 85' lang='lat' dir='ltr'><strong>et</strong></span> <span class='ocrx_word' id='word_1_632' title='bbox 2777 4174 2958 4250; x_wconf 78' lang='lat' dir='ltr'><strong>brevis</strong></span> <span class='ocrx_word' id='word_1_633' title='bbox 2968 4178 3211 4250; x_wconf 78' lang='lat' dir='ltr'><strong>provisio</strong></span> <span class='ocrx_word' id='word_1_634' title='bbox 3232 4175 3298 4250; x_wconf 76' lang='lat' dir='ltr'><strong>de</strong></span> <span class='ocrx_word' id='word_1_635' title='bbox 3314 4174 3823 4250; x_wconf 70' lang='lat' dir='ltr'><strong>innumerabilibus</strong></span> 
     </span>
    </p>
   </div>
   <div class='ocr_carea' id='block_1_86' title="bbox 2233 4247 3814 4321">
    <p class='ocr_par' dir='ltr' id='par_1_86' title="bbox 2233 4247 3814 4321">
     <span class='ocr_line' id='line_1_86' title="bbox 2233 4247 3814 4321; baseline -0.004 -17"><span class='ocrx_word' id='word_1_636' title='bbox 2233 4247 2550 4321; x_wconf 62' lang='lat' dir='ltr'><strong>[orisfactis</strong></span> <span class='ocrx_word' id='word_1_637' title='bbox 2567 4264 2689 4321; x_wconf 70' lang='lat' dir='ltr'><strong>qua:</strong></span> <span class='ocrx_word' id='word_1_638' title='bbox 2709 4249 2845 4321; x_wconf 81' lang='lat' dir='ltr'><strong>mihi</strong></span> <span class='ocrx_word' id='word_1_639' title='bbox 2863 4249 3091 4321; x_wconf 75' lang='lat' dir='ltr'><strong>intulit,</strong></span> <span class='ocrx_word' id='word_1_640' title='bbox 3114 4247 3351 4321; x_wconf 62' lang='lat' dir='ltr'><strong>necllum</strong></span> <span class='ocrx_word' id='word_1_641' title='bbox 3372 4247 3589 4315; x_wconf 74' lang='lat' dir='ltr'><strong>inferre</strong></span> <span class='ocrx_word' id='word_1_642' title='bbox 3611 4248 3814 4321; x_wconf 70' lang='lat' dir='ltr'><strong>gessat.</strong></span> 
     </span>
    </p>
   </div>
   <div class='ocr_carea' id='block_1_87' title="bbox 538 4313 3821 4400">
    <p class='ocr_par' dir='ltr' id='par_1_87' title="bbox 538 4313 3821 4400">
     <span class='ocr_line' id='line_1_87' title="bbox 538 4313 3821 4400; baseline -0.002 -24"><span class='ocrx_word' id='word_1_643' title='bbox 538 4323 635 4400; x_wconf 79' lang='lat' dir='ltr'><strong>nio</strong></span> <span class='ocrx_word' id='word_1_644' title='bbox 655 4325 978 4400; x_wconf 73' lang='lat' dir='ltr'><strong>inter/eatis</strong></span> <span class='ocrx_word' id='word_1_645' title='bbox 1008 4340 1026 4376; x_wconf 91' lang='lat'><strong><em>:</em></strong></span> <span class='ocrx_word' id='word_1_646' title='bbox 1053 4313 1142 4375; x_wconf 65' lang='grc' dir='ltr'><strong>λι)</strong></span> <span class='ocrx_word' id='word_1_647' title='bbox 1171 4322 1293 4400; x_wconf 84' lang='lat' dir='ltr'><strong>ipso</strong></span> <span class='ocrx_word' id='word_1_648' title='bbox 1323 4335 1450 4400; x_wconf 87' lang='lat' dir='ltr'><strong>vero</strong></span> <span class='ocrx_word' id='word_1_649' title='bbox 1479 4320 1570 4374; x_wconf 89' lang='lat' dir='ltr'><strong>die</strong></span> <span class='ocrx_word' id='word_1_650' title='bbox 1588 4313 1992 4400; x_wconf 40' lang='lat' dir='ltr'><strong>ninqpindecim</strong></span> <span class='ocrx_word' id='word_1_651' title='bbox 2009 4321 2124 4400; x_wconf 76' lang='lat' dir='ltr'><strong>dies</strong></span> <span class='ocrx_word' id='word_1_652' title='bbox 2153 4339 2205 4400; x_wconf 83' lang='lat' dir='ltr'><strong>D</strong></span> <span class='ocrx_word' id='word_1_653' title='bbox 2233 4313 2313 4400; x_wconf 81' lang='lat' dir='ltr'><strong>Eo</strong></span> <span class='ocrx_word' id='word_1_654' title='bbox 2343 4313 2852 4400; x_wconf 23' lang='lat' dir='ltr'><strong>quoqueiaccedun‘t</strong></span> <span class='ocrx_word' id='word_1_655' title='bbox 2895 4318 3118 4400; x_wconf 81' lang='lat' dir='ltr'><strong>verbum</strong></span> <span class='ocrx_word' id='word_1_656' title='bbox 3151 4313 3491 4400; x_wconf 72' lang='lat' dir='ltr'><strong>forisfacere,</strong></span> <span class='ocrx_word' id='word_1_657' title='bbox 3520 4322 3573 4400; x_wconf 76' lang='lat' dir='ltr'><strong>et</strong></span> <span class='ocrx_word' id='word_1_658' title='bbox 3606 4313 3821 4400; x_wconf 67' lang='lat' dir='ltr'><strong>{crista-</strong></span> 
     </span>
    </p>
   </div>
   <div class='ocr_carea' id='block_1_88' title="bbox 544 4389 2122 4461">
    <p class='ocr_par' dir='ltr' id='par_1_88' title="bbox 544 4389 2122 4461">
     <span class='ocr_line' id='line_1_88' title="bbox 544 4389 2122 4461; baseline -0.002 -14"><span class='ocrx_word' id='word_1_659' title='bbox 544 4394 735 4448; x_wconf 84' lang='lat' dir='ltr'><strong>reddat</strong></span> <span class='ocrx_word' id='word_1_660' title='bbox 765 4389 1079 4448; x_wconf 83' lang='lat' dir='ltr'><strong>interfector</strong></span> <span class='ocrx_word' id='word_1_661' title='bbox 1131 4389 1388 4461; x_wconf 83' lang='lat' dir='ltr'><strong>episcopo</strong></span> <span class='ocrx_word' id='word_1_662' title='bbox 1427 4397 1536 4445; x_wconf 85' lang='lat' dir='ltr'><strong>tres</strong></span> <span class='ocrx_word' id='word_1_663' title='bbox 1564 4389 1972 4461; x_wconf 15' lang='lat' dir='ltr'><strong>iforisfacturas.</strong></span> <span class='ocrx_word' id='word_1_664' title='bbox 2006 4411 2028 4440; x_wconf 73' lang='grc' dir='ltr'><strong>ι</strong></span> <span class='ocrx_word' id='word_1_665' title='bbox 2062 4393 2122 4444; x_wconf 90' lang='lat' dir='ltr'><strong>In</strong></span> 
     </span>
    </p>
   </div>
   <div class='ocr_carea' id='block_1_89' title="bbox 543 4460 2130 4533">
    <p class='ocr_par' dir='ltr' id='par_1_89' title="bbox 543 4460 2130 4533">
     <span class='ocr_line' id='line_1_89' title="bbox 543 4460 2130 4533; baseline -0.002 -15"><span class='ocrx_word' id='word_1_666' title='bbox 543 4465 790 4518; x_wconf 88' lang='lat' dir='ltr'><strong>eamdem</strong></span> <span class='ocrx_word' id='word_1_667' title='bbox 813 4460 1189 4533; x_wconf 83' lang='lat' dir='ltr'><strong>acceptionem</strong></span> <span class='ocrx_word' id='word_1_668' title='bbox 1209 4463 1427 4516; x_wconf 80' lang='lat' dir='ltr'><strong>Videtur</strong></span> <span class='ocrx_word' id='word_1_669' title='bbox 1442 4460 1878 4533; x_wconf 85' lang='lat' dir='ltr'><strong>quadrarelocus</strong></span> <span class='ocrx_word' id='word_1_670' title='bbox 1899 4477 2019 4530; x_wconf 87' lang='lat' dir='ltr'><strong>cap.</strong></span> <span class='ocrx_word' id='word_1_671' title='bbox 2041 4463 2130 4533; x_wconf 64' lang='lat' dir='ltr'><strong>i8,</strong></span> 
     </span>
    </p>
   </div>
   <div class='ocr_carea' id='block_1_90' title="bbox 548 4531 2130 4600">
    <p class='ocr_par' dir='ltr' id='par_1_90' title="bbox 548 4531 2130 4600">
     <span class='ocr_line' id='line_1_90' title="bbox 548 4531 2130 4600; baseline -0.003 -12"><span class='ocrx_word' id='word_1_672' title='bbox 548 4535 786 4588; x_wconf 85' lang='lat' dir='ltr'><strong>distinct.</strong></span> <span class='ocrx_word' id='word_1_673' title='bbox 820 4539 872 4600; x_wconf 70' lang='lat'><strong>9,</strong></span> <span class='ocrx_word' id='word_1_674' title='bbox 907 4531 1103 4588; x_wconf 84' lang='lat' dir='ltr'><strong>Cursus</strong></span> <span class='ocrx_word' id='word_1_675' title='bbox 1130 4535 1532 4588; x_wconf 55' lang='lat' dir='ltr'><strong>Northmannia</strong></span> <span class='ocrx_word' id='word_1_676' title='bbox 1564 4547 1672 4586; x_wconf 91' lang='lat' dir='ltr'><strong>ms.</strong></span> <span class='ocrx_word' id='word_1_677' title='bbox 1706 4532 1759 4584; x_wconf 92' lang='lat' dir='ltr'><strong>in</strong></span> <span class='ocrx_word' id='word_1_678' title='bbox 1809 4540 1992 4586; x_wconf 89' lang='lat' dir='ltr'><strong>nostra</strong></span> <span class='ocrx_word' id='word_1_679' title='bbox 2040 4531 2130 4584; x_wconf 91' lang='lat' dir='ltr'><strong>bi-</strong></span> 
     </span>
    </p>
   </div>
   <div class='ocr_carea' id='block_1_91' title="bbox 546 4604 2132 4674">
    <p class='ocr_par' dir='ltr' id='par_1_91' title="bbox 546 4604 2132 4674">
     <span class='ocr_line' id='line_1_91' title="bbox 546 4604 2132 4674; baseline 0 -16"><span class='ocrx_word' id='word_1_680' title='bbox 546 4605 814 4659; x_wconf 83' lang='lat' dir='ltr'><strong>bliotheca</strong></span> <span class='ocrx_word' id='word_1_681' title='bbox 843 4607 919 4658; x_wconf 89' lang='lat' dir='ltr'><strong>sic</strong></span> <span class='ocrx_word' id='word_1_682' title='bbox 942 4624 954 4659; x_wconf 93' lang='lat'>:</span> <span class='ocrx_word' id='word_1_683' title='bbox 989 4604 1086 4658; x_wconf 86' lang='lat' dir='ltr'><strong>Ad</strong></span> <span class='ocrx_word' id='word_1_684' title='bbox 1111 4605 1308 4659; x_wconf 81' lang='lat' dir='ltr'><strong>ducem</strong></span> <span class='ocrx_word' id='word_1_685' title='bbox 1329 4605 1622 4674; x_wconf 84' lang='lat' dir='ltr'><strong>pertinent</strong></span> <span class='ocrx_word' id='word_1_686' title='bbox 1650 4604 2132 4674; x_wconf 79' lang='lat' dir='ltr'><strong>omnesforis/‘ac-</strong></span> 
     </span>
    </p>
   </div>
   <div class='ocr_carea' id='block_1_92' title="bbox 552 4673 2133 4745">
    <p class='ocr_par' dir='ltr' id='par_1_92' title="bbox 552 4673 2133 4745">
     <span class='ocr_line' id='line_1_92' title="bbox 552 4673 2133 4745; baseline -0.002 -15"><span class='ocrx_word' id='word_1_687' title='bbox 552 4681 694 4730; x_wconf 76' lang='lat' dir='ltr'><strong>tura:</strong></span> <span class='ocrx_word' id='word_1_688' title='bbox 736 4677 982 4729; x_wconf 76' lang='lat' dir='ltr'><strong>mobiles.</strong></span> <span class='ocrx_word' id='word_1_689' title='bbox 1024 4673 1424 4745; x_wconf 67' lang='lat' dir='ltr'><strong>Foris/acturre</strong></span> <span class='ocrx_word' id='word_1_690' title='bbox 1469 4681 1664 4728; x_wconf 85' lang='lat' dir='ltr'><strong>autem</strong></span> <span class='ocrx_word' id='word_1_691' title='bbox 1717 4673 1945 4728; x_wconf 78' lang='lat' dir='ltr'><strong>mobiles</strong></span> <span class='ocrx_word' id='word_1_692' title='bbox 1996 4677 2133 4729; x_wconf 82' lang='lat' dir='ltr'><strong>sunt</strong></span> 
     </span>
    </p>
   </div>
   <div class='ocr_carea' id='block_1_93' title="bbox 553 4745 2134 4816">
    <p class='ocr_par' dir='ltr' id='par_1_93' title="bbox 553 4745 2134 4816">
     <span class='ocr_line' id='line_1_93' title="bbox 553 4745 2134 4816; baseline -0.001 -15"><span class='ocrx_word' id='word_1_693' title='bbox 553 4745 812 4807; x_wconf 77' lang='lat' dir='ltr'><strong>ratallia,</strong></span> <span class='ocrx_word' id='word_1_694' title='bbox 837 4763 935 4800; x_wconf 86' lang='lat' dir='ltr'><strong>seu</strong></span> <span class='ocrx_word' id='word_1_695' title='bbox 959 4747 1182 4800; x_wconf 81' lang='lat' dir='ltr'><strong>mobilia</strong></span> <span class='ocrx_word' id='word_1_696' title='bbox 1213 4763 1406 4801; x_wconf 82' lang='lat' dir='ltr'><strong>eorum</strong></span> <span class='ocrx_word' id='word_1_697' title='bbox 1429 4745 1518 4816; x_wconf 78' lang='lat' dir='ltr'><strong>qui</strong></span> <span class='ocrx_word' id='word_1_698' title='bbox 1547 4761 1646 4816; x_wconf 84' lang='lat' dir='ltr'><strong>per</strong></span> <span class='ocrx_word' id='word_1_699' title='bbox 1667 4745 1946 4813; x_wconf 82' lang='lat' dir='ltr'><strong>judicium</strong></span> <span class='ocrx_word' id='word_1_700' title='bbox 1971 4745 2134 4799; x_wconf 84' lang='lat' dir='ltr'><strong>dam-</strong></span> 
     </span>
    </p>
   </div>
   <div class='ocr_carea' id='block_1_94' title="bbox 551 4817 1776 4872">
    <p class='ocr_par' dir='ltr' id='par_1_94' title="bbox 551 4817 1776 4872">
     <span class='ocr_line' id='line_1_94' title="bbox 551 4817 1776 4872; baseline -0.005 0"><span class='ocrx_word' id='word_1_701' title='bbox 551 4819 676 4872; x_wconf 83' lang='lat' dir='ltr'><strong>nati</strong></span> <span class='ocrx_word' id='word_1_702' title='bbox 699 4821 852 4870; x_wconf 81' lang='lat' dir='ltr'><strong>sunt.</strong></span> <span class='ocrx_word' id='word_1_703' title='bbox 888 4817 975 4868; x_wconf 81' lang='lat' dir='ltr'><strong>Sic</strong></span> <span class='ocrx_word' id='word_1_704' title='bbox 1001 4817 1354 4869; x_wconf 79' lang='lat' dir='ltr'><strong>Northmanni</strong></span> <span class='ocrx_word' id='word_1_705' title='bbox 1385 4818 1436 4867; x_wconf 90' lang='lat' dir='ltr'><strong>in</strong></span> <span class='ocrx_word' id='word_1_706' title='bbox 1468 4831 1564 4869; x_wconf 88' lang='lat' dir='ltr'><strong>suo</strong></span> <span class='ocrx_word' id='word_1_707' title='bbox 1595 4831 1776 4868; x_wconf 82' lang='lat' dir='ltr'><strong>cursu.</strong></span> 
     </span>
    </p>
   </div>
   <div class='ocr_carea' id='block_1_95' title="bbox 625 4885 2133 4957">
    <p class='ocr_par' dir='ltr' id='par_1_95' title="bbox 625 4885 2133 4957">
     <span class='ocr_line' id='line_1_95' title="bbox 625 4885 2133 4957; baseline -0.001 -17"><span class='ocrx_word' id='word_1_708' title='bbox 625 4889 891 4941; x_wconf 51' lang='lat' dir='ltr'><strong>Praeterea</strong></span> <span class='ocrx_word' id='word_1_709' title='bbox 921 4887 1209 4957; x_wconf 87' lang='lat' dir='ltr'><strong>aliquando</strong></span> <span class='ocrx_word' id='word_1_710' title='bbox 1230 4886 1568 4941; x_wconf 79' lang='lat' dir='ltr'><strong>I&#39;orisfactura</strong></span> <span class='ocrx_word' id='word_1_711' title='bbox 1589 4891 1876 4955; x_wconf 87' lang='lat' dir='ltr'><strong>usurpatur</strong></span> <span class='ocrx_word' id='word_1_712' title='bbox 1895 4901 1994 4952; x_wconf 88' lang='lat' dir='ltr'><strong>pro</strong></span> <span class='ocrx_word' id='word_1_713' title='bbox 2016 4885 2133 4955; x_wconf 85' lang='lat' dir='ltr'><strong>ipso</strong></span> 
     </span>
    </p>
   </div>
   <div class='ocr_carea' id='block_1_96' title="bbox 554 4957 2135 5026">
    <p class='ocr_par' dir='ltr' id='par_1_96' title="bbox 554 4957 2135 5026">
     <span class='ocr_line' id='line_1_96' title="bbox 554 4957 2135 5026; baseline -0.001 -14"><span class='ocrx_word' id='word_1_714' title='bbox 554 4960 778 5018; x_wconf 85' lang='lat' dir='ltr'><strong>scelere,</strong></span> <span class='ocrx_word' id='word_1_715' title='bbox 813 4973 905 5010; x_wconf 86' lang='lat' dir='ltr'><strong>seu</strong></span> <span class='ocrx_word' id='word_1_716' title='bbox 936 4962 1160 5026; x_wconf 87' lang='lat' dir='ltr'><strong>peccato</strong></span> <span class='ocrx_word' id='word_1_717' title='bbox 1188 4965 1275 5010; x_wconf 89' lang='lat' dir='ltr'><strong>aut</strong></span> <span class='ocrx_word' id='word_1_718' title='bbox 1307 4958 1356 5010; x_wconf 86' lang='lat' dir='ltr'><strong>vi</strong></span> <span class='ocrx_word' id='word_1_719' title='bbox 1389 4958 1524 5010; x_wconf 81' lang='lat' dir='ltr'><strong>facta</strong></span> <span class='ocrx_word' id='word_1_720' title='bbox 1553 4957 1724 5021; x_wconf 88' lang='lat' dir='ltr'><strong>alteri,</strong></span> <span class='ocrx_word' id='word_1_721' title='bbox 1758 4964 1816 5010; x_wconf 92' lang='lat' dir='ltr'><strong>ut</strong></span> <span class='ocrx_word' id='word_1_722' title='bbox 1865 4957 2018 5010; x_wconf 89' lang='lat' dir='ltr'><strong>titulo</strong></span> <span class='ocrx_word' id='word_1_723' title='bbox 2058 4959 2135 5011; x_wconf 88' lang='lat' dir='ltr'><strong>De</strong></span> 
     </span>
    </p>
   </div>
   <div class='ocr_carea' id='block_1_97' title="bbox 556 5027 2134 5099">
    <p class='ocr_par' dir='ltr' id='par_1_97' title="bbox 556 5027 2134 5099">
     <span class='ocr_line' id='line_1_97' title="bbox 556 5027 2134 5099; baseline -0.003 -15"><span class='ocrx_word' id='word_1_724' title='bbox 556 5030 896 5099; x_wconf 78' lang='lat' dir='ltr'><strong>temporibus</strong></span> <span class='ocrx_word' id='word_1_725' title='bbox 927 5032 982 5082; x_wconf 89' lang='lat' dir='ltr'><strong>et</strong></span> <span class='ocrx_word' id='word_1_726' title='bbox 1009 5028 1198 5083; x_wconf 82' lang='lat' dir='ltr'><strong>diebus</strong></span> <span class='ocrx_word' id='word_1_727' title='bbox 1228 5027 1382 5098; x_wconf 80' lang='lat' dir='ltr'><strong>pacis</strong></span> <span class='ocrx_word' id='word_1_728' title='bbox 1411 5028 1626 5082; x_wconf 85' lang='lat' dir='ltr'><strong>domini</strong></span> <span class='ocrx_word' id='word_1_729' title='bbox 1657 5028 1803 5096; x_wconf 81' lang='lat' dir='ltr'><strong>regis</strong></span> <span class='ocrx_word' id='word_1_730' title='bbox 1819 5027 2134 5081; x_wconf 90' lang='lat' dir='ltr'><strong>earumdem</strong></span> 
     </span>
    </p>
   </div>
   <div class='ocr_carea' id='block_1_98' title="bbox 555 5099 2132 5171">
    <p class='ocr_par' dir='ltr' id='par_1_98' title="bbox 555 5099 2132 5171">
     <span class='ocr_line' id='line_1_98' title="bbox 555 5099 2132 5171; baseline -0.001 -17"><span class='ocrx_word' id='word_1_731' title='bbox 555 5099 734 5171; x_wconf 89' lang='lat' dir='ltr'><strong>legum</strong></span> <span class='ocrx_word' id='word_1_732' title='bbox 770 5099 1076 5153; x_wconf 71' lang='lat' dir='ltr'><strong>\Villelmi:</strong></span> <span class='ocrx_word' id='word_1_733' title='bbox 1126 5101 1244 5154; x_wconf 66' lang='lat' dir='ltr'><strong>Item</strong></span> <span class='ocrx_word' id='word_1_734' title='bbox 1289 5101 1638 5168; x_wconf 79' lang='lat' dir='ltr'><strong>constringet</strong></span> <span class='ocrx_word' id='word_1_735' title='bbox 1684 5099 2132 5168; x_wconf 80' lang='lat' dir='ltr'><strong>malefactorem,</strong></span> 
     </span>
    </p>
   </div>
   <div class='ocr_carea' id='block_1_99' title="bbox 553 5171 1681 5239">
    <p class='ocr_par' dir='ltr' id='par_1_99' title="bbox 553 5171 1681 5239">
     <span class='ocr_line' id='line_1_99' title="bbox 553 5171 1681 5239; baseline -0.006 -10"><span class='ocrx_word' id='word_1_736' title='bbox 553 5177 618 5229; x_wconf 83' lang='lat' dir='ltr'><strong>ut</strong></span> <span class='ocrx_word' id='word_1_737' title='bbox 647 5171 923 5234; x_wconf 87' lang='lat' dir='ltr'><strong>emendet,</strong></span> <span class='ocrx_word' id='word_1_738' title='bbox 955 5172 1049 5224; x_wconf 86' lang='lat' dir='ltr'><strong>cui</strong></span> <span class='ocrx_word' id='word_1_739' title='bbox 1070 5171 1498 5239; x_wconf 76' lang='lat' dir='ltr'><strong>forisfacturam</strong></span> <span class='ocrx_word' id='word_1_740' title='bbox 1521 5171 1681 5236; x_wconf 80' lang='lat' dir='ltr'><strong>fecit.</strong></span> 
     </span>
    </p>
   </div>
   <div class='ocr_carea' id='block_1_100' title="bbox 624 5238 2138 5308">
    <p class='ocr_par' dir='ltr' id='par_1_100' title="bbox 624 5238 2138 5308">
     <span class='ocr_line' id='line_1_100' title="bbox 624 5238 2138 5308; baseline -0.003 -12"><span class='ocrx_word' id='word_1_741' title='bbox 624 5243 830 5296; x_wconf 84' lang='lat' dir='ltr'><strong>Ibidem</strong></span> <span class='ocrx_word' id='word_1_742' title='bbox 860 5243 1020 5294; x_wconf 89' lang='lat' dir='ltr'><strong>etiam</strong></span> <span class='ocrx_word' id='word_1_743' title='bbox 1057 5241 1390 5294; x_wconf 83' lang='lat' dir='ltr'><strong>torisfactum</strong></span> <span class='ocrx_word' id='word_1_744' title='bbox 1423 5255 1758 5308; x_wconf 79' lang='lat' dir='ltr'><strong>synonymus</strong></span> <span class='ocrx_word' id='word_1_745' title='bbox 1798 5238 2026 5308; x_wconf 88' lang='lat' dir='ltr'><strong>positum</strong></span> <span class='ocrx_word' id='word_1_746' title='bbox 2059 5245 2138 5292; x_wconf 87' lang='lat' dir='ltr'><strong>est</strong></span> 
     </span>
    </p>
   </div>
   <div class='ocr_carea' id='block_1_101' title="bbox 549 5308 2132 5383">
    <p class='ocr_par' dir='ltr' id='par_1_101' title="bbox 549 5308 2132 5383">
     <span class='ocr_line' id='line_1_101' title="bbox 549 5308 2132 5383; baseline -0.005 -14"><span class='ocrx_word' id='word_1_747' title='bbox 549 5312 706 5383; x_wconf 82' lang='lat' dir='ltr'><strong>juxta</strong></span> <span class='ocrx_word' id='word_1_748' title='bbox 737 5313 1003 5381; x_wconf 86' lang='lat' dir='ltr'><strong>posterius</strong></span> <span class='ocrx_word' id='word_1_749' title='bbox 1033 5310 1388 5364; x_wconf 68' lang='lat' dir='ltr'><strong>forisfacturae</strong></span> <span class='ocrx_word' id='word_1_750' title='bbox 1411 5308 1792 5383; x_wconf 65' lang='lat' dir='ltr'><strong>signiﬁcatum,</strong></span> <span class='ocrx_word' id='word_1_751' title='bbox 1818 5309 1900 5362; x_wconf 88' lang='lat' dir='ltr'><strong>his</strong></span> <span class='ocrx_word' id='word_1_752' title='bbox 1915 5309 2132 5383; x_wconf 81' lang='lat' dir='ltr'><strong>verbis:</strong></span> 
     </span>
    </p>
   </div>
   <div class='ocr_carea' id='block_1_102' title="bbox 554 5379 2141 5456">
    <p class='ocr_par' dir='ltr' id='par_1_102' title="bbox 554 5379 2141 5456">
     <span class='ocr_line' id='line_1_102' title="bbox 554 5379 2141 5456; baseline -0.004 -16"><span class='ocrx_word' id='word_1_753' title='bbox 554 5379 613 5440; x_wconf 76' lang='lat' dir='ltr'><strong>Si</strong></span> <span class='ocrx_word' id='word_1_754' title='bbox 642 5379 765 5456; x_wconf 69' lang='lat' dir='ltr'><strong>quis</strong></span> <span class='ocrx_word' id='word_1_755' title='bbox 793 5385 1124 5456; x_wconf 81' lang='lat' dir='ltr'><strong>foris/actus</strong></span> <span class='ocrx_word' id='word_1_756' title='bbox 1154 5383 1297 5452; x_wconf 79' lang='lat' dir='ltr'><strong>regis</strong></span> <span class='ocrx_word' id='word_1_757' title='bbox 1340 5379 1786 5436; x_wconf 75' lang='lat' dir='ltr'><strong>misericm&#39;diam</strong></span> <span class='ocrx_word' id='word_1_758' title='bbox 1823 5395 1926 5450; x_wconf 87' lang='lat' dir='ltr'><strong>pro</strong></span> <span class='ocrx_word' id='word_1_759' title='bbox 1972 5380 2141 5449; x_wconf 78' lang='lat' dir='ltr'><strong>foris-</strong></span> 
     </span>
    </p>
   </div>
   <div class='ocr_carea' id='block_1_103' title="bbox 549 5455 1066 5529">
    <p class='ocr_par' dir='ltr' id='par_1_103' title="bbox 549 5455 1066 5529">
     <span class='ocr_line' id='line_1_103' title="bbox 549 5455 1066 5529; baseline -0.014 -17"><span class='ocrx_word' id='word_1_760' title='bbox 549 5459 706 5529; x_wconf 82' lang='lat' dir='ltr'><strong>faclo</strong></span> <span class='ocrx_word' id='word_1_761' title='bbox 737 5455 1066 5529; x_wconf 67' lang='lat' dir='ltr'><strong>poposcerit.</strong></span> 
     </span>
    </p>
   </div>
   <div class='ocr_carea' id='block_1_104' title="bbox 618 5515 2135 5582">
    <p class='ocr_par' dir='ltr' id='par_1_104' title="bbox 618 5515 2135 5582">
     <span class='ocr_line' id='line_1_104' title="bbox 618 5515 2135 5582; baseline -0.006 0"><span class='ocrx_word' id='word_1_762' title='bbox 618 5515 852 5582; x_wconf 68' lang='lat' dir='ltr'><strong>Joannes</strong></span> <span class='ocrx_word' id='word_1_763' title='bbox 905 5523 1116 5581; x_wconf 79' lang='lat' dir='ltr'><strong>Gcrsou</strong></span> <span class='ocrx_word' id='word_1_764' title='bbox 1172 5525 1401 5579; x_wconf 78' lang='lat' dir='ltr'><strong>tractatu</strong></span> <span class='ocrx_word' id='word_1_765' title='bbox 1447 5524 1634 5577; x_wconf 76' lang='lat' dir='ltr'><strong>contra</strong></span> <span class='ocrx_word' id='word_1_766' title='bbox 1687 5515 2135 5577; x_wconf 71' lang='lat' dir='ltr'><strong>obsoeniulmum</strong></span> 
     </span>
    </p>
   </div>
   <div class='ocr_carea' id='block_1_105' title="bbox 2237 4385 3822 4460">
    <p class='ocr_par' dir='ltr' id='par_1_105' title="bbox 2237 4385 3822 4460">
     <span class='ocr_line' id='line_1_105' title="bbox 2237 4385 3822 4460; baseline -0.004 -16"><span class='ocrx_word' id='word_1_767' title='bbox 2237 4385 2745 4460; x_wconf 43' lang='lat' dir='ltr'><strong>ctus—participium,</strong></span> <span class='ocrx_word' id='word_1_768' title='bbox 2778 4390 2968 4443; x_wconf 88' lang='lat' dir='ltr'><strong>educta</strong></span> <span class='ocrx_word' id='word_1_769' title='bbox 2996 4405 3063 4442; x_wconf 84' lang='lat' dir='ltr'><strong>ex</strong></span> <span class='ocrx_word' id='word_1_770' title='bbox 3093 4387 3382 4442; x_wconf 89' lang='lat' dir='ltr'><strong>vernacula</strong></span> <span class='ocrx_word' id='word_1_771' title='bbox 3410 4391 3594 4440; x_wconf 90' lang='lat' dir='ltr'><strong>nostra</strong></span> <span class='ocrx_word' id='word_1_772' title='bbox 3643 4385 3822 4456; x_wconf 84' lang='lat' dir='ltr'><strong>lingua</strong></span> 
     </span>
    </p>
   </div>
   <div class='ocr_carea' id='block_1_106' title="bbox 2239 4461 3822 4532">
    <p class='ocr_par' dir='ltr' id='par_1_106' title="bbox 2239 4461 3822 4532">
     <span class='ocr_line' id='line_1_106' title="bbox 2239 4461 3822 4532; baseline -0.003 -16"><span class='ocrx_word' id='word_1_773' title='bbox 2239 4464 2498 4532; x_wconf 69' lang='lat' dir='ltr'><strong>for/“aiat,</strong></span> <span class='ocrx_word' id='word_1_774' title='bbox 2533 4461 3190 4532; x_wconf 62' lang='lat' dir='ltr'><strong>for/nire,for/uictum,</strong></span> <span class='ocrx_word' id='word_1_775' title='bbox 3238 4467 3537 4532; x_wconf 77' lang='lat' dir='ltr'><strong>peccatum,</strong></span> <span class='ocrx_word' id='word_1_776' title='bbox 3577 4472 3822 4532; x_wconf 80' lang='lat' dir='ltr'><strong>peccare.</strong></span> 
     </span>
    </p>
   </div>
   <div class='ocr_carea' id='block_1_107' title="bbox 2243 4527 3824 4599">
    <p class='ocr_par' dir='ltr' id='par_1_107' title="bbox 2243 4527 3824 4599">
     <span class='ocr_line' id='line_1_107' title="bbox 2243 4527 3824 4599; baseline -0.003 -14"><span class='ocrx_word' id='word_1_777' title='bbox 2243 4527 2466 4586; x_wconf 79' lang='lat' dir='ltr'><strong>Videtur</strong></span> <span class='ocrx_word' id='word_1_778' title='bbox 2496 4527 2638 4584; x_wconf 86' lang='lat' dir='ltr'><strong>enim</strong></span> <span class='ocrx_word' id='word_1_779' title='bbox 2671 4531 2740 4585; x_wconf 93' lang='lat' dir='ltr'><strong>ab</strong></span> <span class='ocrx_word' id='word_1_780' title='bbox 2772 4527 3032 4584; x_wconf 83' lang='lat' dir='ltr'><strong>abverbio</strong></span> <span class='ocrx_word' id='word_1_781' title='bbox 3061 4529 3200 4599; x_wconf 79' lang='lat' dir='ltr'><strong>foris</strong></span> <span class='ocrx_word' id='word_1_782' title='bbox 3232 4527 3452 4592; x_wconf 89' lang='lat' dir='ltr'><strong>deduci,</strong></span> <span class='ocrx_word' id='word_1_783' title='bbox 3487 4528 3559 4581; x_wconf 89' lang='lat' dir='ltr'><strong>ita</strong></span> <span class='ocrx_word' id='word_1_784' title='bbox 3589 4536 3644 4599; x_wconf 90' lang='lat' dir='ltr'><strong>ut</strong></span> <span class='ocrx_word' id='word_1_785' title='bbox 3664 4529 3824 4599; x_wconf 78' lang='lat' dir='ltr'><strong>foris-</strong></span> 
     </span>
    </p>
   </div>
   <div class='ocr_carea' id='block_1_108' title="bbox 2239 4597 3826 4672">
    <p class='ocr_par' dir='ltr' id='par_1_108' title="bbox 2239 4597 3826 4672">
     <span class='ocr_line' id='line_1_108' title="bbox 2239 4597 3826 4672; baseline -0.003 -17"><span class='ocrx_word' id='word_1_786' title='bbox 2239 4605 2428 4671; x_wconf 80' lang='lat' dir='ltr'><strong>faeere</strong></span> <span class='ocrx_word' id='word_1_787' title='bbox 2449 4602 2517 4655; x_wconf 87' lang='lat' dir='ltr'><strong>sit</strong></span> <span class='ocrx_word' id='word_1_788' title='bbox 2535 4603 2685 4672; x_wconf 87' lang='lat' dir='ltr'><strong>quasi</strong></span> <span class='ocrx_word' id='word_1_789' title='bbox 2705 4606 2874 4656; x_wconf 77' lang='lat' dir='ltr'><strong>extra</strong></span> <span class='ocrx_word' id='word_1_790' title='bbox 2889 4597 3099 4671; x_wconf 75' lang='lat' dir='ltr'><strong>facere,</strong></span> <span class='ocrx_word' id='word_1_791' title='bbox 3117 4599 3266 4672; x_wconf 83' lang='lat' dir='ltr'><strong>quod</strong></span> <span class='ocrx_word' id='word_1_792' title='bbox 3288 4605 3572 4672; x_wconf 80' lang='lat' dir='ltr'><strong>peccatum</strong></span> <span class='ocrx_word' id='word_1_793' title='bbox 3587 4597 3826 4672; x_wconf 71' lang='lat' dir='ltr'><strong>homines</strong></span> 
     </span>
    </p>
   </div>
   <div class='ocr_carea' id='block_1_109' title="bbox 2242 4669 3823 4741">
    <p class='ocr_par' dir='ltr' id='par_1_109' title="bbox 2242 4669 3823 4741">
     <span class='ocr_line' id='line_1_109' title="bbox 2242 4669 3823 4741; baseline -0.003 -16"><span class='ocrx_word' id='word_1_794' title='bbox 2242 4669 2374 4726; x_wconf 78' lang='lat' dir='ltr'><strong>toris</strong></span> <span class='ocrx_word' id='word_1_795' title='bbox 2407 4673 2493 4727; x_wconf 87' lang='lat' dir='ltr'><strong>vel</strong></span> <span class='ocrx_word' id='word_1_796' title='bbox 2519 4669 2668 4728; x_wconf 63' lang='lat' dir='ltr'><strong>citra</strong></span> <span class='ocrx_word' id='word_1_797' title='bbox 2689 4673 2778 4741; x_wconf 91' lang='lat' dir='ltr'><strong>jus</strong></span> <span class='ocrx_word' id='word_1_798' title='bbox 2807 4681 2860 4726; x_wconf 90' lang='lat' dir='ltr'><strong>et</strong></span> <span class='ocrx_word' id='word_1_799' title='bbox 2889 4669 3104 4741; x_wconf 63' lang='lat' dir='ltr'><strong>aequum</strong></span> <span class='ocrx_word' id='word_1_800' title='bbox 3137 4670 3300 4741; x_wconf 83' lang='lat' dir='ltr'><strong>faciat</strong></span> <span class='ocrx_word' id='word_1_801' title='bbox 3325 4686 3422 4723; x_wconf 87' lang='lat' dir='ltr'><strong>seu</strong></span> <span class='ocrx_word' id='word_1_802' title='bbox 3452 4669 3654 4741; x_wconf 89' lang='lat' dir='ltr'><strong>ejiciat.</strong></span> <span class='ocrx_word' id='word_1_803' title='bbox 3691 4669 3823 4741; x_wconf 83' lang='lat' dir='ltr'><strong>Pos-</strong></span> 
     </span>
    </p>
   </div>
   <div class='ocr_carea' id='block_1_110' title="bbox 2241 4739 3823 4812">
    <p class='ocr_par' dir='ltr' id='par_1_110' title="bbox 2241 4739 3823 4812">
     <span class='ocr_line' id='line_1_110' title="bbox 2241 4739 3823 4812; baseline -0.003 -16"><span class='ocrx_word' id='word_1_804' title='bbox 2241 4760 2427 4797; x_wconf 89' lang='lat' dir='ltr'><strong>semus</strong></span> <span class='ocrx_word' id='word_1_805' title='bbox 2457 4752 2508 4797; x_wconf 89' lang='lat' dir='ltr'><strong>et</strong></span> <span class='ocrx_word' id='word_1_806' title='bbox 2537 4739 2704 4812; x_wconf 80' lang='lat' dir='ltr'><strong>hujus</strong></span> <span class='ocrx_word' id='word_1_807' title='bbox 2733 4739 3180 4812; x_wconf 84' lang='lat' dir='ltr'><strong>compositionem</strong></span> <span class='ocrx_word' id='word_1_808' title='bbox 3218 4739 3431 4812; x_wconf 70' lang='lat' dir='ltr'><strong>referre</strong></span> <span class='ocrx_word' id='word_1_809' title='bbox 3464 4740 3536 4794; x_wconf 87' lang='lat' dir='ltr'><strong>ad</strong></span> <span class='ocrx_word' id='word_1_810' title='bbox 3582 4739 3823 4812; x_wconf 83' lang='lat' dir='ltr'><strong>voculam</strong></span> 
     </span>
    </p>
   </div>
   <div class='ocr_carea' id='block_1_111' title="bbox 2240 4809 3828 4884">
    <p class='ocr_par' dir='ltr' id='par_1_111' title="bbox 2240 4809 3828 4884">
     <span class='ocr_line' id='line_1_111' title="bbox 2240 4809 3828 4884; baseline -0.002 -17"><span class='ocrx_word' id='word_1_811' title='bbox 2240 4809 2665 4884; x_wconf 81' lang='lat' dir='ltr'><strong>monosyllaham</strong></span> <span class='ocrx_word' id='word_1_812' title='bbox 2713 4814 2814 4879; x_wconf 87' lang='lat' dir='ltr'><strong>for,</strong></span> <span class='ocrx_word' id='word_1_813' title='bbox 2856 4809 3200 4884; x_wconf 13' lang='lat' dir='ltr'><strong>&#39;quseicrebo</strong></span> <span class='ocrx_word' id='word_1_814' title='bbox 3258 4809 3528 4884; x_wconf 84' lang='lat' dir='ltr'><strong>significat</strong></span> <span class='ocrx_word' id='word_1_815' title='bbox 3571 4809 3728 4876; x_wconf 89' lang='lat' dir='ltr'><strong>male,</strong></span> <span class='ocrx_word' id='word_1_816' title='bbox 3777 4817 3828 4864; x_wconf 90' lang='lat' dir='ltr'><strong>et</strong></span> 
     </span>
    </p>
   </div>
   <div class='ocr_carea' id='block_1_112' title="bbox 2243 4881 3828 4952">
    <p class='ocr_par' dir='ltr' id='par_1_112' title="bbox 2243 4881 3828 4952">
     <span class='ocr_line' id='line_1_112' title="bbox 2243 4881 3828 4952; baseline -0.002 -14"><span class='ocrx_word' id='word_1_817' title='bbox 2243 4881 2569 4952; x_wconf 83' lang='lat' dir='ltr'><strong>forisfacere,</strong></span> <span class='ocrx_word' id='word_1_818' title='bbox 2600 4881 2962 4952; x_wconf 84' lang='lat' dir='ltr'><strong>male/acere.</strong></span> <span class='ocrx_word' id='word_1_819' title='bbox 3004 4883 3422 4952; x_wconf 84' lang='lat' dir='ltr'><strong>Harumautem</strong></span> <span class='ocrx_word' id='word_1_820' title='bbox 3455 4881 3745 4952; x_wconf 87' lang='lat' dir='ltr'><strong>litterarum</strong></span> <span class='ocrx_word' id='word_1_821' title='bbox 3776 4887 3828 4935; x_wconf 88' lang='lat' dir='ltr'><strong>et</strong></span> 
     </span>
    </p>
   </div>
   <div class='ocr_carea' id='block_1_113' title="bbox 2241 4951 3828 5025">
    <p class='ocr_par' dir='ltr' id='par_1_113' title="bbox 2241 4951 3828 5025">
     <span class='ocr_line' id='line_1_113' title="bbox 2241 4951 3828 5025; baseline -0.002 -16"><span class='ocrx_word' id='word_1_822' title='bbox 2241 4956 2456 5010; x_wconf 84' lang='lat' dir='ltr'><strong>mulctae</strong></span> <span class='ocrx_word' id='word_1_823' title='bbox 2477 4951 2802 5025; x_wconf 66' lang='lat' dir='ltr'><strong>pecuniaria:</strong></span> <span class='ocrx_word' id='word_1_824' title='bbox 2825 4954 2892 5007; x_wconf 89' lang='lat' dir='ltr'><strong>ab</strong></span> <span class='ocrx_word' id='word_1_825' title='bbox 2917 4953 3149 5007; x_wconf 77' lang='lat' dir='ltr'><strong>Henrico</strong></span> <span class='ocrx_word' id='word_1_826' title='bbox 3174 4951 3332 5025; x_wconf 59' lang='lat' dir='ltr'><strong>dictas</strong></span> <span class='ocrx_word' id='word_1_827' title='bbox 3366 4951 3828 5025; x_wconf 77' lang='lat' dir='ltr'><strong>clericis_violato-</strong></span> 
     </span>
    </p>
   </div>
   <div class='ocr_carea' id='block_1_114' title="bbox 2241 5020 3825 5086">
    <p class='ocr_par' dir='ltr' id='par_1_114' title="bbox 2241 5020 3825 5086">
     <span class='ocr_line' id='line_1_114' title="bbox 2241 5020 3825 5086; baseline -0.003 -6"><span class='ocrx_word' id='word_1_828' title='bbox 2241 5029 2394 5080; x_wconf 89' lang='lat' dir='ltr'><strong>ribus</strong></span> <span class='ocrx_word' id='word_1_829' title='bbox 2450 5020 2662 5080; x_wconf 81' lang='lat' dir='ltr'><strong>concilii</strong></span> <span class='ocrx_word' id='word_1_830' title='bbox 2736 5025 3108 5086; x_wconf 89' lang='lat' dir='ltr'><strong>Londinensis,</strong></span> <span class='ocrx_word' id='word_1_831' title='bbox 3171 5021 3415 5076; x_wconf 90' lang='lat' dir='ltr'><strong>meminit</strong></span> <span class='ocrx_word' id='word_1_832' title='bbox 3493 5020 3825 5076; x_wconf 85' lang='lat' dir='ltr'><strong>Malmeshu-</strong></span> 
     </span>
    </p>
   </div>
   <div class='ocr_carea' id='block_1_115' title="bbox 2241 5091 3827 5163">
    <p class='ocr_par' dir='ltr' id='par_1_115' title="bbox 2241 5091 3827 5163">
     <span class='ocr_line' id='line_1_115' title="bbox 2241 5091 3827 5163; baseline -0.003 -12"><span class='ocrx_word' id='word_1_833' title='bbox 2241 5099 2407 5162; x_wconf 87' lang='lat' dir='ltr'><strong>riens,</strong></span> <span class='ocrx_word' id='word_1_834' title='bbox 2439 5097 2491 5150; x_wconf 91' lang='lat' dir='ltr'><strong>in</strong></span> <span class='ocrx_word' id='word_1_835' title='bbox 2525 5096 2802 5150; x_wconf 83' lang='lat' dir='ltr'><strong>Anselmo.</strong></span> <span class='ocrx_word' id='word_1_836' title='bbox 2824 5097 2996 5150; x_wconf 85' lang='lat' dir='ltr'><strong>Porro</strong></span> <span class='ocrx_word' id='word_1_837' title='bbox 3027 5110 3094 5148; x_wconf 86' lang='lat' dir='ltr'><strong>ex</strong></span> <span class='ocrx_word' id='word_1_838' title='bbox 3124 5091 3525 5148; x_wconf 89' lang='lat' dir='ltr'><strong>Northmannia</strong></span> <span class='ocrx_word' id='word_1_839' title='bbox 3555 5094 3696 5146; x_wconf 86' lang='lat' dir='ltr'><strong>hanc</strong></span> <span class='ocrx_word' id='word_1_840' title='bbox 3721 5093 3827 5163; x_wconf 87' lang='lat' dir='ltr'><strong>epi-</strong></span> 
     </span>
    </p>
   </div>
   <div class='ocr_carea' id='block_1_116' title="bbox 2242 5163 3825 5235">
    <p class='ocr_par' dir='ltr' id='par_1_116' title="bbox 2242 5163 3825 5235">
     <span class='ocr_line' id='line_1_116' title="bbox 2242 5163 3825 5235; baseline -0.003 -14"><span class='ocrx_word' id='word_1_841' title='bbox 2242 5169 2431 5221; x_wconf 91' lang='lat' dir='ltr'><strong>stolam</strong></span> <span class='ocrx_word' id='word_1_842' title='bbox 2462 5166 2630 5220; x_wconf 88' lang='lat' dir='ltr'><strong>fuisse</strong></span> <span class='ocrx_word' id='word_1_843' title='bbox 2659 5167 2836 5220; x_wconf 88' lang='lat' dir='ltr'><strong>datam</strong></span> <span class='ocrx_word' id='word_1_844' title='bbox 2859 5181 3000 5219; x_wconf 89' lang='lat' dir='ltr'><strong>anno</strong></span> <span class='ocrx_word' id='word_1_845' title='bbox 3023 5165 3160 5218; x_wconf 75' lang='lat'><strong>“07</strong></span> <span class='ocrx_word' id='word_1_846' title='bbox 3177 5165 3454 5235; x_wconf 83' lang='lat' dir='ltr'><strong>colligitur</strong></span> <span class='ocrx_word' id='word_1_847' title='bbox 3469 5178 3535 5216; x_wconf 82' lang='lat' dir='ltr'><strong>ex</strong></span> <span class='ocrx_word' id='word_1_848' title='bbox 3560 5163 3825 5235; x_wconf 71' lang='lat' dir='ltr'><strong>Florentio</strong></span> 
     </span>
    </p>
   </div>
   <div class='ocr_carea' id='block_1_117' title="bbox 2240 5233 3823 5304">
    <p class='ocr_par' dir='ltr' id='par_1_117' title="bbox 2240 5233 3823 5304">
     <span class='ocr_line' id='line_1_117' title="bbox 2240 5233 3823 5304; baseline -0.004 -11"><span class='ocrx_word' id='word_1_849' title='bbox 2240 5238 2631 5304; x_wconf 80' lang='lat' dir='ltr'><strong>Wigorniensi,</strong></span> <span class='ocrx_word' id='word_1_850' title='bbox 2683 5243 2735 5290; x_wconf 86' lang='lat' dir='ltr'><strong>et</strong></span> <span class='ocrx_word' id='word_1_851' title='bbox 2776 5237 3024 5291; x_wconf 79' lang='lat' dir='ltr'><strong>Matthan</strong></span> <span class='ocrx_word' id='word_1_852' title='bbox 3087 5233 3445 5304; x_wconf 56' lang='lat' dir='ltr'><strong>Paride,&#39;qui</strong></span> <span class='ocrx_word' id='word_1_853' title='bbox 3500 5233 3823 5304; x_wconf 86' lang='lat' dir='ltr'><strong>colloquium</strong></span> 
     </span>
    </p>
   </div>
   <div class='ocr_carea' id='block_1_118' title="bbox 2244 5303 3825 5377">
    <p class='ocr_par' dir='ltr' id='par_1_118' title="bbox 2244 5303 3825 5377">
     <span class='ocr_line' id='line_1_118' title="bbox 2244 5303 3825 5377; baseline -0.003 -15"><span class='ocrx_word' id='word_1_854' title='bbox 2244 5309 2297 5362; x_wconf 92' lang='lat' dir='ltr'><strong>in</strong></span> <span class='ocrx_word' id='word_1_855' title='bbox 2329 5303 2516 5362; x_wconf 86' lang='lat' dir='ltr'><strong>Castro</strong></span> <span class='ocrx_word' id='word_1_856' title='bbox 2556 5307 2834 5377; x_wconf 80' lang='lat' dir='ltr'><strong>Aquilensi</strong></span> <span class='ocrx_word' id='word_1_857' title='bbox 2873 5307 2954 5377; x_wconf 79' lang='lat' dir='ltr'><strong>(ut</strong></span> <span class='ocrx_word' id='word_1_858' title='bbox 3001 5304 3290 5377; x_wconf 83' lang='lat' dir='ltr'><strong>Anselmus</strong></span> <span class='ocrx_word' id='word_1_859' title='bbox 3334 5303 3587 5374; x_wconf 88' lang='lat' dir='ltr'><strong>designat</strong></span> <span class='ocrx_word' id='word_1_860' title='bbox 3628 5303 3825 5377; x_wconf 75' lang='lat' dir='ltr'><strong>episto-</strong></span> 
     </span>
    </p>
   </div>
   <div class='ocr_carea' id='block_1_119' title="bbox 2243 5373 3823 5449">
    <p class='ocr_par' dir='ltr' id='par_1_119' title="bbox 2243 5373 3823 5449">
     <span class='ocr_line' id='line_1_119' title="bbox 2243 5373 3823 5449; baseline -0.005 -17"><span class='ocrx_word' id='word_1_861' title='bbox 2243 5378 2350 5433; x_wconf 86' lang='lat' dir='ltr'><strong>lam</strong></span> <span class='ocrx_word' id='word_1_862' title='bbox 2384 5381 2483 5435; x_wconf 70' lang='grc'><strong>112</strong></span> <span class='ocrx_word' id='word_1_863' title='bbox 2515 5373 2779 5449; x_wconf 76' lang='lat' dir='ltr'><strong>sequenti)</strong></span> <span class='ocrx_word' id='word_1_864' title='bbox 2820 5373 3061 5431; x_wconf 86' lang='lat' dir='ltr'><strong>habitum</strong></span> <span class='ocrx_word' id='word_1_865' title='bbox 3091 5376 3243 5449; x_wconf 52' lang='lat' dir='ltr'><strong>inter;</strong></span> <span class='ocrx_word' id='word_1_866' title='bbox 3247 5389 3438 5449; x_wconf 79' lang='lat' dir='ltr'><strong>regem</strong></span> <span class='ocrx_word' id='word_1_867' title='bbox 3468 5373 3823 5449; x_wconf 77' lang='lat' dir='ltr'><strong>et_archiepi-</strong></span> 
     </span>
    </p>
   </div>
   <div class='ocr_carea' id='block_1_120' title="bbox 2241 5438 3823 5575">
    <p class='ocr_par' dir='ltr' id='par_1_120' title="bbox 2241 5438 3823 5575">
     <span class='ocr_line' id='line_1_120' title="bbox 2241 5438 3823 5575; baseline -0.003 -71"><span class='ocrx_word' id='word_1_868' title='bbox 2241 5462 2504 5575; x_wconf 49' lang='grc' dir='ltr'><strong>ἲείἒριιῖἳὲ</strong></span> <span class='ocrx_word' id='word_1_869' title='bbox 2527 5438 2630 5504; x_wconf 70' lang='lat' dir='ltr'><strong>ho&#39;c</strong></span> <span class='ocrx_word' id='word_1_870' title='bbox 2670 5438 2815 5504; x_wconf 77' lang='lat' dir='ltr'><strong>anno</strong></span> <span class='ocrx_word' id='word_1_871' title='bbox 2855 5453 3156 5504; x_wconf 81' lang='lat' dir='ltr'><strong>recensent.</strong></span> <span class='ocrx_word' id='word_1_872' title='bbox 3201 5438 3430 5501; x_wconf 71' lang='lat' dir='ltr'><strong>Conier.</strong></span> <span class='ocrx_word' id='word_1_873' title='bbox 3463 5438 3676 5516; x_wconf 85' lang='lat' dir='ltr'><strong>epistol.</strong></span> <span class='ocrx_word' id='word_1_874' title='bbox 3711 5438 3823 5514; x_wconf 80' lang='lat' dir='ltr'><strong>tit,</strong></span> 
     </span>
    </p>
   </div>
   <div class='ocr_carea' id='block_1_121' title="bbox 2246 5523 2526 5590">
    <p class='ocr_par' dir='ltr' id='par_1_121' title="bbox 2246 5523 2526 5590">
     <span class='ocr_line' id='line_1_121' title="bbox 2246 5523 2526 5590; baseline 0.004 -15"><span class='ocrx_word' id='word_1_875' title='bbox 2246 5523 2368 5590; x_wconf 76' lang='lat' dir='ltr'><strong>us,</strong></span> <span class='ocrx_word' id='word_1_876' title='bbox 2405 5523 2526 5576; x_wconf 77' lang='lat' dir='ltr'><strong>iw.</strong></span> 
     </span>
    </p>
   </div>
  </div>
