4010 6064
220 254 331 316 149

1515 244 1642 302 LIB.
1685 248 1779 302 III.
1819 246 2035 302 EPIST.
2077 248 2244 300 CXII.

3424 243 3526 296 150

221 381 626 456 archiepiscopi
655 383 980 448 habuerunt,
1013 381 1076 435 et
1102 375 1234 450 quia
1280 391 1376 432 rex
1417 389 1505 430 me
1541 370 1823 428 resarcivit
1851 370 1899 435 Λ
1935 370 2232 434 mandavit,
2283 371 2336 423 et
2368 382 2537 440 regno
2568 374 2772 435 vestro,
2806 365 2861 422 in
2904 378 3042 437 pace
3069 371 3247 422 vestra
3270 364 3522 456 celerius

222 474 293 530 de
349 481 466 530 toto
531 473 1022 544 archiepiscopatu,
1083 475 1135 522 et
1189 467 1314 537 quia
1374 473 1611 534 tempore
1657 461 1832 532 patris

224 563 354 633 ejus
385 571 441 619 et
471 563 719 633 ejusdem
750 557 1143 630 archiepiscopi
1160 557 1216 611 in
1237 554 1468 612 concilio
1492 552 1829 622 prohibitum

225 660 312 708 est
345 660 460 708 tam
490 651 827 707 exsecrabile
854 647 1187 719 conjugium,
1222 642 1543 699 ﬁducialiter
1561 657 1646 710 ea,
1667 656 1828 712 quam

227 759 299 797 ex
331 740 800 812 archiepiscopatu
831 739 1028 803 habeo,
1061 733 1379 792 auctoritate
1419 730 1673 803 principio
1719 744 1830 783 non

224 831 411 887 solum
467 831 522 885 in
579 829 1064 900 archiepiscOpatu,
1122 824 1221 878 sed
1277 823 1439 877 etiam
1497 837 1598 890 per
1663 827 1831 874 totam

223 920 518 991 Angliam,
540 925 598 972 ut
629 933 824 972 omnes
855 914 1160 970 sacerdotes
1181 911 1272 982 qui
1294 911 1461 978 408
1497 909 1726 964 feminas
1752 915 1830 962 te-

231 1009 480 1069 nuerint,
508 1007 751 1062 ecclesiis
780 1012 832 1059 et
861 1003 1006 1060 omni
1037 1001 1407 1057 ecclesiastico
1431 999 1694 1054 beneticio
1727 1001 1830 1070 pri-

227 1107 456 1154 ventur.
489 1095 758 1151 Dominus
805 1108 945 1164 papa
991 1107 1162 1162 nuper
1209 1089 1491 1143 mandavit
1537 1089 1718 1143 comiti
1761 1089 1828 1142 de

227 1187 494 1242 Mellento
527 1183 754 1239 salutem
786 1189 838 1237 et
857 1179 1293 1236 benedictionem
1324 1193 1499 1244 suam,
1521 1178 1624 1232 hac
1643 1176 1830 1232 videli-

227 1282 315 1329 cet
345 1273 660 1329 conditione
689 1271 735 1325 si
764 1270 1005 1326 libertati
1051 1267 1312 1323 Ecclesiae
1341 1265 1570 1320 voluerit
1617 1265 1824 1333 favere,

223 1363 315 1419 cui
377 1363 642 1418 hactenus
696 1360 848 1414 visus
908 1365 989 1414 est
1043 1357 1324 1411 resistere.
1383 1353 1479 1408 Sin
1528 1360 1707 1408 autem
1757 1354 1826 1408 ab

218 1452 460 1506 introitu
490 1448 735 1506 ecclesiae
763 1454 971 1502 tantum
1003 1445 1157 1499 illum
1191 1443 1430 1510 arcebat,
1455 1442 1591 1497 sicut
1622 1442 1827 1498 fecerat

215 1541 382 1612 prius
412 1539 483 1594 de
512 1539 605 1593 illo
636 1545 687 1592 et
717 1536 784 1591 de
814 1535 931 1589 aliis
960 1532 1318 1603 complicibus
1350 1533 1464 1599 ejus
1495 1531 1825 1586 consiliariis

217 1629 392 1700 regis,
427 1628 485 1682 in
513 1626 701 1681 litteris
730 1640 960 1695 quarum
1011 1622 1292 1690 exemplar
1336 1620 1459 1674 misi
1492 1620 1670 1675 vobis.
1712 1619 1823 1675 Sed

1937 459 2203 525 restituar,
2226 465 2278 514 et
2297 457 2428 513 mihi
2457 458 2832 528 opportunitas
2862 456 3053 511 utendi
3085 455 3379 512 secundum
3402 471 3530 526 pos-

1941 548 2254 603 sibilitatem
2301 562 2480 602 meam
2509 545 2695 602 officio
2734 561 2834 614 pro
2879 561 2986 615 quo
3036 545 3109 600 ibi
3141 545 3353 616 positus
3384 560 3527 614 sum,

1936 637 2140 692 diutius
2175 651 2282 692 non
2311 635 2662 706 impediatur.
2701 634 2869 689 Valde
2899 649 3113 705 quoque
3147 633 3280 688 mihi
3324 633 3531 689 timen—

1938 725 2066 780 dum
2106 733 2189 780 est
2234 740 2302 779 ne
2348 725 2465 779 Deo
2509 723 2814 793 displiceat,
2848 730 2900 777 et
2942 739 3028 777 me
3074 722 3326 777 dominus
3381 737 3530 793 papa

1932 814 2084 883 juste
2111 813 2488 884 reprehendat,
2521 812 2668 882 quia,
2710 819 2992 882 postquam
3017 827 3116 868 vos
3149 815 3204 865 et
3231 827 3337 882 ego
3368 812 3533 866 simul

1938 903 2298 958 convenimus
2329 901 2472 971 apud
2506 904 2741 954 castrum
2774 900 2918 970 quod
2963 907 3186 954 vocatur
3227 899 3441 967 Aquila,
3472 899 3530 956 iu

1936 999 2044 1045 tam
2079 991 2243 1061 longo
2277 1001 2523 1059 tempore
2557 1005 2665 1043 non
2695 988 2770 1042 illi
2821 988 2942 1042 misi
2973 988 3212 1058 legatum
3261 997 3526 1055 nostrum,

1936 1097 2034 1149 per
2061 1096 2224 1151 quem
2255 1079 2386 1150 quid
2416 1079 2486 1133 de
2517 1085 2659 1132 tanta
2688 1093 2747 1132 re
2775 1077 2914 1130 inter
2944 1093 3040 1131 nos
3073 1076 3272 1130 factum
3316 1084 3368 1132 et
3398 1077 3531 1148 quid

1936 1167 2312 1238 peragendum
2341 1169 2412 1221 sit
2441 1173 2820 1237 cognosceret,
2853 1172 2905 1219 et
2953 1179 3056 1235 ego
3084 1165 3204 1233 ejus
3249 1165 3531 1220 consilium

1936 1263 1991 1310 et
2029 1257 2331 1324 jussionem
2389 1254 2716 1325 acciperem.
2771 1253 3112 1323 Quapropter
3168 1253 3529 1323 periculosum

1935 1353 2016 1399 est
2059 1345 2192 1398 mihi
2247 1343 2342 1398 diu
2397 1351 2716 1414 exspectare
2763 1350 2998 1397 vestrum
3047 1341 3308 1412 legatum,
3369 1358 3531 1412 quem

1935 1441 2063 1488 ante
2091 1433 2403 1503 proximam
2431 1432 2779 1486 Nativitatem
2811 1430 3054 1494 Domini,
3086 1429 3222 1485 sicut
3250 1429 3306 1484 in
3349 1430 3530 1484 verbis

1930 1521 2129 1576 vestris
2167 1520 2430 1591 intellexi,
2478 1521 2650 1576 Roma
2696 1519 2902 1575 scilicet
2950 1519 3244 1573 rediturum
3292 1518 3525 1588 speravi,

1931 1611 2232 1680 praesertim
2264 1627 2404 1675 cum,
2437 1610 2622 1664 nescio
2653 1625 2759 1681 quo
2797 1608 3024 1663 consilio
3075 1623 3254 1678 quave
3296 1607 3524 1672 ratione,

220 1695 484 1790 quoniam
532 1716 681 1770 idem
712 1729 896 1769 comes
927 1711 1178 1783 promisit
1220 1710 1352 1764 mihi
1393 1725 1450 1763 se
1498 1716 1820 1764 conaturum
1849 1726 1903 1785 B
1932 1698 2139 1752 nllllum
2171 1699 2459 1753 terminum
2506 1697 2668 1752 m0d0
2699 1696 3059 1752 οοηεῐίιυθιίεσ
3081 1695 3527 1790 ⁸(ὶι1()ῐιίίιῐῐι“ίὲξί··

219 1816 276 1860 ut
308 1821 408 1860 rex
437 1819 596 1875 papae
620 1802 908 1874 praeceptis
938 1799 1172 1866 odediat,
1206 1797 1424 1868 permisi
1455 1797 1504 1851 ei
1545 1797 1821 1852 introitum

220 1893 498 1960 ecclesias,
531 1909 566 1947 a
595 1907 703 1963 quo
733 1889 1094 1945 detinebatur.
1129 1889 1208 1942 De
1256 1886 1380 1941 aliis
1409 1901 1538 1941 vero
1584 1901 1683 1941 nec
1713 1886 1820 1940 ali-

221 1983 351 2054 quis
381 1980 693 2037 nominatur
740 1981 796 2032 in
838 1977 1075 2049 praefatis
1121 1975 1339 2044 litteris,
1373 1990 1473 2029 nec
1520 1990 1624 2045 ego
1653 1974 1822 2029 ullum

220 2080 374 2127 certe
402 2086 621 2142 possum
655 2068 966 2133 nominare;
1017 2073 1070 2121 et
1116 2081 1327 2131 omnes,
1375 2064 1512 2119 sicut
1541 2064 1720 2132 audio,
1753 2065 1823 2119 ad

222 2159 585 2217 concordiam
615 2159 755 2213 inter
780 2171 975 2227 papam
1008 2162 1060 2211 et
1097 2169 1286 2226 regem
1333 2153 1599 2207 nituntur.
1631 2153 1709 2207 De
1739 2152 1823 2207 his

222 2251 316 2321 qui
362 2248 715 2304 investituras
772 2251 1113 2316 acceperunt,
1162 2252 1214 2298 et
1261 2242 1329 2297 de
1376 2241 1821 2297 consecrantibus

220 2355 342 2405 eos,
376 2337 530 2392 nulla
559 2344 640 2392 est
669 2342 875 2390 mutata
906 2333 1190 2388 sententia.
1226 2332 1442 2387 Gratias
1474 2331 1686 2402 agimus
1704 2331 1821 2387 Deo

219 2426 352 2498 quia
382 2442 503 2493 vos,
535 2423 759 2479 dominc
788 2423 956 2494 prior,
978 2421 1113 2477 sicut
1141 2419 1459 2486 mandastis,
1492 2420 1560 2474 de
1591 2419 1820 2490 aegritu-

219 2515 354 2570 dine
387 2521 572 2569 vestra
601 2512 1004 2576 convalescitis,
1039 2519 1090 2565 et
1136 2525 1360 2566 oramus
1407 2510 1579 2564 Deum
1618 2516 1677 2564 ut
1716 2524 1821 2564 vos

217 2603 275 2658 in
321 2603 594 2674 integram
644 2601 931 2656 sanitatem
970 2599 1234 2654 restituat.
1273 2598 1628 2668 Omnipotens
1673 2599 1821 2654 Deus

217 2706 322 2746 vos
355 2707 576 2761 semper
606 2705 705 2745 sua
733 2691 916 2762 gratia
947 2695 1216 2760 protegat,
1243 2703 1463 2758 semper
1491 2687 1562 2742 ad
1591 2685 1821 2743 meliora

219 2795 477 2838 crescere
501 2779 689 2846 faciat,
723 2780 919 2835 fratres
950 2783 1003 2834 et
1030 2777 1126 2831 ﬁlii
1167 2776 1496 2832 charissimi.

698 2885 1036 2943 EPISTOLA
1075 2885 1194 2940 CXI
1232 2884 1292 2912 '°'
1306 2925 1319 2938 .

392 2992 626 3033 ANSELMI
663 2991 734 3030 AD
773 2991 1060 3030 HENRICUM
1099 2990 1284 3028 BEGEM
1323 2987 1646 3030 ANGLOBL’M.

220 3066 345 3124 Non
391 3067 684 3137 displicere
726 3065 834 3120 sibi
875 3065 1181 3134 longiorem
1217 3063 1358 3137 regii
1392 3063 1561 3137 legati
1599 3079 1817 3119 moram

287 3140 452 3194 ultra
477 3134 689 3191 'datum
729 3141 950 3207 tempus
985 3138 1168 3190 Romaa
1196 3136 1435 3202 factam,
1469 3134 1562 3207 sed
1591 3150 1754 3189 suam
1786 3153 1821 3189 α

285 3225 454 3280 grege
508 3205 929 3280 diuturniorem
985 3207 1340 3280 absentiam:
1387 3205 1641 3260 maxime
1690 3221 1820 3261 cum

284 3277 404 3335 me
423 3280 657 3334 nultum
688 3279 1018 3349 prcestituat
1045 3277 1378 3332 terminum.

285 3377 400 3432 Suo
451 3375 770 3431 charissimo
813 3374 1032 3428 domino
1083 3374 1361 3440 HENRICO,
1409 3372 1654 3443 glorioso
1702 3374 1819 3444 regi

208 3465 540 3537 Anglorum,
572 3467 892 3527 Asssmws,
926 3462 1366 3532 archiepiscopus
1396 3461 1719 3528 Cantuariae,
1745 3461 1813 3515 fi-

212 3555 343 3609 dele
376 3552 655 3608 servitium
685 3568 807 3606 cum
837 3551 1194 3606 orationibus.

287 3641 430 3711 Quia
472 3648 653 3696 vestra
698 3640 1018 3713 magnitudo
1067 3655 1152 3694 me
1201 3639 1256 3693 in
1302 3639 1414 3693 suis
1457 3637 1649 3695 litteris
1698 3646 1812 3695 tam

210 3729 534 3798 honoriﬁce,
589 3736 739 3784 tanto
797 3730 953 3784 bonae
1009 3727 1303 3784 voluntatis
1345 3726 1541 3783 affectu
1599 3729 1807 3798 salutat,

212 3819 424 3893 gratias
453 3833 681 3889 magnas
710 3833 834 3890 ago,
873 3816 1012 3874 sicut
1039 3816 1230 3872 debeo.
1269 3815 1427 3885 Quod
1475 3821 1655 3872 autem
1702 3825 1808 3872 tam

213 3908 536 3980 suppliciter
563 3923 652 3962 me
684 3905 889 3978 rogatis
919 3912 976 3960 ut
1004 3920 1112 3960 non
1160 3903 1295 3959 mihi
1343 3904 1630 3976 displiceat
1659 3906 1808 3977 quod

209 3998 427 4070 legatus
457 4002 638 4052 vester
681 3996 909 4050 Romam
962 3993 1254 4048 mittendus
1296 4000 1502 4048 tantum
1547 4003 1802 4062 moratur,

209 4087 398 4156 utique
415 4092 655 4140 vestram
687 4099 924 4155 precem,
950 4089 1206 4154 quantum
1242 4081 1300 4136 in
1320 4098 1406 4136 me
1428 4090 1531 4148 est,
1565 4091 1802 4138 contem-

207 4191 340 4232 nere
388 4189 499 4229 non
540 4173 734 4240 debeo,
795 4171 890 4226 sed
934 4186 1099 4227 causa
1139 4171 1316 4243 magis
1367 4179 1448 4226 est
1490 4173 1593 4226 Dei
1641 4189 1802 4244 quam

161 4257 164 4259 Α
204 4279 330 4319 mea
356 4280 371 4326 ;
404 4263 553 4318 unde
574 4263 740 4318 corde
771 4261 916 4316 ﬁdeli
947 4270 998 4315 et
1026 4261 1268 4332 benigno
1287 4261 1467 4316 animo
1495 4261 1657 4316 vobis
1679 4263 1800 4318 dico

205 4353 353 4427 quod
381 4354 563 4408 facere
586 4368 695 4407 non
725 4352 919 4406 debeo.
953 4351 1080 4404 Mihi
1112 4350 1332 4421 quidem
1375 4350 1575 4421 aliquid
1608 4351 1800 4422 displi-

1938 1795 2023 1841 tur
2050 1787 2174 1858 plus
2212 1787 2376 1842 debet
2405 1786 2536 1840 mihi
2565 1802 2683 1841 esse
2713 1785 2782 1840 de
2819 1786 2924 1840 hoc
2955 1783 3100 1856 quod
3125 1799 3230 1856 ego
3270 1783 3530 1840 Ecclesiae

1932 1874 2065 1929 mihi
2091 1876 2404 1930 commissae
2434 1889 2679 1945 praesens
2709 1889 2832 1928 esse
2863 1887 3097 1942 nequeo,
3130 1888 3293 1943 quam
3321 1871 3390 1926 de
3419 1871 3529 1926 ulla

1932 1967 2150 2018 terrena
2179 1963 2550 2032 possessione,
2597 1977 2788 2032 precor
2817 1968 2874 2014 ut
2902 1961 3033 2014 mihi
3073 1959 3310 2031 aliquem
3337 1961 3530 2030 proxi-

1933 2067 2080 2105 mum
2104 2051 2398 2105 terminum
2433 2050 2727 2105 nominetis
2756 2065 2855 2119 per
2884 2049 3086 2104 litteras
3106 2056 3334 2114 vestras,
3353 2065 3530 2119 quan-

1933 2139 2002 2193 do
2034 2139 2238 2210 possim
2274 2139 2514 2210 legatum
2548 2146 2790 2194 vestrum
2820 2139 3048 2194 Romam
3098 2136 3298 2190 iturum
3330 2153 3530 2207 exspe-

1934 2235 2100 2293 ctare,
2161 2228 2286 2298 quia
2335 2243 2442 2300 ego
2494 2243 2604 2283 non
2658 2226 2833 2282 audeo
2888 2224 3126 2291 differre,
3187 2233 3244 2278 ut
3299 2226 3529 2280 multum

1931 2316 2140 2381 dicam,
2186 2316 2332 2371 ultra
2373 2317 2676 2387 proximam
2721 2314 3075 2372 Nativitatcm
3121 2314 3358 2382 Domini,
3392 2314 3528 2389 quin

1930 2416 2111 2456 meum
2141 2401 2378 2472 legatum
2411 2400 2636 2456 mittam.
2662 2399 2817 2457 Vale.

2448 2522 2795 2580 EPISTOLA
2837 2524 3004 2580 CXII.

2016 2653 2265 2696 ANSELMI
2295 2654 2366 2694 AD
2395 2655 2736 2696 GUNDULFUM
2765 2654 3087 2706 BPISCOPUM,
3123 2653 3428 2695 ERNULPUM

2507 2745 2778 2799 PRIOREH,
2803 2745 2924 2784 ETC.

1930 2839 2237 2908 Conﬁrmat
2255 2838 2560 2894 anathema
2576 2838 2636 2891 in
2646 2836 3243 2908 presbyterosfeminas
3258 2839 3530 2896 habentes

2073 2912 2235 2980 juste
2264 2926 2299 2964 a
2330 2925 2427 2964 suo
2459 2910 2858 2964 arohidiacono
2890 2913 3361 2980 pronuntiatum.

1999 3017 2300 3072 ANSELMUS
2344 3014 2804 3085 archiepiscOpus,
2856 3016 3164 3071 reverendo
3213 3016 3527 3074 GUNDULFO

1931 3104 2209 3175 episcOpo,
2231 3111 2284 3158 et
2314 3105 2579 3158 ERNULFO
2608 3103 2799 3174 priori,
2820 3110 2872 3158 et
2890 3103 3273 3160 archidiacono
3296 3106 3528 3162 Cantua-

1929 3194 2099 3248 riensi
2131 3195 2464 3257 WiLLaLuo,
2499 3200 2551 3246 et
2587 3191 2839 3247 omnibus
2875 3192 2929 3246 in
2972 3209 3066 3246 sua
3100 3194 3353 3263 parochia
3390 3195 3528 3250 reli-

1927 3283 2149 3354 gionem
2193 3284 2276 3336 sui
2321 3281 2530 3336 ordinis
2575 3295 2763 3336 amore
2803 3281 2900 3336 Dei
2946 3283 3314 3351 servantibus,
3368 3285 3524 3340 salu-

1927 3379 2032 3426 tem
2048 3412 2061 3426 .

1994 3461 2185 3531 Nuper
2211 3461 2379 3516 relata
2412 3467 2494 3516 est
2524 3462 2661 3516 mihi
2679 3464 2794 3517 Deo
2818 3461 3174 3518 exsecrabilis
3193 3471 3247 3518 et
3267 3462 3522 3519 omnibus

1926 3549 2250 3604 Christianis
2281 3549 2498 3605 odibilis
2529 3552 2764 3622 superba
2795 3552 3151 3622 quorumdam
3183 3553 3294 3623 (qui
3332 3569 3392 3607 se
3423 3569 3520 3608 sa-

1923 3638 2171 3694 cerdotes
2212 3638 2516 3709 nominant)
2570 3641 2938 3710 praesumptio.
2993 3639 3222 3712 Scripsit
3280 3657 3519 3711 namque

1920 3726 2052 3781 mihi
2082 3727 2497 3783 archidiaconus
2525 3736 2713 3784 noster
2739 3729 3050 3784 Willelmus
3089 3731 3213 3801 quia
3260 3731 3520 3786 nonnulli

1916 3815 2236 3888 presbyteri,
2270 3815 2360 3888 qui
2391 3817 2499 3871 sub
2529 3818 2644 3886 ejus
2674 3825 2798 3872 sunt
2821 3818 3086 3884 custodia,
3119 3819 3312 3874 iterum
3342 3835 3517 3890 repe-

1915 3911 2092 3960 tentes
2141 3905 2444 3976 prohibitas
2490 3905 2722 3962 feminas
2767 3907 2820 3962 in
2867 3907 3282 3976 immunditiam,
3324 3924 3356 3963 a
3408 3924 3518 3980 qua

1914 3993 2116 4048 salubri
2170 3993 2395 4050 consilio
2448 4002 2502 4051 et
2551 3995 2800 4064 jussione
2848 3996 3108 4053 abstracti
3160 3997 3391 4064 fuerunt,
3451 4013 3516 4053 se

1913 4081 2278 4138 revolverunt.
2322 4083 2481 4151 Quod
2526 4100 2648 4139 cum
2693 4084 2838 4139 idem
2881 4085 3296 4141 archidiaconus
3347 4085 3516 4141 vellet

1913 4170 2209 4243 corrigere,
2241 4171 2464 4226 omnino
2494 4173 2611 4242 ejus
2639 4173 2992 4228 monitionem
3023 4182 3076 4229 et
3097 4173 3510 4244 susceptibilem

1906 4259 2213 4330 jussionem
2262 4260 2499 4316 nefanda
2565 4262 2822 4333 superbia
2885 4269 3347 4332 contempserunt.
3400 4261 3510 4329 Qui

1909 4349 2218 4404 convocatis
2247 4365 2434 4406 secum
2464 4350 2709 4421 pluribus
2737 4351 3013 4423 religiosis
3045 4360 3096 4406 et
3126 4351 3507 4406 obedientibus

204 4459 324 4499 cere
356 4441 437 4509 '“,
465 4442 573 4496 nisi
602 4457 728 4496 cum
776 4448 1000 4510 propter
1027 4441 1202 4495 Deum
1244 4440 1511 4509 diSplicet,
1546 4456 1659 4494 non
1708 4450 1792 4497 est
1820 4446 1873 4506 D
1905 4438 2306 4507 sacerdotibus,
2331 4439 2593 4510 superbos
2614 4447 2668 4494 et
2695 4439 3073 4498 inobedientes
3101 4438 3290 4510 gladio
3321 4439 3504 4509 dignae

201 4547 491 4604 magnum;
525 4530 620 4586 sed
650 4530 937 4600 displicere
967 4530 1082 4584 Deo
1130 4528 1332 4600 aliquid
1361 4528 1665 4584 nullatenus
1719 4540 1802 4587 est

204 4620 691 4676 contemnendum:
747 4618 932 4689 utique
979 4633 1089 4672 non
1132 4633 1324 4689 parum
1378 4618 1623 4689 displicet
1683 4623 1797 4676 Deo

203 4707 528 4777 episcopum
558 4703 775 4774 spoliari
805 4704 972 4757 rebus
1001 4703 1132 4768 suis,
1166 4703 1306 4770 quod
1329 4702 1446 4770 jam
1489 4705 1604 4758 Deo
1637 4705 1796 4758 vobis

203 4794 508 4865 inspirante
555 4791 889 4846 correxistis.
930 4791 1040 4846 Sed
1093 4793 1404 4862 episcopum
1451 4793 1733 4862 segregari
1762 4808 1796 4847 a

201 4898 294 4938 suo
324 4880 528 4948 officio,
561 4889 613 4933 et
652 4880 951 4935 Ecclesiam
981 4895 1014 4932 a
1043 4896 1141 4933 suo
1190 4881 1448 4950 episcOpo
1479 4882 1596 4934 sine
1627 4896 1793 4936 causa

201 4987 358 5040 quam
389 4971 536 5024 Deus
566 4968 853 5039 approbet,
886 4968 1046 5022 nimis
1075 4984 1242 5039 grave
1263 4968 1513 5037 judiciat.
1557 4970 1794 5040 Expedit

195 5060 380 5129 itaque
409 5057 604 5112 anima:
638 5065 832 5112 vestra:
861 5061 1128 5127 quatenus
1171 5058 1434 5126 satagatis
1465 5058 1523 5084 ⁵⁰⁵
1554 5067 1611 5112 ut
1659 5075 1783 5130 ego,

197 5148 585 5220 qualiscunque
643 5144 701 5173 ⁵⁰⁶
755 5146 857 5198 sim
917 5146 1211 5216 episcOpus
1275 5147 1552 5212 Ecclesiae,
1627 5163 1786 5216 quam

196 5238 351 5294 Deus
378 5234 440 5262 ‘°"'
470 5241 669 5291 vestrae
700 5233 867 5305 regis:
897 5234 1150 5304 potestati
1189 5235 1596 5290 custodiendam
1627 5251 1784 5291 com-

1909 4527 2491 4583 excommunicationis
2518 4529 2804 4597 percussit.
2837 4527 3009 4595 Quam
3055 4529 3498 4584 excommunica-

1907 4615 2108 4670 tionem
2148 4616 2361 4671 bestiali
2399 4617 2609 4671 insania
2655 4624 3085 4686 contemnentes,
3144 4617 3499 4672 ministerium

1904 4713 2153 4760 sanctum
2185 4705 2443 4776 polluere,
2478 4714 2738 4777 quantum
2769 4705 2823 4760 in
2852 4706 2987 4776 ipsis
3015 4715 3113 4774 est,
3147 4722 3255 4761 non
3302 4707 3496 4761 formi-

1901 4792 2047 4847 dant.
2080 4793 2429 4865 Quapropter
2455 4810 2558 4866 ego
2590 4795 2900 4855 Anselmus,
2932 4797 3178 4867 quamvis
3205 4804 3488 4864 peccator.

1900 4883 2362 4953 archiepiscopus,
2393 4900 2454 4938 ea
2503 4883 2820 4938 auctoritate
2847 4899 3008 4955 quam
3042 4884 3174 4938 mihi
3204 4884 3352 4939 dedit
3396 4901 3497 4956 per

1898 4973 2417 5043 archiepiscopatum
2461 4973 2604 5026 Deus
2653 4973 2823 5042 Pater,
2856 4981 2909 5027 et
2955 4972 3142 5039 Filius,
3175 4981 3228 5029 et
3265 4974 3495 5044 Spiritus

1895 5069 2133 5127 sanctus,
2196 5060 2460 5116 confirmo
2527 5061 2771 5117 eamdem
2842 5061 3489 5132 excommunicationem,

1895 5165 2056 5222 quam
2087 5150 2213 5206 fecit
2231 5151 2376 5204 idem
2407 5149 2846 5216 archidiaconus,
2867 5166 3038 5220 usque
3069 5151 3138 5205 ad
3155 5150 3490 5207 satisfactio-

1891 5254 2017 5293 nem
2047 5239 2169 5308 ejus
2195 5239 2380 5310 judico
2400 5237 2820 5309 suscipiendam.

1500 5363 1732 5417 VARUS
1784 5363 2088 5419 LECTION
2095 5365 2199 5420 ES.

267 5484 475 5545 '“Cum
505 5487 695 5545 eodem
725 5504 830 5564 ms.
863 5485 1358 5564 colt.~ita:__‘f_‘.~\liud_
1375 5487 1665 5558 displicere
1708 5487 2068 5564 -ms._aliquid
2099 5487 2405 5560 displicere.
2438 5482 2757 5563 "'Satagitis
2805 5502 2911 5546 ms.
2954 5491 3232 5564 satagalis.
3266 5486 3482 5558 "'Qua-

200 5556 450 5632 licunque
480 5572 591 5616 ms.
633 5559 1049 5634 qualiscunque.
1078 5555 1297 5628 “Quod
1330 5555 1475 5615 Deus
1505 5574 1610 5616 ms.
1643 5575 1805 5630 quam
1834 5555 1996 5617 Deus.
