3998 6076
429 260 526 317 13f

879 387 1227 445 EPISTOLA
1266 387 1436 443 CXIII
1473 386 1532 415 ⁸⁰⁸
1545 427 1559 442 .

807 491 1050 533 ΑΝεΒωη
1101 491 1176 531 Αἰ)
1230 490 1619 532 θυΑηΝΕιιιωι.

427 567 573 623 Eum
593 567 794 623 laudat
809 567 871 622 ob
888 569 1151 622 sanctum
1169 566 1401 636 paterni
1418 565 1638 636 reditus
1653 561 2020 630 desiderium,

466 640 755 710 simulque
780 641 973 693 monet
1009 652 1126 692 esse
1155 637 1373 692 ordinis
1402 635 1984 691 observantissimum.

501 730 802 782 Axseuus
823 725 1283 796 archiepiscopus,
1301 725 1664 792 GUARNERIO,
1678 722 1828 778 fratri
1843 731 1897 778 et
1911 722 2021 778 ﬁlio

428 817 775 882 charissimo,
848 813 1078 870 salutem
1156 821 1209 870 et
1287 812 1722 870 benedictionem
1777 811 1897 880 Dei,
1969 816 2025 866 et

427 920 610 962 suam.

499 995 602 1050 Pro
631 993 921 1050 dilectione
953 1009 1114 1064 quam
1143 994 1200 1048 in
1232 991 1428 1047 litteris
1455 991 1564 1047 tuis
1594 1007 1726 1064 erga
1749 1007 1837 1047 me
1866 991 2024 1047 intel-

426 1081 556 1152 lexi,
590 1089 643 1137 et
689 1098 787 1153 pro
815 1082 1088 1138 desiderio
1132 1081 1336 1137 reditus
1366 1079 1472 1136 mei
1512 1080 1714 1153 gratias
1765 1096 1870 1150 ago
1906 1079 2020 1145 tibi,

424 1171 564 1225 sicut
605 1170 762 1225 fratri
808 1177 862 1225 et
907 1169 1020 1225 filio
1069 1169 1286 1225 dilecto.
1337 1168 1586 1224 Reditum
1630 1168 1867 1238 quidem,
1907 1169 2024 1223 Deo

426 1267 719 1326 annuente,
766 1273 877 1314 non
931 1257 1199 1323 differam,
1258 1257 1483 1329 quando
1537 1257 1657 1328 ipso
1698 1257 2024 1327 disponente

425 1346 730 1418 intelligam
758 1363 846 1402 me
880 1346 1030 1400 illum
1074 1361 1236 1417 posse
1275 1345 1666 1401 rationabiliter
1715 1345 1909 1400 facere.
1949 1345 2024 1399 Te

427 1443 629 1501 autem,
656 1442 710 1490 et
737 1434 890 1489 illum
921 1433 1079 1504 cujus
1109 1435 1308 1489 animae
1329 1450 1513 1490 curam
1544 1435 1690 1490 Deus
1719 1433 1851 1488 mihi
1880 1447 2026 1488 com-

425 1522 726 1590 mendavit,
769 1523 1013 1578 studiose
1058 1538 1275 1590 moneo,
1334 1530 1392 1578 ut
1449 1537 1559 1577 non
1608 1522 1682 1577 sis
1739 1521 2026 1593 negligens

425 1611 672 1666 ordinem
702 1627 870 1684 quem
899 1611 1164 1683 accepisti
1184 1610 1244 1638 "°'
1279 1611 1492 1667 discere
1521 1619 1571 1666 et
1602 1610 1896 1675 custodire,
1927 1610 2024 1664 sed

423 1699 501 1755 sis
528 1700 771 1756 intentus
812 1700 939 1755 todo
985 1716 1110 1756 core
1157 1701 1224 1755 ad
1273 1717 1340 1755 ea
1383 1715 1507 1769 quae
1528 1699 1799 1770 pertinent
1815 1697 1882 1753 ad
1903 1713 2022 1769 per.

1000 263 1058 320 S.
1092 261 1398 321 ANSELMI
1429 259 1786 318 CANTUAB.
1818 257 2138 316 ARCHIEP.
2171 258 2326 316 OPP.
2361 259 2559 318 PARS.
2591 259 2666 316 III
2693 291 2766 302 —-
2792 259 3175 318 EPISTOLE.

3625 262 3730 319 152

2047 386 2100 447 Α
2136 386 2339 456 patitur
2363 384 2612 442 Ecclesia
2641 387 2860 454 Christi,
2895 389 3040 458 quod
3075 387 3218 442 idem
3248 386 3369 458 ipse
3397 401 3592 458 passus
3621 396 3728 454 est,

2129 483 2180 530 et
2200 475 2446 531 eamdem
2473 475 2775 532 Ecclesiam
2794 492 3077 548 passuram
3098 475 3380 547 pradixit:
3405 477 3468 530 In
3491 476 3730 544 mundo,

2129 563 2395 632 inquiens,
2426 581 2752 635 pressuram
2772 565 3048 622 habebitis
3077 565 3529 632 (Joan.xv1,33);
3564 581 3730 635 quam

2131 653 2406 707 confortat
2431 653 2765 724 subjungens
2789 673 2799 707 :
2837 655 2941 711 Sed
2969 654 3257 723 conﬁdite,
3281 669 3378 725 ego
3407 654 3516 709 vici
3550 670 3730 709 mun-

2128 741 2263 796 dum
2293 740 2356 769 ⁶¹⁶
2401 742 2612 811 (Ibid.).
2646 741 3004 814 Omnipotens
3036 743 3181 798 Deus
3209 742 3288 797 sic
3333 757 3440 796 vos
3477 740 3643 798 faciat
3672 743 3731 797 in

2131 833 2232 887 hac
2252 831 2359 886 vita
2390 846 2628 903 regnare
2653 847 2820 903 super
2847 831 3054 904 Anglos
3086 839 3147 888 ut
3182 832 3237 888 in
3284 831 3464 886 futura
3491 831 3732 903 regnetis

2126 919 2274 977 inter
2300 921 2546 991 angelos.

2607 1011 2945 1067 EPISTULA
2975 1011 3121 1067 CXV
3150 1010 3236 1066 ⁸³⁸.

2512 1114 2750 1155 ANSELMI
2790 1116 2862 1154 AD
2907 1116 3012 1156 (ἓ...
3061 1115 3342 1156 ΑΒΒΛΤΒΜ.

2133 1207 2320 1262 Electa
2345 1207 2408 1261 in
2434 1208 2749 1278 episcopum
2779 1209 3030 1263 consulit
3057 1212 3122 1262 ut
3152 1213 3375 1262 servata
3406 1207 3730 1265 obedientia

2202 1280 2430 1333 animus
2449 1279 2568 1343 eius
2587 1284 2814 1332 tantum
2836 1296 2978 1335 onus
2999 1280 3201 1348 fugiat.
3219 1279 3291 1333 lis
3310 1295 3440 1350 vero
3459 1281 3555 1350 qui
3573 1280 3729 1335 hunc

2203 1350 2515 1418 elegerunt.
2542 1351 2788 1404 consulit
2830 1355 2893 1404 ut
2931 1353 3116 1421 ipsum
3167 1350 3300 1421 quia
3334 1349 3560 1420 dignior
3615 1356 3725 1415 est,

2205 1425 2408 1489 cogant
2438 1421 2509 1474 ad
2533 1435 2677 1474 onus
2706 1419 3153 1491 suscipiendum.

2204 1507 2440 1563 Domino
2489 1515 2540 1563 et
2589 1508 2729 1562 Patri
2775 1507 3122 1575 charissimo,
3179 1509 3484 1566 reverendo
3542 1509 3732 1565 abbati

2134 1596 2202 1652 G.
2230 1596 2402 1651 frater
2429 1600 2755 1666 Axsnmus,
2789 1612 3008 1668 semper
3035 1614 3158 1670 quae
3202 1598 3323 1654 Deo
3358 1597 3559 1670 placita
3601 1603 3731 1654 sunt

2134 1685 2274 1739 velle
2305 1694 2359 1740 et
2388 1685 2590 1742 facere.

423 1747 500 1755 _--
528 1747 769 1756 -_--_-_-
815 1747 936 1755 --η
988 1747 1109 1756 η.-
1157 1747 1224 1755 η-
1276 1747 1340 1755 __
1385 1747 1505 1769 ,μη
1529 1747 2022 1770 r----_-____,-__

423 1787 714 1844 fectionem
745 1789 997 1845 monachi
1027 1787 1315 1860 proficere.
1352 1790 1549 1844 Verum
1598 1789 1744 1844 enim
1779 1795 1860 1842 est
1888 1786 2018 1860 quia

2212 1773 2476 1846 Dignatur
2523 1781 2698 1830 vestra
2743 1774 3027 1845 prudentia
3073 1791 3211 1830 mem
3254 1777 3534 1847 parvitatis
3591 1777 3734 1834 scire

422 1876 470 1930 si
501 1879 794 1932 monachus
815 1877 1045 1933 novitius
1067 1877 1124 1932 in
1154 1894 1253 1933 suo
1283 1878 1566 1949 proposito
1593 1876 1752 1932 fuerit
1776 1876 2011 1946 tepidus,

422 1965 634 2030 autvix,
658 1973 744 2019 aut
765 1982 1037 2037 nunquam
1054 1966 1106 2020 in
1137 1967 1399 2037 religione
1429 1965 1752 2021 monachica
1780 1966 1884 2020 erit
1906 1964 2012 2018 fer-

419 2053 596 2108 vidus.
629 2053 860 2122 Qualem
890 2054 1057 2125 igitur
1084 2062 1136 2110 te
1166 2054 1448 2109 desideras
1477 2053 1706 2108 inveniri
1735 2054 1791 2107 in
1818 2052 2010 2107 diebus

418 2141 599 2196 obitus
619 2142 713 2208 tui,
730 2141 888 2196 talem
904 2150 957 2198 te
975 2142 1216 2213 quotidie
1235 2143 1390 2198 stude
1417 2142 1699 2209 exhibere;
1723 2149 1776 2196 et
1791 2156 2011 2211 semper

418 2231 578 2300 quasi
609 2246 728 2286 eras
757 2232 1072 2298 moriturus,
1106 2231 1269 2288 hodie
1298 2239 1350 2288 te
1379 2247 1627 2302 praepara
1664 2231 1736 2286 ad
1768 2229 2009 2286 redden-

417 2318 543 2372 dam
571 2321 836 2375 rationem
864 2321 986 2376 vitae
1013 2329 1136 2388 tuas,
1169 2330 1220 2376 et
1247 2321 1326 2377 sic
1352 2323 1420 2376 de
1442 2321 1638 2377 virtute
1669 2319 1724 2373 in
1752 2319 2009 2375 virtutem

413 2406 686 2480 proﬁcies.
718 2409 982 2466 Dominus
1007 2415 1058 2466 te
1089 2409 1284 2483 dirigat
1311 2417 1365 2466 et
1393 2409 1684 2466 custodiat.

787 2537 957 2604 409
992 2533 1332 2590 EPISTOLA
1363 2533 1530 2588 CXIV
1561 2533 1641 2586 ⁵²⁰.

589 2639 834 2679 ANSELMI
863 2639 937 2677 AD
969 2639 1258 2677 HENRICUM
1287 2637 1478 2676 REGE“
1507 2635 1830 2676 ANGLORUM.

417 2711 500 2766 Ad
530 2727 719 2780 regem
748 2713 938 2765 mittit
974 2710 1351 2766 Gislebertum
1382 2712 1730 2773 Beccensem,
1765 2709 1859 2764 cui
1889 2712 2012 2764 tuto

487 2785 667 2855 possit
697 2780 922 2836 credere
951 2780 1057 2855 sibi
1087 2781 1500 2855 renuntianda.
1524 2780 1855 2834 Paschalem
1883 2795 2012 2855 pro-

489 2850 733 2908 nuntiat
759 2853 1032 2907 canonice
1060 2852 1324 2919 electum,
1357 2855 1414 2906 et
1435 2853 1687 2907 alterum
1716 2867 1834 2906 esse
1863 2850 2011 2906 sedis

491 2923 814 2995 apostolicae
841 2925 1180 2978 invasorem.

493 3013 766 3077 Haamco,
799 3011 1120 3067 charissimo
1163 3011 1383 3068 domino
1427 3009 1488 3040 ⁵¹¹
1533 3026 1652 3077 suo,
1693 3010 1866 3084 gratia
1913 3009 2016 3066 Dei

2129 1861 2410 1917 consilium
2439 1863 2506 1917 de
2536 1878 2592 1918 re
2622 1863 2689 1918 de
2716 1880 2819 1934 qua
2850 1863 3050 1935 igitur;
3082 1865 3231 1920 unde
3262 1865 3444 1936 primo
3475 1881 3572 1920 oro
3603 1881 3734 1921 om-

2131 1950 2424 2020 nipotentis
2453 1951 2551 2006 Dei
2582 1951 2877 2024 benignam
2923 1953 3267 2008 clementiam
3309 1963 3367 2009 ut
3397 1955 3513 2025 ipse
3559 1963 3733 2010 totam

2135 2055 2252 2093 rem
2302 2039 2354 2094 in
2397 2039 2738 2110 beneplacilo
2781 2056 2881 2096 suo
2916 2041 3182 2111 disponat.
3225 2044 3481 2097 Nostrum
3539 2053 3727 2098 autem

2133 2127 2441 2194 consilium,
2474 2127 2620 2199 quod
2650 2129 2874 2182 utimam
2909 2128 2978 2184 de
3019 2131 3168 2184 vultu
3213 2131 3311 2184 Dei
3344 2131 3590 2201 prodeat,
3621 2134 3731 2189 hoc

2131 2223 2220 2270 est
2250 2216 2392 2286 quod
2423 2217 2618 2271 melius
2649 2232 2866 2286 possum
2895 2217 3222 2290 intelligere.
3244 2219 3327 2272 Illi
3358 2219 3578 2290 quidem
3601 2236 3730 2275 con-

2132 2303 2252 2360 sulo
2284 2313 2631 2375 ut,quantum
2661 2314 2858 2376 potest,
2877 2311 3095 2361 servata
3117 2315 3307 2363 tamen
3336 2309 3643 2364 obedientia
3674 2313 3731 2366 et

2123 2393 2218 2463 pia
2248 2394 2676 2460 mansuetudine,
2708 2395 2920 2448 animus
2948 2394 3070 2467 ejus
3101 2403 3305 2451 tantum
3337 2411 3472 2452 onus
3515 2397 3723 2467 fugiat.

2129 2483 2298 2538 Vobis
2327 2491 2509 2538 autem
2541 2486 2594 2537 et
2625 2481 2768 2550 aliis,
2806 2483 2878 2538 ad
2909 2499 3045 2554 quos
3075 2484 3179 2538 hoc
3216 2485 3470 2554 pertinet,
3499 2485 3734 2542 consulo

2129 2571 2255 2642 quia
2280 2587 2388 2625 non
2421 2571 2580 2626 video
2612 2571 2679 2626 de
2711 2587 2822 2642 quo
2853 2573 3051 2626 melius
3077 2573 3248 2643 possit
3293 2589 3443 2641 esse,
3474 2579 3535 2627 ut
3575 2573 3734 2628 illum

2127 2660 2394 2731 rogando,
2417 2659 2788 2730 praecipiendo
2815 2661 3045 2731 cogatis,
3072 2669 3336 2731 quatenus
3365 2669 3417 2716 et
3444 2663 3572 2731 ejus
3601 2677 3733 2718 cono

2127 2749 2351 2805 scientia
2394 2748 2636 2803 securior
2661 2751 2735 2803 sit
2763 2749 2817 2802 in
2848 2758 3141 2818 conspectu
3175 2749 3290 2817 Dei,
3325 2766 3446 2804 cum
3474 2766 3585 2805 non
3625 2751 3734 2806 nisi

2123 2837 2242 2892 solo
2274 2837 2467 2891 timore
2497 2837 2596 2892 Dei
2627 2845 2682 2892 et
2723 2835 3038 2892 obedientia
3067 2846 3248 2892 sancta
3296 2854 3356 2892 se
3414 2848 3735 2908 provectum

2123 2925 2440 2996 conspiciet,
2473 2932 2528 2980 et
2559 2926 2708 2980 Deus
2741 2925 2889 2996 quasi
2919 2941 2985 2980 ex
3017 2924 3200 2980 debito
3231 2925 3297 2980 ad
3330 2926 3529 2980 bonum
3563 2925 3734 2982 finem

2123 3014 2384 3086 perducat
2412 3014 2557 3085 quod
2577 3021 2802 3084 propter
2816 3029 2873 3068 se
2901 3014 3076 3069 solum
3109 3015 3402 3084 inceptum
3422 3015 3696 3086 intelliget
3719 3034 3735 3082 ;

421 3101 541 3174 regi
567 3100 883 3173 Anglorum,
908 3103 1220 3168 Ausauws,
1243 3101 1689 3174 archiepiscopus
1720 3100 2013 3171 Canturize,
2045 3115 2096 3178 ο
2125 3111 2178 3159 et
2207 3103 2356 3160 vobis
2401 3119 2435 3157 a
2463 3101 2525 3130 ⁸¹⁷
2572 3119 2928 3174 supernorum
2971 3102 3160 3158 Judice
3208 3103 3558 3171 retribuatur,
3607 3104 3737 3174 quia

423 3190 582 3246 ﬁdele
612 3189 891 3246 servitium
911 3206 1034 3246 cum
1063 3190 1424 3246 orationibus.

480 3279 763 3352 Przecepit
821 3278 952 3334 mihi
1009 3279 1271 3336 celsitudo
1325 3287 1512 3336 vestra
1563 3278 1620 3335 in
1665 3278 1861 3335 litteris
1910 3279 2026 3334 suis

428 3377 691 3443 quatenus
705 3368 808 3424 sibi
837 3368 1078 3441 aliquem
1108 3368 1176 3425 de
1207 3368 1568 3424 familiaribus
1610 3369 1813 3424 nostris
1843 3369 2028 3423 mitte-

428 3475 569 3524 rem,
603 3458 694 3514 cui
741 3457 1088 3514 familiariter
1126 3459 1356 3514 credere
1404 3465 1588 3529 posset
1619 3473 1684 3514 ea
1728 3474 1850 3528 quae
1893 3457 2028 3512 mihi

431 3547 698 3603 mandere
726 3547 916 3604 vellet.
952 3549 1106 3602 Mitto
1136 3548 1302 3619 igitur
1333 3548 1556 3603 fratrem
1595 3547 1814 3602 nomine
1843 3545 2028 3601 Gisle-

429 3638 669 3702 bertum,
700 3638 1031 3692 monachum
1063 3637 1414 3702 Beccensem,
1460 3636 1782 3692 familiarem
1826 3652 2028 3704 meum,

433 3727 526 3782 cui
555 3727 696 3780 sicut
720 3723 782 3752 “'
830 3725 962 3780 mihi
990 3725 1212 3780 credere
1257 3723 1481 3796 potestis
1519 3724 1666 3796 quod
1705 3724 1836 3779 mihi
1873 3740 2030 3778 man-

434 3815 570 3870 dare
599 3813 880 3884 placuerit.
905 3813 1046 3882 Quia
1074 3813 1235 3867 etiam
1264 3810 1565 3868 notiﬁcabit
1582 3813 1735 3868 vobis
1761 3813 2034 3884 quomodo

437 3902 695 3959 dominus
726 3901 1055 3957 Balduvinus
1083 3901 1144 3929 ⁵¹³
1168 3910 1221 3957 et
1249 3901 1562 3958 Willelmus
1575 3901 1694 3970 jam
1723 3902 1824 3956 iter
1852 3903 2038 3957 Romae

436 3991 671 4064 ingressi
693 3990 925 4059 fuerant,
961 3990 1179 4062 quando
1210 4000 1446 4048 vestram
1476 3992 1694 4062 suscepi
1723 3991 2033 4062 epistolam;

439 4091 492 4136 et
520 4081 666 4153 quod
694 4079 1003 4136 audivimus
1033 4080 1102 4136 de
1134 4080 1438 4152 apostolico
1471 4080 1731 4146 Paschali,
1764 4088 1818 4136 et
1846 4081 1916 4136 de
1943 4080 2038 4134 illo

443 4171 534 4242 qui
565 4169 754 4225 sedem
781 4170 902 4240 ejus
951 4185 1049 4240 per
1092 4171 1341 4241 rapinam
1388 4169 1584 4226 dicitur
1612 4170 1893 4226 invasisse.
1926 4169 2042 4224 Hoc

444 4268 652 4315 tantum
690 4258 814 4315 dico
857 4259 984 4331 quia
1038 4260 1371 4330 apostolicus
1417 4258 1694 4314 Paschalis
1741 4257 2041 4314 secundum

444 4349 617 4405 Deum
648 4347 1011 4404 ecclesiastica
1040 4356 1120 4404 est
1153 4348 1380 4417 electus,
1411 4355 1464 4402 et
1502 4364 1601 4419 per
1642 4355 1810 4403 totam
1850 4345 2042 4402 Eccle-

445 4439 583 4493 siam
613 4437 936 4494 catholicam
960 4436 1078 4507 jam
1127 4445 1407 4509 susceptus
1435 4443 1488 4492 et
1531 4435 1901 4491 confirmatus.
1948 4435 2044 4490 Ille

449 4542 582 4582 vero
627 4526 871 4597 invasor,
905 4525 973 4581 de
1005 4542 1112 4598 quo
1158 4526 1302 4580 fama
1347 4533 1448 4592 est,
1480 4525 1680 4580 nullam
1730 4525 1896 4580 habet
1924 4524 2042 4579 ele-

453 4616 694 4670 ctionem
743 4623 833 4668 aut
862 4615 1289 4686 susceptionem,
1320 4614 1426 4670 nisi
1455 4630 1489 4670 a
1527 4615 1652 4669 filiis
1690 4613 1892 4669 diaboli
1935 4613 2047 4667 iui-

453 4703 615 4758 micis
635 4702 899 4758 Ecclesia:
917 4703 1040 4760 Dei.
1057 4703 1398 4775 Quapropter
1415 4711 1802 4775 exspectamus
1819 4710 2049 4772 utsuper

457 4807 581 4847 eum
612 4790 789 4858 cadat,
823 4791 870 4844 si
899 4793 1138 4847 nondum
1168 4793 1367 4849 cecidit
1393 4791 1475 4861 ‘1‘,
1507 4792 1652 4862 quod
1687 4791 1823 4847 dixit
1854 4791 2046 4846 Domi-

457 4895 596 4934 nus:
636 4880 828 4935 Omnis
859 4880 1162 4950 plantatio,
1194 4898 1362 4953 quam
1403 4898 1521 4937 non
1557 4881 1849 4954 plantavit
1877 4881 2050 4935 Pater

458 4983 619 5024 meus
638 4967 902 5034 ccclesiis,
916 4969 1299 5026 eradicabitur
1316 4971 1536 5041 (Matth.
1557 4986 1653 5038 xv,
1674 4971 1782 5037 13).
1799 4970 1912 5024 Nec
1942 4983 2049 5024 mo-

460 5055 579 5115 veri
635 5055 799 5112 debet
852 5056 1053 5129 aliquis
1112 5058 1461 5129 Christianus,
1516 5059 1561 5114 si
1605 5058 2048 5131 persecutionem

2132 3193 2220 3264 pia
2249 3191 2614 3248 sollicitudine
2639 3191 2935 3247 Ecclesiam
2961 3191 3062 3248 Dei
3091 3207 3189 3264 per
3217 3191 3464 3248 membra
3493 3192 3610 3262 ejus
3643 3208 3736 3251 su-

2134 3289 2372 3337 stentare
2402 3281 2672 3352 satagitis.
2705 3281 2859 3337 Vale.

2567 3405 2914 3462 EPISTOLA
2965 3405 3146 3461 CXVI
3201 3404 3285 3461 ⁵³⁸.

2625 3511 2864 3550 ΑΝεΕιΜι
2894 3510 2926 3549 Α
2935 3511 2968 3549 D
2989 3511 3241 3551 ODONEM.

2139 3603 2328 3674 Ipsum
2341 3603 2413 3657 ad
2429 3604 2679 3674 purioris
2699 3605 2829 3657 vita:
2841 3619 3017 3673 genus
3035 3603 3270 3658 sectand
3277 3620 3392 3668 um,
3399 3606 3522 3675 jam
3541 3618 3745 3658 accen-

2210 3691 2337 3728 sum
2355 3676 2535 3742 magis
2553 3675 2832 3729 accendit.
2864 3675 2989 3728 Vota
3007 3675 3180 3728 eundi
3195 3677 3422 3729 Romam
3445 3676 3528 3729 vel
3552 3676 3746 3730 Hiero-

2211 3746 2486 3816 solymam
2506 3747 2864 3816 complentur
2881 3747 2942 3799 in
2957 3746 3301 3816 professione
3322 3747 3666 3800 monastica.

2213 3833 2450 3887 Domino
2479 3841 2532 3888 et
2563 3833 2714 3887 fratri
2743 3834 2801 3887 in
2832 3834 3050 3888 Christo
3088 3833 3306 3899 dilecto,
3341 3834 3544 3901 000m,
3576 3833 3748 3890 frater

2145 3904 2456 3960 Anssuws
2487 3905 2740 3959 salutem.

2218 3992 2276 4048 Si
2315 4000 2492 4047 vestra
2539 3993 2774 4058 dilectio,
2806 3991 2984 4048 adhuc
3029 4009 3213 4048 amore
3251 3993 3443 4049 mundi
3497 4002 3745 4066 gravata,

2146 4080 2383 4152 spinosis
2430 4080 2881 4136 sollicitudinibus
2923 4080 3235 4136 divitiarum
3283 4083 3402 4150 ejus
3446 4082 3745 4147 laboraret,

2149 4176 2424 4239 oporteret
2451 4169 2520 4224 ad
2551 4177 2786 4225 mentem
2813 4169 2866 4225 ei
2891 4169 3150 4225 reducere
3178 4171 3350 4226 verba
3406 4171 3627 4226 Domini
3657 4171 3752 4224 di-

2150 4257 2320 4313 centis
2349 4273 2362 4312 :
2405 4260 2593 4314 Venite
2609 4259 2682 4314 ad
2698 4275 2808 4325 me,
2832 4276 3026 4316 omnes
3047 4262 3142 4331 qui
3161 4261 3426 4316 laboratis
3449 4265 3505 4316 et
3524 4261 3752 4316 onerati

2151 4349 2308 4413 estis,
2322 4351 2378 4402 et
2392 4347 2590 4418 egojvos
2604 4350 2947 4419 requiescere
2962 4351 3196 4418 faciam.
3213 4348 3482 4418 Quoniam
3497 4364 3627 4406 vero
3633 4348 3752 4418 jam

2154 4435 2494 4507 prospiciens
2523 4436 2652 4506 quia
2681 4437 2916 4491 mundus
2945 4437 3201 4492 transibit
3230 4445 3282 4492 et
3311 4437 3756 4506 concupiscentia

2155 4523 2297 4592 ejus,
2316 4524 2428 4593 jam
2447 4538 2554 4579 non
2577 4523 2754 4595 diligit
2773 4525 3030 4579 mundum
3053 4541 3230 4596 neque
3251 4541 3316 4581 ea
3333 4542 3461 4596 quae
3475 4525 3528 4579 in
3546 4525 3754 4580 mundo

2154 4621 2294 4678 sunt,
2325 4612 2420 4667 sed
2453 4629 2574 4684 quae
2602 4630 2817 4668 sursum
2864 4621 2988 4668 sunt
3019 4615 3230 4686 quaerit,
3263 4630 3373 4669 non
3423 4631 3546 4686 qua:
3584 4629 3757 4685 super

2157 4711 2380 4768 terram,
2431 4701 2564 4756 nihil
2617 4702 3030 4757 convenientius
3087 4703 3165 4756 illi
3221 4701 3516 4759 dicendum
3593 4703 3758 4758 video

2158 4807 2315 4860 quam
2344 4790 2490 4862 quod
2513 4791 2771 4861 scriptum
2799 4799 2879 4845 est
2902 4809 2913 4844 :
2944 4791 3103 4857 Filii,
3131 4808 3201 4847 ne
3226 4791 3459 4862 di/Teras
3497 4791 3763 4847 converti

2156 4880 2222 4934 de
2244 4879 2334 4935 die
2350 4881 2412 4934 in
2428 4879 2573 4934 diem
2594 4901 2616 4946 ;
2633 4887 2718 4934 et:
2745 4880 3118 4952 Quodcunque
3133 4883 3316 4953 potest
3338 4883 3527 4951 facere
3552 4896 3759 4935 manus

2158 4972 2278 5032 tua,
2302 4969 2594 5024 instanter
2607 4985 2857 5040 operare.
2885 4969 2968 5023 Ad
2991 4985 3152 5041 quam
3181 4986 3298 5024 rem
3332 4969 3634 5024 fraternum
3656 4984 3764 5024 no-

2157 5064 2331 5113 strum
2377 5071 2500 5111 esse
2547 5064 2796 5127 paratum
2836 5057 3183 5130 obsequium,
3217 5064 3426 5114 certum
3476 5056 3547 5112 sit
3598 5057 3762 5112 vobis

1771 5238 1860 5293 VA
1869 5237 2002 5292 ΗΒΕ
2039 5235 2446 5292 LECTIONES.

532 5357 736 5417 "'Cum
767 5360 958 5416 eodem
1007 5377 1113 5416 ms.
1165 5362 1399 5416 collata.
1430 5359 1628 5428 “’Quae
1673 5359 1960 5432 accepistis
1988 5377 2108 5432 ms.
2129 5360 2372 5416 ordinem
2414 5377 2576 5431 quem
2610 5361 2882 5432 accepisti.
2916 5360 3119 5418 “Cum
3153 5363 3342 5419 eodem
3381 5378 3486 5416 ms.
3521 5362 3760 5417 collata.

461 5431 759 5512 ξξξρρτηὶηο
789 5432 925 5512 Regi
953 5448 1061 5486 ms.
1095 5432 1324 5512 Domino
1367 5449 1486 5497 suo,
1519 5431 1833 5512 Cratia‘gei.
1861 5432 2034 5512 Begi._
2051 5431 2213 5487 ⁵1’διιί
2264 5432 2340 5487 sic
2385 5449 2487 5512 ms.
2520 5433 2605 5488 cui
2637 5431 2796 5512 sicut.
2829 5433 3221 5512 °ffABaldeninus
3264 5451 3366 5489 ms.
3400 5433 3764 5512 Balduvinus.

463 5503 525 5532 ⁵³⁸
553 5504 675 5558 Non
729 5500 922 5558 cecidit
980 5519 1088 5558 ms.
1145 5502 1387 5558 nondum
1443 5500 1659 5558 cecidit.
1710 5500 2132 5560 "‘Vicinandum
2184 5517 2288 5558 ms.
2350 5504 2455 5560 vici
2511 5505 2794 5560 mundum.
2847 5501 3052 5562 “Cum
3111 5505 3300 5562 eodem
3357 5521 3462 5560 ms.
3521 5503 3759 5560 collata.

464 5570 573 5630 “'A
604 5573 758 5631 vobis
787 5590 887 5629 ms.
920 5573 1077 5630 vobis
1100 5589 1151 5632 a.
1183 5571 1388 5632 “'Gum
1417 5575 1604 5632 eodem
1620 5590 1728 5631 ms.
1759 5575 2015 5631 collata..
