3998 6076
381 245 384 248 ”
419 255 519 314 155

415 398 572 439 cesso
602 392 761 454 esset,
793 391 962 442 totum
994 387 1048 442 in
1071 390 1174 444 hoc
1195 389 1428 459 carpendi
1447 390 1707 462 quidquid
1728 392 1797 448 de
1828 393 2008 448 archi-
2028 395 2087 459 Α

418 472 741 530 diaconatus
769 477 1072 531 redditibus
1104 494 1189 533 me
1218 479 1503 551 contingit,
1561 488 1615 535 et
1645 482 1813 537 multo
1844 484 2008 538 etiam

422 563 652 631 majora,
686 580 842 633 quam
875 573 932 618 ut
962 565 1059 620 iste
1107 566 1196 636 qui
1227 566 1298 620 ad
1352 583 1454 622 nos
1509 569 1667 640 quasi
1723 572 1793 626 ad
1821 588 2010 629 servos

421 652 520 706 Dei
555 661 606 707 et
635 669 793 707 veros
819 653 1156 708 Christianos
1189 655 1256 710 de
1311 657 1559 712 manibus
1613 658 1818 715 diaboli
1851 661 2005 734 fugit,

421 741 619 795 misere
650 742 794 796 vivat
823 741 964 796 inter
992 758 1108 798 nos.
1146 744 1346 798 Iterum
1381 761 1581 816 precor
1609 756 1661 802 et
1689 749 1917 806 obsecro
1947 760 2009 807 ut

421 829 720 884 ostendatis
751 829 805 882 in
837 845 930 884 eos
960 847 1056 886 vos
1084 832 1285 888 habere
1341 835 1697 891 Christianam
1755 839 2007 908 pietatem

420 917 907 972 etChristianitatis
923 936 1162 975 amorem
1177 923 1360 986 ,valde
1381 925 1522 978 enim
1548 925 1694 980 laedit
1714 942 1807 982 cor
1826 946 2010 984 meum

422 1004 724 1076 indigentia
755 1007 918 1073 illius,
944 1009 1056 1064 sive
1088 1010 1143 1064 in
1173 1012 1334 1074 victu,
1358 1015 1530 1081 410
1562 1013 1674 1069 sive
1705 1015 1759 1070 in
1790 1019 2005 1086 vestitu,

418 1092 600 1149 Facite
632 1093 811 1164 igitur
839 1103 897 1150 ut
926 1113 1020 1151 cor
1049 1114 1232 1153 meum
1265 1101 1333 1154 ab
1361 1103 1461 1157 hac
1489 1101 1716 1160 laesione
1747 1107 2007 1178 quiescat,

420 1181 468 1236 si
499 1181 649 1237 illam
680 1182 740 1213 ⁶²⁶
770 1200 880 1241 non
909 1187 1119 1242 amatis.
1163 1189 1370 1245 Valete.

866 1317 1201 1375 EPISTOLA
1233 1321 1452 1379 CXVIII
1483 1323 1564 1381 "5.

417 1435 658 1478 ANSELMI
697 1438 768 1478 AD
797 1439 1055 1481 ALFERUM
1086 1443 1327 1484 PRIOREX
1365 1446 1434 1486 ΕΤ
1471 1447 1776 1491 ΜΟΝΔΟΗΟΒ
1815 1453 2014 1495 SANCTl

1067 1515 1370 1557 EADMUNDI.

426 1616 707 1674 Invictum
737 1619 1076 1714 in‘adversjs
1105 1625 1361 1714 animum
1380 1627 1611 1714 .Iaudat.
1647 1631 1823 1714 Et_ut_
1838 1636 2017 1704 priori
2047 1647 2098 1706 Β
2129 1616 2306 1696 cundia
2335 1643 2644 1714 saepiusque
2703 1645 2931 1701 recitata

490 1705 596 1744 sua
637 1695 871 1760 peccata
900 1695 1304 1761 conﬁteantur,
1337 1702 1393 1753 et
1422 1702 1577 1755 omni
1608 1695 1864 1761 custodia
1893 1723 2016 1762 ser-

492 1765 622 1814 vent
655 1776 750 1817 cor
780 1779 965 1829 suum,
998 1765 1364 1823 adhortatur.

491 1885 795 1941 ANSELMUS
817 1889 1278 1959 archiepiscopus,
1303 1893 1516 1950 dilectis
1542 1895 1662 1951 ﬁliis
1681 1907 1734 1954 et
1759 1900 2019 1958 fratribus

419 1971 620 2027 domno
642 1976 868 2031 ALreao
900 1977 1086 2046 priori,
1109 1988 1162 2034 et
1191 1980 1314 2036 aliis
1340 1983 1522 2039 servis
1552 1985 1651 2040 Dei
1678 1987 1734 2042 in
1765 1993 2018 2048 emnobio

418 2060 602 2116 Sancti
633 2063 938 2119 Eadmundi
983 2067 1088 2121 sub
1145 2067 1238 2124 illo
1285 2075 1756 2142 conversantibus,
1789 2080 2020 2136 salutem

419 2157 471 2204 et
501 2150 934 2208 benedictionem
991 2155 1114 2223 Dei,
1173 2166 1227 2212 et
1267 2174 1420 2214 suam
1454 2160 1515 2189 ⁸¹⁰
1545 2175 1804 2234 quantum
1855 2170 2017 2226 valet.

496 2236 718 2294 Gratias
748 2256 855 2311 ago
885 2243 1000 2298 Deo
1022 2253 1072 2298 et
1096 2246 1247 2300 vobis
1268 2264 1371 2317 pro
1401 2255 1707 2307 constantia
1737 2263 1789 2310 et
1813 2259 2022 2324 patien-

426 2326 496 2381 tia
527 2336 728 2394 vestra,
763 2346 924 2402 quam
957 2333 1167 2389 habetis
1212 2336 1266 2390 in
1308 2338 1746 2398 tribulationibus
1773 2341 1855 2410 ⁵³⁷,
1889 2348 2020 2402 hor-

422 2421 545 2472 tans
568 2425 618 2472 et
647 2417 948 2474 obsecrans
979 2428 1033 2476 ut
1062 2422 1205 2479 filios
1234 2426 1600 2496 charissimos,
1635 2448 1706 2486 ne
1734 2433 2019 2503 deficiatis,

425 2505 520 2559 sed
578 2507 980 2575 longanimiter,
1032 2517 1092 2565 ut
1147 2515 1412 2584 cmpistis,
1459 2518 1558 2572 Dei
1591 2522 2020 2578 consolationem

423 2597 776 2664 exspectetis.
812 2597 974 2651 Nulla
1006 2615 1102 2654 vos
1141 2603 1444 2657 adversitas
1474 2623 1503 2659 a
1542 2610 1764 2665 servitio
1797 2611 1894 2666 Dei
1925 2629 2020 2668 re-

420 2683 618 2748 tardet,
651 2683 784 2736 nihil
807 2685 877 2738 ab
899 2690 1246 2759 exsequenda
1271 2693 1541 2749 voluntate
1559 2695 1680 2766 ejus
1711 2705 2013 2757 removeat.

419 2771 750 2827 Mementote
795 2773 938 2844 quod
983 2790 1173 2832 omnes
1227 2779 1316 2850 qui
1367 2782 1553 2838 volunt
1594 2786 1684 2854 pie
1732 2787 1912 2843 vivere
1958 2789 2014 2846 in

977 260 1033 316 S.
1065 261 1370 318 ANSELMI
1400 263 1740 320 CANTUAR.
1775 265 2099 322 ARCIIIEP.
2140 265 2297 324 OPP.
2332 265 2508 326 PARS
2539 270 2631 324 IlI.
2665 301 2734 311 —-
2763 271 3142 330 EPISTOLE.

3606 278 3712 334 156

2576 396 2929 454 EPISTOLA
2961 401 3133 457 CXIX
3163 419 3242 460 διο.

2222 497 2528 540 ΜΛΤΗΠᾸΠΞ
2561 503 2793 542 ἢείὶῙΝίΕ
2833 506 3139 548 ANGIDRUM
3170 510 3245 546 AD
3275 509 3600 552 ANSELMUH.

2125 593 2836 675 Qua_ati_[acz'at_Ausetani
2863 597 3118 675 Iit/eras.
3171 599 3427 672 Quodque
3458 602 3718 675 Edutpho

2188 665 2481 742 abbatiam
2523 667 2924 742 Malmesberiae
2963 669 3074 738 (28)
3132 665 3494 742 concesserit,
3545 665 3720 732 sa'lvis

2189 737 2447 791 omnibus
2478 738 2883 810 archiepiscopi
2900 737 3150 810 jar-ibus.

2191 841 2426 897 Domino
2457 858 2562 897 suo
2592 852 2644 898 et
2665 845 2808 898 Patri
2835 848 3135 902 reverendo
3164 849 3368 919 pariter
3396 859 3448 905 et
3483 851 3718 907 colendo

2118 932 2406 996 ANSELMO,
2478 933 2845 988 Cantuariensi
2908 937 3344 1009 archiepiscopo,
3408 942 3719 997 MATHILDIS

2119 1022 2330 1090 regina,
2363 1020 2555 1076 devota
2583 1023 2878 1079 sanctitatis
2909 1026 3023 1093 ejus
3082 1027 3297 1097 ancilla,
3357 1043 3480 1084 curn
3512 1031 3721 1085 Christo

2119 1123 2216 1162 suo
2247 1109 2496 1164 salutem.

2193 1196 2420 1265 Quoties
2449 1200 2736 1269 epistolari
2754 1202 3018 1260 beneﬁcio
3039 1212 3241 1260 vestrae
3261 1207 3392 1260 mihi
3417 1208 3725 1264 sanctitatis

2119 1287 2471 1357 municipium
2503 1288 2810 1360 impertitis,
2843 1293 3003 1347 toties
3035 1295 3306 1350 innovatae
3347 1295 3545 1352 laetitiae
3598 1297 3722 1354 luce

2125 1375 2442 1430 nebulosam
2500 1379 2696 1433 anima:
2753 1369 2891 1436 mea:
2942 1382 3229 1453 caliginem
3287 1385 3584 1440 serenatis.
3633 1389 3728 1442 Est

2121 1463 2320 1519 etenim
2355 1467 2518 1521 vestri
2550 1467 2794 1535 qumdam
2825 1477 2876 1524 et
2921 1470 3164 1526 absentis
3209 1473 3600 1546 qualiscunque
3629 1491 3726 1530 re-

2122 1553 2281 1619 visio,
2333 1561 2387 1608 et
2421 1555 2676 1609 chartulae
2721 1565 3107 1624 contrectatus,
3163 1564 3218 1615 et
3273 1561 3470 1617 littera:
3530 1564 3727 1633 perju-

2991 1648 3231 1704 relectio.
3290 1649 3433 1718 Quid
3483 1665 3729 1721 namque

2127 1731 2343 1796 vestris,
2376 1733 2612 1800 domine,
2647 1735 2861 1804 scriptis
2891 1745 2981 1790 aut
3008 1738 3144 1808 style
3168 1739 3411 1792 ornatius
3441 1747 3534 1793 aut
3561 1755 3728 1795 sensu

2128 1818 2379 1873 refertius
2401 1821 2428 1873 ?
2456 1822 2577 1875 Non
2604 1823 2689 1876 his
2713 1824 2911 1878 desunt
2944 1825 3268 1882 Frontonica
3296 1828 3540 1898 gravitas
3569 1827 3726 1884 Cice-

2128 1908 2299 1977 ronis,
2334 1909 2506 1973 Fabii,
2539 1919 2630 1964 aut
2655 1911 2973 1973 Quintiliani
2997 1921 3056 1950 5'1
3082 1916 3353 1981 acumina,
3387 1918 3447 1969 In
3479 1916 3563 1970 his
3592 1932 3726 1972 sane

2127 1995 2374 2052 doctrina
2413 1999 2631 2069 quidem
2670 2002 2934 2056 redundat
2979 2003 3142 2066 Pauli,
3192 2003 3474 2076 diligentia
3516 2005 3722 2060 Hiero-

2127 2086 2296 2153 nymi,
2330 2087 2663 2142 elucubratio
2687 2107 2748 2134 ωε
2769 2089 3050 2162 Gregorii,
3084 2091 3391 2162 explanatio
3412 2095 3721 2165 Augustini,

2128 2183 2181 2230 et
2202 2176 2346 2247 quod
2377 2177 2467 2230 his
2496 2177 2672 2246 majus
2703 2187 2806 2243 est,
2848 2180 2974 2234 hinc
3012 2180 3200 2236 dulcor
3227 2182 3532 2252 evangelici
3560 2182 3728 2237 stillat

2130 2264 2354 2334 eloquii.
2379 2266 2490 2319 Hac
2513 2267 2676 2338 igitur
2695 2268 2826 2322 mihi
2855 2269 3037 2340 gratia
3065 2267 3257 2323 difiusa
3287 2285 3322 2324 a
3351 2270 3507 2324 labiis
3528 2272 3725 2326 vestris

2129 2367 2227 2408 cor
2255 2369 2436 2409 meum
2468 2363 2519 2409 et
2559 2371 2683 2411 caro
2741 2373 2862 2412 mea
2914 2357 3317 2430 exsultaverunt
3370 2359 3424 2413 in
3473 2358 3725 2415 affectum

2127 2451 2322 2499 vestrm
2351 2444 2683 2512 dilectionis,
2714 2445 2768 2500 in
2822 2445 3178 2518 effectumque
3226 2457 3468 2519 pateram
3522 2454 3724 2505 vestrae

2129 2531 2457 2588 monitionis.
2489 2534 2958 2603 Frequentissimo
2989 2537 3188 2606 quippe
3229 2552 3451 2591 recursu
3509 2537 3720 2593 exhor-

2128 2621 2347 2675 tationis
2377 2631 2574 2677 vestrae
2632 2623 3152 2696 benignissimaeth
3183 2625 3573 2681 obsecrationis
3597 2643 3720 2682 mc-

2125 2710 2320 2777 moria,
2345 2711 2526 2766 cordis
2547 2711 2650 2766 mei
2668 2711 2893 2781 januam
2909 2714 3224 2768 reverberat
3242 2714 3719 2788 obsecutionisque

2123 2799 2430 2855 obedentiae
2485 2801 2760 2868 adjudicat
2797 2800 2878 2856 ⁶³³.
2943 2803 3151 2857 Vestrae
3205 2802 3374 2874 igitur
3420 2805 3718 2860 sanctitatis

421 2858 678 2964 Christo,
724 2877 944 2959 necesse
997 2873 1087 2963 .est
1133 2875 1240 2964 "ut.
1279 2868 1652 2928 tribulationes
1719 2877 2010 2946 patiantur.
2045 2902 2092 2964 ρ
2125 2886 2306 2942 favore
2329 2889 2464 2943 freta
2492 2858 2695 2943 ddmno
2727 2888 2921 2943 Edult’o
2951 2893 3012 2922 ⁶⁸⁴
3031 2858 3393 2945 Wintoiiiensi
3424 2894 3714 2961 monacho,

421 2946 635 3015 Quanto
664 2947 830 3021 igitur
858 2952 1040 3021 magis
1082 2953 1456 3013 tribulationes
1512 2959 1816 3034 insurgunt,
1869 2974 2013 3023 tanto

423 3037 604 3107 magis
631 3039 997 3110 unusquisque
1029 3050 1267 3098 vestrum
1316 3063 1372 3101 se
1419 3064 1516 3119 per
1545 3060 1748 3107 sancta
1783 3069 2011 3110 conver-

425 3125 651 3180 sationis
679 3141 815 3196 Opus
855 3139 1124 3199 exerceat,
1168 3141 1219 3188 et
1266 3135 1322 3188 in
1369 3137 1453 3191 sui
1507 3139 1713 3195 ordinis
1767 3144 2015 3200 custodia

424 3213 630 3269 arctius
660 3216 911 3288 stringat.
944 3218 1077 3287 Qua:
1105 3221 1149 3275 si
1193 3222 1449 3292 feceritis,
1497 3228 1683 3283 sciatis
1726 3233 1868 3300 quod
1913 3235 2014 3288 Dei

421 3303 868 3370 consolationem,
900 3309 1047 3376 prius
1080 3310 1308 3366 forsitan
1333 3329 1493 3383 quam
1543 3319 1758 3387 putetis,
1793 3321 2014 3377 obtine-

421 3390 566 3445 bitis.
599 3392 790 3448 Nullus
821 3399 1068 3451 vestrum
1099 3408 1242 3454 amet
1273 3410 1364 3456 aut
1388 3403 1517 3458 velit
1547 3405 1725 3462 celare
1782 3415 2014 3478 peccata

418 3495 537 3549 sua,
571 3482 666 3536 sed
697 3499 761 3537 ea
790 3500 924 3553 puro
955 3494 1007 3540 et
1029 3487 1258 3558 simplici
1282 3492 1445 3546 corde
1475 3492 1676 3551 domno
1707 3497 1892 3566 priori,
1925 3505 2014 3553 aut

422 3568 504 3622 cui
534 3569 651 3639 ipse
697 3574 1042 3640 concesserit,
1074 3576 1416 3646 confiteatur,
1450 3589 1502 3635 et
1532 3585 1829 3638 secundum
1855 3586 2014 3654 judi-

375 3671 378 3674 ·
418 3655 561 3711 cium
589 3657 708 3726 ejus
739 3661 1009 3728 emendet,
1043 3663 1182 3719 etde
1237 3675 1436 3722 caetero
1482 3677 1538 3723 ut
1567 3686 1691 3726 sese
1743 3674 2012 3730 custodiat

416 3743 596 3798 modis
652 3746 907 3802 omnibus
959 3750 1217 3808 enitatur.
1272 3755 1380 3809 Eos
1439 3765 1617 3812 autem
1666 3757 1726 3787 δ”
1771 3762 1862 3831 qui
1906 3762 2012 3820 hoc

419 3831 584 3887 modo
633 3841 684 3888 et
722 3834 824 3890 hac
881 3836 1152 3894 voluntate
1201 3857 1300 3895 sua
1343 3852 1569 3914 peccata
1607 3848 1843 3903 confessi
1890 3857 2012 3906 sunt

421 3918 506 3974 vel
536 3920 951 3990 confitebuntur,
1003 3936 1264 3997 quantum
1310 3947 1552 4002 possum,
1601 3950 1670 3990 ea
1721 3939 2010 3995 autoritate

416 4024 576 4078 quam
608 4010 737 4065 mihi
771 4013 915 4067 Deus
948 4018 1234 4085 concessit,
1277 4019 1399 4075 vice.
1444 4021 1587 4078 beati
1617 4025 1760 4080 Petri
1787 4035 2008 4097 aposto-

417 4096 598 4151 lorum
632 4099 898 4173 principis
943 4106 1188 4175 absolvo,
1222 4116 1274 4162 et
1329 4117 1385 4164 ut
1433 4111 1510 4166 eis
1566 4096 1909 4185 omnipotens
1945 4115 2006 4145 ⁶²⁹

413 4187 558 4242 Deus
585 4187 864 4264 indulgeat
902 4195 1214 4266 suppliciter
1241 4213 1356 4255 oro.
1398 4201 1584 4257 Valete
1634 4212 1686 4258 et
1728 4213 1877 4260 orate
1906 4221 2006 4278 pro

409 4292 516 4331 me.

2032 4164 2084 4224 D

2121 2977 2358 3048 olimque
2389 2977 2648 3046 sacristze,
2689 2978 2865 3043 vobis,
2889 2978 3074 3045 credo,
3111 2985 3259 3046 noto,
3282 2979 3554 3034 abbatiam
3583 2981 3718 3035 Mal-

2120 3065 2411 3121 mesberiae
2434 3066 2487 3120 in
2517 3066 2601 3119 his
2631 3083 2749 3135 quae
2765 3067 2868 3121 mei
2896 3067 3035 3136 juris
3059 3076 3213 3122 erant
3233 3069 3501 3137 commisi,
3525 3079 3716 3128 vestra

2122 3154 2342 3225 quidem
2395 3154 2671 3210 donationi
2718 3163 2770 3209 et
2826 3155 3164 3225 dispositioni
3202 3172 3538 3229 quaecunque
3569 3159 3716 3215 illius

2122 3251 2355 3298 suntex
2395 3243 2612 3315 integro
2669 3244 2976 3313 reservatis,
3035 3251 3092 3298 ut
3142 3244 3349 3300 scilicet
3405 3250 3514 3298 tam
3545 3245 3715 3318 virgae

2122 3347 2291 3400 quam
2320 3347 2462 3386 curae
2493 3331 2776 3402 pastoralis
2807 3331 3121 3387 commissio
3151 3340 3344 3387 vestrae
3373 3332 3715 3390 discretionis

2122 3419 2468 3474 contradatur
2493 3421 2744 3475 arbitrio.
2778 3421 2844 3474 Ei
2880 3429 3057 3474 autem
3095 3429 3294 3476 vestra:
3324 3421 3481 3477 bonas
3523 3424 3715 3478 volun-

2118 3508 2245 3562 tatis
2267 3509 2480 3580 gratiae,
2535 3526 2657 3580 quae
2714 3501 2852 3580 erga
2902 3525 2988 3564 me
3044 3524 3150 3564 non
3213 3511 3453 3580 tepescit,
3483 3511 3712 3583 dignum

2118 3612 2321 3651 munus
2375 3605 2758 3668 recompenset
2815 3614 3014 3652 numen
3067 3597 3260 3668 gratiae
3317 3599 3581 3654 cmlestis.
3632 3601 3714 3656 De

2119 3693 2318 3741 caetero
2347 3693 2574 3742 vestram
2596 3686 2836 3741 Christus
2857 3686 3173 3759 dignitatem
3203 3686 3486 3754 salvificet,
3505 3689 3708 3761 quique

2117 3790 2217 3829 vos
2258 3773 2313 3828 in
2370 3778 2527 3830 terra
2585 3773 2876 3842 beatiﬁcat,
2909 3776 2976 3832 de
3033 3783 3216 3832 vestro
3249 3791 3337 3832 me
3379 3776 3562 3832 reditu
3600 3778 3706 3835 cito

2116 3861 2368 3918 laetiﬁcat.
2403 3865 2593 3920 Amen.

2588 3952 2928 4010 EPISTOLA
2959 3953 3107 4010 CXX
3145 3949 3225 4008 ⁵³⁸.

2513 4055 2754 4097 ANSELMI
2817 4058 2891 4098 AD
2955 4059 3298 4100 MATHILDBM.

2116 4129 2434 4204 Edulphum
2477 4132 2829 4204 conﬁrmare
2882 4132 2945 4187 in
3001 4134 3253 4190 abbatem
3303 4133 3510 4197 noluit,
3571 4135 3706 4204 quia

2113 4202 2384 4272 scyphum
2415 4202 2486 4258 ad
2511 4217 2637 4257 eum
2667 4219 2797 4258 cum
2830 4205 3038 4259 litteris
3063 4221 3166 4275 per
3201 4207 3413 4276 legatos
3443 4202 3699 4259 miserat.

2182 4290 2454 4355 Dominae,
2483 4289 2607 4346 tilia:
2645 4290 3003 4364 charissima,
3035 4293 3292 4365 gloriosae
3323 4293 3543 4366 reginae,
3577 4294 3700 4347 MA-

1680 4417 1777 4473 VA
1786 4419 1918 4473 RLE
1971 4419 2273 4475 LECTION
2280 4417 2383 4473 ES.

477 4528 696 4615 :“lllu'm
718 4547 840 4615 non
866 4549 971 4588 ms.
1005 4532 1150 4615 illam
1182 4551 1318 4615 non.
1385 4538 1588 4596 m‘(Ium
1627 4543 1814 4615 eodem
1843 4559 1948 4599 ms.
1980 4545 2215 4600 collata.
2281 4540 2412 4596 mEt
2434 4556 2611 4615 suam,
2646 4548 2748 4596 etc.
2783 4559 2888 4597 ms.
2923 4549 2976 4596 et
3005 4557 3182 4611 suam,
3231 4543 3691 4615 quantumqvalet.

404 4599 926 4658 "7Tribulationibus
954 4607 1148 4660 vestris
1182 4624 1194 4670 ;
1223 4609 1441 4663 hortans
1487 4629 1592 4668 ms.
1625 4599 2056 4668 tributionibus:

2112 4615 2358 4668 hortans.
2431 4611 2616 4681 “’“Ego
2661 4619 2845 4667 autem
2903 4630 3013 4670 ms.
3045 4616 3154 4669 Eos
3200 4611 3406 4670 autem.
3475 4613 3605 4669 "’Et
3636 4623 3693 4670 ut

403 4672 747 4754 omnipotens
776 4681 971 4754 manet:
999 4689 1058 4754 ut
1086 4677 1165 4731 eis
1194 4683 1556 4754 omnipotens.
1599 4682 1802 4740 158°Cum
1833 4688 2020 4740 eodem
2048 4703 2152 4740 ms.
2187 4686 2415 4740 collata.
2450 4672 2794 4738 "‘Ciceronts
2823 4685 3203 4740 Demosthenis
3218 4695 3307 4740 aut
3333 4686 3692 4754 Quintilliani.

406 4743 1032 4818 ms.__Cicerouis_Fabii
1070 4756 1160 4818 aut
1197 4743 1512 4818 Quintiliani
1558 4756 1834 4810 acumina.
1903 4755 2247 4810 l’"Elubratio
2291 4772 2397 4809 ms.
2455 4754 2820 4810 elucubratio.

2896 4754 3281 4811 IssaOhedientia
3330 4759 3541 4828 judicat
3576 4773 3688 4814 ms.

407 4812 729 4868 obcdientiee
769 4815 1068 4884 adjudicat.
1130 4812 1415 4878 "‘ﬁomuo
1439 4826 1721 4897 Ernulpbo
1750 4844 1858 4882 ms.
1899 4829 2114 4883 Domno
2144 4826 2411 4897 Edulpho.
2473 4825 2683 4880 l“Cum
2711 4828 2899 4882 eodem
2927 4845 3032 4884 ms.
3068 4829 3299 4885 collata.

1601 4977 1627 5029 .I
1637 4975 1825 5032 OANN
1835 4977 1894 5031 IS
1935 4978 2213 5033 PICARDI
2251 4976 2455 5033 NOTAE
2468 5019 2482 5032 .

475 5088 584 5163 (28)
609 5090 894 5145 Abbatiam
919 5091 1329 5160 Malmesberiw,
1353 5095 1558 5163 Lingua
1575 5098 1997 5154 Westsaxonica

404 5157 598 5238 dicitur
639 5163 1161 5238 _1tlai_ldul_/esl_)ur_c_lt._,
1215 5157 1381 5238 vulgo
1444 5157 1844 5231 Matmesberia,
1905 5171 1994 5226 vel

403 5231 812 5308 litat-tueslruria,
846 5231 950 5308 sita
977 5234 1029 5286 in
1061 5231 1339 5308 Witensi'
1359 5253 1518 5308 pago,
1572 5241 1793 5294 diceeesi
1826 5242 1991 5296 Sare-

402 5301 664 5381 §beriensi
694 5303 743 5354 in
785 5304 1021 5381 Anglia,
1076 5305 1260 5373 primo
1290 5301 1536 5381 inchoata
1593 5326 1624 5363 a
1683 5312 1992 5381 Meidulpho

401 5373 562 5426 Scoto
593 5373 896 5436 monacho;
917 5375 1009 5427 Sed
1043 5391 1184 5430 anno
1215 5379 1316 5431 657
1357 5379 1590 5433 maxime
1622 5390 1778 5436 aucta
1807 5373 1994 5437 ditata-

400 5459 570 5532 quea.
596 5442 1370 5532 LeutherioﬂVyestsaxonum‘
1407 5451 1686 5532 episc0po,
1715 5454 1987 5532 Agilberti

399 5511 1002 5588 Parisiensis‘antistitis
1049 5526 1269 5588 nepote.
1337 5511 1453 5573 Sed
1503 5511 1863 5577 multo'dit‘ior
1892 5523 1993 5578 fuit

395 5581 525 5637 viris
546 5584 790 5654 eruditis,
822 5585 963 5641 inter
1001 5581 1138 5658 quos
1181 5603 1290 5645 non
1321 5597 1465 5647 tenet
1493 5597 1795 5660 postremas
1832 5593 1990 5648 Guil-

2105 5100 2338 5164 helmus,
2373 5117 2404 5154 a
2430 5101 2510 5154 sui
2561 5101 2796 5156 coenobii
2840 5103 3061 5158 nomine
3105 5105 3527 5174 cognominatus
3566 5108 3699 5162 Mal-

2103 5173 2511 5248 mesberierzsis,
2528 5175 2937 5248 proprietamen
2953 5173 3256 5240 llomerset,
3277 5178 3435 5231 homo
3448 5178 3700 5248 impense

2102 5244 2295 5318 doctus
2320 5313 2332 5318 _
2353 5244 3031 5318 diligensque“historicus
3063 5265 3076 5310 ;
3165 5263 3328 5318 quem
3385 5264 3493 5303 non
3525 5244 3696 5303 semel

2103 5313 2763 5390 prod‘usi,quiqueobiit
2816 5331 2957 5370 anno
3016 5313 3197 5372 “42.—
3234 5319 3404 5373 Porro
3460 5336 3527 5374 ex
3584 5335 3696 5390 quo

2102 5383 2591 5457 Calviniani’Angli
2625 5387 2904 5457 diruerunt
2955 5389 3058 5442 hoc
3116 5392 3518 5454 monasterium,
3548 5383 3694 5444 suis-

2143 5470 2207 5508 ue
2254 5455 2552 5531 ministellis
2611 5456 2965 5531 tradiderunt,
2995 5467 3080 5531 _ut
3109 5460 3192 5531 _in
3239 5476 3304 5514 eo
3349 5462 3696 5531 juventutem

2143 5471 2207 5508 ue
2254 5471 2552 5509 mtmstettts
2611 5471 2965 5522 tracttderunt,
3023 5471 3080 5512 ut
3136 5476 3192 5512 In
3239 5476 3304 5514 eo
3349 5471 3696 5531 juventutem

2099 5471 2372 5604 deserent,
2407 5527 2581 5604 nullus
2613 5527 2738 5604 _illic_
2783 5529 2956 5604 potuit
2995 5529 3237 5604 habitare
3273 5547 3286 5599 ς
3349 5539 3440 5587 aut
3469 5533 3518 5587 si
3551 5533 3697 5604 quis,

2100 5597 2187 5652 vel
2216 5595 2458 5666 insanus,
2493 5597 2578 5652 vel
2610 5595 2807 5668 impius
2838 5598 3056 5657 invasit.
