4010 6064
324 276 432 334 1¹57

1595 276 1721 333 LIB.
1754 279 1846 348 III,
1881 280 2098 340 EPIST.
2121 282 2351 338 CXXII.

3527 277 3626 332 158

324 415 538 466 τιίῐιῡῐ,
571 401 893 468 Axsawus,
933 399 1372 473 archiepiscopus
1409 399 1731 475 Cantuariae,
1764 403 1923 463 fidele
1951 407 2007 470 Α
2108 408 2448 464 Sustinuinus
2477 423 2683 480 pacem,
2717 413 2768 463 et
2799 406 2914 478 ipsa
2942 407 3157 480 longius
3178 407 3454 474 recessit;
3485 422 3630 476 quze-

325 491 614 546 servitium
645 506 768 546 cum
799 491 1158 548 orationibus.

398 580 622 635 Noverit
677 580 996 635 excellentia
1044 589 1242 647 vestra,
1301 580 1656 637 dilectissime
1707 583 1930 640 domina

323 670 462 741 quia
490 668 558 724 de
588 667 808 723 abbatia
837 667 897 696 ”‘
929 669 1411 737 Malmesberiensi,
1444 679 1498 726 et
1528 671 1596 726 de
1635 672 1798 728 fratre
1837 673 1928 729 illo

322 757 396 812 de
425 773 531 828 quo
558 758 691 811 mihi
721 758 1034 825 mandastis,
1067 758 1300 813 libenter
1329 759 1713 815 conﬁrmarem
1736 761 1930 818 volun-

324 851 498 902 tatem
529 855 784 910 vestram,
817 847 860 901 si
911 863 1148 918 possem.
1185 848 1291 902 Vos
1334 847 1500 914 enim,
1553 858 1815 919 quantum
1859 851 1928 904 ad

326 949 430 991 vos
459 943 687 1006 spectat,
719 936 857 990 bene
894 945 946 990 et
975 937 1272 992 secundum
1324 937 1494 992 Deum
1534 938 1735 992 fecistis
1779 939 1930 1010 quod

326 1022 458 1077 inde
507 1023 723 1088 fecistis,
759 1023 856 1078 sed
909 1023 1034 1079 fecit
1065 1024 1182 1094 ipse
1230 1025 1284 1078 in
1327 1025 1432 1080 hoc
1476 1026 1732 1096 quiddam
1773 1028 1930 1083 valde

327 1111 652 1182 insipienter
670 1112 814 1181 quod
845 1112 1025 1167 facere
1051 1129 1156 1167 non
1183 1113 1391 1168 debuit.
1416 1115 1550 1168 Nam
1581 1131 1682 1186 per
1705 1117 1928 1172 eosdem

324 1199 546 1272 legatos
569 1200 657 1272 qui
685 1200 818 1254 mihi
849 1201 1057 1256 litteras
1102 1209 1310 1256 vestras
1339 1207 1394 1257 et
1443 1203 1672 1258 aliorum
1712 1205 1781 1260 de
1829 1220 1929 1260 suo

324 1288 554 1359 negotio
580 1288 892 1356 attulerunt,
911 1290 1056 1344 misit
1086 1290 1215 1344 mihi
1245 1291 1510 1362 scyphum
1542 1308 1729 1347 unum.
1756 1292 1929 1362 Quem

323 1377 548 1448 quidem
577 1378 838 1448 scyphum
869 1379 1174 1433 nullatenus
1202 1380 1438 1435 retinere
1467 1380 1633 1446 volui,
1666 1381 1764 1436 sed
1803 1381 1929 1436 inde

325 1465 502 1532 dolui,
523 1465 652 1535 quia
678 1481 791 1520 non
822 1465 982 1521 video
1001 1468 1274 1538 quomodo
1295 1467 1350 1521 in
1383 1470 1482 1523 hoc
1512 1469 1685 1539 possit
1713 1485 1744 1524 a
1773 1471 1931 1540 culpa

324 1553 610 1608 excusari.
665 1554 1030 1624 Omnipotens
1076 1556 1223 1610 Deus
1280 1555 1478 1628 dirigat
1533 1572 1724 1614 omnes
1781 1567 1929 1612 actus

321 1649 540 1697 vestros
569 1642 625 1696 in
655 1641 998 1712 beneplacilo
1025 1659 1145 1712 suo,
1180 1646 1235 1699 et
1264 1644 1524 1700 defendat
1553 1661 1650 1702 vos
1679 1645 1748 1702 ab
1779 1647 1927 1702 omni

323 1730 491 1786 malo.
521 1732 714 1787 Amen.

777 1820 1030 1878 EPISTO
1040 1822 1121 1877 LA
1161 1822 1336 1878 CXXI
1375 1822 1462 1879 ⁸⁸⁷.

322 1923 572 1963 ρειυιιιυι
618 1923 1002 1966 EBORACENSIS
1040 1927 1474 1975 ARCHIEPISCOPI,
1511 1928 1746 1968 IOBERTI
1789 1929 1924 1968 CES-

398 1995 652 2045 TEENSIS,
684 1996 998 2036 HEEEBERTI
1028 1997 1436 2046 NORWICENSIS.
1469 1998 1704 2040 RADULFI
1736 2000 1926 2038 CICES-

398 2066 651 2117 TRENSIS,
700 2066 1001 2119 SAMSONIS,
1059 2069 1470 2110 “'IGORNIENSIS
1522 2070 1594 2109 ET
1649 2071 1929 2111 “'ILLELHl

400 2136 811 2177 “'lNTONlENSlS
843 2139 1036 2178 ELECTI
1069 2139 1141 2178 AD
1169 2141 1494 2180 ANSELMUM.

326 2209 666 2266 Ansclmum
703 2213 764 2267 in
797 2210 1072 2283 Angliam
1101 2213 1374 2281 invitant,
1406 2213 1741 2290 pollicentes
1771 2231 1931 2289 opem

1035 2299 1225 2339 suam.

405 2389 547 2443 Patri
591 2388 943 2445 dilectissimo
991 2391 1280 2457 ANsaLuo,
1315 2391 1691 2448 Cantuariensi
1748 2393 1929 2449 archi-

328 2477 595 2549 episcopo
622 2478 757 2548 (29),
793 2479 1118 2544 Gaaaanus,
1155 2481 1516 2537 Eboracensis
1547 2483 1930 2554 archiepisco-

327 2583 452 2637 pus,
485 2575 536 2622 et
559 2567 855 2623 Roaaaws
885 2569 1210 2636 Cestrensis,
1235 2579 1285 2624 et
1307 2572 1682 2628 Hnaaaanrus
1713 2572 1932 2628 Norwi-

326 2656 530 2722 censis,
565 2663 616 2710 et
647 2657 940 2712 RADULFUS
973 2657 1346 2725 Cicestrensis,
1369 2669 1422 2714 et
1451 2661 1680 2716 Samson
1707 2661 1936 2734 Wigor-

329 2745 568 2816 niensis,
589 2752 641 2800 et
658 2745 1006 2802 WiLaaLuus
1017 2747 1417 2803 Wintoniensis
1439 2749 1659 2817 electus,
1675 2750 1929 2808 salutem.

2034 498 2268 552 sivimus
2297 497 2458 564 bona,
2491 506 2542 552 et
2571 498 2800 551 invaluit
2829 496 3092 552 turbatio.
3127 498 3238 552 Via:
3268 497 3397 552 Sion
3421 497 3629 566 lugent.

2037 587 2166 658 quia
2193 602 2287 642 eas
2317 586 2643 642 conculcant
2670 585 3061 640 incircumcisi.
3092 587 3381 654 Templum
3412 591 3626 648 mtrret,

2037 675 2158 746 quia
2187 675 2330 729 intra
2362 683 2550 729 sancta
2579 683 2886 729 sanctorum
2918 683 2968 728 et
2999 674 3069 726 ad
3099 674 3274 743 ipsam
3305 689 3455 727 aram
3486 671 3632 726 irru-

2033 771 2231 832 perunt
2261 763 2406 816 laici.
2441 763 2703 830 Exsurge,
2725 769 2783 815 ut
2831 761 2957 816 olim
2989 777 3158 816 senex
3206 761 3296 816 ille
3327 760 3630 829 Mathatias,

2035 851 2178 904 habe
2224 850 2284 904 in
2314 849 2374 877 ⁸³⁸
2405 849 2532 903 ﬁliis
2578 850 2684 903 tuis
2736 850 3030 911 virtutem;
3081 850 3206 904 vide
3253 849 3634 904 strenuitatem

2034 939 2301 1000 Joaathae,
2350 937 2690 1008 prudentiam
2743 939 2999 993 Simonis.
3059 938 3124 992 lli
3187 946 3359 992 tecum
3413 937 3634 1008 prtelia—

2036 1026 2241 1082 buntur
2287 1027 2533 1096 praelium
2586 1027 2834 1087 Domini;
2888 1034 2938 1081 et
2968 1027 3014 1080 si
3064 1035 3187 1082 ante
3219 1043 3318 1081 nos
3358 1026 3634 1096 appositus

2037 1115 2208 1170 fueris
2267 1116 2335 1169 ad
2383 1123 2564 1186 patres
2609 1122 2747 1179 tuos,
2805 1115 2872 1168 de
2920 1130 3081 1168 manu
3133 1120 3223 1168 tua
3279 1114 3635 1184 suscipiemus

2038 1203 2412 1259 haereditatem
2447 1203 2647 1257 laboris
2678 1203 2771 1257 tui.
2804 1203 2910 1258 Sed
2937 1203 3046 1271 jam
3081 1219 3188 1257 non
3210 1210 3293 1257 est
3323 1203 3416 1256 tibi
3449 1202 3632 1273 pigri-

2036 1293 2260 1348 tandum
2287 1311 2299 1354 ;
2324 1300 2382 1347 ut
2411 1293 2537 1363 quid
2567 1293 2711 1347 enim
2744 1292 3130 1362 peregrinaris,
3152 1298 3203 1345 et
3225 1306 3354 1345 oves
3373 1298 3478 1344 tuae
3511 1291 3632 1344 sine

2035 1389 2252 1451 pastore
2282 1381 2550 1450 pereunt?
2589 1382 2707 1437 Jam
2741 1380 2882 1450 apud
2932 1381 3104 1434 Deum
3138 1379 3284 1433 nulla
3313 1379 3409 1432 tibi
3449 1394 3632 1433 rema-

2035 1477 2127 1524 net
2156 1471 2452 1525 excusatio.
2488 1471 2564 1524 Te
2594 1469 2738 1524 enim
2769 1484 2877 1523 non
2908 1468 3081 1523 solum
3134 1467 3412 1538 subsequi,
3445 1467 3541 1520 sed
3582 1475 3634 1521 et

2032 1557 2232 1629 perire,
2267 1557 2312 1612 si
2338 1557 2596 1628 jusseris,
2629 1557 2806 1627 parati
2837 1573 3044 1611 sumus.
3084 1555 3218 1611 Veni
3251 1571 3383 1626 ergo
3414 1555 3480 1609 ad
3511 1571 3629 1619 nos,

2034 1646 2158 1701 veni
2189 1645 2314 1710 cito,
2357 1646 2442 1716 pel
2473 1645 2534 1673 ⁵⁸³
2582 1661 2700 1715 nos,
2734 1653 2831 1699 aut
2873 1661 2941 1699 ex
2989 1644 3147 1699 nobis
3199 1643 3420 1715 aliquos
3461 1643 3528 1698 ad
3582 1653 3634 1698 te

1951 1762 2007 1824 B
2037 1735 2222 1790 venire
2245 1735 2411 1802 jube;
2466 1750 2534 1788 ne
2565 1750 2685 1788 cum
2719 1734 2950 1802 sejuncti
2981 1749 3012 1788 a
3057 1742 3108 1787 te
3158 1749 3366 1798 sumus,
3407 1732 3462 1786 in
3493 1730 3633 1786 sini-

2041 1831 2210 1878 stram
2267 1831 2318 1878 te
2364 1831 2572 1892 partem
2607 1821 2863 1878 inclinent
2901 1839 3085 1877 eorum
3135 1822 3366 1877 consilia
3407 1820 3496 1890 qui
3537 1835 3633 1874 sua

2043 1916 2313 1982 quaerunt.
2352 1913 2465 1966 Nos
2495 1911 2634 1965 enim
2661 1911 2781 1982 jam
2812 1911 2864 1965 in
2886 1913 2990 1966 hac
3014 1926 3181 1965 causa
3211 1926 3323 1965 non
3355 1926 3477 1982 qua:
3499 1925 3631 1964 nos-

2040 2007 2120 2056 tra
2142 2009 2285 2068 sunt,
2317 2000 2410 2055 sed
2441 1999 2501 2028 “°
2532 2017 2652 2072 quae
2683 2000 2780 2055 Dei
2811 2007 2952 2067 sunt,
2986 1999 3302 2071 quaerimus.

2428 2127 2592 2196 411
2632 2124 2968 2180 EPISTOLA
3009 2124 3229 2179 CXXII.

2412 2264 2655 2305 ANSELMI
2685 2265 2754 2303 AD
2785 2263 3074 2303 EPISCOPOS
3103 2261 3257 2302 SUOS.

2040 2366 2118 2423 De
2135 2367 2395 2421 Ecclesiae
2423 2366 2514 2420 An
2521 2365 2764 2437 glicame
2776 2369 2830 2420 et
2844 2366 3226 2437 episcoporum
3242 2360 3472 2437 miseria
3485 2358 3634 2415 dolet

2153 2439 2490 2511 lwtaturque
2519 2432 2586 2492 ile
2615 2452 2714 2509 0pc
2757 2437 2825 2491 ab
2855 2432 3065 2490 eisdem
3096 2435 3199 2489 sibi
3227 2432 3524 2502 promissa.

2112 2572 2440 2638 Axsauus,
2484 2569 2928 2642 archiepiscOpus
2979 2564 3409 2627 Cantuariensis,
3443 2561 3633 2618 amicis

2040 2661 2152 2718 suis
2205 2668 2259 2716 et
2313 2659 2665 2730 coepiscOpis,
2721 2673 2950 2730 quorum
3005 2657 3210 2712 litteras
3262 2669 3360 2726 per
3409 2652 3631 2708 latorem

2041 2749 2388 2822 praesentium
2419 2749 2680 2819 suscepit,
2703 2747 2954 2804 salutem.

1639 2848 1735 2904 VA
1745 2848 1878 2905 RLE
1909 2847 2329 2906 LECTIONES.

399 2941 545 2999 mDe
577 2943 801 2998 Abbatia
829 2959 935 2998 ms.
971 2943 1098 3014 quia
1129 2942 1194 2997 de
1225 2943 1471 3000 Abbatia.
1505 2943 1714 3002 ""Cum
1748 2947 1937 3003 eodem
1968 2964 2074 3002 ms.
2107 2947 2341 3004 collata.
2371 2943 2587 3000 "'Habe
2635 2943 2690 2999 in
2737 2959 2841 3000 ms.
2871 2941 3043 2998 habes
3082 2939 3156 2996 in.
3190 2937 3344 2998 ⁵³³Αά
3391 2952 3513 3007 nos,
3545 2935 3632 2994 vel

321 3031 434 3072 ms.
468 3015 536 3070 ad
560 3030 676 3084 nos,
711 3014 834 3071 veni
865 3015 992 3086 cito,
1028 3015 1138 3072 vel.
1177 3014 1455 3084 “Nostra,
1489 3017 1586 3072 sed
1618 3034 1731 3074 ms.
1768 3027 1954 3075 nostra
1980 3027 2124 3088 sunt,
2159 3018 2277 3074 sed.

1519 3113 1819 3172 JOANNIS
1859 3115 2144 3172 PICARDI
2181 3115 2406 3170 ΝΟΤίΕ.

404 3210 832 3285 (Ξῦγϐενανᾱιις
850 3211 1696 3285 EboracensisarchiepiscOpus,
1717 3221 1822 3269 etc.
1843 3213 1922 3270 Ad
1956 3213 2006 3277 C
2099 3213 2382 3285 rlladul/‘us
2442 3212 2826 3285 Cicestrensis.
2887 3211 2965 3285 ita
3004 3209 3340 3285 restituimus
3375 3224 3450 3285 εξ(
3493 3223 3627 3285 mss.

330 3283 636 3356 Gerardum
687 3292 810 3356 sunt
845 3285 1096 3356 epistolae
1141 3285 1208 3337 53
1259 3292 1314 3356 et
1361 3287 1448 3346 60,
1503 3283 1665 3356 supra
1721 3285 1811 3356 qui
1857 3301 1922 3339 ex

327 3354 721 3410 Herefordensi
771 3355 1028 3423 episcopo
1074 3363 1201 3423 post
1249 3355 1516 3408 Thomam
1565 3354 1923 3423 Bajocensem

331 3425 750 3495 archiepiscopii
805 3424 1166 3480 Eboracensis
1233 3424 1434 3478 infulas
1505 3425 1730 3495 adeptus
1810 3433 1917 3481 est.

331 3497 640 3552 Eboracum
687 3511 842 3559 vero,
890 3495 1121 3564 Anglice
1167 3498 1337 3559 loris,
1371 3495 1580 3550 Gallice
1632 3496 1791 3556 York.
1841 3500 1926 3551 est

331 3567 467 3621 urbs
499 3566 874 3638 celeberrima,
891 3565 1111 3638 “insulae
1158 3566 1566 3638 Anglicanaead
1613 3567 1923 3638 aquilonem

331 3638 476 3691 inter
500 3637 692 3693 Uscam
725 3645 775 3690 et
807 3634 1010 3692 Foffam
1040 3634 1283 3703 ﬂumina,
1317 3653 1437 3706 qua:
1483 3634 1924 3707 ipsampraeter-

331 3707 604 3762 eabuntur
631 3707 926 3773 civitatem,
959 3721 1025 3762 ac
1063 3707 1189 3761 inde
1219 3707 1376 3761 simul
1402 3707 1582 3774 juncta
1621 3708 1925 3762 Humbrum

329 3779 580 3833 influunt.
627 3777 785 3832 Licet
835 3785 1013 3832 autem
1044 3784 1164 3847 post
1209 3791 1414 3832 annum
1466 3779 1651 3833 salutis
1696 3779 1924 3833 reddita

331 3851 435 3904 182
468 3849 812 3921 fueritsedes
831 3848 1326 3921 archiepiscopalis,
1347 3856 1528 3921 tamen
1549 3862 1582 3903 a
1601 3850 1924 3921 quibusdam

328 3919 594 3974 translata
623 3919 722 3991 fuit
750 3918 819 3972 ad
861 3918 1314 3991 Hangustaldum,
1339 3918 1596 3991 ejusdem
1621 3918 1924 3991 archiepi-

330 3997 587 4071 scopatus
614 3989 818 4071 villam,
845 3997 908 4070 ut
934 3989 1270 4071 scrupulose
1300 3989 1613 4071 observavit
1659 3990 1925 4046 Malmes-

331 4059 605 4140 beriensis
629 4059 1135 4140 in_archiepisc_0pis
1167 4060 1621 4140 Eboracensibus:

407 4131 639 4186 Roberto
679 4132 962 4186 ϐαίνεηεί
995 4130 1090 4184 fuit
1113 4139 1476 4198 cognomento
1503 4131 1570 4186 de
1601 4131 1921 4193 Limmesia,

332 4202 590 4273 seditque
633 4216 806 4273 annos
857 4217 1024 4273 supra
1069 4201 1308 4271 triginta,
1346 4209 1403 4256 ut
1445 4201 1553 4273 legi
1605 4203 1658 4256 in
1706 4202 1926 4257 Tabulis

333 4289 476 4326 mss.
516 4272 877 4326 Cestrensium
913 4272 1289 4341 episc0porum
1322 4272 1522 4327 nostrae
1550 4273 1917 4328 bibliothecae.

413 4289 476 4326 is.
516 4289 877 4326 ueStrensmm
913 4289 940 4326 e
985 4289 1289 4341 iscoporum
1322 4289 1522 4327 nostrae
1550 4289 1917 4328 monetnecaa.

413 4343 742 4414 Herebertus
772 4342 910 4397 inter
938 4289 1294 4414 Brientalium
1315 4343 1610 4414 Anglorum
1638 4345 1928 4413 episcopos

333 4413 564 4483 primus,
596 4412 776 4466 dictus
806 4421 884 4467 est
913 4412 1276 4483 Norwicensis
1302 4428 1334 4467 a
1357 4412 1476 4468 vico
1507 4412 1740 4478 Norwi'c,
1775 4412 1928 4468 com-

332 4482 546 4555 mercio
572 4483 868 4555 populique
913 4482 1226 4554 frequentia
1253 4484 1628 4550 celeberrimo,
1667 4501 1775 4555 quo
1818 4486 1930 4539 He-

328 4554 585 4609 rebertus
615 4554 934 4610 cathedram
981 4555 1298 4609 transvexit.
1345 4555 1553 4610 Priores
1599 4554 1743 4610 enim
1781 4557 1922 4610 anti—
1956 4559 2008 4619 D

329 4625 484 4679 stites
532 4626 900 4680 Domucenses
941 4633 993 4678 et
1038 4625 1443 4696 Helmonenses,
1489 4626 1810 4696 tandemque
1864 4643 1928 4680 ex

329 4697 550 4749 duobus
583 4696 905 4767 sacerdotiis
937 4712 1099 4749 unum
1127 4695 1374 4750 effectum
1407 4706 1486 4750 est
1527 4697 1673 4767 apud
1708 4695 1930 4750 lielma-

336 4768 501 4821 cham
553 4766 769 4830 villam;
804 4783 870 4819 ex
919 4781 1024 4832 qua
1067 4767 1408 4836 Agelmarus,
1457 4766 1930 4821 seu’Ethelmerus

335 4837 714 4891 Thedi‘ordum
732 4837 980 4908 recessit,
1006 4843 1064 4890 ut
1086 4837 1522 4908 Helmanensium
1547 4838 1929 4908 episcoporum

336 4907 534 4989 tabula!
578 4923 713 4989 mss.
763 4907 817 4960 in
841 4915 1056 4989 ‘nostra
1090 4907 1415 4989 bibliotheca
1455 4907 1748 4989 testantur,
1787 4909 1930 4989 quod

336 4985 522 5032 tamen
551 4993 582 5030 a
613 4976 1104 5048 MalmesberJib.
1142 4993 1180 5032 tt
1228 4980 1307 5032 De
1337 4979 1528 5048 pontif.
1563 4979 1714 5048 Ang.
1772 4976 1932 5033 video

336 5047 505 5101 tribui
564 5049 841 5110 Herfasto,
901 5046 990 5117 qui
1046 5049 1098 5101 in
1158 5046 1352 5102 nostro'
1396 5065 1530 5103 mss.
1608 5046 1936 5117 praeponitur

335 5120 658 5191 Agelmaroi.
707 5142 728 5164 α
776 5119 1105 5191 Herebertus
1149 5119 1403 5191 denique,
1445 5120 1528 5173 vir
1556 5121 1934 5191 magnanimus

335 5197 396 5243 et
449 5189 740 5243 admodum
802 5189 1088 5252 litteratus,
1148 5190 1273 5257 pius
1329 5189 1736 5244 monachus'et
1787 5191 1937 5257 prior

338 5259 740 5324 Fiseannensis,
756 5259 953 5313 deinde
973 5259 1148 5313 abbas
1165 5261 1548 5321 Ramesiensis.
1572 5269 1625 5315 et
1646 5276 1716 5316 ex
1735 5261 1935 5316 abbate

335 5330 610 5384 Ramesize
639 5338 822 5398 empto
871 5329 1159 5399 praesulatu
1198 5330 1624 5385 Thedfordensis
1673 5331 1937 5387 Ecclesia:

336 5400 512 5472 factus
542 5409 622 5454 est
671 5401 1000 5472 episcopus;
1053 5399 1320 5468 paenitens
1367 5415 1497 5455 vero
1530 5401 1762 5458 Romam
1805 5418 1934 5472 pro-

336 5469 516 5525 fectus
549 5478 646 5529 est.
688 5468 1402 5542 indulg_entiaque__accepta
1441 5487 1715 5538 reversus,
1748 5468 1934 5528 sedem

335 5539 726 5609 transportavit
756 5539 823 5595 ad
854 5537 1098 5607 'Norwlc,
1130 5537 1326 5609 ibique
1365 5537 1764 5598 monachorum
1797 5556 1934 5599 con-

334 5607 717 5736 gregationem
768 5609 987 5666 condita
1041 5607 1274 5666 ecclesia
1351 5619 1541 5667 sancta
1597 5610 1853 5670 instituit.
1907 5633 1930 5663 ιι

389 5692 631 5736 ususque
658 5676 724 5736 ds
755 5677 1051 5736 Hereberto
1079 5683 1266 5736 noster
1301 5693 1406 5736 ms.
1439 5679 1638 5736 codex.

389 5676 631 5752 ususque
658 5676 724 5738 ds
755 5677 1051 5740 Hareberto
1079 5683 1266 5740 noster
1301 5693 1406 5739 ms.
1439 5679 1638 5741 codex.

2037 3284 2232 3338 tabulis
2263 3279 2676 3338 Cicestrensium
2706 3282 3021 3353 praesulum,
3055 3279 3334 3353 impressis
3375 3279 3628 3353 Florentii

2034 3354 2254 3424 Wigor.
2286 3355 2598 3423 caeterisque
2629 3349 2873 3424 historiis
2912 3351 3202 3424 Britannia:
3231 3349 3460 3403 excusis.
3491 3350 3629 3402 Nam

2033 3422 2315 3492 exemplar
2371 3422 2563 3478 harum
2648 3423 3006 3493 epistolarum
3041 3422 3278 3493 ﬁcalamo
3349 3427 3627 3493 exaratum

2033 3489 2250 3566 legebat
2273 3495 2562 3557 Robertus,
2581 3489 2849 3566 forsanex
2871 3492 3070 3566 librarii
3103 3490 3472 3563 incogitantia,
3498 3489 3629 3544 alte-

2034 3563 2148 3622 rius
2177 3566 2392 3622 Roberti
2422 3581 2618 3622 nomen
2648 3563 2997 3620 ruminantis.

2103 3690 2338 3746 Samson
2357 3689 2799 3756 Guigomiensis,
2814 3703 2922 3743 non
2944 3685 3140 3753 Satiso,
3171 3683 3628 3756 quemadmodum

2032 3761 2230 3833 legitur
2258 3755 2669 3835 ινοῐι-ε-(ἷειι-[ιρῑ.Δ
2680 3760 2841 3835 epist.
2874 3762 2961 3835 76.
2987 3758 3154 3835 Cujus
3178 3755 3629 3835 tamenscholion

2033 3830 2218 3886 monet
2265 3833 2318 3886 in
2350 3832 2470 3885 aliis
2499 3831 2778 3886 codicibus
2822 3830 3011 3884 haberi
3041 3831 3282 3892 Sanson,
3323 3834 3376 3882 et
3418 3842 3518 3880 nos
3552 3830 3629 3878 ita

2033 3901 2268 3974 legimus
2291 3920 2356 3956 ex
2388 3902 2631 3972 plurimis
2658 3900 3009 3974 scriptoribus
3039 3899 3269 3969 Angl.et
3303 3897 3628 3974 insitabulis

2034 3969 2267 4042 Guigor.
2302 3969 2542 4044 episcop.
2575 3973 2630 4026 in
2657 3969 2802 4026 hunc
2832 3972 3094 4044 modum:
3131 3976 3290 4044 Anno
3325 3969 3460 4023 1096
3491 3969 3630 4044 san-

2031 4040 2870 4110 son'Baioce-nsis’consecratus
2899 4045 2984 4097 est
3013 4042 3079 4096 ab
3101 4041 3362 4096 Anselmo
3401 4040 3630 4093 archie-

2030 4117 2240 4185 piscop.
2273 4115 2335 4168 in
2377 4115 2613 4170 ecclesia
2667 4116 2726 4166 S.
2779 4112 3423 4185 PauliiLondonjcnsis,
3471 4123 3629 4162 xxvn

2035 4182 2266 4240 Kalend.
2300 4186 2457 4240 Julii.
2481 4186 2576 4238 Hic
2597 4186 2712 4253 fuit
2729 4185 2913 4252 frater
2951 4182 3166 4238 Thomas
3197 4182 3424 4236 Eborac.
3460 4195 3625 4253 quem

2025 4257 2313 4330 promovit
2344 4255 2454 4311 Odo
2487 4256 2771 4325 Bajocens.
2814 4254 2984 4325 episc.

2110 4380 2413 4438 Guillelmi
2457 4379 2850 4436 W’intonensis
2878 4375 3124 4432 meminit
3154 4377 3440 4432 Anselmus
3468 4375 3628 4446 epist.

2037 4454 2122 4513 70.
2161 4456 2226 4506 95
2258 4461 2308 4506 et
2343 4454 2468 4506 105.
2506 4453 2611 4505 Has
2642 4459 2818 4505 autem
2853 4449 3092 4503 Britanni
3124 4449 3391 4502 antistites
3425 4447 3630 4501 idcirco

2039 4524 2241 4579 litteras
2259 4524 2472 4578 mittunt
2502 4521 2784 4588 Anselmo,
2816 4521 2964 4590 quia,
2985 4529 3034 4574 et
3065 4520 3109 4573 si
3139 4521 3205 4572 ab
3237 4518 3469 4572 llenrico
3501 4533 3634 4587 rege

2039 4595 2289 4650 universa
2320 4595 2404 4647 sui
2432 4589 2849 4663 archiepiscopii
2874 4591 3070 4661 praedia
3100 4599 3153 4644 et
3172 4591 3297 4658 jura
3340 4589 3636 4663 recepisset

2037 4667 2092 4721 in
2135 4675 2403 4720 conventu
2452 4662 2749 4734 Aquilensi,
2801 4672 2856 4717 ut
2901 4671 3128 4730 apparet
3177 4679 3246 4715 ex
3290 4662 3449 4734 epist.
3510 4663 3631 4734 illi,

2041 4740 2162 4800 ill,
2199 4753 2364 4807 supra
2389 4732 2601 4807 distulit
2631 4744 2808 4807 tamen
2839 4734 3067 4788 redilum
3092 4734 3153 4807 iu
3189 4732 3464 4807 Angliam,
3507 4732 3638 4807 quia

2040 4802 2411 4862 nolebat’cum
2460 4805 2801 4876 pontificibus
2840 4821 2868 4857 a
2913 4821 3042 4874 rege
3088 4805 3351 4876 investitis
3391 4802 3628 4876 versari.

2044 4879 2172 4932 Eam
2203 4879 2274 4932 ob
2318 4893 2428 4931 rem
2462 4875 2656 4930 denuo
2705 4885 3087 4946 postremoque
3120 4875 3443 4929 Guillelmus
3474 4875 3639 4927 War-

2044 4950 2215 5002 levast
2247 4950 2417 5018 regis,
2461 4955 2513 5000 et
2563 4947 3147 5018 BalduinusAnselmi
3198 4946 3362 5016 legati
3413 4946 3639 4998 Romam

2044 5017 2368 5074 contendere
2393 5033 2405 5084 ;
2428 5019 2572 5072 unde
2590 5019 2806 5072 tandem
2841 5017 2948 5071 litis
2978 5017 3279 5072 diutissime
3302 5022 3637 5080 contestata),

2045 5100 2261 5158 tamque
2320 5089 2526 5158 inique,
2586 5090 2693 5144 hoc
2767 5089 3002 5143 retulere
3073 5088 3341 5154 judicium
3408 5088 3476 5141 ab
3544 5103 3641 5142 ore

2049 5160 2342 5225 Paschalis,
2399 5160 2607 5214 scilicet
2662 5159 2864 5214 electos
2921 5160 3181 5230 prmsules
3258 5160 3345 5230 ab?
3391 5158 3645 5213 Ansclmo

2045 5240 2357 5302 recepturos
2405 5229 2661 5302 annulum
2715 5237 2767 5283 et
2815 5229 3046 5298 virgam,
3112 5229 3462 5302 pontificium,
3523 5230 3641 5295 regi

2047 5300 2188 5356 vero
2238 5302 2468 5356 facturos
2536 5300 2877 5354 ﬁdelitateur.
2951 5302 3158 5354 Interea
3221 5301 3347 5352 dum
3416 5301 3643 5352 Romam

2046 5374 2233 5434 iretur,
2293 5373 2500 5426 crebra
2557 5380 2610 5425 et
2665 5371 2861 5442 Anglia
2921 5371 3274 5439 querimoniae.
3333 5371 3643 5442 etplittera}

2046 5443 2455 5513 perferebantur
2498 5451 2564 5513 ut
2598 5440 2778 5513 quam'
2803 5442 3062 5513 citissime
3111 5443 3328 5495 rediret.
3375 5440 3642 5493 Videbant

2046 5511 2188 5583 enim
2220 5511 2450 5583 universi
2483 5511 2721 5583 episcopi
2755 5512 2930 5567 omnia
2963 5513 3015 5566 in
3047 5513 3196 5583 pejus
3227 5526 3380 5583 ruere
3411 5517 3464 5562 et
3486 5519 3629 5583 retro

2043 5582 2303 5652 sublapsa
2329 5579 2539 5652 referri,
2572 5579 2934 5650 volebantque
2963 5579 3190 5649 mederi,
3223 5579 3314 5634 sed
3342 5593 3447 5633 non
3481 5579 3637 5636 valo-

2045 5653 2175 5710 bant
2202 5651 2308 5709 nisi
2337 5651 2596 5710 Anselmo
2634 5658 2920 5725 praesente.
