3998 6076
376 251 480 310 159

872 251 934 307 S.
984 239 1283 307 ANSELMl
1323 251 1668 308 CANTUAR.
1707 250 2036 307 ARClIlEP.
2087 250 2244 308 OPP.
2289 252 2461 309 PARS
2499 252 2602 307 IIl.
2647 283 2720 294 —
2756 253 3140 310 EPISTOLAE.

3572 256 3676 311 160

449 375 727 433 Condoleo
758 385 812 433 et
839 385 1019 434 mente
1047 381 1350 452 compatior
1368 381 1804 437 tribulationibus
1827 397 1964 456 quas
1991 379 2047 439 A
2079 379 2362 434 solidatam
2382 379 2437 434 in
2471 379 2933 448 veritate,vellem
2955 381 3280 436 sententiam
3302 387 3532 436 vestram
3553 397 3678 437 esse

382 480 482 520 vos
521 474 573 522 et
604 466 863 523 Ecclesia
890 468 1097 537 Anglia
1142 469 1452 532 sustinetis;
1505 470 1602 525 sed
1630 471 1700 525 ad
1728 487 1972 541 prasens

382 556 690 610 secundum
721 571 904 612 meam
953 561 1006 611 et
1037 565 1271 613 vestram
1318 559 1649 615 voluntatem
1689 560 1972 615 subvenire

385 657 619 715 nequeo,
651 644 777 714 quia
803 645 1043 700 nondum
1073 647 1201 716 quid
1231 655 1572 718 etquantum
1606 664 1820 719 possum
1852 665 1972 703 sum

385 741 586 800 certus,
618 733 792 789 donec
819 749 922 804 per
965 733 1178 805 legatos
1205 744 1438 800 nostros,
1472 752 1606 807 quos
1644 736 1695 791 in
1727 738 1974 807 proximo

384 819 564 876 Roma
576 821 846 877 redituros
861 830 1140 894 exspecto,
1160 825 1287 895 quid
1303 825 1446 894 apud
1468 825 1748 880 dominum
1771 841 1974 897 papam

386 907 681 978 eﬂ‘ecerint,
714 927 1070 982 cognoscam.
1109 913 1312 968 Bonum
1336 921 1514 970 tamen
1539 923 1592 969 et
1609 923 1820 985 gratum
1842 914 1975 970 mihi

386 998 515 1068 quia
544 999 760 1054 tandem
807 1001 1139 1071 cognoscitis
1169 1002 1239 1056 ad
1285 1003 1416 1074 quid
1472 1019 1571 1058 vos
1617 1003 1885 1074 perduxit,
1918 1013 1978 1059 ut

385 1086 565 1142 mitius
607 1088 805 1158 dicam,
839 1098 1022 1145 vestra
1059 1091 1359 1161 patientia;
1409 1098 1460 1146 et
1494 1092 1618 1162 quia
1664 1092 1976 1162 promittitis

383 1175 518 1230 mihi
549 1177 809 1232 auxilium
838 1187 1081 1234 vestrum
1099 1194 1207 1234 non
1238 1180 1294 1234 in
1319 1195 1462 1247 mea,
1480 1180 1574 1236 sed
1601 1180 1656 1235 in
1679 1180 1775 1236 Dei
1799 1197 1975 1249 causa,

385 1272 438 1320 et
468 1263 707 1320 invitatis
736 1282 822 1322 me
854 1283 925 1322 ne
963 1267 1188 1338 pigriter
1224 1269 1465 1324 venirem
1497 1269 1566 1324 ad
1615 1285 1730 1325 vos.
1766 1269 1979 1338 Quam-

385 1352 473 1406 vis
501 1354 648 1408 enim
677 1355 782 1410 hoc
808 1355 970 1410 modo
999 1355 1178 1411 facere
1207 1372 1315 1412 non
1338 1357 1564 1428 possim,
1597 1359 1725 1430 quia
1747 1375 1847 1412 rex
1870 1374 1979 1412 non

386 1441 504 1496 vult
546 1458 634 1496 me
679 1458 800 1498 esse
847 1443 902 1498 in
945 1444 1145 1516 Anglia
1197 1445 1396 1512 adhuc,
1438 1446 1540 1500 nisi
1585 1446 1896 1502 discordem
1949 1462 1981 1500 a

384 1528 631 1602 jussione
661 1547 818 1601 papa
845 1539 902 1587 et
928 1533 1047 1602 ejus
1081 1533 1407 1589 concordem
1457 1534 1754 1602 voluntati;
1786 1543 1840 1590 et
1876 1549 1980 1605 ego

387 1618 628 1673 nondum
653 1628 830 1675 certus
876 1637 996 1675 sum
1026 1622 1155 1692 quid
1201 1623 1423 1693 possim,
1455 1623 1596 1678 sicut
1623 1623 1759 1691 dixi,
1805 1630 1978 1678 tamen

2080 476 2428 537 praesentem,
2472 469 2788 537 ubicunque
2831 474 3086 524 tractatur
3137 469 3205 524 de
3264 469 3528 526 Ecclesia
3569 470 3681 526 Dei

2083 556 2332 612 libertate
2359 565 2413 612 et
2443 573 2571 612 vera
2600 556 2848 613 utilitate.
2879 558 3011 613 Tota
3037 557 3335 615 difﬁcultas
3363 573 3540 614 causa
3589 559 3680 612 in-

2083 652 2164 699 ter
2193 661 2379 718 regem
2412 653 2465 702 et
2489 662 2575 701 me
2601 646 2711 715 jam
2741 646 2796 700 in
2827 648 2929 702 hoc
2956 647 3196 702 maxime
3241 647 3460 703 videtur
3487 647 3676 702 consi-

2083 741 2250 799 stere,
2282 734 2403 802 quia
2433 750 2550 794 rex.
2585 737 2831 806 quamvis
2859 735 2926 790 de
2957 735 3288 791 investituris
3319 734 3677 792 ecclesiarum

2082 821 2396 892 apostolicis
2416 823 2650 878 decretis
2667 840 2724 878 se
2741 823 2883 879 vinci
2913 831 2970 878 ut
2999 839 3160 894 spero
3185 824 3471 892 permittat,
3494 823 3678 879 homi-

2085 911 2173 965 nia
2203 914 2384 966 tamen
2399 911 2746 982 pralatorum
2768 913 3008 968 nondum
3025 913 3135 968 vult
3157 911 3240 977 “’,
3261 913 3356 979 ait,
3379 911 3675 968 dimittere.

2086 999 2200 1067 Qua
2231 999 2298 1054 de
2318 1015 2375 1054 re
2404 1015 2505 1056 sua
2525 999 2800 1072 legatione
2821 1001 3005 1056 sedem
3037 1001 3266 1071 requirit
3295 1000 3674 1072 apostolicam,

2087 1095 2351 1159 quatenus
2381 1087 2434 1142 in
2466 1088 2574 1144 hoc
2602 1105 2725 1144 sua
2741 1089 3034 1144 voluntatis
3056 1090 3392 1160 impetretab
3419 1104 3484 1144 ea
3503 1089 3679 1145 licen-

2090 1176 2244 1232 tiam.
2285 1175 2459 1245 Quam
2488 1177 2530 1232 si
2555 1177 2784 1248 adeptus
2816 1178 2996 1247 fuerit,
3019 1178 3204 1234 dubito
3235 1177 3362 1251 quid
3383 1193 3470 1232 me
3498 1178 3682 1234 facere

2088 1273 2352 1335 oporteat,
2376 1269 2424 1319 si
2456 1265 2651 1338 aliquis
2672 1266 2957 1337 religiosus
2973 1265 3178 1322 electus
3205 1268 3372 1321 homo
3401 1267 3554 1338 regis
3585 1281 3684 1337 pro

2089 1352 2406 1422 episcopatu
2447 1354 2534 1409 vel
2574 1354 2793 1409 abbatia
2826 1353 2938 1410 fieri
2985 1359 3226 1424 respuat.
3283 1355 3490 1408 Durum
3539 1355 3686 1409 enim

2087 1441 2221 1495 mihi
2251 1441 2461 1496 videtur
2489 1450 2546 1496 ut
2571 1442 2676 1497 hoc
2705 1442 2781 1496 illi
2810 1441 3134 1513 pracipiam
3161 1458 3257 1513 per
3284 1441 3681 1505 obedientiam;

2089 1537 2143 1585 et
2169 1530 2219 1582 si
2248 1545 2356 1585 non
2390 1529 2591 1596 fecero,
2625 1530 2853 1586 videbor
2878 1531 3199 1604 irreligiosis
3229 1533 3335 1586 hoc
3378 1532 3554 1586 facere
3585 1546 3689 1586 vo-

2089 1617 2346 1684 lentibus,
2378 1618 2565 1673 laxare
2595 1619 2874 1674 accedenti
2904 1619 3128 1692 indigne
3157 1619 3223 1672 ad
3253 1618 3547 1690 dignitates
3583 1635 3686 1674 au-

388 1708 601 1778 gaudco
631 1724 728 1776 pro
771 1717 952 1764 vestra
999 1710 1146 1764 bona
1190 1718 1244 1765 et
1272 1711 1571 1782 episcopali
1601 1711 1882 1766 voluntate
1929 1715 1981 1764 et
2009 1726 2065 1786 B
2094 1706 2336 1762 daciam.
2375 1707 2454 1762 De
2482 1707 2587 1760 illis
2619 1721 2831 1778 quoque
2862 1707 2950 1776 qui
2977 1707 3090 1776 jam
3120 1707 3466 1762 investituras
3495 1705 3687 1777 prohi-

387 1797 693 1851 constantia
741 1811 901 1866 quam
933 1799 1263 1867 promittitis,
1295 1807 1345 1854 et
1391 1800 1768 1855 exhortatione
1816 1813 1982 1870 quam

385 1883 522 1938 mihi
548 1884 746 1938 facitis.
785 1886 852 1940 Ut
881 1894 1059 1940 autem
1104 1887 1317 1958 aliquos
1359 1903 1433 1942 ex
1473 1888 1630 1942 vobis
1658 1887 1727 1941 ad
1774 1903 1862 1942 me
1897 1903 1983 1941 vc-

385 1972 502 2026 nire
532 1972 748 2040 faciam,
780 1973 916 2029 sicut
945 1975 1190 2045 poscitis,
1241 1992 1335 2034 ne.
1368 1975 1497 2030 dum
1543 1977 1772 2045 sejuncti
1803 1991 1987 2030 sumus

387 2061 456 2116 ab
500 2061 762 2127 invicem,
813 2071 1128 2132 pervertant
1184 2064 1470 2120 consilium
1520 2081 1701 2119 meum
1745 2065 1837 2134 qui
1893 2079 1987 2118 sua

392 2155 643 2218 quarunt
686 2149 754 2203 ad
787 2165 1027 2220 prasens
1078 2167 1189 2206 non
1236 2151 1432 2222 opinor
1487 2159 1765 2222 oportere.
1817 2151 1988 2222 Spero

393 2236 536 2291 enim
569 2237 621 2291 in
654 2238 770 2293 Deo
819 2239 947 2310 quia
992 2238 1178 2294 nullus
1224 2255 1318 2294 cor
1358 2255 1540 2294 meum
1571 2254 1605 2294 a
1652 2239 1902 2305 veritate,
1935 2238 1990 2292 in

395 2333 649 2394 quantum
708 2341 1005 2398 cognosco,
1063 2328 1260 2398 poterit
1315 2335 1601 2395 avertere;
1661 2335 1716 2383 et
1755 2327 1883 2398 quia
1934 2326 1989 2380 in

391 2413 638 2484 proximo
692 2415 838 2470 Deus
882 2415 1015 2470 mihi
1062 2417 1194 2488 quid
1242 2416 1423 2472 facere
1469 2431 1683 2488 queam,
1723 2415 1987 2481 ostendet,

393 2509 448 2556 et
495 2518 600 2574 ego
649 2519 810 2572 quam
855 2503 1012 2559 citius
1053 2511 1240 2575 potero
1283 2504 1438 2559 vobis
1478 2502 1791 2560 notiﬁcabo.
1846 2503 1993 2573 Quid

392 2594 576 2644 autem
608 2591 822 2645 interim
862 2591 1018 2646 vobis
1066 2591 1376 2647 faciendum
1426 2592 1516 2660 sit,
1563 2591 1850 2662 prudentia
1888 2606 1991 2645 ve-

394 2685 502 2732 stra
551 2679 680 2732 satis
727 2678 1014 2750 intelligit;
1071 2679 1167 2733 sed
1217 2687 1397 2734 tamen
1441 2680 1564 2734 dico
1603 2681 1725 2752 quia
1770 2695 1896 2750 ego,
1936 2679 1994 2733 in

395 2773 659 2834 quantum
688 2766 956 2835 sperando
988 2767 1041 2820 in
1073 2767 1188 2822 Deo
1218 2767 1600 2822 conscientiam
1649 2781 1832 2821 meam
1862 2783 1993 2820 sen-

391 2853 489 2918 tio,
521 2869 618 2923 pro
650 2854 962 2908 redimenda
994 2854 1103 2909 vita
1145 2871 1268 2910 mea
1297 2871 1406 2910 non
1453 2855 1759 2926 praeberem
1800 2871 1994 2910 assen-

396 2956 541 3005 sum,
583 2957 758 3013 neque
803 2942 1114 2997 ministrum
1162 2951 1252 2997 aut
1302 2952 1682 2999 exsecutorem
1731 2943 1860 2997 mali
1908 2958 1997 2998 me

397 3027 675 3085 facerem:
711 3031 854 3102 quod
888 3032 1053 3087 audio
1099 3033 1312 3089 noviter
1357 3048 1523 3104 super
1571 3031 1844 3090 Ecclesias
1889 3034 1993 3087 An-

396 3116 522 3191 glia
549 3118 909 3190 promulgari.
945 3119 1152 3176 Valete.

824 3225 1169 3283 EPISTOLA
1210 3226 1439 3284 cxxm
1477 3227 1559 3297 οη,

511 3330 582 3368 ΑΙ)
612 3330 878 3371 ηυϐθΝΕΜ
908 3331 1390 3373 ΛΒΟΠῘΕΡιδΟΟΡΙῘΠ
1420 3332 1862 3373 LUGDUNBNSEM.

396 3403 568 3475 Rogat
579 3404 804 3472 ﬁrmari
818 3420 876 3460 se
885 3405 1260 3476 prudentibus
1271 3405 1677 3478 archiepiscopi
1690 3407 1992 3477 responsis.

468 3509 577 3565 Suo
603 3509 826 3565 domino
873 3517 927 3566 et
974 3511 1119 3567 Patri
1167 3513 1407 3576 HUGONI.
1464 3512 1766 3567 reverenda
1805 3511 1996 3566 archi-

396 3598 660 3668 episcopo
691 3597 1064 3670 Lugdunensi,
1096 3601 1257 3656 matri
1307 3600 1562 3656 Ecclesia
1615 3601 1828 3654 sincere
1880 3597 2001 3652 dili-

398 3685 600 3756 gendo,
647 3688 975 3756 Ansawns,
1025 3703 1220 3743 servus
1267 3688 1530 3744 Ecclesia
1569 3685 1995 3753 Cantuariensis,

402 3773 548 3846 quod
577 3772 742 3830 altius
774 3785 825 3831 et
855 3776 1001 3848 quod
1031 3775 1227 3831 melius
1258 3775 1399 3831 valet
1428 3775 1759 3847 intelligere.

474 3862 613 3930 Quid
647 3863 864 3920 fecerim
897 3871 1188 3936 postquam
1218 3881 1247 3919 a
1268 3864 1611 3935 paternitatis
1639 3867 1833 3919 vestra
1855 3878 2002 3918 ama-

399 3949 498 4006 bili
527 3954 815 4022 prasentia
843 3953 1099 4019 discessi,
1131 3952 1330 4023 quidve
1361 3953 1432 4008 sit
1461 3953 1606 4008 inter
1648 3968 1834 4024 regem
1879 3952 2002 4005 An-

404 4039 530 4112 glia
559 4049 612 4096 et
639 4057 748 4109 me,
779 4057 890 4098 non
919 4049 1002 4097 est
1030 4056 1168 4113 opus
1195 4040 1359 4112 longa
1389 4041 1642 4111 epistola
1687 4039 2001 4096 narratione

405 4127 733 4201 signiﬁcare,
765 4131 894 4201 quia
939 4131 1144 4186 latores
1190 4130 1540 4201 prasentium
1576 4129 1638 4159 “’
1686 4129 1902 4200 plenius
1951 4135 2003 4183 et

405 4217 596 4272 melius
624 4227 848 4289 possunt
891 4219 1014 4275 viva
1056 4235 1190 4274 voce
1236 4218 1466 4275 referre.
1509 4217 1777 4286 Quoniam
1823 4223 2001 4271 autem

403 4302 458 4359 in
506 4307 761 4363 omnibus
794 4307 1102 4364 actionibus
1150 4308 1292 4362 meis
1341 4311 1524 4363 vestro
1554 4305 1769 4372 vellem,
1801 4305 1846 4359 si
1886 4303 2002 4358 ﬁeri

401 4401 607 4464 posset,
623 4411 787 4467 super
801 4411 989 4451 omnes
1019 4396 1269 4451 homines
1300 4410 1438 4466 quos
1462 4393 1609 4460 novi,
1630 4393 1704 4448 uti
1735 4393 1996 4460 consilio,
2027 4433 2080 4493 Β

398 4483 636 4538 maxime
665 4485 719 4538 in
748 4486 855 4541 hoc
883 4485 1104 4557 negotio
1133 4500 1232 4556 pro
1265 4499 1372 4555 quo
1402 4483 1627 4538 eosdem
1658 4482 1872 4554 legatos
1897 4481 2000 4536 Ro-

403 4585 552 4624 mam
582 4571 755 4638 mitto,
787 4573 1012 4644 supplex
1041 4576 1099 4628 ut
1128 4571 1234 4644 ipsi
1281 4571 1622 4626 instruantur
1652 4574 1706 4625 et
1742 4568 1998 4624 munian-

405 4663 491 4711 tur
518 4668 700 4714 vestra
745 4661 1029 4731 prudentia
1077 4676 1236 4734 rogo.
1269 4660 1454 4716 Aadeo
1504 4659 1666 4714 etiam
1708 4674 1902 4730 rogare
1941 4665 2000 4712 ut

406 4741 453 4795 si
484 4743 758 4798 sanctitati
802 4751 996 4799 vestra
1033 4746 1248 4800 videtur
1294 4743 1611 4807 convenire,
1647 4742 1856 4813 aliquid
1893 4741 1998 4796 do-

407 4829 560 4886 mino
609 4847 766 4902 papa
813 4840 1092 4904 suggerat,
1143 4841 1298 4903 prout
1327 4833 1432 4903 ipsi
1479 4831 1697 4902 negotio
1737 4830 2003 4901 intelliget

409 4919 866 4990 expedire.Scitis
896 4921 1038 4976 enim
1069 4922 1198 4990 quia
1225 4921 1316 4974 ubi
1347 4921 1426 4976 rei
1457 4920 1689 4989 alicujus
1713 4919 2000 4991 dispositio

413 5008 481 5062 de
510 5009 852 5064 diversorum
875 5009 1072 5080 pendet
1090 5009 1341 5076 consilio,
1364 5007 1498 5063 sicut
1517 5024 1625 5064 non
1646 5024 1837 5064 omnes
1853 5023 2000 5062 eum-

409 5096 530 5150 dem
562 5098 764 5153 habent
808 5113 1048 5162 sensum,
1081 5097 1151 5152 ita
1197 5112 1305 5152 non
1335 5097 1585 5152 eumdem
1634 5097 1878 5167 prabent
1906 5111 1998 5148 as-

409 5202 649 5242 sensum.
683 5186 952 5256 Quoniam
984 5202 1115 5260 ergo
1147 5194 1382 5242 mentem
1413 5194 1643 5242 vestram
1673 5193 1852 5241 certus
1883 5200 2001 5238 sum

2098 1793 2238 1848 bitas
2283 1802 2632 1865 acceperunt,
2679 1803 2734 1849 et
2778 1794 2846 1850 de
2893 1795 2976 1849 his
3024 1795 3118 1866 qui
3175 1811 3270 1850 eos
3317 1803 3689 1861 sacraverunt,

2093 1889 2222 1952 puto
2253 1882 2376 1951 quia
2406 1899 2501 1936 rex
2530 1882 2822 1952 postulabit
2852 1891 2908 1936 ut
2936 1883 2991 1937 in
3017 1884 3122 1939 hoc
3151 1892 3503 1952 permaneant
3544 1883 3691 1952 quod

2094 1969 2277 2026 illicite
2325 1979 2802 2041 prasumpserunt.
2864 1970 3212 2042 QuaprOpter
3255 1972 3323 2026 de
3373 1970 3476 2037 his,
3510 1979 3564 2027 et
3617 1972 3689 2026 de

2095 2059 2292 2130 quibus
2323 2075 2422 2128 per
2461 2067 2677 2115 nostros
2705 2059 2914 2132 legatos
2943 2065 3184 2115 vestram
3216 2060 3432 2130 requiro
3469 2060 3691 2130 sapien-

2097 2148 2248 2214 tiam,
2308 2156 2543 2202 vestram
2601 2149 2734 2202 mihi
2790 2164 2952 2220 posco
3011 2149 3274 2203 insinuari
3331 2149 3680 2204 sententiam.

2098 2235 2453 2307 Omnipotens
2482 2237 2626 2292 Deus
2656 2236 2745 2293 diu
2769 2227 3011 2294 vestram
3034 2237 3376 2294 sanctitatem
3395 2254 3518 2294 cum
3541 2237 3693 2293 omni

2097 2326 2452 2397 prosperitate
2482 2335 2663 2382 servet
2689 2328 3037 2382 incolumem.
3070 2330 3263 2382 Amen.

2544 2415 2878 2471 EPISTOLA
2919 2416 3140 2471 CXXIV
3173 2415 3255 2471 ‘“.

2099 2518 2349 2558 ΒυϐοΝιὸ
2383 2519 2768 2559 LUGDUNENSIS
2810 2519 3219 2559 ARCHIEPISCOPI
3257 2519 3328 2559 AD
3361 2518 3686 2560 ANSELHUM.

2456 2593 2770 2664 Respondet
2792 2593 2863 2648 ad
2889 2593 3304 2665 praecedentem
3319 2634 3332 2647 .

2174 2692 2414 2764 Optabili
2445 2702 2496 2750 et
2538 2695 2665 2748 totis
2705 2694 3006 2750 visceribus
3046 2695 3266 2749 amabili
3314 2694 3463 2750 Patri
3510 2709 3607 2751 suo
3645 2703 3699 2752 et

2103 2782 2324 2838 domino
2373 2787 2658 2850 Axsanno,
2719 2782 3022 2839 venerabili
3078 2784 3374 2855 Anglorum
3416 2784 3694 2854 episeopo,

2103 2873 2285 2936 Hnno,
2318 2872 2700 2944 Lugdunensis
2730 2871 2986 2928 Ecclesia
3023 2889 3236 2940 servus,
3281 2872 3480 2929 divina
3509 2881 3698 2943 prote-

2103 2961 2296 3016 ctionis
2316 2962 2636 3016 continuam
2664 2961 3124 3017 consolationem.

2023 3077 2074 3142 Ο
2174 3050 2420 3105 Meminit
2469 3049 2723 3106 sanctitas
2769 3057 2972 3118 vestra,
3019 3051 3316 3106 reverenda
3365 3051 3542 3118 Pater,
3593 3065 3695 3106 nos

2101 3154 2320 3210 semper
2348 3138 2710 3207 desiderasse,
2741 3146 2794 3194 et
2823 3139 2869 3194 si
2899 3139 3195 3194 secundum
3225 3140 3400 3194 Deum
3420 3138 3532 3194 ﬁeri
3565 3155 3698 3211 pos-

2103 3235 2206 3294 set,
2240 3227 2392 3283 vobis
2420 3228 2762 3282 consuluisse
2793 3235 2848 3281 ut
2877 3227 3221 3283 commissam
3253 3228 3407 3284 vobis
3446 3227 3696 3300 Anglica

2102 3316 2363 3372 Ecclesia
2409 3331 2594 3372 curam
2637 3316 2974 3387 reciperetis,
3025 3324 3081 3372 et
3127 3324 3239 3372 tam
3286 3317 3471 3389 gravis
3512 3319 3694 3372 oneris

2098 3405 2258 3478 jugo,
2293 3421 2394 3474 pro
2440 3405 2714 3461 communi
2757 3405 3033 3460 commissi
3080 3405 3240 3462 vobis
3288 3405 3478 3478 gregis
3506 3405 3700 3472 salute,

2105 3493 2428 3550 obedientia
2469 3493 2670 3548 collum
2713 3493 2948 3548 subdere
2993 3509 3103 3548 non
3150 3494 3498 3549 recusaretis.
3547 3494 3705 3549 Nunc

2105 3582 2272 3656 igitur
2320 3598 2386 3637 ex
2441 3581 2644 3636 domini
2694 3581 2971 3636 Balduvini
3000 3581 3062 3609 “‘
3109 3582 3374 3638 relatione
3426 3583 3702 3654 comperio

2108 3675 2254 3744 quod
2283 3671 2416 3725 illud
2446 3677 2668 3742 pr0pter
2699 3669 2845 3743 quod
2874 3672 3270 3741 assequendum
3301 3680 3586 3743 tantopere
3607 3672 3703 3726 ha-

2107 3769 2298 3816 ctenus
2341 3759 2648 3826 laborastis,
2681 3767 2733 3813 et
2761 3773 2871 3813 non
2913 3759 3089 3814 solum
3119 3762 3341 3828 tvestra,
3373 3759 3471 3814 sed
3513 3767 3568 3816 et
3605 3774 3704 3816 vos

2107 3847 2284 3920 ipsum
2315 3847 2660 3918 exposuistis,
2693 3862 2793 3917 per
2824 3847 2923 3902 Dei
2965 3847 3198 3918 gratiam
3223 3848 3342 3916 jam
3380 3848 3594 3903 tandem
3633 3863 3703 3903 ex

2111 3951 2311 4008 magna
2339 3943 2489 4006 parte
2519 3935 2754 3990 assecuti
2785 3935 2934 3990 estis.
2969 3937 3037 3992 Ut
3073 3936 3142 3991 ad
3185 3935 3317 3991 illud
3348 3936 3495 4009 quod
3537 3943 3706 3992 restat

2109 4025 2436 4097 sperandum
2467 4023 2696 4079 animari
2727 4024 2971 4094 possitis,
3013 4025 3350 4081 consulendo
3398 4041 3700 4096 precamur,

2111 4123 2165 4170 et
2193 4112 2467 4185 precando
2497 4111 2768 4167 sanctitati
2796 4117 2997 4168 vestra
3024 4113 3356 4168 consulimus
3382 4121 3440 4169 ut
3478 4121 3704 4184 aposto-

2109 4202 2214 4258 lico
2243 4208 2514 4274 praecepto
2542 4200 2768 4255 obedire
2797 4216 2908 4255 non
2950 4200 3329 4266 dissimuletis,
3362 4218 3430 4256 ne
3477 4210 3704 4257 senten-

2110 4291 2240 4346 tiam
2269 4297 2504 4345 vestram
2534 4289 2708 4360 pluris
2742 4288 2992 4344 faciendo
3022 4305 3185 4359 quam
3209 4290 3566 4361 apostolicam
3595 4307 3704 4346 au-

2109 4379 2434 4446 ctoritatem,
2469 4393 2577 4432 non
2603 4376 2782 4432 solum
2812 4377 3010 4432 saculo
3041 4385 3096 4433 et
3123 4394 3319 4447 regno,
3338 4394 3526 4434 verum
3547 4378 3706 4433 etiam

2110 4467 2372 4525 Ecclesia
2419 4474 2470 4522 et
2511 4465 2822 4522 sacerdotio
2870 4467 3124 4522 resistere
3167 4466 3504 4534 judicemini.
3556 4466 3711 4524 Licet

2111 4557 2257 4614 enim
2288 4556 2340 4610 in
2372 4554 2624 4626 Anglica
2667 4553 2930 4610 Ecclesia
2959 4571 3092 4626 agro
3139 4555 3284 4609 aliud
3314 4571 3499 4610 semen
3543 4571 3707 4626 supra

2111 4654 2341 4718 petram,
2374 4643 2519 4698 aliud
2560 4658 2716 4698 secus
2759 4643 2928 4710 viam,
2979 4643 3128 4698 aliud
3175 4659 3304 4698 vero
3353 4643 3509 4699 cadat
3564 4643 3708 4699 inter

2113 4736 2314 4805 spinas,
2354 4732 2449 4787 sed
2479 4739 2532 4787 et
2575 4732 2716 4786 bona
2746 4740 2890 4787 terra
2936 4731 3204 4788 invenitur
3233 4732 3288 4786 in
3335 4747 3401 4788 eo
3440 4748 3561 4803 qua
3608 4749 3705 4787 su-

2113 4831 2303 4894 scepto
2333 4820 2736 4892 pradicationis
2764 4823 2960 4876 vestra
2989 4821 3196 4876 semine
3244 4819 3477 4876 fructum
3516 4819 3707 4876 aﬂ‘eret

2113 4913 2170 4968 in
2199 4909 2474 4983 patientia.
2510 4908 2639 4978 Sed,
2671 4924 2756 4962 me
2785 4908 3053 4964 miserum
3079 4910 3092 4962 ι
3143 4909 3403 4980 quoniam
3453 4908 3574 4978 ipse
3603 4925 3706 4963 au-

2115 5009 2236 5056 ctor
2264 5007 2316 5055 et
2357 4999 2612 5054 incensor
2641 4995 2710 5051 ﬁo
2759 4997 3108 5052 desolationis
3157 5012 3315 5062 mea,
3349 4996 3441 5066 qui
3487 4997 3708 5053 unicum

2117 5089 2360 5145 solamen
2409 5094 2464 5142 et
2508 5086 2770 5157 gaudium
2819 5101 3027 5152 meum,
3061 5094 3114 5140 et
3161 5086 3359 5140 anima
3401 5101 3539 5140 mea
3587 5093 3713 5156 post

2118 5180 2296 5236 Deum
2326 5175 2492 5233 vitam
2523 5190 2799 5232 removere
2830 5175 3100 5231 contendo
3131 5191 3164 5231 a
3191 5183 3488 5246 conspectu
3516 5173 3710 5230 oculo~

1714 5363 1942 5418 VARIE
1981 5358 2393 5418 LECTIONES.

481 5516 685 5592 ξυςιηῃ
714 5517 907 5592 eodem
933 5534 1037 5573 ms.
1072 5519 1308 5592 collata.
1329 5513 2077 5592 7“’Qniaprasentiumps:
2118 5511 2243 5592 quia
2273 5510 2479 5569 latores
2507 5509 2893 5583 praesentium.
2933 5506 3120 5566 “'Non
3157 5509 3273 5568 vult
3315 5523 3424 5565 ms.
3465 5505 3705 5564 nondum

415 5589 545 5646 Vult.
577 5586 777 5648 “‘Cum
808 5589 998 5648 eodem
1028 5603 1130 5644 ms.
1163 5589 1394 5644 collata.
1427 5583 1763 5642 “'Baldivini
1793 5602 1904 5642 ms.
1943 5583 2256 5643 Balduvini.
