4010 6064
309 270 412 326 161

1551 266 1688 331 LIB.
1725 271 1819 341 Ill,
1853 271 2071 331 EPIST.
2114 272 2361 330 CXXVI.

3506 283 3610 337 163

307 412 430 450 rum
463 395 708 460 istorum,
740 409 880 465 quos
916 395 1035 464 jam
1076 395 1311 452 inaniter
1339 395 1402 424 ⁸⁴⁸
1445 406 1659 469 gestare
1704 399 1909 464 videor,
1940 399 1996 459 A
2025 405 2202 454 autem
2232 394 2431 462 vivitis,
2463 396 2509 450 si
2536 395 2780 452 ordinem
2808 403 2861 452 et
2888 398 3226 470 propositum
3255 408 3493 458 vestrum
3521 404 3612 459 di-

313 485 443 538 dum
489 483 549 536 id
595 499 707 555 quo
749 484 960 552 gratius
1008 484 1114 539 frui
1174 485 1447 552 solebant,
1497 487 1750 542 videlicet
1799 489 1914 542 dul-

313 573 520 626 cissimi
554 573 728 627 Patris
759 574 865 627 mei
893 574 1266 643 praesentiam,
1297 591 1406 629 non
1437 575 1611 630 solum
1633 576 1711 630 eis
1731 575 1914 632 videre

315 659 400 727 “7,
434 661 533 716 sed
563 661 722 717 etiam
766 660 994 716 ulterius
1037 677 1096 716 se
1138 663 1352 718 visuros
1391 678 1614 734 sperare
1657 679 1766 719 non
1821 680 1916 718 re-

315 750 598 822 linquitur.
631 750 742 804 Sed
770 750 914 804 absit
943 758 1000 805 ut
1028 767 1126 822 pro
1158 752 1446 822 temporali
1475 753 1763 809 commodo
1791 769 1916 808 meo

321 839 578 912 generali
607 847 686 894 tot
734 845 1117 910 tantorumque
1159 839 1220 868 “'
1267 840 1428 896 saluti
1469 841 1757 908 invideam,
1807 842 1918 898 imo

315 944 429 983 non
461 944 586 998 quae
619 943 744 982 mea
792 936 938 994 sunt,
970 928 1066 983 sed
1111 945 1232 1001 qua:
1278 931 1405 985 Jesu
1435 930 1635 985 Christi
1678 946 1918 1002 quaeram

322 1015 408 1074 “’.
469 1017 626 1072 Habe
685 1032 771 1072 me
825 1017 1009 1088 igitur,
1067 1017 1388 1074 beatissime
1444 1020 1624 1086 Pater,
1680 1019 1735 1074 in
1798 1020 1921 1075 sinu

319 1106 610 1162 memoriae
641 1114 767 1172 tum,
801 1106 1243 1177 quandoquidem
1291 1107 1423 1162 mihi
1459 1123 1569 1163 non
1609 1108 1923 1165 conceditur

312 1195 590 1266 inspicere
637 1193 848 1249 vultum
879 1196 1184 1265 praesentiae
1226 1203 1349 1252 tuae.
1389 1196 1657 1268 Optamus
1704 1213 1923 1268 semper

317 1285 465 1340 bene
497 1285 698 1350 valere,
731 1291 786 1339 et
813 1283 999 1338 salutis
1029 1293 1228 1341 nostrae
1257 1302 1439 1342 curam
1469 1301 1682 1359 gerere.

664 1401 718 1468 4
733 1402 770 1469 1
787 1401 831 1468 2
864 1401 1216 1457 EPISTOLA
1246 1402 1442 1457 cxxv
1473 1401 1560 1457 σεο,

579 1531 820 1572 ANSELMI
857 1529 929 1570 Λῐ)
969 1530 1247 1572 ΕυιΑιιΑΜ
1284 1531 1652 1574 ABBATISSAM.

325 1614 697 1687 Gratissimus
715 1612 882 1687 habet
901 1615 1133 1687 antistes
1151 1615 1517 1687 ﬁliorumque
1539 1630 1751 1687 preces.
1772 1616 1837 1669 Et
1856 1617 1924 1669 ut

395 1685 712 1743 obedientes
729 1688 785 1740 et
807 1686 869 1739 in
891 1685 1145 1740 minimis
1166 1686 1359 1753 ﬁdeles
1387 1688 1526 1752 sint,
1540 1685 1913 1743 adhortatur.

393 1804 702 1858 Ausamus
745 1799 1220 1871 archiepiscopus,
1251 1799 1571 1858 reverenda:
1608 1799 1924 1877 abbatissae,

331 1892 597 1947 Eunus:
626 1897 680 1971 et_
707 1887 924 1944 filiabus
955 1889 1092 1958 ejus,
1125 1888 1379 1945 salutem.

395 1979 614 2036 Gratias
658 1994 766 2052 ago
818 1977 1091 2050 religiosae
1133 1977 1411 2034 dilectioni
1441 1987 1630 2036 vestrae
1659 1978 1788 2052 quia
1826 1994 1928 2050 pro

321 2086 416 2126 me
445 2068 643 2124 orastis
674 2067 917 2137 quandiu
947 2071 1104 2123 extra
1132 2067 1386 2138 Angliam
1415 2067 1492 2123 fui
1521 2069 1574 2122 in
1607 2068 1818 2136 exsilio,
1841 2068 1933 2124 de-

321 2158 633 2215 siderantes
661 2155 900 2211 reditum
933 2172 1151 2219 meum;
1183 2173 1333 2212 nunc
1374 2165 1558 2212 autem
1601 2156 1926 2212 desideran-

319 2247 432 2302 tius
463 2261 596 2318 rogo
628 2252 686 2300 ut
728 2245 897 2300 oretis
947 2252 1210 2315 quatenus
1259 2244 1574 2302 fructuosus
1613 2245 1682 2300 sit
1727 2244 1928 2300 reditus

322 2352 501 2392 meus.
535 2335 655 2390 Hoc
687 2333 809 2391 volo
857 2340 917 2388 ut
958 2333 1166 2402 sciatis,
1199 2333 1326 2403 quia
1371 2333 1591 2390 dilectio
1634 2348 1758 2388 mea
1793 2347 1928 2406 erga

317 2441 441 2496 vos,
473 2440 539 2480 ex
592 2439 698 2496 quo
736 2438 834 2479 vos
876 2423 1113 2494 cognovi
1155 2430 1208 2477 et
1235 2421 1392 2488 vivit,
1421 2431 1474 2478 et
1505 2429 1840 2493 perseverat,
1871 2429 1926 2477 et

324 2513 569 2586 quandiu
598 2513 804 2578 vivam,
823 2511 940 2567 Deo
960 2512 1144 2580 dante,
1167 2510 1558 2582 perseverabit.
1583 2510 1926 2582 Quapropter

318 2603 439 2673 ipsa
467 2601 664 2657 eadem
691 2600 983 2656 dilectione
1011 2607 1289 2667 manente,
1326 2599 1577 2673 quamvis
1609 2615 1721 2654 non
1753 2616 1921 2670 egea-

322 2691 419 2757 tis,
457 2689 660 2760 aliquid
691 2697 874 2744 tamen
904 2689 1066 2744 vobis
1095 2688 1322 2745 scribam
1355 2689 1498 2744 unde
1527 2704 1615 2744 me
1645 2703 1740 2744 vos
1793 2688 1922 2744 dili-

319 2795 461 2852 gere
491 2787 545 2834 et
571 2795 756 2835 curam
796 2778 963 2833 vestri
995 2777 1198 2832 habere
1243 2777 1608 2850 cognoscatis.
1658 2777 1785 2843 Vos,
1828 2793 1923 2834 so-

325 2883 482 2923 rores
511 2868 746 2935 dilectae,
779 2870 833 2922 et
859 2866 984 2922 tiliae
1013 2882 1170 2931 meae,
1203 2866 1390 2922 hortor
1418 2873 1473 2921 et
1499 2881 1696 2922 moneo
1727 2873 1924 2938 quate-

327 2973 436 3011 nus
464 2956 630 3011 matri
661 2964 861 3010 vestrte
905 2955 1172 3024 subjectae
1201 2963 1251 3009 et
1299 2954 1615 3011 obedientes
1643 2955 1782 3020 sitis,
1814 2971 1922 3010 non

323 3052 534 3100 tantum
564 3044 634 3100 ad
663 3047 960 3100 humanum
990 3043 1226 3111 oculum,
1259 3043 1358 3099 sed
1400 3044 1561 3099 etiam
1591 3044 1660 3098 ad
1703 3044 1920 3099 oculum

2021 487 2258 558 ligenter
2309 485 2622 552 custoditis;
2675 486 2963 558 diligenter
3004 505 3133 544 vero
3175 490 3280 544 hoc
3321 490 3514 556 facitis,
3566 493 3613 548 si

2022 575 2248 630 minima
2281 590 2386 629 non
2420 575 2780 628 contemnitis.
2815 577 3058 631 Vestrum
3090 578 3236 633 enim
3280 581 3616 651 propositum

2023 679 2239 734 semper
2266 663 2428 717 debet
2458 663 2552 716 niti
2582 664 2652 717 ad
2684 663 3002 733 perfectum,
3043 670 3096 720 et
3133 672 3245 722 toto
3274 669 3436 723 corde
3479 670 3617 724 hor-

2024 768 2148 806 rere
2208 751 2497 806 defectum.
2531 751 2806 822 Scriptum
2861 757 2946 808 est
3003 754 3174 810 enim:
3238 756 3345 822 Qui
3386 759 3608 815 modica

2026 840 2262 911 despicit
2287 840 2574 911 paulatim
2605 839 2822 896 decidet
2851 843 3048 912 (Eccli.
3083 858 3192 910 xix,
3211 846 3284 914 1).
3310 843 3411 913 Qui
3439 855 3617 902 autem

2027 928 2246 994 decidit,
2277 943 2384 982 non
2416 926 2644 998 proficit.
2681 929 2910 984 Proinde
2941 928 3000 958 ⁵⁶¹
3031 930 3078 985 si
3124 933 3285 987 vultis
3324 932 3613 1005 proficere,

2029 1025 2083 1072 et
2129 1017 2358 1072 horretis
2385 1015 2636 1084 deiicere,
2675 1017 2844 1072 nolite
2895 1019 3110 1075 modica
3142 1020 3458 1091 despicere:
3507 1025 3619 1078 uti-

2031 1121 2137 1175 que
2167 1105 2306 1160 sicut
2336 1120 2530 1158 verum
2561 1113 2662 1171 est,
2695 1107 2793 1176 qui
2829 1109 3048 1163 modica
3074 1108 3312 1181 despicit
3334 1112 3617 1182 paulatim

2030 1193 2268 1259 decidet,
2302 1193 2376 1247 ita
2403 1192 2464 1220 ⁵⁵³
2496 1209 2689 1249 verum
2721 1202 2804 1249 est
2832 1198 2959 1264 quia
3005 1196 3096 1267 qui
3122 1198 3339 1253 modica
3375 1215 3485 1256 non
3520 1202 3624 1258 de-

2030 1281 2208 1352 spicit,
2223 1281 2477 1352 paulatim
2500 1281 2730 1352 proﬁcit.
2764 1283 2947 1338 Nolite
2969 1293 3157 1355 putare
3184 1285 3402 1355 aliquod
3429 1305 3622 1359 pecca-

2031 1377 2145 1424 tum
2169 1385 2291 1425 esse
2309 1385 2576 1440 parvum;
2605 1371 2852 1441 quamvis
2873 1372 3018 1427 aliud
3040 1372 3146 1428 alio
3169 1374 3234 1428 sit
3250 1376 3444 1444 majus.
3475 1378 3624 1434 Nihil

2033 1458 2178 1514 enim
2218 1458 2361 1528 quod
2408 1457 2468 1513 tit
2516 1475 2611 1529 per
2656 1459 3098 1528 inobedientiam,
3131 1479 3254 1534 quae
3301 1464 3419 1520 sola
3461 1466 3623 1536 ejecit

2034 1547 2308 1602 hominem
2364 1547 2431 1602 de
2478 1547 2759 1618 paradiso,
2802 1564 3032 1619 parvum
3075 1550 3180 1606 dici
3235 1552 3411 1608 debet.
3463 1554 3624 1622 Quod

2033 1637 2183 1692 enim
2239 1639 2520 1707 peccatum
2568 1652 2792 1706 parvum
2841 1637 2962 1704 erit,
3015 1639 3062 1693 si
3099 1643 3331 1697 testante
3365 1643 3618 1716 Veritate,

2036 1725 2128 1797 qui
2158 1725 2409 1780 irascitur
2433 1725 2584 1779 fratri
2615 1739 2713 1780 suo
2742 1741 2867 1780 reus
2897 1727 2999 1782 erit
3021 1727 3248 1796 judicio,
3274 1737 3326 1784 et
3346 1732 3436 1800 qui
3463 1732 3622 1790 dixe-

2037 1814 2124 1885 rit,
2173 1829 2319 1882 raca,
2351 1829 2479 1870 reus
2521 1813 2622 1869 erit
2666 1814 2933 1884 concilio;
2985 1823 3036 1871 et
3065 1816 3157 1888 qui
3203 1817 3417 1887 dixerit,
3455 1820 3620 1892 fatue,

2037 1920 2163 1959 reus
2191 1903 2289 1959 erit
2335 1903 2602 1976 gehennae
2645 1903 2808 1975 ignis.
2842 1905 2994 1976 Rogo
3023 1905 3205 1977 igitur,
3238 1905 3361 1962 ﬁliae
3399 1908 3623 1966 charis-

2038 1994 2208 2060 sima},
2242 2001 2301 2047 ut
2331 1992 2464 2046 nihil
2495 1991 2809 2065 negligatis,
2839 1994 2935 2048 sed
2965 2009 3130 2062 opera
3159 2004 3335 2051 vestra
3381 2005 3433 2054 et
3462 2000 3624 2057 corda

2037 2090 2219 2136 vestra
2262 2081 2402 2137 sicut
2430 2081 2485 2136 in
2514 2081 2574 2108 ⁵⁵³
2612 2089 2908 2152 conspectu
2950 2081 3054 2138 Dei
3101 2085 3370 2141 custodire
3409 2103 3624 2160 semper

2035 2171 2312 2226 studentis.
2342 2171 2537 2226 Pacem
2567 2170 2706 2226 inter
2732 2185 2829 2226 vos
2858 2170 3074 2240 habete,
3109 2172 3237 2244 quia
3265 2173 3320 2228 in
3351 2191 3488 2246 pace
3533 2175 3624 2232 fa-

2035 2268 2156 2316 ctus
2185 2266 2270 2315 est
2295 2260 2451 2315 locus
2477 2259 2597 2325 Dei,
2629 2267 2684 2314 et
2727 2273 2833 2330 pax
2865 2259 3030 2314 multa
3058 2260 3408 2333 diligentibus
3441 2264 3625 2338 legem

2034 2349 2154 2413 Dei,
2187 2356 2240 2404 et
2266 2363 2376 2404 non
2405 2357 2482 2402 est
2509 2347 2616 2402 illis
2643 2347 2956 2403 scandalum
2984 2347 3065 2404 ⁸⁶⁴.
3095 2350 3274 2406 Corde
3309 2359 3363 2406 et
3391 2367 3488 2408 ore
3520 2369 3624 2410 vo-

2035 2437 2118 2492 bis
2170 2436 2602 2492 benedictionem
2658 2443 2710 2491 et
2765 2436 3169 2494 absolutionem
3225 2441 3323 2495 Dei
3375 2456 3504 2511 oro;
3567 2449 3623 2500 et

2032 2542 2234 2593 meam,
2251 2527 2300 2581 si
2325 2526 2455 2598 quid
2484 2525 2647 2594 valet,
2671 2533 2930 2597 quantum
2952 2541 3191 2599 possum,
3213 2528 3286 2585 do
3307 2537 3363 2585 et
3392 2531 3620 2590 mando.

2031 2615 2243 2672 Valete.

2454 2704 2792 2762 EPISTOLA
2832 2705 3051 2763 CXXVI
3091 2704 3152 2736 ⁸⁸³
3163 2750 3177 2763 .

2207 2809 2444 2850 ANSELMI
2473 2809 2544 2848 AD
2573 2810 2865 2851 HKNRIUUM
2888 2809 3192 2853 ΑΝαιοιιυιι
3220 2812 3433 2856 REGEM.

2027 2901 2186 2970 Ὠιιοά
2212 2900 2516 2957 translatio
2547 2901 2789 2972 episcopi
2819 2918 2933 2958 non
2953 2902 3153 2959 debent
3183 2905 3308 2973 ﬁeri
3327 2909 3454 2963 sine
3491 2925 3619 2966 cono

2099 2989 2271 3028 sensu
2315 2973 2726 3044 archiepiscopi
2774 2975 3258 3049 e_t_eptscoporum
3286 2981 3616 3049 provinciae,

2101 3049 2159 3100 et
2215 3060 2345 3099 cum
2399 3059 2604 3115 magna
2662 3044 3112 3102 consideratione
3167 3051 3225 3103 et
3278 3044 3620 3108 auctoritate

320 3133 446 3200 Dei,
479 3131 565 3190 cui
615 3133 751 3187 nihil
794 3137 876 3188 est
918 3139 1210 3188 secretum.
1243 3131 1392 3188 Tunc
1433 3140 1618 3187 autem
1662 3139 1742 3186 est
1792 3148 1921 3187 vera

2101 3116 2428 3187 apostolica.

323 3221 658 3287 obedientia,
689 3221 906 3293 quando
932 3220 1181 3275 voluntas
1212 3219 1448 3289 subjecti
1494 3221 1678 3276 obedit
1724 3220 1923 3277 volun-

320 3307 423 3362 tati
487 3304 692 3376 praelati
740 3312 798 3359 ut
845 3305 1156 3376 ubicunque
1194 3305 1266 3358 sit
1311 3304 1604 3375 subjectus,
1651 3305 1756 3360 hoc
1794 3304 1926 3360 velit

321 3393 469 3466 quod
501 3393 755 3465 intelligit
786 3392 923 3448 velle
966 3389 1266 3461 praelatum,
1299 3392 1442 3462 quod
1484 3407 1594 3448 non
1623 3392 1692 3447 sit
1732 3402 1924 3448 contra

321 3482 657 3537 voluntatem
695 3480 815 3536 Dei.
866 3481 1236 3553 Congregatio
1282 3488 1461 3535 vestra
1506 3480 1764 3552 templum
1823 3481 1922 3536 Dei

320 3569 487 3626 debet
518 3586 675 3632 esse;
718 3576 770 3624 et
801 3568 1060 3639 templum
1113 3567 1214 3623 Dei
1245 3576 1489 3624 sanctum
1542 3577 1644 3624 est.
1679 3569 1736 3624 Si
1783 3585 1921 3642 ergo

317 3668 505 3714 sancte
532 3657 736 3727 vivitis,
771 3665 829 3713 ut
856 3673 1038 3729 spero,
1071 3657 1344 3729 templum
1393 3658 1494 3713 Dei
1541 3657 1690 3713 estis.
1725 3658 1920 3713 Sancte

2105 3203 2216 3260 Suo
2247 3202 2566 3260 charissimo
2595 3203 2821 3259 domino
2851 3205 3125 3274 stmco,
3160 3207 3261 3262 Dei
3287 3209 3461 3279 gratia
3499 3212 3624 3266 An-

2031 3293 2245 3364 glorum
2277 3292 2394 3364 regi
2420 3300 2470 3347 et
2499 3292 2622 3348 duci
2667 3294 3146 3362 Northmanorum,
3195 3298 3501 3354 ANSELMUS
3529 3315 3623 3355 ar-

2031 3382 2427 3452 chiepiscopus,
2462 3380 2621 3436 ﬁdele
2649 3381 2934 3437 servitium
2965 3399 3088 3436 cum
3126 3385 3478 3441 orationibus.

2104 3469 2378 3525 Mandavit
2423 3470 2555 3522 mihi
2605 3469 2850 3542 dignatio
2881 3479 3057 3524 vestra
3084 3487 3183 3542 per
3223 3472 3455 3529 electum
3503 3477 3624 3548 epi-

2031 3575 2263 3631 scopum
2293 3558 2734 3614 Wintoniensem
2762 3565 2820 3612 ut
2849 3557 2948 3612 sibi
2977 3559 3273 3615 scriberem
3305 3569 3490 3619 utrum
3518 3566 3626 3621 do-

2029 3651 2211 3707 minus
2257 3647 2372 3718 (30)
2404 3647 2665 3704 Hervteus
2713 3646 2999 3719 episcopus
3047 3650 3406 3706 Bancorensis
3455 3656 3624 3724 possit

1629 3757 1860 3810 VARLE
1899 3749 2308 3810 LECTIONES.

390 3826 604 3898 “‘Quos
677 3827 986 3885 humaniter
1061 3844 1164 3885 ms.
1226 3844 1363 3898 quos
1432 3827 1550 3898 jam
1633 3827 1878 3881 inaniter.
1947 3823 2188 3898 “’UtileA
2229 3836 2335 3874 ms.
2395 3818 2609 3898 videre.
2680 3815 3226 3898 ⁸⁴⁸Ίίιιιιοιίιιιιω,τηεἶ

1080 3887 1280 3954 umram
1333 3887 1452 3972 ms.-
1492 3898 1713 3972 Christi,
1748 3914 2032 3972 ‘quaeram.
2082 3891 2288 3972 “Cum
2330 3890 2545 3972 eodeni
2584 3892 3007 3972 ms.m(_:.0llata..
3035 3887 3330 3972 “‘Decidit.
3367 3895 3625 3972 Proinde

1589 3962 1881 4024 “'Deﬁéit;
1941 3969 2013 4024 ita
2065 3983 2171 4020 ms.
2223 3962 2463 4016 decidit:
2512 3962 2602 4016 ita.

319 3917 452 3971 que.
512 3899 778 3955 “’Christi
837 3907 981 3964 sunt,

311 3989 428 4027 ms.
495 3971 715 4035 decidit,
774 3987 883 4025 non
935 3971 1165 4040 proﬁcit.
1227 3971 1484 4025 Proinde.

3314 3823 3403 3876 tan
3413 3829 3622 3879 torum-

2690 3959 2948 4017 ‘5’Vestra
2992 3961 3049 4015 in
3095 3978 3199 4017 ms.
3251 3964 3444 4020 Vestra
3489 3966 3626 4022 sicut

317 4043 402 4098 in.
435 4042 588 4097 '“llli
616 4035 1064 4098 scandalum'ms.
1097 4041 1207 4097 illis
1237 4041 1576 4098 scandalum.
1609 4041 1812 4098 ImCum
1846 4046 2035 4097 eodem
2066 4053 2178 4092 ms.
2218 4035 2450 4090 collata.

1529 4135 1828 4193 JOANNIS
1869 4132 2149 4192 PICARDI
2187 4129 2414 4184 ΝΟΤλΕ.

388 4212 502 4287 (30)
543 4213 827 4287 Hergates:
868 4207 1318 4287 _Polydoro__lib.
1354 4209 1695 4287 _x1__Histor.
1756 4205 1922 4287 ἰᾼιιει.

320 4279 618 4340 Henricus.
639 4282 746 4338 Sed
777 4279 1148 4347 Malmes’berq
1175 4280 1417 4349 Honed.,
1440 4279 1722 4334 Matthaeus
1756 4279 1923 4342 Paris,

317 4371 450 4408 mss.
512 4354 730 4423 schedae
786 4353 1174 4423 episcoporum
1231 4349 1580 4420 Helyensium
1637 4349 1923 4405 certiorem

318 4425 528 4479 faciunt
557 4421 742 4487 fidem,
775 4421 896 4494 qua:
927 4421 1050 4477 eum
1084 4423 1375 4476 ﬁeretcum
1426 4422 1917 4494 vocan‘t.Primum
1949 4424 2000 4485 D

320 4495 421 4550 fuit
451 4490 825 4549 Bancoriensis
855 4495 1097 4560 antistes,
1144 4507 1429 4547 successor
1479 4491 1718 4556 Davidis,
1773 4490 1919 4545 illius

320 4565 535 4646 scilicet
555 4565 773 4646 egregii
804 4565 1190 4646 hyperaspista!
1217 4563 1443 4646 Henrici
1463 4563 1649 4646 Quinti
1679 4564 1922 4646 impera:

321 4638 483 4700 toris,
517 4637 588 4690 ob
604 4633 857 4706 iniquam
880 4633 883 4634 ⁷
906 4636 1326 4705 probrosamque
1391 4634 1662 4706 Paschalis
1700 4633 1922 4706 secundi

321 4724 484 4780 papae
534 4703 922 4780 captivitatem.
962 4707 1104 4780 _Era_t
1150 4703 1328 4780 autem
1389 4703 1812 4780 Bancor‘(unde
1869 4710 1923 4780 et

320 4773 720 4840 Bancoriensis,
748 4775 1128 4848 Bangoriensis
1149 4783 1201 4830 et
1218 4775 1574 4848 Bancorensis
1598 4773 1920 4848 formantur)

321 4858 573 4916 tempore
629 4844 884 4902 Britonis'
911 4847 1123 4911 civitas,
1183 4855 1236 4900 et
1292 4846 1503 4900 Arturo
1553 4861 1686 4916 rege
1762 4844 1923 4898 sedes

320 4919 606 4991 pontiticia
634 4919 688 4971 in
722 4917 943 4991 Wallia,
977 4917 1135 4991 tertia
1169 4921 1323 4991 parte
1374 4916 1566 4991 insulae
1587 4917 1924 4991 ⁸Βιίιιιιιιιὶίεξξι

321 4986 394 5044 ad
425 4990 736 5044 umbilicum
769 4989 960 5043 Galliae
990 4988 1102 5059 (qui
1144 4987 1361 5059 quidem
1407 4987 1556 5059 locus
1586 4987 1641 5059 in
1687 4986 1926 5041 Arnonia

322 5061 728 5115 Venedotarum
747 5061 926 5128 terra),
946 5057 1085 5113 haud
1109 5057 1344 5128 procula
1374 5057 1598 5126 trajectu
1629 5057 1682 5111 in
1714 5059 1927 5112 Monam

325 5131 562 5187 insulam
595 5127 1187 5186 Britannico’vocabulo
1209 5127 1303 5182 fuit
1319 5129 1625 5199 appellatus
1648 5129 1923 5199 Banchor,

325 5217 477 5258 nunc
506 5218 638 5259 vero
671 5202 922 5273 Bangora
948 5217 1041 5256 seu
1091 5198 1500 5273 Bancora.’lllic
1548 5205 1728 5273 autem
1770 5198 1925 5273 testi-

330 5274 518 5328 monio
548 5273 709 5328 Bedze
738 5270 832 5326 liti.
883 5290 922 5327 ιι
952 5273 1150 5326 llistor.
1183 5271 1381 5325 eccles.
1420 5270 1666 5341 Anglic.,
1718 5284 1841 5339 cap.
1872 5270 1926 5334 Ξ,

337 5345 522 5399 ﬂoruit
574 5344 882 5399 coenobium
939 5344 1169 5397 duorum
1225 5341 1455 5394 millium
1514 5342 1924 5404 monachorum,

381 5417 436 5468 ui
485 5415 762 5484 eptarcliia
804 5414 1152 5482 regebantur.
1185 5413 1356 5484 Divus
1387 5412 1696 5484 Bernardus
1727 5412 1781 5484 in
1806 5413 1926 5465 Vita

385 5528 399 5540 .
449 5481 723 5541 Malachia:
777 5486 1111 5556 copiosorem
1171 5483 1332 5537 fuisse
1383 5499 1612 5556 gregem
1667 5481 1923 5556 insinuat,

333 5557 544 5612 addens
574 5558 644 5612 ob
673 5553 934 5626 majorum
966 5558 1368 5626 primorumque
1387 5553 1681 5626 incolarum
1712 5553 1926 5626 sancti-

331 5635 499 5683 tatem
552 5627 722 5684 fuisse
759 5624 886 5684 'illic
940 5624 1214 5683 conditum
1270 5624 1565 5682 oratorium
1608 5624 1677 5679 ab
1727 5625 1926 5680 eodem

332 5698 617 5774 Malachia,
666 5706 719 5756 et
784 5698 1156 5756 inhabitatum.
1216 5696 1452 5756 Henrico
1509 5703 1690 5754 autem
1745 5695 1926 5768 primo

2037 4219 2168 4270 rege
2210 4217 2331 4256 cum
2365 4199 2482 4276 solo
2523 4214 2792 4276 aequatum
2838 4200 3038 4255 fuisset
3079 4200 3258 4276 locus
3283 4203 3624 4276 episcopatus

2034 4284 2090 4330 ut
2120 4287 2221 4329 nec
2251 4279 2395 4348 esset
2420 4271 2473 4348 in
2507 4286 2621 4348 quo
2652 4272 2944 4348 episcopus
2993 4272 3199 4348 pedem
3231 4271 3440 4348 figeret,
3471 4271 3626 4348 petiit

2032 4361 2063 4399 a
2094 4361 2226 4416 rege
2268 4342 2373 4397 sibi
2403 4342 2519 4416 dari
2563 4342 2957 4416 Lexoviensem
3005 4342 3319 4416 ecclesiam;
3353 4345 3432 4402 sic
3472 4342 3624 4403 enim

2033 4413 2232 4476 scribo,
2265 4429 2388 4486 non,
2410 4413 2840 4486 Luxovienscm,
2868 4420 2933 4486 ut
2957 4414 3166 4486 epistol.
3201 4417 3322 4486 175,
3352 4418 3472 4482 178,
3499 4421 3620 4486 179,

2035 4489 2157 4551 181,
2190 4487 2341 4549 Ivon,
2367 4485 2684 4540 Carnotens.
2717 4484 2976 4553 Alioquin
3024 4483 3158 4537 nihil
3186 4485 3376 4540 videas
3424 4483 3624 4544 discri-l

2027 4558 2188 4612 minis
2245 4557 2384 4610 inter
2454 4554 2738 4626 ecclesiam
2778 4625 2783 4626 7
2817 4555 3210 4626 Lexovienaem
3292 4558 3624 4626 pontiiiciam

2030 4628 2411 4700 Lugdunensis
2436 4625 2717 4700 _secun_daa
2772 4625 2826 4678 in
2882 4625 3227 4700 Neustriaet
3279 4625 3620 4700 Luxoviense

2029 4696 2355 4762 ctenohium,
2425 4696 2761 4752 Columbano
2824 4697 3366 4766 protocmnobiarcha
3421 4702 3623 4757 illustre

2031 4769 2306 4825 conditum
2337 4770 2388 4821 in
2424 4766 2753 4836 Burgundia,
2786 4782 2892 4820 non
2925 4766 2978 4818 in
3010 4766 3318 4836 Germania,
3353 4779 3408 4824 ιιι
3455 4776 3625 4828 sensit

2032 4841 2297 4896 ltohertus
2340 4839 2569 4894 Caenalis
2607 4837 2958 4892 Abrincatum
3008 4838 3313 4908 episcopus,
3349 4842 3442 4897 lib.
3474 4861 3511 4898 ιι
3542 4846 3622 4900 De

2032 4927 2094 4985 re
2122 4911 2354 4985 Gallica,
2384 4909 2817 4985 periochenona.
2847 4909 3211 4985 Bprgundiam
3233 4912 3374 4985 enim
3407 4930 3626 4985 semper

2033 4981 2225 5054 Gallici
2258 4981 2424 5054 fuisse
2447 4979 2587 5054 juris
2618 4978 2854 5054 Guillel._
2875 4978 3130 5054 Paradius
3158 4978 3623 5054 ostentlitcapflo

2033 5057 2114 5129 sui
2142 5053 2264 5107 libri
2299 5053 2377 5106 De
2407 5053 2628 5129 antiquo
2657 5058 2793 5129 statu
2824 5050 3174 5129 Burgundite:
3195 5075 3236 5129 _«
3291 5055 3430 5129 Cum
3461 5050 3626 5129 igitur

2033 5126 2104 5200 ob
2143 5139 2350 5200 causas
2403 5122 2472 5200 ab
2516 5121 2784 5200 _Anselm9
2842 5121 3082 5200 redditas
3123 5123 3240 5200 _(sic
3295 5125 3437 5180 enim
3481 5121 3623 5200 lego

2035 5195 2332 5251 factitatum
2391 5193 2458 5246 ab
2516 5193 2679 5246 Ivone
2735 5192 3052 5246 Carnotensi
3120 5193 3176 5248 in
3247 5192 3625 5255 transferendo

2037 5266 2281 5321 Gualone
2310 5266 2378 5337 ab
2418 5263 2668 5337 Ecclesia;
2688 5263 2992 5337 Bellovaca,
3025 5263 3110 5318 cui
3157 5272 3399 5323 sacratus
3427 5270 3621 5337 fuerat,

2035 5337 2104 5411 _a_d
2157 5336 2549 5411 Parisiensem.
2585 5335 2741 5404 epist.
2791 5335 2912 5400 169,
2947 5334 3321 5411 _juxta_fi_nem
3379 5349 3429 5393 et
3479 5334 3622 5411 171),

2037 5409 2297 5481 Herveeus
2354 5407 2741 5481 Lexoviensem
2798 5405 3345 5481 nequiret_obtinere
3405 5405 3622 5481 sedem,

2034 5479 2533 5550 Lincolniemiaque
2584 5477 2854 5550 dicacesis
2894 5475 3161 5550 longius
3193 5475 3621 5550 protenderetur,

2033 5550 2103 5603 ad
2133 5548 2480 5605 minuendam
2511 5547 2752 5619 episcOpi
2782 5562 2972 5619 curam
2998 5555 3052 5601 et
3096 5547 3360 5612 laborem,
3393 5547 3626 5610 concilio

2033 5621 2234 5686 habito,
2280 5635 2457 5675 novus
2511 5617 2818 5693 episcopus
2853 5617 3066 5693 positus
3123 5627 3204 5693 est
3256 5620 3313 5693 in
3362 5621 3627 5693 Helyensi

2032 5693 2306 5764 coenobio,
2351 5706 2500 5747 anno
2546 5687 2748 5748 Christi
2805 5687 2968 5760 1109,
3023 5689 3273 5746 Anselmi
3325 5687 3606 5765 postremo
