3998 6076
389 272 488 328 163

914 268 966 322 s.
1012 256 1321 321 ANSELMI
1362 266 1715 320 CANTUAII.
1763 253 2088 320 ARCIIIEP.
2137 266 2288 322 ore.
2332 269 2504 324 PARS
2545 268 2644 325 III.
2689 301 2762 311 -—
2798 271 3169 329 EPIS'I‘OL:E.

3591 270 3694 334 ist

393 393 652 453 constitui
699 407 990 464 ep'scopus
1018 390 1073 444 in
1112 388 1358 444 Ecclesia
1399 387 1721 444 Luxoviensi
1750 386 1830 444 °°°.
1873 390 1988 444 Hoc
2015 391 2071 453 Α
2098 392 2315 461 saeculi,
2350 394 2621 450 inimicus
2651 395 2750 451 Dei
2779 397 3151 454 constituitur
3179 397 3324 467 (Jac.
3359 416 3412 466 ν,
3457 402 3533 471 4).
3567 402 3697 456 Noli

393 485 577 555 utique
610 483 765 537 facile
796 480 914 534 fieri
962 495 1070 534 non
1110 477 1376 548 intelligo.
1427 477 1580 532 Sicut
1628 479 1774 532 enim
1814 477 1992 532 nullus

397 574 683 644 episcopus
713 569 914 625 sacrari
943 567 1102 621 debet
1131 566 1288 621 alicui
1321 565 1580 621 Ecclesiae
1611 565 1730 621 sine
1773 580 1992 621 assensu

397 670 448 717 et
479 660 708 717 consilio
739 654 1133 727 archiepisc0pi
1161 662 1213 709 et
1233 654 1463 708 aliorum
1492 653 1883 725 episcoporum
1917 662 1993 710 to-

397 751 504 804 tius
538 747 849 819 provinciae,
883 745 954 798 ita
995 743 1087 814 qui
1129 746 1373 797 sacratus
1419 750 1504 797 est
1544 742 1834 812 episcopus
1880 757 1991 798 non

396 845 572 908 potest
602 833 849 891 constitui
881 833 936 885 in
965 832 1071 886 alia
1099 831 1373 901 provincia
1403 831 1697 901 episcopus
1725 831 1990 887 canonice

395 927 511 981 sine
541 924 773 980 consilio
817 930 868 975 et
899 936 1128 975 assensu
1173 919 1564 990 archiepiscopi
1594 924 1650 974 et
1696 919 1990 990 episcopo-

392 1031 512 1069 rum
543 1013 786 1081 ejusdem
820 1008 1109 1078 provincia:
1134 1023 1264 1063 cum
1303 1009 1629 1062 auctoritate
1671 1007 1984 1078 apostolica,

391 1118 494 1158 nec
526 1102 641 1155 sine
671 1096 1013 1154 absolutione
1061 1095 1458 1166 archiepiscopi
1505 1103 1559 1150 et
1603 1096 1989 1166 episcOporum

390 1189 686 1263 provinciae
716 1188 771 1242 in
803 1202 910 1257 qua
943 1192 1188 1241 sacratus
1219 1193 1327 1238 est.
1383 1182 1517 1251 Quae
1557 1183 1820 1238 absolutio
1872 1183 1990 1238 fieri

393 1279 580 1351 nequit
627 1277 744 1331 sine
787 1289 989 1346 magna
1035 1280 1088 1328 et
1129 1272 1405 1328 communi
1463 1271 1896 1327 consideratione
1937 1279 1992 1327 et

390 1367 624 1426 consilio
654 1380 841 1420 eorum
875 1363 992 1417 sine
1023 1361 1222 1434 quibus
1252 1360 1583 1425 consecrari,
1615 1368 1673 1414 ut
1700 1359 1834 1427 dixi,
1882 1374 1990 1417 non

387 1458 601 1529 potuit;
650 1463 704 1510 et
754 1451 1001 1523 quamvis
1054 1450 1397 1520 epiSCOpatus
1446 1449 1567 1518 ejus
1616 1449 1692 1502 ita
1747 1448 1994 1504 videatur

391 1549 713 1608 destructus,
747 1551 804 1596 ut
835 1542 890 1594 in
921 1555 988 1595 eo
1017 1555 1237 1594 manere
1268 1554 1377 1593 non
1401 1537 1598 1609 possit.
1632 1537 1995 1608 Omnipotens

393 1640 542 1694 Deus
564 1633 766 1704 dirigat
795 1645 894 1688 vos
926 1630 981 1683 in
1008 1631 1107 1684 hac
1125 1636 1177 1683 et
1197 1628 1252 1682 in
1281 1627 1404 1681 aliis
1436 1627 1744 1682 actionibus
1774 1626 1989 1688 vestris.

391 1729 588 1782 Amen.

815 1824 1164 1882 EPISTOLA
1197 1824 1444 1879 CXXVII
1465 1821 1551 1877 ⁵⁵⁷.

603 1947 847 1991 ANSELMI
876 1948 946 1986 AD
979 1945 1244 1986 MABILIAM
1274 1944 1782 1985 SANCTISIONIALEM.

397 2050 462 2108 Ut
475 2045 581 2105 Deo
601 2047 827 2102 sacrata
844 2041 1212 2098 saecularium
1229 2037 1514 2095 abstineat
1537 2035 1984 2095 conuersatione.

457 2177 760 2230 ANSBLMUS
804 2164 1262 2235 archiepiscOpus,
1305 2161 1430 2218 tilia:
1472 2178 1584 2218 suae
1632 2160 1983 2226 charissima,

387 2257 786 2319 sanctimoniali
847 2256 1119 2321 Mutuus,
1165 2252 1392 2307 salutem
1449 2258 1503 2305 et
1551 2249 1988 2306 benedictionem

389 2352 508 2416 Dei,
543 2358 594 2404 et
625 2362 801 2402 suam.

460 2439 638 2511 Diligo
669 2445 740 2504 te,
772 2441 826 2490 et
856 2448 922 2489 eo
952 2429 1115 2487 modo
1146 2445 1254 2502 quo
1285 2428 1457 2501 diligo
1503 2427 1742 2484 animam
1783 2442 1985 2495 meam,

388 2529 558 2601 diligo
587 2525 746 2582 etiam
778 2531 946 2577 tuam.
976 2521 1153 2575 Meam
1174 2526 1351 2573 autem
1383 2517 1572 2589 diligo,
1593 2525 1651 2571 ut
1679 2516 1735 2570 in
1757 2515 1860 2572 hac
1881 2515 1988 2571 vita

391 2625 660 2676 mereatur
710 2611 818 2666 frui
863 2611 980 2663 Deo
1029 2616 1081 2663 et
1125 2608 1179 2660 in
1216 2607 1400 2660 futura
1442 2606 1551 2659 vita
1600 2605 1842 2671 fruatur;
1884 2605 1989 2659 hoc

393 2723 542 2771 amo,
573 2711 626 2758 et
655 2699 906 2754 desidero
924 2697 992 2751 de
1020 2703 1093 2750 te.
1125 2693 1473 2763 Quapropter
1501 2693 1692 2747 hortor
1713 2699 1764 2746 et
1795 2706 1988 2747 moneo

391 2807 465 2864 te,
498 2794 634 2850 sicut
662 2789 827 2843 ﬁliam
856 2783 1251 2848 charissimam,
1283 2790 1340 2836 ut
1371 2796 1477 2836 non
1507 2779 1796 2836 delecteris
1823 2796 1989 2835 szecu-

386 2883 618 2948 laribus,
646 2878 774 2951 quia
809 2887 971 2929 nemo
1020 2879 1195 2943 potest
1226 2870 1457 2941 diligere
1504 2868 1663 2923 simul
1694 2878 1744 2923 et
1770 2867 1830 2895 ⁸⁶⁸
1876 2885 1988 2925 δω-

390 2972 592 3031 cularia
619 2978 672 3023 et
720 2974 921 3021 aeterna
951 2962 1112 3016 bona.
1146 2959 1285 3014 Nolo
1332 2967 1382 3013 te
1408 2973 1590 3012 amare
1637 2956 1986 3012 saecularium

388 3057 880 3120 conversationem,
911 3050 1005 3104 sed
1035 3046 1406 3104 claustralem.
1455 3046 1606 3100 Nihil
1639 3045 1733 3099 tibi
1763 3053 1817 3100 et
1861 3047 1988 3101 huic

2099 495 2283 536 amare
2314 480 2735 538 familiaritatem
2781 484 3144 553 saecularium,
3178 487 3302 558 quia
3351 497 3551 560 quanto
3583 506 3694 544 ma-

2097 568 2186 641 gis
2214 568 2323 624 illis
2352 571 2456 626 eris
2485 572 2708 642 propria
2726 573 3000 628 voluntate
3023 575 3490 644 familiaris,tanto
3517 579 3696 633 minus

2098 657 2205 712 eris
2235 659 2350 714 Deo
2380 667 2432 714 et
2463 659 2827 716 familiaribus
2856 662 2976 731 ejus
3004 662 3217 734 angelis
3237 664 3539 722 familiaris.
3573 668 3698 724 Non

2097 744 2176 800 sis
2204 747 2436 802 sollicita
2458 747 2729 804 notificari
2758 750 2812 803 in
2842 751 3060 817 saeculo,
3093 752 3221 820 quia
3249 751 3309 780 “’
3342 761 3486 808 tanto
3517 757 3696 827 magis

2096 835 2239 891 dicet
2269 836 2363 890 tibi
2398 837 2574 892 Deus:
2608 839 2728 893 Non
2760 839 2886 894 novi
2920 848 2987 894 te.
3022 840 3134 895 Soli
3162 842 3280 896 Deo
3310 841 3558 899 desidera
3582 847 3691 916 pla-

2097 938 2253 979 cere:
2315 924 2490 980 solam
2536 927 2732 995 Deum,
2766 935 2818 982 et
2854 944 2977 999 quae
3005 927 3066 956 “°
3113 937 3164 985 te
3212 930 3284 984 ad
3326 931 3427 987 hoc
3481 933 3695 1004 juvent,

2095 1013 2420 1082 concupisce
2449 1029 2814 1086 cognoscere.
2854 1017 2934 1071 Illi
2966 1025 3018 1072 te
3061 1018 3302 1088 quotidie
3339 1022 3688 1078 commenda.

2096 1101 2179 1154 Illi
2209 1109 2280 1167 te,
2313 1111 2569 1173 quantum
2599 1104 2654 1158 in
2685 1120 2773 1158 me
2803 1110 2905 1170 est,
2937 1108 3282 1164 commendo.
3307 1110 3436 1180 Ipse
3462 1115 3616 1182 regat
3635 1119 3688 1167 et

2096 1189 2295 1262 dirigat
2322 1199 2378 1246 et
2407 1192 2672 1247 custodiat
2701 1200 2752 1248 te
2783 1209 3015 1265 semper.
3048 1198 3238 1251 Amen.

2389 1307 2555 1376 413
2601 1307 2943 1364 EPISTOLA
2983 1311 3258 1366 CXXVIII
3297 1311 3385 1367 θοι,

2201 1409 2446 1450 ΑΝδεωιι
2485 1411 2553 1449 ΑΙ)
2593 1413 2913 1452 ΜΑτιιιιυΑΜ
2953 1414 3208 1455 REGINAM
3253 1415 3583 1459 ANGLORUM.

2097 1485 2174 1539 De
2195 1485 2421 1541 homine
2438 1485 2543 1541 sibi
2560 1486 2748 1560 ignoto
2772 1489 3163 1544 testimonium
3194 1490 3486 1560 perhibere
3521 1509 3691 1549 recu—

2481 1560 2591 1623 sat,
2624 1558 2754 1612 licet
2779 1575 2810 1612 α
2835 1560 3031 1629 regina
3050 1558 3307 1630 rogatus.

2169 1642 2416 1700 Domina:
2445 1652 2498 1698 et
2529 1643 2653 1700 filiae
2683 1646 3012 1702 charissima:
3042 1649 3366 1717 Marinum,
3392 1653 3572 1721 gratia
3594 1651 3698 1708 Dei

2015 1745 2071 1806 Β
2100 1731 2355 1805 gloriosa:
2367 1734 2570 1804 regina:
2585 1733 2912 1806 Anglorum,
2933 1731 3700 1812 Ansamusarchiepiscopus

2097 1837 2220 1876 cum
2253 1820 2399 1877 ﬁdeli
2428 1821 2670 1888 servitio,
2705 1820 2893 1878 fideles
2939 1826 3217 1881 orationes
3239 1870 3251 1894 ,
3284 1834 3337 1882 et
3378 1829 3554 1901 gratia
3600 1829 3708 1885 Dei

2095 1909 2152 1964 in
2183 1911 2281 1965 hac
2307 1911 2417 1966 vita
2447 1919 2497 1966 et
2529 1911 2581 1966 in
2615 1911 2794 1968 futura
2825 1927 3043 1984 semper
3076 1916 3342 1986 gaudere.

2167 1999 2334 2054 Lator
2359 2000 2712 2068 praesentium
2760 2000 2951 2056 detulit
2996 2003 3127 2058 mihi
3177 2005 3416 2077 sigillum
3455 2015 3696 2061 vestrum

2097 2101 2221 2144 cum
2250 2087 2446 2142 litteris
2477 2105 2547 2144 ex
2577 2097 2757 2145 vestra
2788 2099 2960 2160 parte,
2994 2106 3115 2161 quae
3145 2094 3275 2148 mihi
3317 2095 3700 2165 significabant

2096 2191 2193 2232 vos
2221 2176 2360 2232 velle
2390 2185 2446 2231 ut
2473 2177 2594 2246 ejus
2623 2177 2847 2233 infamia
2877 2195 3127 2236 mearum
3175 2181 3476 2238 litterarum
3531 2184 3697 2240 testi-

2095 2263 2279 2320 monio
2308 2265 2719 2336 propelleretur,
2752 2275 2976 2339 prepter
2992 2269 3281 2340 quamdam
3313 2272 3697 2342 purgationem

2096 2369 2260 2425 quam
2319 2353 2544 2423 fecerat,
2599 2362 2649 2410 et
2698 2364 2754 2411 ut
2797 2371 2919 2412 mea
2963 2357 3350 2416 intercessione
3397 2373 3426 2414 a
3477 2358 3698 2416 domino

2095 2457 2218 2498 meo
2249 2458 2378 2515 rege
2397 2453 2736 2516 recuperaret
2755 2445 2903 2518 quod
2925 2446 3043 2516 ejus
3057 2445 3344 2515 justitione
3364 2447 3696 2520 perdiderat.

2094 2530 2440 2587 Voluntatem
2498 2531 2716 2602 quidem
2769 2537 3010 2590 vestram
3073 2551 3173 2590 nec
3211 2535 3386 2592 debeo
3426 2553 3526 2592 nec
3568 2539 3697 2593 volo

2094 2629 2442 2676 contemnere
2470 2635 2483 2689 ;
2518 2620 2616 2676 sed
2646 2629 2822 2677 certus
2852 2639 2976 2678 sum
3000 2623 3066 2677 de
3096 2622 3434 2696 benignitate
3463 2626 3692 2682 celsitu-

2094 2709 2237 2764 dinis
2270 2717 2485 2777 vestrae,
2506 2709 2630 2781 quia
2651 2725 2750 2765 vos
2771 2726 2880 2766 non
2909 2711 3071 2766 vultis
3100 2729 3187 2768 me
3211 2713 3369 2768 aliter
3394 2713 3689 2786 quidquam

2096 2812 2254 2866 quam
2285 2805 2553 2867 oporteret
2585 2797 2784 2853 facere.
2818 2798 2931 2854 Scit
2954 2800 3140 2870 utique
3178 2801 3463 2873 prudentia
3513 2811 3692 2859 vestra

2093 2886 2218 2957 quia
2248 2902 2356 2940 non
2385 2887 2615 2957 pertinet
2661 2887 2729 2941 ad
2776 2903 2862 2942 me
2895 2890 3254 2945 testimonium
3288 2891 3577 2962 perhibere
3623 2892 3693 2947 de

2092 2974 2177 3028 his
2203 2991 2323 3046 quae
2352 2991 2452 3031 nec
2483 2975 2592 3031 vidi
2623 2991 2722 3032 nec
2753 2977 2971 3044 audivi;
3021 2979 3118 3034 sed
3160 2979 3225 3034 ad
3259 2995 3353 3034 eos
3386 2979 3482 3052 qui
3531 2981 3690 3036 vide-

2094 3072 2244 3118 runt:
2273 3079 2374 3120 nec
2416 3081 2598 3119 meum
2629 3075 2710 3121 est
2742 3082 2838 3137 pro
2882 3082 2946 3122 eo
2986 3069 3142 3138 cujus
3190 3069 3353 3123 vitam
3408 3077 3461 3123 et
3509 3084 3689 3125 mores

389 3108 722 3120 πων-π-
871 3108 879 3118 ,
2274 3108 2374 3120 ..νυ
2417 3108 2598 3119 mw...
2629 3108 2710 3121 νυ.
2743 3108 2836 3137 ,ην
2882 3108 2945 3122 νυ
2986 3108 3142 3138 νυν-υ
3408 3108 3461 3123 κ.
3509 3108 3689 3125 ..ωηο

387 3148 618 3206 mundo.
653 3144 710 3200 Si
741 3142 821 3197 vis
849 3155 969 3195 esse
1001 3137 1262 3191 "101130113
1294 3139 1349 3189 εἴ
1373 3149 1576 3204 3130053
1607 3134 1726 3228 Πεξῆ
1747 3133 1834 3188 dic
1856 3148 1984 3228 cum
2016 3108 2065 3172 Ο
2094 3152 2308 3224 ignoro,
2334 3151 2691 3220 intercedere,
2723 3163 2780 3209 ut
2808 3169 2872 3209 ea
2903 3169 3022 3225 quae
3069 3155 3320 3226 jussione
3364 3157 3522 3228 regia
3559 3174 3690 3228 per-

385 3241 544 3296 beato
576 3232 742 3290 Paulo
772 3226 1021 3300 apostolo
1046 3241 1058 3280 :
1091 3225 1224 3280 Mihi
1253 3231 1500 3279 mundus
1528 3223 1842 3292 cruciﬁxus
1874 3226 1981 3290 est,

387 3332 444 3386 et
484 3343 577 3398 ego
614 3320 825 3377 mundo
871 3315 1024 3387 (Gal.
1074 3331 1152 3383 v1,
1186 3313 1309 3384 14);
1353 3319 1548 3384 reputa
1596 3312 1782 3366 omnia
1821 3311 1983 3381 hujus

385 3414 575 3472 mundi
627 3407 937 3466 transitoria
995 3411 1251 3474 tanquam
1302 3405 1566 3468 stercora,
1607 3416 1729 3454 cum
1787 3402 1982 3454 eodem

385 3501 668 3577 Apostolo.
701 3498 835 3553 Filia
864 3509 1004 3559 mea,
1038 3492 1092 3546 in
1123 3506 1230 3561 quo
1261 3489 1478 3561 indiges
1508 3488 1729 3543 visitare
1767 3487 1982 3559 aliquos

387 3595 725 3667 propinquos
754 3585 918 3641 tuos?
948 3583 1080 3637 Cum
1113 3579 1216 3650 ipsi
1249 3578 1396 3633 nullo
1427 3577 1590 3632 modo
1621 3585 1816 3667 egeant
1845 3593 1981 3632 con-

387 3665 508 3738 silio
565 3687 617 3735 et
664 3675 863 3731 auxilio
909 3679 1018 3735 tuo,
1070 3684 1170 3723 nec
1202 3675 1254 3721 tu
1286 3667 1505 3736 aliquod
1553 3665 1838 3720 consilium
1890 3671 1984 3721 aut

385 3769 646 3827 auxilium
676 3761 912 3833 accipies
944 3758 1012 3812 ab
1043 3757 1153 3810 illis
1195 3754 1262 3809 ad
1299 3755 1637 3825 propositum
1673 3762 1723 3808 et
1761 3753 1980 3824 profes-

383 3863 592 3914 sionem
622 3863 788 3916 luam,
823 3847 968 3918 quod
1007 3860 1116 3899 non
1146 3843 1397 3898 invenias
1439 3843 1492 3895 in
1523 3842 1769 3896 claustro
1820 3841 1978 3897 Divi-

383 3963 504 4004 sum
535 3950 616 4000 est
644 3937 985 4013 propositum
1017 3932 1139 3988 vitae
1186 3940 1290 3986 tuae
1317 3946 1352 3985 a
1393 3930 1810 3986 conversatione
1848 3930 1975 3987 illo-

380 4053 520 4092 rum.
551 4034 665 4088 Nec
693 4029 772 4083 illi
802 4025 931 4080 fient
961 4029 1184 4094 prOpter
1213 4025 1267 4074 te
1316 4018 1586 4087 monachi,
1620 4036 1721 4075 nec
1749 4027 1806 4075 tu
1845 4020 1971 4076 red-

379 4127 482 4182 ibis
509 4127 730 4194 propter
758 4131 851 4171 eos
883 4113 952 4167 ad
982 4109 1291 4166 swcularem
1324 4108 1510 4164 vitam.
1544 4107 1686 4176 Quid
1717 4125 1870 4181 ergo,
1902 4109 1978 4164 di-

379 4217 516 4270 lecta
547 4225 688 4277 mea,
721 4207 776 4260 in
806 4205 922 4258 Deo
956 4201 1051 4255 tibi
1081 4208 1135 4254 et
1163 4198 1304 4262 illis;
1337 4197 1384 4251 si
1415 4213 1520 4252 nec
1549 4205 1604 4252 tu
1635 4198 1832 4268 prodes
1870 4199 1975 4254 illis

377 4304 445 4359 ad
475 4302 636 4358 vitam
671 4310 831 4369 quam
862 4295 1176 4363 sequuntur,
1210 4303 1309 4342 nec
1340 4286 1416 4340 illi
1444 4286 1544 4340 tibi
1583 4287 1652 4340 ad
1683 4287 1788 4342 hoc
1827 4287 1974 4359 quod

375 4393 612 4450 maxime
639 4385 808 4442 debes
838 4379 1109 4450 diligere?
1141 4377 1198 4432 Si
1227 4374 1331 4446 ipsi
1360 4374 1547 4430 volunt
1579 4382 1630 4430 te
1662 4375 1842 4431 videre
1881 4381 1974 4431 aut

2091 3241 2320 3310 diderat,
2355 3250 2655 3313 recuperet.
2691 3244 2889 3299 Precor
2934 3244 3116 3316 itaque
3146 3253 3201 3300 ut
3232 3245 3485 3316 benigna:
3523 3246 3689 3302 celsi-

2093 3330 2266 3385 tudini
2295 3340 2489 3388 vestrae
2516 3347 2626 3387 non
2655 3331 2933 3403 displiceat
2965 3333 3090 3404 quia
3119 3334 3309 3391 dubito
3340 3335 3520 3390 facere
3545 3333 3690 3407 quod

2089 3417 2332 3491 intelligo
2363 3419 2430 3474 ad
2461 3436 2548 3475 me
2577 3435 2682 3476 non
2713 3421 2987 3492 pertinere
3018 3420 3100 3476 ⁸⁸’.
3154 3421 3516 3494 Omnipotens
3545 3424 3693 3479 Deus

2089 3521 2190 3563 sua
2218 3523 2318 3565 vos
2359 3508 2737 3566 benedictione
2785 3511 3004 3566 assidue
3052 3519 3305 3584 protegat
3352 3519 3403 3567 et
3461 3511 3688 3584 dirigat.

2088 3600 2288 3653 Amen.

2590 3681 2929 3744 EPISTOLA
2969 3685 3217 3744 CXXIX.

2195 3791 2433 3831 ANSELMI
2472 3789 2545 3830 AD
2583 3792 2884 3832 HELGOTUM
2924 3793 3172 3832 ΑΒΒΑΤΕΜ
3213 3793 3258 3833 S.
3303 3791 3570 3833 AUDOENI.

2095 3866 2208 3934 Quo
2224 3871 2387 3938 pacto
2406 3882 2492 3921 res
2505 3865 2608 3938 sibi
2630 3865 2689 3919 in
2706 3866 2988 3938 VAngliam
3012 3882 3231 3938 reverso
3251 3865 3494 3922 habeant
3513 3880 3687 3938 empo-

2369 3939 2460 3992 nit
2489 3936 2670 3992 amico
2695 3936 2754 3991 id
2769 3937 2985 3992 sciendi
3007 3937 3394 4008 cupidissimo.

2157 4026 2478 4092 ANSELML'S,
2527 4041 2714 4080 servus
2746 4023 3037 4081 Eccclesiaa
3079 4025 3501 4090 Cantuariensis,
3554 4039 3686 4080 vero

2085 4112 2285 4169 dilecto
2341 4113 2590 4170 dilectori
2646 4128 2764 4178 suo,
2825 4113 3137 4170 venerando
3190 4114 3378 4170 abbati
3446 4112 3682 4168 coenobii

2085 4202 2267 4258 Sancti
2313 4202 2586 4268 Audoeni,
2627 4201 2912 4268 IIchoro,
2943 4201 3208 4274 quidquid
3254 4202 3451 4258 melius
3508 4201 3685 4257 amico

2081 4290 2382 4345 desiderari
2412 4295 2608 4362 potest.

2153 4379 2324 4434 Verus
2354 4379 2554 4435 amicus
2583 4394 2802 4451 semper
2828 4379 3093 4438 sollicitus
3111 4387 3194 4437 est
3226 4381 3292 4437 de
3323 4393 3453 4438 vero
3481 4380 3680 4451 amico,

378 4489 540 4554 egent
569 4477 751 4547 aliquo
781 4471 941 4526 modo
971 4465 1202 4525 consilio
1236 4474 1326 4518 tuo
1357 4471 1450 4518 aut
1475 4463 1701 4531 auxilio,
1754 4465 1969 4554 veniant
2000 4464 2049 4529 [ι
2080 4465 2218 4523 sicut
2242 4468 2310 4523 de
2362 4485 2424 4523 se
2471 4469 2662 4535 altero,
2695 4477 2752 4523 ut
2792 4467 2927 4524 sciat
2973 4486 3095 4542 quae
3143 4487 3271 4542 erga
3324 4469 3478 4525 illum
3533 4479 3680 4538 sunt,

374 4552 445 4626 ad
464 4579 535 4636 te,
559 4566 684 4636 quia
705 4562 809 4616 illis
832 4560 958 4614 licet
979 4555 1170 4628 vagari
1196 4562 1249 4608 et
1275 4552 1577 4608 discurrere
1607 4569 1708 4623 per
1729 4553 1966 4622 diversa,

373 4669 430 4718 tu
461 4657 572 4713 noli
603 4655 680 4708 ire
711 4651 779 4705 ad
811 4664 924 4718 eos,
956 4646 1080 4716 quia
1112 4643 1207 4698 tibi
1237 4657 1346 4698 non
1378 4641 1505 4696 licet
1536 4642 1694 4697 exire
1724 4642 1792 4697 de
1811 4642 1969 4697 clau-

375 4758 509 4816 stro,
563 4742 665 4798 nisi
697 4755 762 4796 ea
792 4735 1119 4792 necessitate
1168 4747 1334 4804 quam
1365 4730 1512 4785 Deus
1543 4738 1785 4786 testetur.
1817 4731 1962 4799 Noli,

373 4839 483 4894 ﬁlia
511 4847 654 4901 mea,
685 4827 796 4884 noli
825 4839 1010 4881 amare
1051 4821 1331 4890 saeculum,
1364 4820 1490 4890 quia
1536 4821 1756 4876 amicus
1793 4821 1964 4892 hujus

2081 4566 2347 4628 quatenus
2381 4564 2472 4612 aut
2502 4556 2864 4628 congaudeat,
2913 4567 3005 4613 aut
3049 4558 3433 4628 compatiatur,
3474 4575 3680 4616 secun-

2077 4645 2205 4700 dum
2235 4646 2379 4716 quod
2409 4653 2554 4700 sunt.
2586 4645 2649 4700 Et
2679 4661 2801 4699 cum
2832 4645 3010 4701 nullus
3041 4656 3186 4701 amet
3230 4647 3498 4715 dolorem,
3530 4648 3677 4704 miro

2076 4740 2258 4788 tamen
2297 4734 2458 4789 modo
2498 4733 2543 4788 si
2591 4740 2677 4789 est
2719 4733 2862 4789 unde
2912 4734 3314 4790 condolendum
3359 4735 3447 4804 sit,
3488 4735 3667 4808 magis

2076 4829 2252 4878 tamen
2298 4822 2578 4879 desiderat
2627 4821 2734 4878 hoc
2790 4822 2952 4892 scire,
3011 4830 3068 4879 ut
3124 4823 3432 4892 condoleat,
3503 4840 3668 4894 quam

1631 4972 1869 5029 VARIzE
1906 4972 2212 5030 LECTION
2219 4973 2332 5028 ES.

438 5105 823 5172 l""Leitoviensi
867 5119 970 5159 ms.
1010 5098 1361 5157 Luxoviensi.
1395 5098 1680 5157 “7Collata
1709 5117 1839 5172 cum
1886 5098 2078 5157 eodem
2119 5116 2224 5155 ms.
2256 5097 2564 5172 “'Diligere
2590 5107 2655 5172 Aet
2682 5116 2802 5172 gms.
2837 5099 3068 5172 diligere
3099 5098 3283 5172 silmul
3317 5095 3664 5172 ettgf’ﬂ‘ioti-

366 5168 712 5256 ficari—quia
756 5172 1162 5256 msunotitieari
1207 5174 1262 5227 in
1291 5173 1511 5254 saeculo,
1545 5174 1690 5245 quia.
1723 5170 1784 5199 ⁶⁸⁰
1814 5173 1874 5228 Ei
1907 5189 2028 5243 quae
2067 5187 2174 5227 ms.
2206 5187 2270 5227 ea
2320 5168 2466 5243 quae.
2505 5168 2794 5228 “‘Collata
2838 5168 2970 5229 cuni
3013 5168 3204 5230 eodem
3252 5188 3356 5228 ms.
3389 5168 3548 5228 “’Ad
3579 5181 3666 5227 me

365 5245 639 5337 pertinere
667 5267 779 5307 ms.
820 5247 893 5302 ad
923 5261 1010 5301 me
1041 5261 1149 5300 non
1181 5245 1476 5317 pertinere.

1559 5342 1856 5400 JOANNIS
1914 5341 2199 5400 PICARDI
2235 5338 2460 5398 NOTAE.

363 5482 578 5542 Ilenrici
608 5475 752 5548 regis
781 5471 877 5526 1X.
909 5468 1006 5552 Est
1036 5484 1172 5552 vero.
1200 5469 1360 5552 IIelys
1407 5469 1574 5552 (unde
1604 5477 1656 5524 et
1699 5469 1952 5552 lIclyensi

360 5541 700 5612 monasterio"
747 5545 965 5606 nomen)
1034 5541 1211 5597 insula
1274 5543 1342 5596 ad
1408 5550 1650 5596 austrum
1717 5542 1945 5610 Angliae.

362 5611 611 5683 dulcibus
659 5618 814 5690 aquis
865 5613 1193 5670 circumfusa
1239 5613 1378 5669 intra
1429 5612 1622 5667 limites
1669 5611 1951 5667 Cantabris

2051 5469 2254 5548 giensis
2277 5471 2578 5548 comitatus,
2613 5466 3067 5548 q_uem_IIervaaus
3114 5465 3431 5548 impetravit
3458 5474 3515 5548 ut
3549 5462 3660 5523 sibi

2051 5539 2392 5664 fiosterisque
2423 5547 2562 5596 esset
2609 5539 2827 5596 abunde
2855 5555 2966 5610 quo
3014 5539 3254 5597 viverent
3284 5539 3511 5596 honeste
3551 5555 3658 5610 pro

2053 5619 2345 5684 (ignitate.
2400 5635 2420 5662 ιι
