4010 6064
259 253 371 312 165

265 466 408 520 mihi
439 474 620 522 vestra
648 464 863 520 dilectio
889 465 1033 520 scire
1063 472 1260 520 statum
1291 482 1497 535 meum,
1527 474 1582 522 et
1611 467 1871 539 quidquid

264 554 407 610 mihi
435 554 524 623 sit,
555 565 613 609 ut
658 552 1110 623 quemadmodum
1157 569 1251 609 cor
1287 570 1474 609 meum
1523 571 1646 610 sese
1691 555 1747 609 in
1783 571 1871 611 me

267 643 459 708 habet,
491 643 561 696 ita
591 651 642 698 et
669 657 762 697 cor
793 650 1029 698 vestrum
1061 657 1158 712 pro
1199 658 1283 696 me
1325 659 1448 698 sese
1480 643 1693 699 habeat.
1725 645 1870 700 Gra-

266 731 346 786 tia
377 732 474 786 Dei
503 731 843 801 disponente,
886 738 939 785 et
985 731 1175 787 vestris
1217 739 1272 786 et
1308 731 1540 787 aliorum
1589 749 1870 789 servorum

266 820 376 874 Dei
410 819 710 876 amicorum
757 827 1064 875 nostrorum
1109 820 1460 875 orationibus
1517 821 1871 892 suffraganti-

267 909 396 978 bus,
427 909 487 963 in
515 908 772 980 Angliam
814 924 988 978 nuper
1015 923 1276 963 reversus
1314 925 1429 963 sum
1475 927 1486 963 :
1519 925 1642 966 cum
1674 927 1874 983 magno

267 997 479 1069 gaudio
501 1005 556 1053 et
582 998 808 1061 honore,
848 1005 1106 1066 quantum
1153 997 1208 1050 in
1253 998 1565 1053 hominibus
1614 999 1731 1066 fuit,
1780 1017 1874 1054 su-

266 1095 488 1157 sceptus
515 1103 629 1140 sum
663 1102 696 1140 a
741 1085 1038 1154 majoribus
1087 1093 1138 1140 et
1181 1087 1499 1152 minoribus,
1555 1104 1587 1142 a
1635 1088 1874 1158 praelatis

266 1184 323 1230 et
353 1174 608 1228 subditis.
648 1174 805 1242 Quod
851 1174 1080 1228 audistis
1129 1176 1260 1246 quia
1298 1175 1552 1231 dominus
1581 1192 1736 1232 meus
1767 1192 1870 1232 rex

267 1264 405 1319 mihi
435 1263 842 1320 commendavit
869 1279 1107 1333 regnum
1137 1280 1316 1329 suum,
1359 1272 1412 1318 et
1441 1265 1630 1320 omnia
1666 1283 1780 1334 sua,
1815 1274 1874 1321 ut

268 1352 520 1409 voluntas
557 1367 680 1406 mea
708 1351 762 1405 in
790 1351 1047 1406 omnibus
1078 1368 1200 1421 qua:
1247 1369 1347 1408 sua
1394 1362 1535 1420 sunt,
1570 1353 1743 1422 fieret,
1775 1372 1876 1411 ve-

267 1457 393 1496 rum
444 1447 550 1494 est.
601 1441 661 1493 In
711 1455 819 1509 quo
873 1439 1267 1511 benignitatem
1317 1443 1618 1497 voluntatis
1664 1460 1776 1500 sua:
1823 1452 1877 1499 et

267 1545 530 1601 magnam
561 1528 904 1584 dilectionem
933 1544 1084 1584 suam
1103 1545 1238 1600 erga
1266 1547 1352 1586 me
1382 1532 1722 1587 monstravit.
1767 1533 1875 1588 Sed

268 1617 532 1690 quoniam
563 1618 821 1688 scriptum
852 1627 931 1673 est
959 1636 972 1672 :
1002 1619 1206 1674 Omnia
1234 1620 1378 1675 mihi
1403 1622 1600 1688 licent,
1633 1622 1729 1677 sed
1759 1638 1874 1678 non

268 1709 468 1764 omnia
497 1709 810 1779 expediunt
847 1709 891 1776 (Ι
937 1709 1056 1764 Cor.
1096 1723 1174 1775 vr,
1225 1712 1348 1777 12');
1383 1719 1432 1764 et
1462 1710 1591 1764 alibi
1621 1729 1634 1764 :
1669 1711 1874 1767 Omnia

267 1797 420 1852 mihi
453 1798 649 1862 licent,
680 1795 780 1852 sed
803 1813 915 1853 non
945 1798 1137 1853 omnia
1155 1797 1444 1867 ludiﬁcant
1471 1801 1518 1868 (Ι
1539 1799 1659 1855 Cor.
1679 1817 1735 1868 x,
1757 1802 1870 1870 23),

266 1902 379 1942 non
411 1894 542 1957 puto
573 1902 694 1941 esse
742 1886 874 1940 mihi
921 1886 1211 1942 consilium
1258 1896 1316 1942 ut
1362 1888 1568 1960 aliquid
1618 1906 1878 1961 magnum

267 1975 452 2030 adhuc
480 1990 579 2046 per
607 1991 696 2030 me
738 1983 944 2030 tentare
990 1975 1263 2046 incipiam,
1310 1977 1408 2032 sed
1451 1992 1577 2032 cum
1610 1979 1753 2034 Deus
1783 1995 1880 2034 sua

265 2064 448 2135 gratia
479 2079 664 2135 regem
717 2064 876 2119 nobis
918 2081 1043 2120 cum
1086 2081 1149 2120 ea
1198 2065 1342 2121 bona
1390 2065 1665 2122 voluntate
1715 2082 1880 2138 quam

262 2152 538 2224 intelligo,
571 2153 866 2221 reduxerit,
897 2169 1058 2224 spero
1094 2153 1224 2226 quia
1265 2155 1410 2209 Deus
1453 2171 1552 2210 sua
1581 2156 1754 2228 gratia
1783 2172 1881 2226 per

267 2242 421 2297 illum
453 2241 508 2296 ia
538 2242 695 2297 nobis
724 2243 1041 2312 operabitur
1085 2244 1250 2298 multa
1293 2244 1361 2298 ad
1408 2245 1667 2300 honorem
1700 2262 1883 2308 suum,

267 2331 417 2386 unde
449 2331 816 2402 gaudeamus.
852 2331 1165 2387 Secundum
1208 2333 1354 2404 quod
1399 2334 1683 2389 varietates
1713 2335 1879 2406 hujus

267 2421 464 2475 saeculi
490 2421 826 2489 permittunt,
856 2422 1040 2476 omnia
1069 2423 1201 2476 mihi
1227 2423 1349 2477 etin
1372 2438 1598 2493 corpore
1615 2425 1742 2478 etin
1759 2426 1878 2480 aliis

270 2510 468 2574 rebus,
499 2510 614 2565 Deo
657 2510 840 2577 dante,
883 2525 1151 2581 prOSpera
1197 2520 1340 2578 sunt,
1391 2521 1587 2583 praeter
1629 2514 1876 2584 corporis

270 2599 699 2654 imbecillitatem
751 2614 916 2670 quam
965 2600 1206 2669 quotidie
1241 2601 1371 2654 milii
1403 2617 1650 2658 crescere
1680 2603 1874 2660 sentio.

274 2688 488 2743 Omnes
516 2687 624 2743 illa:
674 2687 1101 2755 benedictiones,
1154 2705 1287 2758 quas
1333 2690 1465 2744 mihi
1493 2692 1660 2746 oratis
1700 2693 1758 2746 in
1788 2692 1876 2747 lit-

273 2777 409 2830 teris
438 2776 655 2842 vestris,
707 2776 925 2830 veniant
979 2777 1142 2831 etiam
1195 2793 1357 2848 super
1399 2787 1562 2849 caput
1606 2788 1864 2835 vestrum.

276 2865 471 2920 Saluto
502 2865 692 2919 ﬁ'atres
711 2869 949 2932 nostros,
980 2865 1370 2922 dilectissimos
1400 2866 1542 2924 ﬁlios
1572 2878 1799 2938 vestros,
1823 2877 1877 2924 et

273 2961 333 3007 ut
364 2969 636 3010 memores
664 2953 776 3008 mei
805 2953 932 3021 sint,
963 2969 1080 3010 oro.

729 3095 1074 3154 EPISTOLA
1105 3098 1310 3155 CXXX
1339 3097 1419 3154 ⁸⁸³.

393 3237 639 3278 ΑΝΞΕιΜΙ
668 3239 740 3278 AD
767 3239 892 3292 P...,
922 3239 1228 3280 MONACHUI
1255 3240 1300 3281 S.
1336 3240 1566 3280 MARTINI
1603 3239 1769 3282 SAGII.

276 3367 561 3440 Monac/ti
587 3367 1027 3439 Hierosolymam
1065 3369 1149 3424 ire
1192 3371 1493 3440 cogitanti:
1539 3369 1883 3426 desiderium

354 3437 658 3514 improbat,
681 3437 858 3514 juxta
880 3441 1177 3511 apostolici
1199 3437 1576 3508 sententiam,
1609 3457 1778 3514 quam
1815 3441 1884 3496 ab

353 3525 417 3564 eo
447 3511 562 3578 ipse
593 3512 879 3565 audierat.

361 3617 686 3682 Axsawus,
719 3632 909 3671 servus
937 3615 1205 3673 Ecclesiae
1233 3617 1656 3685 Cantuariensis,
1688 3617 1885 3674 dilecto

285 3702 441 3757 fratri
475 3703 554 3771 P.,
614 3705 882 3760 monacho
944 3706 1180 3760 cmuobii
1221 3707 1402 3762 Sancti
1460 3708 1666 3764 Martini
1712 3707 1884 3779 Sagii,

285 3792 539 3859 salutem,
601 3799 654 3848 et
703 3795 886 3866 gratia
936 3794 1034 3848 Dei
1096 3811 1313 3866 semper
1367 3795 1531 3868 dirigi
1575 3805 1627 3852 et
1683 3812 1883 3852 conso-

282 3879 411 3936 lari.

355 3969 554 4040 Audio,
598 3969 770 4027 amice
813 3970 872 3999 ⁸⁶⁴
917 3972 988 4026 mi
1031 3971 1370 4037 eharissime,
1422 3975 1552 4045 quia
1601 3973 1882 4030 desideras

283 4059 384 4114 ira:
416 4060 866 4131 Hierosolymam.
917 4061 1073 4116 Unde
1117 4061 1171 4116 in
1219 4062 1408 4132 primis
1458 4063 1580 4118 dico
1619 4064 1714 4118 tibi
1762 4063 1888 4133 quia

281 4165 395 4203 non
427 4156 507 4202 est
532 4149 632 4203 hoc
662 4148 989 4204 desiderium
1035 4157 1184 4204 tuum
1231 4167 1295 4205 ex
1335 4151 1474 4206 bona
1505 4161 1680 4222 parte,
1715 4167 1886 4221 neque

282 4237 356 4292 ad
388 4236 615 4292 salutem
648 4237 842 4292 animae
883 4245 1003 4292 tum.
1039 4239 1134 4291 Est
1183 4239 1327 4292 enim
1376 4247 1564 4295 contra
1594 4239 1887 4310 professio-

282 4342 411 4381 nem
444 4339 607 4392 tuam,
658 4343 766 4398 qua
803 4327 1094 4397 promisisti
1140 4328 1489 4384 stabilitatem
1535 4344 1722 4384 coram
1773 4328 1887 4383 Deo

282 4414 342 4468 in
373 4414 724 4483 monasterio,
755 4415 810 4468 in
849 4431 955 4485 quo
1003 4415 1243 4470 habitum
1289 4417 1539 4472 monachi
1585 4417 1880 4488 accepisti;

284 4514 337 4559 et
369 4512 451 4558 est
497 4511 686 4559 contra
740 4503 1022 4573 apostolici
1071 4504 1457 4570 obedientiam,
1503 4505 1594 4577 qui
1624 4504 1886 4576 praecepit

281 4607 487 4662 magna
516 4592 833 4646 auctoritate
863 4609 957 4644 sua
989 4608 1056 4647 ne
1089 4593 1341 4648 monachi
1392 4593 1534 4650 hanc
1565 4596 1708 4648 viam
1744 4593 1888 4648 arri-

281 4697 416 4750 pere
474 4686 878 4750 prmsumerent,
941 4679 1046 4733 nisi
1091 4679 1272 4752 aliqua
1320 4697 1552 4752 persona
1610 4682 1884 4754 religiosa,

284 4785 407 4838 qua:
436 4767 584 4821 utilis
612 4776 753 4822 esset
787 4767 853 4822 ad
896 4768 1193 4839 regendam
1236 4770 1540 4824 Ecclesiam
1576 4771 1672 4826 Dei
1705 4779 1758 4826 et
1789 4773 1886 4827 do-

282 4857 518 4914 cendum
550 4857 828 4927 populum,
862 4863 911 4910 et
955 4858 1058 4910 hoc
1107 4873 1212 4912 non
1259 4858 1366 4912 nisi
1396 4857 1622 4914 consilio
1672 4866 1723 4914 et
1753 4860 1883 4914 obe-

283 4945 492 4999 dientia
539 4944 764 5015 prmlati.
811 4946 929 5015 Ego
986 4963 1228 5016 praesens
1276 4946 1424 5001 adfui
1470 4948 1686 5018 quando
1732 4948 1887 5002 istam

285 5034 616 5088 sententiam
649 5033 983 5104 apostolicus
1007 5034 1389 5106 promulgavit.
1426 5035 1519 5089 Est
1555 5037 1718 5090 etiam
1751 5053 1887 5092 con-

284 5131 371 5178 tra
401 5122 767 5178 obedientiam
797 5121 1018 5176 abbatis
1051 5121 1146 5192 tui,
1177 5124 1334 5192 cujus
1364 5123 1618 5180 voluntas
1646 5125 1746 5182 hoc
1775 5125 1890 5182 odit

288 5219 342 5268 et
375 5219 707 5282 exsecratur,
741 5212 878 5267 sicut
905 5211 1208 5283 periculum
1237 5212 1431 5269 anima:
1463 5221 1586 5270 tua).

1489 252 1620 309 ue.
1663 255 1751 324 m,
1787 251 2008 313 nexsr.
2048 256 2330 314 cxxxn.

261 376 544 449 ignorare,
579 381 643 431 ut
672 374 805 430 nihil
836 374 1043 431 doleat.
1081 375 1367 431 Desiderat
1397 375 1594 432 dilecta
1619 386 1670 433 et
1690 377 1866 434 dulcis
1895 381 1953 442 Α

3465 263 3574 333 ίϐσ

2455 383 2794 444 EPISTOLA
2821 391 3080 450 CXXXI.

1978 485 2282 528 PASCIIALIS
2310 488 2350 527 ιι
2379 488 2530 528 PAPE
2568 491 2638 529 AD
2667 493 2972 536 GERARDUM
3011 498 3410 546 EBORACBNSEM
3447 508 3568 548 EPI-

2651 581 2864 624 SCOPUM
2877 610 2890 623 .

1986 649 2055 705 Ut
2079 649 2411 718 ﬁdelitatem
2440 667 2541 725 pro
2569 656 2809 797 antjgua
2834 663 3266 785 tconsueludine
3307 671 3569 730 Anselmo

2703 745 2826 784 acta
2867 771 2882 787 .

2703 745 2882 787 αειίιι.

2054 809 2362 865 ΡΑδοιιΑιιε
2394 810 2710 884 episc0pus,
2744 833 2936 874 servus
2963 839 3240 881 servorum
3271 829 3390 896 Dei,
3414 848 3576 889 vene-

1983 897 2142 952 rabili
2172 898 2320 988 fratri
2351 899 2641 967 Germano,
2676 905 3007 964 Eboracensi
3038 914 3312 988 episeopo,
3346 919 3576 977 salutem

1984 995 2038 1041 et
2068 987 2422 1056 apostolicam
2453 989 2911 1054 benedictionem.

2057 1073 2382 1144 Quanquam
2413 1093 2580 1146 prave
2611 1080 2894 1140 adversum
2925 1104 3042 1158 nos,
3074 1099 3175 1148 etc.
3228 1094 3356 1152 Vide
3375 1098 3434 1154 in
3466 1101 3574 1156 Pa-

1983 1162 2166 1218 δείραιὶ
2204 1163 2268 1232 ΙΙ,
2299 1165 2369 1219 ad
2389 1183 2484 1220 an.
2516 1171 2676 1223 1118.

2301 1272 2472 1340 414
2509 1289 2846 1348 EPISTOLA
2891 1295 3148 1354 cxxxn
3180 1300 3260 1360 δσδ.

2125 1392 2364 1432 ANSELMI
2395 1393 2466 1432 AD
2494 1394 2868 1436 ALBXANDRL'M
2897 1400 3187 1448 εί]οΤοΗοΜ
3218 1411 3427 1455 REGE”.

2094 1484 2438 1541 Gratulatur
2466 1487 2583 1557 regi
2611 1487 2673 1541 in
2701 1494 3003 1560 paternum
3033 1499 3238 1556 solinm
3264 1513 3466 1564 evrclo.

2056 1574 2414 1641 ALBXANDRO,
2435 1575 2613 1646 gratia
2634 1577 2731 1630 Dei
2763 1578 3048 1637 Scotorum
3082 1589 3215 1660 regi,
3249 1593 3573 1668 ANSELML’S,

1983 1675 2177 1715 servus
2227 1661 2488 1717 Ecclesize
2535 1664 2952 1735 Cantuariensis,
2999 1675 3246 1746 salutem,
3289 1693 3339 1736 et
3386 1661 3576 1742 fideles

1986 1749 2278 1892 orationes,
2312 1757 2362 1804 et
2393 1751 2822 1810 benedictionem
2853 1757 2973 1826 Dei,
3005 1770 3058 1817 et
3105 1781 3281 1838 suam,
3315 1781 3576 1844 quantum

1986 1854 2053 1892 va
2078 1844 2147 1892 et.

1986 1844 2147 1893 valet.

2059 1926 2276 1982 Gratias
2307 1928 2521 2002 agimus
2560 1931 2674 1987 Deo
2705 1930 2783 2000 ⁸⁸⁸,
2820 1943 2873 1990 et
2915 1941 3215 2010 gaudemus
3255 1963 3360 2020 ego
3391 1959 3440 2008 et
3471 1960 3583 2011 tota

1987 2017 2346 2088 congregatio
2402 2019 2660 2075 Ecclesiae
2717 2022 2916 2079 Christi
2969 2017 3393 2104 Cantuariensis,
3453 2043 3580 2114 quia

1989 2105 2132 2159 Deus
2164 2121 2259 2160 vos
2291 2107 2346 2160 in
2378 2124 2603 2178 regnum
2635 2119 2920 2180 paternum
2951 2117 3296 2180 hazreditario
3318 2127 3441 2193 jure
3460 2105 3583 2200 post

1988 2192 2211 2248 fratrem
2244 2203 2478 2250 vestrum
2512 2197 2840 2266 snblimavit,
2875 2207 2929 2258 et
2960 2207 3086 2275 quia
3117 2226 3213 2266 vos
3243 2192 3481 2272 moribus
3499 2219 3580 2274 di-

1989 2283 2116 2354 gnis
2147 2299 2320 2354 regno
2350 2284 2648 2340 decoravit.
2684 2288 2790 2344 Pro
2820 2289 2982 2348 fratre
3032 2305 3231 2368 vestro,
3266 2303 3362 2371 qui
3393 2315 3582 2365 sancte

1987 2371 2223 2428 vivendo
2253 2374 2450 2427 meruit
2481 2381 2536 2428 ut
2565 2375 2632 2430 de
2658 2375 2761 2432 hac
2803 2380 2912 2435 vita
2940 2381 3085 2439 bono
3124 2385 3230 2443 fine
3260 2393 3580 2451 misericor-

1987 2459 2073 2514 dia
2105 2460 2202 2554 Dei
2233 2461 2496 2528 transiret,
2528 2462 2663 2518 sicut
2693 2481 2790 2536 pro
2835 2468 3031 2526 dilecto
3074 2473 3332 2534 dilectore
3371 2492 3578 2554 nostro,

1987 2549 2286 2603 secundum
2318 2551 2636 2621 petitionem
2667 2564 2931 2624 vestram,
2963 2574 3182 2618 oramus
3229 2575 3280 2621 et
3310 2549 3581 2627 orabimus

1984 2647 2041 2691 ut
2072 2638 2218 2693 Deus
2250 2639 2446 2694 animae
2491 2639 2635 2694 illius
2678 2642 2868 2712 gloriae
2917 2665 3026 2703 suae
3065 2667 3183 2706 cum
3225 2655 3410 2712 electis
3457 2662 3578 2718 suis

1984 2726 2241 2798 gaudium
2273 2735 2532 2782 mternum
2563 2730 2780 2796 tribuat,
2816 2741 2868 2787 et
2897 2743 3156 2794 aeternam
3189 2742 3578 2806 beatitudinem

1984 2815 2259 2870 concedat.
2294 2815 2418 2872 Scio
2442 2818 2570 2887 quia
2612 2819 2876 2876 celsitudo
2923 2836 3101 2882 vestra
3149 2847 3327 2888 meum
3354 2845 3498 2892 amat
3526 2847 3580 2895 et

1983 2903 2257 2959 desiderat
2286 2905 2598 2960 consilium.
2645 2910 2704 2962 In
2745 2910 2933 2980 primis
2977 2913 3146 2986 igitur
3190 2936 3284 2976 oro
3326 2923 3494 2980 Deum
3522 2935 3582 2983 ιιι

1980 2991 2096 3062 ipse
2128 3007 2225 3048 vos
2253 2993 2429 3048 sancti
2461 2995 2544 3048 sui
2593 2995 2821 3066 Spiritus
2851 3001 3024 3072 gratia
3056 3005 3134 3060 sic
3177 3007 3392 3080 dirigat,
3445 3023 3498 3069 et
3522 3016 3579 3070 in

1903 3111 1953 3177 ο
1981 3081 2232 3136 omnibus
2286 3082 2492 3137 actibus
2534 3085 2731 3140 vestris
2777 3088 3071 3146 consilium
3116 3097 3391 3167 attribuat,
3425 3111 3479 3158 ut
3511 3104 3581 3158 ad

1985 3186 2217 3242 regnum
2245 3170 2464 3226 caeleste
2503 3181 2621 3240 post
2672 3173 2811 3229 hanc
2854 3177 3017 3233 vitam
3067 3197 3164 3237 vos
3207 3188 3476 3256 perducat
3496 3191 3579 3250 ⁵⁸⁷.

1981 3259 2238 3314 Nostrum
2267 3267 2448 3314 autem
2475 3261 2759 3316 consilium
2791 3273 2946 3319 estut
2979 3267 3222 3326 timorem
3257 3275 3355 3331 Dei
3385 3287 3438 3334 et
3477 3280 3581 3337 bo-

1985 3363 2085 3402 nos
2115 3363 2177 3403 ac
2207 3347 2498 3420 religiosos
2529 3365 2730 3417 mores,
2764 3368 2898 3422 quos
2943 3355 2996 3409 in
3028 3358 3396 3420 adolescentia
3425 3376 3478 3422 et
3507 3370 3578 3424 ab

1981 3435 2206 3490 infantia
2236 3437 2475 3506 cmpistis
2523 3437 2723 3494 habere
2753 3439 2833 3508 ⁸⁸³,
2880 3443 3001 3512 ipso
3049 3448 3356 3521 adjuvante,
3405 3470 3438 3510 a
3469 3473 3578 3528 quo

1984 3525 2295 3596 accepistis,
2329 3525 2588 3581 studentis
2632 3535 2839 3584 tenere.
2873 3530 3027 3588 Tunc
3058 3536 3199 3590 enim
3248 3538 3387 3598 bene
3417 3525 3580 3618 reges

1982 3617 2213 3687 regnant
2241 3631 2362 3670 cum
2408 3617 2707 3671 secundum
2757 3617 3086 3677 voluntatem
3144 3625 3244 3682 Dei
3288 3617 3503 3701 vivunt,
3527 3641 3583 3690 et

1985 3703 2222 3761 serviunt
2251 3711 2303 3759 et
2332 3705 2383 3758 in
2419 3705 2643 3770 timore;
2677 3714 2730 3761 et
2757 3723 2874 3762 cum
2907 3725 3070 3781 super
3091 3715 3305 3786 seipsos
3327 3731 3579 3794 regnant,

1986 3809 2086 3849 nec
2115 3793 2339 3849 sevitiis
2366 3794 2674 3863 subjiciunt,
2710 3794 2802 3850 sed
2848 3795 3065 3854 illorum
3110 3793 3580 3875 importunitatem

1985 3879 2252 3972 constanti
2275 3878 2595 3972 fortitudine
2617 3891 2892 3952 superant.
2937 3887 3057 3942 Non
3089 3891 3232 3947 enim
3272 3909 3585 3972 repugnant

1984 3968 2040 4023 in
2071 3985 2205 4040 rege
2237 3969 2496 4024 virtutum
2529 3973 2841 4027 constantia
2871 3982 2923 4028 et
2954 3975 3215 4036 fortitudo
3246 3968 3584 4057 regiaiQui-

1987 4057 2112 4112 dam
2141 4058 2282 4112 enim
2317 4074 2493 4129 reges,
2528 4058 2666 4113 sicut
2692 4061 2886 4130 David,
2939 4072 2988 4118 et
3018 4077 3203 4124 sancte
3235 4071 3498 4146 vixerunt,
3533 4085 3586 4134 et

1987 4146 2249 4218 populum
2282 4146 2386 4200 sibi
2419 4147 2766 4202 commissum
2791 4166 2911 4204 cum
2933 4153 3366 4226 rigorejustitim
3397 4173 3449 4219 et
3469 4166 3586 4236 pie-

1988 4236 2110 4290 tatis
2140 4235 2576 4303 mansuetudine,
2607 4238 2904 4293 secundum
2953 4243 3098 4312 quod
3144 4263 3231 4301 res
3269 4235 3583 4321 exigit,ire-

1989 4333 2204 4379 xerunt.
2239 4325 2328 4379 Sic
2358 4341 2453 4380 vos
2483 4325 2733 4381 exhibete
2753 4335 2807 4381 ut
2837 4329 2963 4382 mali
2993 4346 3090 4386 vos
3123 4333 3344 4392 timeant
3373 4348 3425 4393 et
3455 4341 3584 4398 boni

1992 4429 2090 4471 vos
2119 4413 2368 4486 diligant,
2399 4421 2451 4468 ct
2480 4423 2535 4468 ut
2565 4415 2666 4471 vita
2697 4421 2875 4472 vestra
2918 4434 3144 4488 semper
3187 4423 3299 4479 Deo
3347 4426 3580 4499 placeat,

1995 4518 2214 4574 semper
2243 4519 2395 4557 mens
2423 4511 2607 4559 vestra
2627 4503 2917 4558 vindictam
2942 4507 3206 4563 malorum
3229 4520 3278 4566 et
3298 4518 3584 4583 praemium

1994 4591 2262 4647 bonorum
2295 4601 2414 4664 post
2437 4593 2574 4647 hanc
2605 4593 2764 4649 vitam
2794 4595 3060 4650 memoria
3105 4599 3350 4658 retineat.
3385 4605 3586 4662 Omni-

1995 4691 2188 4753 potens
2217 4683 2368 4737 Deus
2402 4696 2500 4736 vos
2532 4690 2585 4736 et
2613 4696 2800 4736 omnes
2829 4683 3072 4739 actiones
3102 4698 3311 4745 vestras
3341 4695 3474 4750 nulli
3496 4696 3590 4752 alii

1998 4787 2159 4842 quam
2191 4787 2302 4825 sua:
2332 4770 2436 4841 pia:
2467 4769 2803 4840 dispositioni
2852 4773 3168 4830 committat.
3219 4779 3300 4834 De
3330 4781 3587 4842 fratribus

1997 4859 2192 4914 nostris
2222 4875 2356 4928 quos
2389 4859 2441 4911 in
2487 4857 2725 4913 Scotiam
2763 4861 3059 4916 secundum
3103 4865 3433 4926 voluntatem
3465 4874 3589 4929 fra-

2000 4948 2093 5002 tris
2123 4948 2304 5013 vestri,
2339 4947 2429 5019 qui
2460 4947 2527 5001 de
2549 4946 2735 5002 labore
2768 4948 2926 5018 hujus
2945 4951 3086 5020 vitae,
3124 4953 3266 5011 sicut
3295 4959 3584 5031 credimus,

1997 5039 2067 5092 ad
2110 5037 2354 5108 requiem
2413 5035 2673 5104 transivit,
2719 5037 2985 5107 misimus,
3043 5039 3437 5115 benignitatem
3493 5070 3592 5108 ve-

1997 5135 2167 5182 stram
2195 5140 2388 5197 rogare
2430 5141 2650 5180 necesse
2694 5142 2804 5181 non
2844 5128 3170 5202 putavimus,
3221 5137 3347 5207 quia
3387 5138 3590 5201 bonam

1997 5216 2326 5271 voluntatem
2357 5220 2592 5271 vestram
2625 5228 2732 5269 non
2763 5213 3102 5287 ignoramus.
3545 5217 3549 5222 '

1561 5395 1802 5454 V’ARliE
1830 5395 2239 5456 LECTIONES.

367 5517 429 5548 ”‘
465 5520 842 5611 Collatancum
873 5520 1190 5611 comparata.
1263 5517 1322 5550 “‘
1353 5523 1565 5611 Audivi,
1600 5525 1774 5607 amice
1803 5541 1908 5581 ms.
1934 5525 2342 5611 audio,.amice.
2491 5528 2855 5611 Qollata‘cum
2877 5530 3070 5588 eodem
3091 5551 3197 5592 ms,
3259 5531 3317 5564 ⁶⁴⁶
3338 5540 3460 5611 Ago
3478 5535 3593 5599 Deo

293 5607 404 5647 me.
435 5592 651 5663 agimus
683 5592 795 5650 Deo
808 5631 821 5650 .

942 5589 1001 5620 ⁸⁸⁷
1035 5593 1212 5648 Vitam
1245 5597 1508 5666 perducat
1539 5589 1646 5652 ms.
1679 5599 1843 5654 vitam
1874 5613 1971 5655 vos
2000 5597 2287 5668 perducat.

2399 5593 2458 5627 ⁵⁸⁸
2491 5602 2717 5673 (ζωρὶειὶ
2748 5602 2945 5659 habere
2972 5613 3075 5660 ms.
3109 5607 3340 5676 carpistis
3369 5593 3594 5672 Faber;-
