4036 6072
488 250 588 304 16Ἷ

918 370 1253 425 EPISTULA
1290 365 1654 424 CXXXIII”.

523 476 760 519 ANSELMI
790 476 860 514 AD
881 473 1179 514 ROBERTUM
1209 473 1277 512 ET
1307 470 1554 511 SOBORES
1583 471 1653 511 ΕΤ
1682 471 1860 510 FILIAS
1890 472 2042 513 SUAS.

491 553 737 608 Petitam
768 550 951 605 mittit
978 547 1456 609 exhortationem,
1478 561 1599 615 qua:
1626 561 1720 599 eas
1740 545 1815 598 ad
1837 545 1976 601 bene
1995 548 2082 601 vi-

559 625 802 678 vendum
830 619 1119 674 accendat.
1155 619 1218 674 Ut
1247 618 1447 672 bonam
1491 617 1551 670 in
1581 617 1840 671 omnibus
1871 616 2079 672 volun-

560 699 738 749 tatem
786 691 1028 745 habeant
1060 707 1076 740 :
1107 692 1169 742 ut
1207 691 1566 758 importunus
1614 688 1982 758 cogitationes
2025 691 2081 743 et

556 767 744 819 motus
785 760 1206 816 involuntarios
1245 758 1650 813 contemnendo
1697 759 1921 814 vincere
1952 763 2080 814 stu-

555 836 750 899 deant,
772 848 843 887 ne
873 832 990 886 illis
1023 829 1458 902 perturbentur.

551 927 874 985 Ansamus,
907 917 1375 988 archiepiscopus,
1407 916 1582 972 amico
1628 923 1683 972 et
1725 914 1833 972 ﬁlio
1863 917 2078 973 charis-

481 1013 622 1068 simo
651 1012 936 1075 Rosea'ro,
969 1015 1022 1062 et
1051 1006 1328 1061 sororibus
1359 1014 1412 1060 et
1457 1005 1672 1060 ﬁliabus
1701 1005 1817 1060 suis
1845 1006 2079 1062 dilectis-

479 1101 628 1156 simis
657 1100 807 1164 Ssrr,
849 1099 990 1152 EDIT
1046 1102 1099 1150 et
1148 1095 1344 1158 ant'r,
1403 1094 1659 1148 Levant!
1715 1091 1798 1161 ⁸⁷⁸,
1852 1095 2073 1162 Vmerr,

486 1189 688 1254 GODIT,
721 1188 971 1253 salutem,
1018 1191 1071 1239 et
1115 1182 1548 1239 benedictionem
1579 1182 1678 1237 Dei
1725 1190 1780 1238 et
1824 1199 1998 1252 suam,
2029 1186 2078 1241 si

481 1277 612 1348 quid
639 1275 800 1332 valet.

547 1364 776 1421 Gaudeo
807 1369 858 1419 et
875 1361 1077 1436 gratias
1105 1376 1211 1433 ago
1242 1362 1358 1418 Deo
1388 1360 1456 1416 de
1488 1367 1674 1416 sancto
1704 1358 1986 1430 proposito
2020 1360 2075 1414 et

477 1457 667 1512 sancta
697 1452 1108 1508 conversatione
1141 1466 1306 1524 quam
1347 1450 1577 1505 invicem
1614 1449 1827 1504 habetis
1856 1448 1911 1502 in
1940 1447 2076 1502 dile-

476 1545 656 1600 ctione
681 1541 780 1597 Dei
812 1548 865 1596 et
894 1541 1019 1596 vitae
1068 1540 1375 1605 sanctitate,
1427 1538 1566 1595 sicut
1605 1536 1776 1593 didici
1817 1552 1917 1608 per
1957 1536 2073 1590 fra-

479 1640 620 1688 trem
650 1638 704 1686 et
747 1629 915 1684 ﬁlium
945 1636 1192 1684 nostrum
1247 1626 1618 1683 Guillelmnm.
1674 1625 1847 1682 Poscit
1891 1631 2074 1680 vestra

1018 244 1075 300 S.
1116 244 1424 300 ANSELMI
1463 243 1807 299 CANTUAR.
1838 244 2164 300 ARCllIEP.
2205 245 2368 302 OPP.
2414 248 2590 305 PARS
2631 251 2820 306 III.-
2855 253 3232 312 EPISTOLE.

3684 267 3786 319 168

2109 370 2167 431 Α
2195 369 2331 426 lium
2363 373 2510 446 quod
2536 374 2694 429 vobis
2725 375 2794 431 do
2823 376 3105 450 intelligite
3143 390 3195 436 et
3225 389 3420 438 tenete.
3461 383 3638 440 Nolite
3665 384 3784 440 liti-

2189 477 2323 532 gare
2351 479 2471 517 cum
2502 465 2772 532 perversis
2801 468 3224 537 cogitationibus
3253 473 3340 526 vel
3382 488 3640 543 perversa
3678 491 3782 531 vo-

2189 549 2412 617 luntate,
2455 553 2551 606 sed
2604 567 2728 608 cum
2791 556 2950 610 vobis
2997 557 3209 615 infestae
3259 569 3402 628 sunt,
3444 562 3623 632 aliqua
3667 563 3789 619 utili

2189 639 2520 712 cogitatione
2567 650 2622 696 et
2667 643 2950 700 voluntate
3011 657 3249 704 mentem
3293 658 3561 717 vestram,
3607 652 3788 708 donec

2190 737 2538 796 evanescant,
2582 731 2793 787 fortiter
2834 744 3112 806 occupate.
3157 739 3446 810 Nunquam
3485 739 3630 795 enim
3681 756 3787 796 ex-

2188 815 2408 886 pellitur
2436 818 2505 874 de
2533 820 2696 875 corde
2721 822 2974 893 cogitatio
3004 825 3091 880 vel
3121 827 3391 896 voluntas,
3426 828 3525 882 nisi
3557 828 3663 884 alia
3678 845 3783 885 co-

2189 904 2450 976 gitatione
2480 914 2534 962 et
2563 908 2664 962 alia
2698 909 2977 966 voluntate
3019 929 3140 984 quas
3168 915 3275 969 illis
3317 931 3425 972 non
3469 917 3781 973 concordat.

2188 993 2278 1049 Sic
2307 994 2477 1066 igitur
2506 1011 2608 1051 vos
2637 998 2831 1054 habete
2858 999 2929 1054 ad
2974 1000 3190 1058 inutiles
3231 1003 3584 1074 cogitationes
3607 1014 3659 1061 et
3689 1023 3783 1062 vo-

2186 1080 2441 1149 luntates,
2485 1092 2543 1139 ut
2585 1089 2698 1142 toto
2741 1087 2862 1142 nisu
2907 1090 3248 1146 intendenda
3291 1092 3361 1147 ad
3402 1093 3581 1160 utiles,
3626 1110 3781 1150 mens

2185 1179 2370 1226 vestra
2398 1172 2725 1246 dedignetur
2754 1192 2849 1232 eas
2878 1178 3069 1234 saltem
3098 1181 3380 1236 recordari
3405 1181 3489 1237 vel
3506 1183 3776 1253 aspicere.

2186 1261 2320 1314 Cum
2352 1268 2533 1316 autem
2561 1263 2722 1319 vultis
2752 1280 2926 1333 orare,
2959 1275 3052 1322 aut
3095 1269 3332 1340 aliquam
3370 1270 3568 1326 bonam
3597 1272 3779 1328 medi-

2187 1348 2447 1404 tationem
2497 1351 2774 1408 intendere
2809 1354 2854 1408 si
2902 1356 3059 1411 vobis
3101 1365 3232 1414 tunc
3277 1358 3601 1428 importunae
3653 1364 3780 1415 sunt

2182 1438 2540 1510 cogitationes
2569 1456 2704 1510 quas
2747 1457 2854 1496 non
2904 1443 3116 1499 debetis
3159 1447 3453 1517 suscipere,
3498 1463 3779 1519 nunquam

2182 1534 2405 1598 propter
2423 1527 2638 1583 illarum
2668 1529 3130 1599 importunitatem
3177 1534 3382 1590 bonum
3427 1537 3571 1606 quod
3597 1537 3776 1593 inca:-

2181 1615 2359 1685 pistis,
2393 1616 2573 1672 velitis
2598 1617 2887 1688 dimittere,
2911 1636 2979 1676 ne
3011 1621 3302 1693 instigator
3331 1623 3551 1679 illarum
3581 1625 3778 1682 diabo-

479 1723 643 1778 chara
670 1718 805 1774 mihi
833 1718 1070 1786 dilectio,
1100 1716 1224 1772 ﬁliae
1250 1716 1602 1782 charissima,
1633 1723 1692 1770 ut
1720 1714 1955 1786 aliquam
1979 1729 2072 1769 νο-
2099 1726 2154 1786 Β
2185 1703 2270 1758 lus
2289 1704 2524 1776 gaudeat
2554 1722 2683 1776 qum
2713 1722 2808 1762 vos
2837 1722 2870 1762 a
2897 1708 3042 1764 bono
3073 1711 3310 1782 incoepta
3339 1711 3470 1768 facit
3507 1711 3774 1778 deﬁcere;

477 1809 564 1865 bis
593 1809 828 1864 scribam
853 1806 1280 1862 admonitionem
1310 1821 1432 1874 quae
1454 1820 1550 1860 vos
1572 1803 1766 1859 doceat
1796 1811 1847 1858 et
1876 1817 2073 1858 accen-

477 1898 574 1954 dat
601 1899 671 1954 ad
702 1898 844 1952 bene
874 1895 1200 1958 vivendum;
1237 1893 1484 1964 quamvis
1514 1893 1793 1948 vobiscum
1825 1891 2074 1947 habeatis

477 1987 736 2043 dilectum
766 1984 932 2039 ﬁlium
963 1991 1213 2038 nostrum
1259 1982 1572 2046 Robortum,
1604 1981 1691 2035 cui
1720 1981 1865 2035 Deus
1896 1979 2074 2049 inspi-

475 2074 620 2131 ravit
647 2082 705 2129 ut
734 2073 904 2129 vestri
949 2086 1134 2128 curam
1181 2071 1483 2126 secundum
1529 2070 1705 2125 Deum
1754 2068 1967 2136 habeat,
2019 2074 2076 2122 et

477 2179 577 2221 vos
631 2162 892 2234 quotidie,
952 2160 1184 2233 qualiter
1234 2160 1420 2216 vivere
1470 2157 1740 2224 debeatis,
1797 2157 1964 2212 verbo
2020 2163 2076 2210 et

474 2251 732 2323 exemplo
760 2250 1010 2306 edoceat.
1059 2247 1333 2317 Quoniam
1382 2255 1565 2302 tamen
1593 2252 1799 2303 sanctae
1827 2245 2075 2317 petitioni

473 2349 694 2410 vestrm,
723 2339 770 2394 si
800 2339 928 2409 quid
956 2353 1202 2410 possum,
1248 2337 1437 2392 fovere
1483 2336 1674 2404 debeo,
1709 2349 1890 2407 pauca
1916 2333 2074 2390 vobis

472 2438 658 2488 vestro
683 2427 1048 2500 competentia
1076 2425 1348 2482 desiderio
1378 2425 1618 2481 scribere
1644 2425 1882 2480 tentabo.
1923 2424 2072 2478 Filia;

472 2517 823 2584 charissima,
858 2515 1035 2572 omnis
1083 2515 1223 2571 actio
1273 2512 1580 2582 laudabilis,
1612 2513 1727 2569 sive
1768 2514 2070 2584 reprehen-

475 2605 672 2671 sibilis,
705 2622 774 2660 ex
805 2605 1082 2660 voluntate
1111 2604 1280 2658 habet
1309 2601 1525 2657 laudem
1559 2601 1647 2657 vel
1675 2601 2070 2672 reprehensio-

473 2710 623 2751 nem.
671 2695 753 2748 Ex
790 2693 1067 2748 voluntate
1097 2706 1332 2761 namque
1363 2694 1443 2745 est
1474 2689 1629 2745 radix
1657 2699 1709 2746 et
1742 2689 2070 2759 principium

473 2783 752 2839 actionum
783 2797 902 2851 quae
950 2787 1075 2834 sunt
1118 2779 1173 2833 in
1219 2787 1404 2834 nostra
1451 2782 1758 2850 potestate;
1791 2786 1845 2833 et
1886 2777 1932 2832 si
1960 2792 2072 2833 non

472 2886 764 2943 possumus
807 2867 951 2940 quod
1007 2867 1279 2934 volumus,
1321 2866 1593 2936 jndicatur
1649 2874 1833 2921 tamen
1881 2882 2070 2922 coram

470 2960 588 3015 Deo
616 2957 986 3030 unusquisque
1015 2956 1084 3012 de
1116 2956 1330 3027 propria
1360 2955 1664 3010 voluntate.
1698 2956 1878 3010 Nolite
1905 2955 2071 3026 igitur

471 3047 828 3105 considerare
877 3054 1080 3100 tantum
1120 3045 1250 3116 quid
1296 3043 1492 3113 facitis,
1539 3043 1634 3099 sed
1685 3043 1812 3115 quid
1857 3043 2065 3113 velitis;

470 3151 582 3192 non
611 3143 814 3190 tantum
847 3150 970 3205 quae
999 3141 1118 3187 sunt
1143 3148 1312 3204 opera
1352 3141 1534 3188 vestra
1567 3140 1826 3204 quantum
1857 3148 1976 3202 quae
2002 3132 2070 3187 sit

470 3224 727 3280 voluntas
755 3231 957 3278 vestra.
992 3221 1181 3278 Omnis
1208 3221 1349 3276 enim
1393 3221 1532 3277 actio
1566 3237 1684 3292 quin
1737 3219 1794 3275 ﬁt
1819 3229 1988 3289 recta,
2016 3219 2072 3275 id

471 3322 556 3370 est
591 3312 745 3383 justa
786 3311 1081 3377 voluntate,
1126 3318 1271 3366 recta
1315 3317 1435 3379 est;
1487 3317 1540 3365 et
1586 3327 1706 3379 quae
1757 3307 1817 3336 ⁸⁷³
1865 3308 1922 3364 ﬁt
1963 3325 2072 3366 non

468 3410 615 3458 recta
638 3400 936 3467 voluntate,
990 3415 1101 3455 non
1146 3404 1298 3454 recta
1345 3399 1640 3469 est;justa
1680 3398 1950 3455 voluntate
1995 3398 2073 3454 di-

468 3492 610 3546 citur
634 3492 796 3545 homo
817 3489 1020 3558 justus,
1045 3496 1097 3543 et
1121 3487 1326 3557 injusta
1371 3487 1649 3544 voluntate
1695 3487 1890 3542 dicitur
1917 3487 2068 3557 inju-

469 3586 612 3635 stus.
652 3577 708 3632 Si
739 3592 873 3648 ergo
903 3577 1043 3630 bene
1069 3575 1234 3630 vultis
1254 3576 1458 3643 vivere,
1480 3576 1811 3632 voluntatem
1831 3583 2064 3632 vestram

469 3666 846 3723 indesinenter
873 3663 1136 3719 custodite
1161 3661 1226 3690 5'”
1257 3664 1312 3716 in
1352 3662 1566 3736 magnis
1613 3670 1669 3718 et
1702 3663 1758 3717 in
1804 3663 2064 3718 minimis.

466 3756 528 3810 In
559 3754 644 3808 his
675 3769 791 3824 quae
817 3752 1066 3822 potestati
1097 3759 1292 3807 vestrae
1322 3752 1625 3820 subjacent,
1659 3759 1711 3806 et
1740 3753 1795 3806 in
1844 3752 1926 3807 his
1950 3770 2070 3824 quae

466 3859 576 3898 non
607 3842 852 3913 potestis,
885 3856 956 3896 ne
990 3840 1330 3911 aliquatenus
1380 3855 1414 3895 a
1457 3839 1772 3895 rectitudine
1812 3841 2066 3898 declinet.

467 3930 526 3987 Si
557 3938 737 3986 autem
763 3929 923 3984 vultis
951 3944 1284 4002 cognoscere
1337 3945 1460 4001 qua:
1509 3937 1685 3985 vestra
1720 3929 1970 3985 voluntas
2000 3931 2070 3986 sit

468 4027 640 4090 recta,
659 4019 749 4074 illa
778 4033 876 4089 pro
906 4026 1053 4073 certo
1085 4025 1170 4072 est
1196 4025 1343 4072 recta
1383 4034 1505 4087 quae
1534 4015 1780 4086 subjacet
1808 4018 2070 4075 voluntati

467 4107 594 4166 Dei.
627 4108 765 4164 Cum
785 4122 920 4180 ergo
944 4105 1149 4176 aliquid
1180 4122 1436 4179 magnum
1467 4105 1646 4162 facere
1665 4107 1753 4162 vel
1781 4107 2068 4180 disponitis

467 4198 556 4254 vel
601 4196 869 4270 cegitatis,
916 4197 992 4251 ita
1035 4195 1198 4251 dicite
1240 4195 1294 4250 in
1347 4196 1605 4251 cordibus
1656 4197 1894 4253 vestris:
1942 4199 2068 4253 Vult

462 4287 611 4343 Deus
641 4288 748 4341 hoc
777 4285 960 4351 velim,
995 4299 1063 4339 an
1095 4285 1247 4338 non?
1293 4283 1349 4339 Si
1392 4284 1550 4340 vobis
1596 4285 1892 4356 respondet
1932 4301 2066 4342 con-

468 4375 696 4431 scientia
737 4381 938 4441 vestra,
979 4373 1121 4428 Vere
1165 4372 1278 4429 vult
1321 4374 1468 4428 Deus
1527 4380 1589 4426 ut
1633 4374 1736 4430 hoc
1779 4375 1964 4444 velim,
2012 4383 2064 4432 et

462 4463 639 4535 placet
669 4462 749 4516 illi
795 4460 917 4516 talis
965 4460 1215 4516 voluntas
1245 4458 1325 4526 ⁵⁷³,
1375 4467 1504 4515 tunc
1543 4460 1656 4516 sive
1691 4462 1910 4531 possitis
1942 4462 2060 4520 sive

463 4566 574 4606 non
602 4550 817 4622 possitis
859 4549 1004 4619 quod
1045 4549 1224 4616 vultis,
1265 4547 1594 4604 voluntatem
1633 4557 1812 4604 tamen
1859 4560 2055 4609 amate.

465 4638 524 4694 Si
581 4646 762 4694 autem
805 4637 1136 4694 conscientia
1196 4645 1379 4693 vestra
1426 4637 1582 4693 vobis
1635 4643 1864 4694 testatur
1913 4643 2058 4711 quod

461 4727 610 4782 Deus
648 4741 754 4782 non
799 4725 913 4782 vult
938 4742 1034 4781 vos
1075 4725 1225 4781 illam
1272 4725 1470 4782 habere
1528 4725 1884 4796 voluntatem,
1930 4739 2058 4787 tunc

463 4819 578 4872 toto
619 4821 818 4871 conatu
847 4812 906 4842 ⁵⁷⁸
947 4813 1177 4870 avertite
1210 4815 1279 4869 ab
1325 4815 1422 4870 illa
1464 4829 1561 4871 cor
1608 4823 1884 4886 vestrum;
1919 4826 1970 4874 et
2012 4821 2056 4875 si

460 4903 602 4960 bene
632 4903 778 4958 illam
809 4919 838 4957 a
868 4902 1022 4959 vobis
1051 4901 1216 4959 vultis
1246 4903 1538 4974 expellere,
1572 4903 1624 4957 in
1658 4909 1922 4976 quantum
1954 4924 2056 4980 po—

457 4993 635 5059 testis,
668 4991 788 5062 ejus
819 4991 1203 5064 cogitationem
1247 4997 1301 5046 et
1344 4992 1668 5048 memoriam
1708 5010 1738 5048 a
1768 4996 1933 5050 corde
1963 5013 2056 5052 ex-

455 5081 672 5138 cludite.
719 5079 1006 5149 Quomodo
1059 5087 1245 5135 autem
1301 5095 1528 5151 pravam
1587 5081 1918 5141 voluntatem
1961 5095 2055 5143 aut

455 5169 841 5244 cogitationem
872 5184 906 5225 a
934 5167 1088 5225 vobis
1119 5167 1444 5239 excludatis,
1477 5170 1584 5226 hoc
1613 5188 1845 5243 parvum
1875 5176 2053 5232 consi-

2183 1792 2280 1848 sed
2301 1808 2366 1849 eo
2397 1810 2558 1866 quem
2589 1795 2707 1850 dixi
2735 1796 2898 1852 modo
2929 1797 3049 1852 illas
3077 1800 3478 1856 contemnendo
3505 1810 3774 1872 superate.

2181 1881 2371 1954 Neque
2403 1883 2648 1950 doleatis,
2673 1900 2850 1955 neque
2898 1887 3292 1943 contristemini
3336 1889 3404 1943 de
3445 1889 3655 1945 illarum
3688 1891 3778 1945 in-

2181 1970 2488 2037 festatione,
2543 1974 2777 2044 quandiu
2816 1974 2951 2041 illas,
3003 1976 3144 2032 sicut
3191 1977 3304 2032 dixi
3353 1979 3775 2047 contemnendo,

2181 2057 2386 2114 nullum
2416 2059 2496 2115 eis
2521 2075 2794 2117 assensum
2825 2064 3106 2134 praebetis,
3130 2081 3199 2121 ne
3229 2066 3520 2122 occasione
3550 2068 3777 2124 tristitia;

2181 2147 2379 2203 iterum
2409 2149 2640 2204 redeant
2663 2151 2730 2205 ad
2763 2154 3105 2222 memoriam,
3139 2162 3193 2210 et
3213 2171 3371 2210 suam
3400 2155 3778 2226 importunita-

2133 2282 2139 2290 .
2179 2242 2292 2292 tem
2332 2238 2674 2294 resuscitent.
2736 2241 2888 2296 Hanc
2932 2241 3077 2297 enim
3123 2259 3278 2299 mens
3339 2245 3571 2300 hominis
3614 2246 3779 2301 habet

2180 2327 2645 2395 consuetudinem,
2674 2335 2734 2384 ut
2777 2329 2880 2386 hoc
2909 2331 3055 2387 unde
3103 2331 3400 2388 delectatur
3437 2342 3524 2388 aut
3566 2334 3776 2390 contri-

2180 2421 2370 2481 statur,
2403 2415 2601 2486 sapius
2628 2416 2698 2470 ad
2727 2418 3050 2474 memoriam
3079 2419 3285 2486 redeat,
3311 2438 3470 2491 quam
3500 2423 3601 2478 hoc
3631 2423 3774 2494 quod

2177 2502 2566 2574 negligendum
2611 2505 2777 2560 sentit
2813 2513 2902 2561 aut
2950 2508 3173 2579 cogitat.
3219 2509 3479 2565 Similiter
3516 2527 3575 2565 se
3612 2511 3777 2568 debet

2178 2591 2382 2647 habere
2406 2607 2640 2662 persona
2664 2593 2719 2647 in
2749 2603 2937 2651 sancto
2960 2596 3238 2668 preposito
3263 2597 3524 2665 studiosa,
3552 2599 3606 2653 in
3633 2615 3771 2669 quo-

2179 2678 2308 2734 libet
2347 2687 2498 2736 motu
2534 2681 2841 2754 indecente,
2883 2683 2936 2738 in
2977 2700 3227 2756 corpore,
3267 2686 3353 2742 vel
3394 2687 3578 2742 anima
3615 2688 3771 2743 sicuti

2179 2775 2260 2823 est
2287 2767 2537 2824 stimulus
2562 2771 2760 2840 carnis,
2799 2776 2893 2826 aut
2918 2773 3033 2839 iraa,
3081 2782 3174 2828 aut
3215 2774 3453 2841 invidize,
3482 2783 3574 2830 aut
3597 2776 3772 2832 inanis

2176 2856 2384 2929 gloriae.
2414 2859 2564 2914 Tunc
2589 2859 2735 2914 enim
2785 2860 3048 2917 facillime
3088 2863 3522 2935 exstinguuntur,
3559 2879 3681 2921 cum
3724 2873 3777 2920 et

2178 2945 2302 3000 illos
2327 2945 2468 3002 velle
2492 2947 2718 3014 sentire,
2752 2957 2841 3003 aut
2884 2949 2951 3005 de
2994 2950 3102 3004 illis
3143 2953 3410 3023 cogitare,
3454 2960 3548 3008 aut
3573 2953 3774 3023 aliquid

2177 3032 2389 3088 illorum
2423 3036 2676 3092 suasione
2709 3036 2891 3094 facere
2917 3039 3305 3112 dedignamur.
3355 3042 3547 3114 Neque
3579 3043 3776 3097 timetis

2181 3123 2327 3192 quod
2374 3125 2684 3194 huiusmodi
2735 3135 2913 3182 motus
2965 3128 3050 3184 vel
3095 3129 3454 3201 cogitationes
3504 3131 3660 3186 vobis
3706 3131 3776 3186 ad

2180 3219 2464 3280 peccatum
2490 3213 2844 3284 imputantur,
2884 3216 2929 3270 si
2974 3217 3280 3273 nullatenus
3319 3218 3565 3274 voluntas
3590 3227 3778 3275 vestra

2178 3298 2284 3354 illis
2309 3317 2366 3356 se
2408 3302 2660 3368 associat,
2702 3303 2956 3373 quoniam
3017 3305 3150 3359 nihil
3194 3306 3563 3362 damnationis
3596 3312 3678 3363 est
3719 3307 3775 3362 in

2177 3387 2261 3442 his
2285 3389 2375 3460 qui
2416 3398 2539 3445 sunt
2563 3389 2618 3444 in
2643 3391 2862 3446 Christo
2887 3394 3032 3457 Iesu,
3067 3394 3156 3464 qui
3183 3409 3295 3450 non
3323 3396 3617 3451 secundum
3645 3411 3775 3452 car-

2178 3493 2304 3532 nem
2346 3477 2723 3535 ambulabunt.
2783 3480 3089 3537 Secundum
3136 3471 3302 3535 415
3358 3499 3578 3540 carnem
3631 3485 3780 3541 enim

2179 3567 2478 3636 ambulare,
2507 3575 2588 3623 est
2628 3569 2775 3623 carni
2819 3570 3096 3626 voluntate
3145 3573 3502 3628 concordare.
3551 3574 3779 3630 Carnem

2179 3662 2367 3710 autem
2399 3663 2566 3711 vocat
2591 3657 2882 3728 Apostolus
2930 3675 3146 3714 omnem
3188 3660 3442 3715 vitiosum
3479 3669 3682 3716 motum
3726 3662 3780 3717 in

2179 3743 2384 3812 anima,
2427 3744 2513 3799 vel
2559 3761 2808 3816 corpore,
2853 3763 2975 3802 cum
3016 3748 3150 3804 dicit
3193 3763 3206 3802 :
3249 3749 3384 3805 Caro
3427 3753 3778 3821 concupiscit

2180 3833 2447 3888 adversus
2462 3835 2750 3904 spiritum,
2771 3836 3009 3907 spiritus
3029 3841 3218 3893 autem
3239 3837 3506 3894 adversus
3522 3855 3776 3894 carnem.

2186 3921 2371 3976 Facile
2410 3922 2626 3991 quidem
2677 3922 2991 3992 hujusmodi
3037 3927 3421 3997 suggestiones
3463 3927 3778 3998 exstingui-

2176 4024 2318 4075 mus,
2360 4011 2405 4063 si
2443 4011 2768 4082 principium
2840 4029 3047 4078 earum,
3104 4015 3401 4070 secundum
3455 4015 3775 4086 praedictum

2173 4099 2483 4166 consilium,
2505 4100 2871 4168 conterimus;
2913 4100 3134 4158 difﬁcile
3160 4119 3311 4170 vero,
3350 4114 3640 4176 postquam
3679 4120 3775 4160 ca-

2173 4194 2269 4257 put
2317 4203 2507 4243 earum
2547 4188 2688 4243 intra
2730 4197 2968 4246 mentem
3021 4191 3371 4247 admittimus.
3417 4193 3559 4261 Tibi,
3605 4193 3777 4248 amice

2176 4285 2227 4332 et
2252 4275 2326 4330 ﬁli
2355 4277 2673 4333 charissima
2699 4278 2955 4346 Roberte,
2988 4279 3210 4351 gratias,
3240 4288 3496 4351 quantum
3529 4299 3770 4351 possum,

2175 4381 2301 4438 ago,
2335 4381 2432 4436 pro
2472 4381 2604 4421 cura
2638 4374 2691 4422 et
2734 4367 3025 4423 dilectione
3062 4385 3198 4441 quas
3243 4385 3375 4441 erga
3405 4370 3624 4424 easdem
3671 4387 3775 4426 an-

2089 4432 2140 4493 D
2170 4432 2472 4523 cillas—Dei,
2507 4463 2728 4526 propter
2755 4457 2946 4524 Deum,
2975 4432 3176 4521 habes;
3207 4465 3260 4512 et
3286 4432 3484 4528 precor
3511 4466 3618 4514 toto
3633 4457 3771 4514 aﬁ'e-

2171 4550 2313 4598 ctum
2338 4541 2395 4597 in
2420 4543 2521 4598 hac
2543 4552 2723 4598 sancta
2747 4552 2799 4598 et
2818 4543 2904 4615 pia
2933 4545 3207 4600 voluntate
3226 4562 3562 4616 perseveres.
3580 4549 3770 4603 Certus

2165 4632 2308 4688 enim
2334 4641 2488 4704 potes
2514 4648 2638 4688 esse
2664 4633 2790 4705 quia
2819 4649 3019 4705 magna
3059 4642 3112 4689 te
3149 4650 3248 4704 pro
3291 4636 3395 4692 hoc
3435 4645 3625 4692 sancto
3648 4644 3764 4690 stu-

2165 4721 2258 4775 dio
2303 4721 2445 4792 apud
2485 4721 2660 4776 Deum
2710 4722 2989 4777 retributio
3047 4731 3353 4794 exspectat.
3401 4723 3763 4796 Omnipotens

2163 4809 2310 4864 Dens
2340 4810 2408 4864 sit
2447 4826 2667 4882 semper
2708 4818 2888 4866 custos
2931 4812 3090 4866 totius
3133 4813 3256 4867 vitae
3302 4820 3520 4868 vestrae.
3567 4816 3761 4869 Amen.

2163 4897 2577 4953 Absolutionem
2604 4906 2658 4954 et
2706 4899 3092 4955 remissionem
3134 4900 3377 4955 omnium
3410 4909 3763 4971 peccatorum

2162 4990 2464 5042 vestrorum
2508 4987 2705 5042 tribuat
2757 4987 2917 5043 vobis
2959 4988 3306 5059 omnipotens
3353 4997 3406 5044 et
3456 4989 3766 5046 misericors

2161 5074 2445 5142 Dominus,
2487 5083 2539 5131 et
2606 5093 2826 5149 semper
2879 5077 2951 5132 ad
2995 5076 3225 5132 meliora
3272 5093 3393 5133 cum
3456 5077 3764 5135 humilitate

2159 5163 2327 5222 faciat
2355 5179 2453 5223 vos
2481 5164 2765 5237 proﬁcere,
2797 5173 2851 5222 et
2879 5182 3154 5238 nunquam
3181 5165 3438 5223 deﬁcere.
3473 5164 3760 5227 Amen'".

1725 5300 1957 5361 VARIzE
2001 5308 2306 5367 LECTION
2313 5309 2416 5366 ES.

521 5415 582 5524 εἷ’
624 5418 1222 5524 θοηαίιῖρίξὲξξθξοάὁξζζῑ
1391 5419 1750 5524 ⁹Σηῐιξιξιθιῆηι
1778 5440 1890 5524 ηιξ..
1923 5428 2198 5524 anerim.
2275 5432 2553 5524 "illiccta,
2579 5442 2630 5497 et
2657 5454 2779 5524 quae
2807 5455 2913 5500 ms.
2942 5447 3092 5500 recta
3118 5445 3292 5524 est,_et
3321 5459 3469 5524 quae;
3521 5436 3603 5524 f"
3624 5441 3760 5500 Cus-

451 5491 623 5548 todire
648 5509 752 5548 ms.
785 5492 1069 5566 custodite.
1147 5491 1206 5523 ⁵⁷⁸
1239 5496 1358 5551 Tali
1372 5495 1622 5555 voluntas
1653 5517 1755 5557 ms.
1801 5505 1926 5561 talis
1968 5491 2237 5566 velantes.

451 5566 650 5634 Amen,
676 5580 786 5621 ms.
815 5564 976 5621 omit.

2313 5508 2374 5540 ⁵⁷⁸
2406 5513 2467 5568 In
2507 5520 2619 5570 toto
2639 5508 2762 5570 nisu
2790 5532 2895 5572 ms.
2931 5523 3002 5571 ιιι·
3033 5522 3148 5573 toto
3178 5508 3356 5571 nisuf
3407 5513 3470 5545 ⁵⁷⁵
3502 5517 3750 5574 Amen...
