4036 6072
234 227 340 283 169

688 349 1039 408 EPISTOLA
1071 352 1372 409 CXXXIV.

644 455 883 496 ANSELMI
915 457 985 496 AD
1015 456 1411 497 VALERANNUM.

238 529 495 585 [labetur
521 545 694 603 supra
721 535 885 602 parte
921 546 957 596 ι,
993 533 1206 589 Patrol.
1242 540 1278 586 t.
1300 532 1529 602 CLVIII,
1558 535 1665 593 col.
1707 535 1832 591 5M.

695 637 1036 693 EPISTOLA
1093 639 1367 695 CXXXV.

477 741 802 782 V’ALBRANNI
850 743 921 781 AD
949 743 1268 795 ANSBLMUH,
1303 731 1409 788 col.
1441 731 1574 786 547.

683 834 1028 890 EPISTOLA
1055 836 1359 892 CXXXVI.

617 937 863 978 ANSELMI
901 940 974 978 AD
1030 937 1428 981 VALERANNUM.

523 1011 774 1068 Habetur
799 1014 995 1069 eadem
1028 1019 1193 1086 parte
1221 1030 1258 1080 I,
1283 1016 1390 1072 col.
1416 1018 1539 1069 5531.

613 1119 960 1176 EPISTOLA
991 1120 1296 1175 CXXXVII
1347 1119 1430 1178 ⁵⁷⁸.

316 1222 566 1263 ANSELNI
595 1222 667 1261 AD
696 1223 999 1265 TUROLDUM
1030 1224 1359 1264 BECCENSEM
1381 1225 1712 1266 MONACHUN.

282 1313 441 1382 Quod
470 1314 681 1372 mundo
713 1316 836 1370 vale
866 1315 1107 1381 dixerit,
1149 1317 1514 1374 vehementer
1544 1316 1772 1387 gaudet.

286 1414 834 1481 AnsaLnus,servus
866 1414 1127 1470 Ecclesiae
1173 1414 1606 1479 Cantuariensis,
1666 1412 1816 1468 fratri

211 1510 265 1556 et
296 1503 479 1557 amico
535 1502 856 1557 charissimo
912 1503 1174 1558 Tunonno
1217 1501 1278 1532 ⁸⁷⁷
1327 1505 1460 1573 (3t),
1495 1503 1592 1559 Dei
1638 1503 1817 1574 gratia

212 1591 493 1646 monacho
523 1590 797 1657 Beccensi,
825 1591 1052 1646 salutem
1111 1600 1164 1646 et
1194 1592 1324 1648 boni
1369 1591 1632 1664 propositi
1682 1607 1817 1662 per-

213 1679 621 1735 serverantiam
651 1695 825 1750 usque
854 1680 908 1733 in
931 1679 1120 1736 ﬁnem.

286 1768 614 1823 Benedictus
645 1769 788 1823 Deus
817 1768 870 1822 in
891 1769 1049 1823 donis
1080 1769 1194 1824 suis
1226 1776 1278 1824 et
1317 1777 1536 1824 sanctus
1593 1769 1648 1822 in
1704 1784 1824 1824 om-

215 1858 382 1912 nibus
403 1857 660 1928 operibus
703 1857 836 1923 suis,
900 1858 990 1927 qui
1046 1874 1141 1913 cor
1201 1867 1436 1913 vestrum
1486 1859 1825 1913 convertite.

214 1948 459 2003 vanitate
505 1945 572 2001 ad
627 1946 933 2002 veritatem.
1004 1946 1310 2002 Vanitatem
1342 1947 1486 2003 enim
1525 1954 1828 2018 sequuntur

216 2051 414 2091 omnes
459 2036 548 2105 qui
607 2035 920 2090 altitudines
977 2043 1031 2090 et
1077 2037 1316 2091 honores
1367 2040 1534 2108 atque
1611 2035 1828 2090 divitias

221 2125 384 2192 hujus
440 2123 622 2180 saeculi
676 2125 1070 2195 concupiscunt
1151 2122 1232 2191 ⁸⁷⁸,
1312 2125 1440 2194 quia
1515 2123 1828 2179 nullatenus

219 2221 457 2284 possunt
476 2213 670 2268 satiare
699 2221 964 2281 mentem,
1000 2213 1135 2269 sicut
1165 2215 1487 2284 promittunt
1510 2213 1636 2281 ;sed
1660 2229 1830 2284 quan-

221 2310 274 2358 to
302 2302 428 2372 plus
456 2302 756 2372 abundant,
790 2310 938 2358 tanto
970 2303 1145 2374 magis
1205 2303 1442 2358 animam
1495 2301 1828 2356 esurientem

221 2389 451 2458 faciunt,
495 2406 596 2446 nec
654 2391 724 2444 ad
781 2391 952 2445 ullum
1010 2391 1214 2446 bonum
1276 2389 1440 2446 finem
1499 2391 1826 2462 perducunt.

224 2479 524 2534 Veritatem
555 2486 738 2534 autem
772 2487 974 2546 tenent,
1009 2479 1099 2550 qui
1160 2487 1370 2535 terrena
1413 2488 1463 2534 et
1517 2479 1829 2534 transitoria

229 2575 344 2623 toto
373 2567 540 2623 corde
587 2575 959 2638 contemnunt,
1017 2576 1072 2623 et
1118 2568 1187 2622 ad
1240 2584 1422 2624 veram
1470 2567 1828 2622 humilitatem

235 2664 349 2712 toto
385 2665 586 2712 conatu
616 2657 938 2713 ascendunt.
971 2658 1220 2728 Namque
1251 2672 1598 2728 nequaquam
1631 2657 1828 2712 viden-

225 2753 314 2799 tur
346 2745 723 2815 spiritualibus
742 2745 933 2815 oculis,
975 2745 1066 2817 qui
1124 2762 1181 2800 se
1238 2746 1541 2810 humiliant,
1592 2745 1827 2800 descen-

227 2833 364 2889 dere
398 2852 412 2897 ;
446 2834 544 2889 sed
564 2835 632 2889 ad
655 2843 891 2890 montem
923 2834 1269 2902 altissimum,
1302 2835 1490 2914 dequo
1509 2833 1578 2889 ad
1599 2849 1830 2905 regnum

230 2923 497 2977 caelorum
520 2923 848 2986 ascenditur,
882 2923 1282 2979 conscendere.
1313 2925 1374 2977 In
1396 2923 1539 2978 viam
1596 2922 1832 2992 paradisi

224 3026 324 3066 vos
357 3011 555 3066 direxit
584 3011 771 3066 divina
801 3011 1109 3080 clementia,
1144 3012 1253 3067 imo
1283 3014 1338 3066 in
1388 3010 1678 3081 quemdam
1734 3027 1830 3080 pa-

1482 227 1612 286 LIB.
1640 230 1734 302 III,
1761 228 1980 290 EPIST.
2013 231 2368 291 CXXXVIII.

1860 357 1917 419 Α
1947 357 2114 416 duxit.
2149 360 2356 419 Caveat
2384 361 2551 434 igitur
2581 372 2762 422 vestra
2777 366 3060 438 prudentia
3074 384 3144 425 ne
3165 384 3260 426 cor
3286 380 3530 431 vestrum

1851 1706 1904 1767 B

3430 254 3532 308 I70

1942 462 2091 510 retro
2147 454 2421 526 respiciat.
2474 455 2637 510 Retro
2695 463 2874 511 autem
2931 459 3232 514 monachus
3309 464 3537 533 respicit

1941 559 2063 598 cum
2083 560 2147 600 ea
2173 561 2316 616 saepe
2345 544 2533 599 recolit
2561 561 2686 615 quae
2716 546 2968 600 deseruit.
3005 546 3164 611 Quod
3208 565 3328 603 cum
3389 569 3532 623 saepe

1942 632 2088 699 facit,
2126 633 2431 705 refrigescit
2451 633 2504 686 in
2535 649 2600 688 eo
2629 649 2783 689 amor
2839 635 3092 703 caelestis,
3155 645 3208 691 et
3263 640 3537 696 reviviscit

1939 738 2093 777 amor
2121 722 2331 790 mundi,
2363 731 2416 777 et
2443 721 2718 777 fastidium
2750 723 3077 795 taediumque
3107 727 3376 797 pr0positi
3409 731 3521 785 sui.

1941 811 2089 867 Sicut
2117 812 2280 883 igitur
2325 827 2524 882 corpus
2559 819 2799 866 vestrum
2860 827 2956 867 cor
3013 814 3083 866 sit
3131 823 3443 885 separatum
3504 834 3538 874 a

1935 901 2207 956 mundana
2235 901 2583 973 cogitatione,
2620 901 2756 955 etsit
2787 917 3003 972 semper
3031 912 3354 974 occupatum
3416 908 3528 962 ali-

1938 1007 2042 1061 qua
2065 990 2178 1045 utili
2208 990 2287 1060 fet
2346 989 2610 1060 spirituali
2665 989 3035 1046 meditatione.
3096 990 3340 1062 Spiritus
3396 1013 3534 1052 san-

1935 1085 2051 1134 ctus
2098 1095 2314 1150 semper
2354 1079 2512 1134 faciat
2542 1094 2636 1134 vos
2666 1079 2905 1151 gaudere
2936 1081 3206 1152 etgratias
3225 1096 3393 1154 agere
3415 1086 3529 1142 Deo

1935 1169 2000 1224 de
2024 1167 2166 1225 bono
2196 1169 2455 1240 incoepto.
2483 1171 2674 1224 Amen.

2313 1328 2659 1384 EPISTOLA
2689 1328 3026 1385 CXXXVIII
3059 1330 3120 1360 ⁶⁷⁹
3135 1373 3147 1386 .

2394 1442 2632 1482 ANSELMI
2671 1442 2746 1480 AD
2789 1443 2994 1482 BASILIA
3003 1444 3061 1484 Μ.

1935 1534 2155 1590 Mulieri
2185 1534 2316 1590 huic
2344 1534 2617 1604 piissime:
2668 1535 2961 1600 epistolam
2991 1536 3189 1591 scribit
3224 1539 3529 1600 admodum

1998 1608 2180 1682 piam.
2220 1605 2370 1682 Quqd
2399 1606 2993 1682 homosemperautjn
3007 1608 3211 1682 caelum
3231 1615 3524 1682 ascendat,

2004 1686 2106 1731 aut
2137 1677 2205 1750 in_
2227 1677 2523 1750 infernam
2553 1676 2872 1732 descendat.
2906 1677 2972 1731 Et
3003 1680 3145 1750 quod
3159 1680 3259 1736 hoc
3273 1676 3529 1742 maxime

2005 1747 2306 1802 attendere
2335 1747 2558 1802 debeat.

2005 1855 2308 1908 ANSELMUS
2338 1853 2780 1925 archiepiscOpus
2808 1855 3028 1910 BASILE
3055 1858 3268 1927 amicae,
3301 1860 3430 1917 ﬁliae
3468 1863 3524 1919 in

1933 1943 2166 1999 Domino
2197 1942 2546 2010 charissimae,
2573 1944 2825 2010 salutem,
2859 1951 2912 1998 et
2941 1944 3378 2005 benedictionem
3398 1952 3522 2024 Dei,

1935 2048 2000 2088 ac
2030 2048 2214 2100 suam,
2246 2032 2291 2086 si
2322 2031 2455 2103 quid
2490 2031 2655 2088 valet.

2005 2121 2178 2176 Didici
2200 2137 2297 2191 per
2325 2121 2533 2192 legatos
2561 2130 2766 2177 vestros
2795 2123 2921 2194 quia
2977 2125 3332 2181 vehementer
3383 2128 3529 2184 desi-

1935 2209 2135 2265 deratis
2165 2209 2371 2264 litteras
2401 2215 2620 2265 nostras
2654 2228 2666 2273 ;
2701 2211 2754 2264 in
2785 2228 2892 2282 quo
2923 2228 3261 2286 recognosco
3292 2224 3525 2273 vestram

1935 2298 2134 2352 bonam
2190 2297 2527 2353 voluntatem
2585 2306 2636 2352 et
2694 2297 3061 2356 Christianam
3137 2303 3522 2362 intentionem.

1934 2387 2081 2441 Nihil
2113 2387 2257 2441 enim
2288 2387 2446 2442 video
2477 2403 2574 2441 cur
2599 2387 2724 2442 illas
2753 2389 3099 2455 desideratis,
3140 2392 3244 2446 nisi
3300 2409 3365 2449 ex
3422 2395 3529 2450 illis

1936 2475 2154 2546 aliquod
2185 2474 2469 2530 consilium
2502 2475 2702 2532 animae
2731 2485 2929 2532 vestrae
2949 2479 3162 2534 salubre
3191 2480 3319 2536 inde
3377 2484 3528 2540 acci-

1939 2564 2116 2635 piatis.
2149 2563 2410 2632 Quamvis
2438 2579 2573 2634 ergo
2597 2571 2707 2619 tota
2736 2580 2887 2620 sacra
2919 2566 3195 2637 Scriptura
3212 2585 3310 2625 vos
3340 2570 3532 2628 doceat

1939 2653 2168 2724 qualiter
2196 2652 2380 2708 vivere
2409 2651 2677 2717 debeatis,
2710 2653 2756 2707 si
2785 2669 2902 2708 eam
2935 2655 3092 2710 vobis
3113 2658 3308 2727 exponi
3329 2658 3530 2727 facitis,

1937 2758 2044 2798 non
2076 2749 2255 2796 tamen
2287 2741 2464 2796 debeo
2504 2757 2626 2796 esse
2683 2757 2884 2798 avarus
2939 2759 3116 2815 neque
3173 2746 3530 2805 inexorabilis

1937 2830 2206 2902 religiosae
2229 2829 2473 2899 petitioni
2501 2838 2729 2885 vestrae.
2767 2830 2955 2887 Dicam
2986 2832 3151 2903 igitur
3191 2836 3362 2904 vobis,
3423 2837 3529 2892 ﬁlia

1939 2919 2278 2984 charissima,
2313 2918 2521 2988 aliquid
2563 2919 2772 2987 quodsi
2832 2918 3147 2992 frequenter
3205 2931 3314 2979 tota
3360 2925 3536 2981 inten-

1939 3010 2087 3063 tione
2118 3012 2298 3061 mente
2331 3008 2806 3076 pertractaveritis,
2867 3010 3095 3063 multum
3150 3027 3244 3066 cor
3295 3021 3530 3069 vestrum

222 3099 467 3154 radisum
497 3100 660 3169 hujus
690 3100 815 3156 vita:
837 3115 934 3156 vos
964 3101 1274 3168 introduxit,
1319 3116 1442 3156 cum
1469 3115 1568 3156 vos
1583 3099 1635 3153 in
1669 3098 1824 3154 clau—
1857 3070 1906 3133 α
1936 3097 2004 3152 ad
2035 3098 2288 3151 timorem
2321 3095 2417 3149 Dei
2457 3103 2510 3149 et
2538 3095 2607 3148 ad
2637 3110 2881 3151 amorem
2914 3097 3053 3153 bene
3083 3098 3299 3154 vivendi
3333 3117 3533 3159 accen-

223 3190 444 3245 stralem
463 3189 929 3247 conversationem
960 3189 1262 3246 monachici
1320 3188 1588 3260 propositi
1644 3187 1822 3243 intro-

1933 3186 2066 3241 dere
2094 3183 2368 3256 poteritis.
2407 3183 2638 3254 Semper
2654 3184 2725 3239 sit
2754 3189 2880 3240 ante
2909 3185 3091 3241 oculos
3115 3188 3310 3244 mentis
3335 3199 3532 3248 vestrae

1541 3337 1768 3393 VARLE
1800 3333 2192 3391 LECTIONES
2206 3374 2218 3387 .

293 3463 356 3492 ⁵⁷⁸
391 3464 609 3520 Collata
640 3478 769 3520 cum
792 3462 982 3519 eodem
1012 3478 1114 3517 ms.
1165 3458 1228 3490 ⁸⁷⁷
1257 3459 1453 3516 Amico
1481 3459 1715 3515 Turoldo
1734 3475 1840 3514 ms.
1873 3456 2058 3532 amico
2087 3456 2403 3532 charissimo
2434 3456 2686 3512 Turoldo.
2720 3455 2796 3532 _"'
2823 3457 3220 3532 Concupiscunt
3248 3464 3387 3523 sicut
3411 3485 3524 3526 ms.

223 3537 631 3609 concupiscunt,
663 3550 781 3605 qua
809 3533 1119 3589 nullatenus
1146 3540 1374 3604 possunt
1403 3533 1598 3587 satiare
1629 3540 1887 3598 mentem,
1921 3531 2080 3584 sicut.
2130 3524 2189 3556 ‘7’
2224 3529 2440 3586 Collata
2469 3545 2598 3585 cum
2633 3529 2822 3586 eodem
2853 3547 2958 3585 ms.

1432 3679 1728 3736 JOANNIS
1769 3679 2044 3736 PICARDI
2099 3678 2323 3734 NOTIE.

293 3813 409 3883 (3t)
445 3810 706 3883 Turoldo.
743 3808 1106 3883 In_Chroni_c.A
1131 3806 1388 3883 Beccensi
1419 3806 1650 3883 habetur
1694 3821 1820 3876 pro-

228 3878 341 3940 lixa
363 3878 571 3938 mentio
587 3881 655 3936 de
687 3896 770 3936 eo.
796 3878 972 3948 Quam
1003 3879 1208 3934 idcirco
1239 3878 1316 3933 sic
1364 3879 1818 3949 perstringemus,

227 3966 283 4012 ut
314 3955 449 4011 nihil
479 3952 624 4023 quod
658 3951 724 4005 ad
748 3952 1032 4023 historiam
1064 3958 1289 4023 spectet,
1336 3949 1567 4003 excidat.
1613 3948 1820 4023 Turol-

229 4029 332 4082 dus
370 4019 554 4098 igitur,
586 4022 829 4098 Hogonis
855 4019 1327 4098 Ijltiremondensis
1358 4035 1682 4098 germanus,
1739 4019 1822 4098 vir

231 4115 340 4154 non
391 4089 698 4166 postrema?
745 4092 1041 4166 nobilitatis
1089 4101 1150 4166 et
1188 4089 1480 4166 potentiae,
1555 4105 1680 4145 cum
1752 4089 1822 4166 ad

228 4159 490 4225 Ecclesiae
512 4163 1081 4234 Bajocensisregimen
1129 4159 1315 4216 fuisset
1348 4168 1604 4234 evectus,
1662 4159 1821 4234 paulo

229 4247 353 4312 post
372 4237 562 4292 divino
585 4231 670 4290 'sic
688 4231 1112 4312 exarsit’amore,
1144 4240 1232 4312 ut,
1267 4231 1578 4312 universam
1636 4231 1819 4285 saeculi

227 4302 570 4367 honestatem
598 4323 693 4376 pro
715 4314 958 4360 stercore
991 4303 1256 4367 habuerit,
1305 4310 1358 4376 et
1415 4302 1820 4376 Becci__mona-

228 4384 396 4439 chum
429 4373 684 4433 induerit.
717 4377 832 4430 Nec
891 4375 1009 4430 sine
1069 4389 1276 4445 magna
1334 4373 1508 4445 fruge.
1569 4373 1704 4426 Nam
1754 4388 1818 4445 eo

231 4453 449 4508 tandem
479 4448 720 4503 ascendit
763 4443 1202 4509 submissionnis,
1271 4443 1576 4508 modestiae,
1627 4444 1822 4513 gravi-

231 4525 368 4591 tatis,
401 4519 704 4591 prudentive
732 4517 1212 4591 observantiaeun
1239 4515 1564 4591 monasticae,
1612 4522 1672 4591 ut
1719 4513 1821 4566 ad-

228 4585 508 4650 mirationi
523 4589 800 4659 foretipsis
812 4585 1168 4658 optimatibus
1182 4585 1538 4659 Beccensibus
1551 4625 1563 4638 .
1595 4586 1661 4659 At
1669 4599 1821 4659 vero,

229 4673 284 4722 ut
315 4663 493 4734 magis
520 4655 1265 4734 magis—que‘s'plendesceret,
1310 4656 1482 4734 visum
1523 4662 1602 4709 est
1629 4655 1824 4734 divina:

229 4725 518 4807 sapientia:
548 4725 670 4786 eum
700 4725 897 4807 diutius
918 4743 1221 4807 excoquere
1253 4727 1310 4780 in
1345 4726 1562 4806 fornace
1614 4725 1822 4807 doloris

229 4797 420 4879 (quem
453 4811 736 4879 rupturam
763 4801 1015 4866 dicimus)
1047 4797 1122 4879 sic
1162 4814 1284 4879 eum
1330 4797 1709 4879 excrucia-tntis,
1767 4802 1824 4849 ut

231 4867 341 4934 non
360 4867 537 4948 parva
561 4873 938 4948 intestinorum
972 4873 1146 4948 portio
1201 4869 1256 4922 in
1284 4876 1540 4948 scrotum
1585 4867 1822 4920 descen-

231 4939 378 5005 dens
391 4962 535 5019 pene
561 4944 836 5019 hominem
866 4941 1295 5019 e_xanima_ret,_et
1317 4939 1494 4993 denuo
1552 4952 1822 5019 conscen—

231 5008 405 5084 dens;
449 5015 712 5088 quidquid
767 5013 1029 5088 cruciatus
1085 5013 1152 5066 de
1200 5010 1480 5088 descensu
1529 5008 1825 5088 _videba_tur

234 5080 492 5153 defuisse,
521 5080 765 5141 ten-orum
798 5084 1076 5139 fenoribus
1121 5086 1408 5150 repeteret.
1460 5081 1670 5133 Interea
1728 5080 1826 5131 Dei

241 5175 436 5216 servus
475 5158 686 5214 fortiter
706 5173 830 5211 cum
879 5156 1090 5209 interno
1145 5154 1352 5206 luctans
1404 5153 1578 5216 hoste,
1614 5164 1828 5219 semper

239 5233 366 5301 ejus
394 5231 639 5285 furorem
659 5226 901 5301 celabat,
934 5222 1363 5301 speransdiviuo
1392 5221 1613 5301 tandem
1641 5221 1826 5289 repri-

237 5292 498 5359 mendum
544 5298 767 5372 auxilio,
799 5292 986 5367 sicque
1031 5293 1240 5349 nemini
1277 5292 1461 5372 (quod
1518 5293 1654 5372 clam
1711 5306 1836 5371 esse

239 5363 1205 5448 peroptabat)_dete_gere‘cogeretur,
1239 5370 1292 5418 et
1327 5363 1548 5448 quidem
1578 5363 1837 5448 virginei

236 5433 461 5518 pudoris
481 5433 682 5497 studio.
716 5433 892 5518 Cessit
919 5433 1118 5518 tamen,
1163 5451 1287 5518 cum
1343 5433 1516 5518 semel
1577 5433 1838 5514 intestina

241 5505 323 5573 sic
351 5515 596 5569 relaxata
627 5518 676 5570 et
727 5510 912 5565 inﬂata
952 5515 1094 5572 sunt,
1155 5513 1214 5561 ut
1238 5505 1307 5560 de
1365 5505 1604 5559 interiori
1653 5519 1838 5558 eorum

242 5601 501 5661 regressu
519 5584 837 5654 desperans,
871 5579 1130 5636 abbatem
1142 5575 1484 5633 Willelmum
1504 5575 1836 5645 accersierit,

457 5683 712 5738 Paraon.
742 5677 930 5737 CLIX.

1930 3807 2023 3887 qui
2056 3805 2200 3887 h_a_ud
2228 3820 2531 3887 mora_cum
2565 3807 2821 3863 fratribus
2841 3809 3143 3887 advolavit.
3166 3813 3530 3887 conspicatus

1929 3877 2228 3948 Turoldum
2261 3877 2454 3933 morbo
2511 3895 2651 3948 pene
2708 3890 2986 3948 enectum,
3044 3882 3280 3940 caelestis
3317 3877 3526 3947 'medici

1933 3963 2156 4029 manum
2187 3947 2468 4029 implorat.
2487 3947 2611 4029 Ipse
2630 3967 2840 4029 quoque
2853 3956 3124 4029 aegrotus,
3140 3957 3320 4029 animo
3339 3976 3524 4029 sanus,

1932 4019 2339 4106 plurimumque
2363 4019 2593 4106 vividus,
2623 4021 2690 4106 ad
2716 4019 2853 4106 divze
2886 4022 3043 4106 Iiidis
3075 4025 3311 4106 virginis
3361 4019 3522 4099 opem

1932 4090 2182 4161 celeriter
2207 4089 2474 4161 confugit.
2506 4091 2618 4161 Nec
2644 4092 2838 4146 frusta.
2895 4093 3068 4161 C(epit
3091 4089 3236 4150 enim
3294 4089 3523 4156 melius-

1930 4160 2051 4214 cule
2081 4175 2203 4213 esse
2252 4168 2304 4212 et
2353 4159 2608 4214 dormire.
2649 4162 2790 4215 Inter
2836 4159 3087 4217 somnum
3145 4184 3275 4223 vero
3319 4173 3528 4227 audivit

1931 4245 2121 4314 vocem
2154 4229 2520 4314 hujuscem‘odi
2555 4248 2648 4314 χιι.
2685 4231 2860 4314 Surge
2927 4251 3108 4314 sanus,
3169 4247 3221 4292 et
3277 4241 3525 4314 intellige

1931 4301 2178 4380 precibus
2203 4301 2381 4380 beata).
2402 4301 2550 4380 Fidis
2579 4301 2812 4380 integrae;
2834 4305 3185 4380 teredditurn
3219 4301 3520 4380 sospitati';

1929 4379 1980 4425 et
2009 4371 2075 4424 ad
2107 4380 2156 4424 te
2187 4372 2441 4426 accersito
2474 4374 2573 4427 hoc
2603 4371 2782 4442 ipsum
2803 4374 3066 4429 iudicabis
3088 4378 3296 4434 abbati.
3317 4371 3523 4438 'Orabis'

1929 4442 2093 4520 etiam
2114 4443 2304 4520 ipsum
2321 4451 2589 4520 quatenus
2607 4443 2827 4520 fratrem
2850 4445 3138 4520 Girardum
3154 4464 3520 4520 cognomento

1932 4511 2249 4586 Gili‘ardum,
2284 4513 2655 4586 Longevillam
2700 4515 2923 4586 dirigat,
2985 4518 3074 4586 qui
3125 4511 3378 4577 salvvatori
3426 4535 3520 4581 tuo

1934 4585 2137 4654 gratias
2168 4600 2267 4653 pro
2289 4585 2458 4638 salute
2495 4586 2589 4638 tibi
2609 4585 2869 4641 concessa
2894 4585 3110 4655 referat,
3142 4607 3205 4645 ac
3261 4596 3522 4652 candelas

1935 4670 2104 4733 super
2134 4655 2378 4733 ecclesiae
2410 4655 2580 4733 altare
2604 4659 3290 4733 reverentissimeoli'erat.
3315 4690 3335 4713 υ
3360 4669 3524 4733 Ipsis-

1933 4726 2067 4778 sima
2127 4725 2553 4807 suntLChronici
2604 4729 2886 4807 Deccensis
2957 4730 3147 4784 verba.
3228 4725 3519 4807 Turoldus,

1932 4797 2668 4878 somnolexcitus,._pudentis
2693 4799 2963 4878 admovet
3015 4817 3257 4878 manum,
3318 4797 3519 4878 depre;

1932 4867 2116 4919 hendit
2141 4867 2573 4922 tactuveritatem
2606 4869 2841 4924 caelestis
2871 4867 3255 4928 admonitionis
3306 4867 3523 4935 restitu—

1933 4937 2247 5008 tionemque
2305 4938 2414 4991 iam
2485 4939 2774 5008 insperata:
2863 4941 3141 4997 sanitatis.
3235 4947 3387 5004 Unde
3471 4953 3527 5006 in

1933 5007 2260 5086 doxologias
2291 5007 2903 5086 gratiasquesuprerng
2929 5015 3362 5086 pharmacopan
3423 5039 3528 5078 nec

1935 5095 2041 5133 non
2073 5078 2193 5146 ejus
2224 5078 2436 5134 ancillae
2467 5078 2826 5134 sanctissimae
2851 5078 2966 5135 Fidi
3020 5078 3295 5142 habendas
3353 5091 3532 5148 eﬂ'un-

1936 5149 2099 5220 ditur.
2149 5150 2356 5220 Abbas,
2417 5153 2519 5205 hoc
2570 5151 2817 5216 audiens,
2869 5154 3172 5209 incredibili
3232 5163 3530 5220 exsultavit

1937 5219 2158 5303 gaudio,
2191 5219 2597 5303 Turoldumque
2619 5239 2721 5276 una
2743 5223 3125 5303 curgGiﬂ‘ardo
3148 5219 3532 5303 Longevillam

1945 5290 2086 5364 i_nisit
2140 5290 2571 5364 reddendivoti
2625 5309 2774 5364 ergo.
2839 5295 3005 5350 Porro
3065 5297 3208 5354 hanc
3264 5290 3530 5361 “sanctam

1943 5361 2150 5444 Fidem,
2184 5361 2874 5444 cujusmobsecrationibns
2911 5369 3184 5444 convaluit
3243 5374 3530 5444 Turoldus,

1945 5432 2156 5560 ggtztgr
2185 5449 2305 5489 esse
2334 5433 2424 5488 illa
2444 5435 2562 5506 ipsa
2591 5437 2658 5492 de
2689 5453 2794 5509 qua
2823 5437 3179 5514 Martyrolog'.
3219 5446 3356 5515 prid.
3388 5432 3532 5504 Non:

3228 5686 3262 5741 6
