4036 6072
456 282 553 337 171

951 280 1007 336 S.
1040 278 1355 336 ANSELMI
1385 278 1736 335 CANTUAR.
1805 278 2124 336 ARCHIEP.
2166 278 2326 336 OPP.
2383 281 2576 339 PARS.
2610 284 2712 339 III.
2749 315 2820 327 —
2847 284 3228 343 EPISTOLAZ.

3651 288 3753 345 ΗΞ

451 409 585 477 quia
613 407 730 462 vita
775 420 1014 476 praesens
1061 405 1225 460 tinem
1286 404 1483 471 habet;
1544 411 1595 459 et
1648 403 1820 459 nescit
1888 404 2053 459 homo
2079 405 2138 468 Α
2168 422 2264 462 vos
2294 406 2458 464 malle
2488 408 2866 465 inobedientiae
2899 412 3115 484 culpam
3145 411 3422 469 incurrere
3443 427 3606 485 quam
3643 420 3752 470 tam

453 495 672 568 quando
705 495 893 549 ultima
923 493 1060 562 dies,
1087 494 1157 549 ad
1216 509 1376 565 quam
1428 491 1804 547 indesinenter
1837 493 1926 548 die
1982 506 2048 546 ac

453 594 613 642 nocte
637 585 979 657 propinquat,
1015 582 1297 638 adveniat.
1327 581 1450 638 Vita
1504 597 1743 652 praesens
1808 581 1894 637 via
1944 589 2045 636 est.

461 679 606 731 Nam
634 675 870 746 quandiu
917 672 1052 727 vivit
1081 673 1261 738 homo,
1290 687 1399 726 non
1430 669 1555 725 facit
1580 671 1687 726 nisi
1737 671 1841 725 ire.
1898 670 2048 726 Sem-

455 782 554 838 per
585 766 732 821 enim
762 770 851 818 aut
887 761 1132 818 ascendit
1152 762 1207 815 in
1261 760 1535 816 infernum
1592 767 1685 815 aut
1742 760 2045 815 descendit.

457 857 592 911 Cum
618 853 745 909 facit
774 851 997 924 aliquod
1019 851 1222 906 bonum
1244 866 1397 921 opus,
1430 848 1559 904 facit
1606 865 1773 904 unum
1830 864 2049 920 passum

457 942 838 1011 ascendendo;
870 956 998 996 cum
1024 955 1156 997 vero
1215 939 1397 1011 aliquo
1451 939 1611 994 modo
1667 945 1875 1010 peccat,
1918 937 2052 993 facit

452 1048 620 1089 unum
640 1047 861 1101 passum
885 1027 1300 1085 descendendo.
1339 1030 1447 1082 Iste
1476 1042 1735 1083 ascensus
1779 1027 1866 1083 vel
1917 1026 2048 1081 des-

452 1139 644 1179 census
672 1128 801 1177 tunc
832 1118 1175 1192 cognoscitur
1188 1117 1257 1171 ab
1283 1130 1611 1187 unaquaque
1635 1116 1819 1171 animo
1833 1115 2048 1187 quando

451 1212 564 1268 exit
595 1212 665 1267 de
693 1225 946 1280 corpore.
988 1206 1093 1276 Qui
1123 1204 1354 1263 sollicite
1377 1206 1559 1261 studet
1590 1204 1719 1260 dum
1774 1204 1862 1259 hic
1916 1203 2076 1259 vivit

453 1300 609 1358 bonis
638 1299 892 1354 moribus
920 1304 974 1352 et
1002 1296 1164 1351 bonis
1194 1294 1452 1366 cperibus
1480 1294 1799 1362 ascendere,
1824 1293 1879 1347 in
1908 1293 2048 1348 caelo

448 1389 805 1447 collocabitur
820 1402 944 1443 cum
959 1384 1158 1439 sanctis
1181 1383 1407 1455 angelis;
1428 1391 1483 1438 et
1512 1383 1604 1455 qui
1633 1382 1793 1437 malis
1810 1381 2048 1437 moribus

453 1476 746 1541 descendit,
780 1477 834 1529 in
862 1473 1077 1529 inferno
1108 1472 1405 1542 sepelietur
1425 1487 1547 1526 cum
1565 1471 1796 1542 perditis
1818 1469 2047 1541 angelis.

440 1570 558 1625 Hoc
572 1567 757 1638 utique
770 1562 1069 1620 notandum
1089 1562 1309 1632 estquia
1326 1560 1483 1616 valde
1499 1560 1740 1616 velocius
1760 1566 1813 1614 et
1832 1558 2049 1615 facilius

452 1654 801 1713 descenditur
826 1667 985 1724 quam
1017 1650 1348 1706 ascenditur.
1383 1648 1731 1719 Quapropter
1744 1648 1797 1703 in
1816 1646 2048 1719 singulis

2157 513 2450 553 onerosum
2475 514 2611 569 Opus
2638 504 2696 554 et
2749 515 3039 571 operosum
3089 518 3226 557 onus
3282 503 3579 575 suscipere,
3640 519 3752 562 non

2158 590 2237 641 est
2267 603 2447 641 meum
2479 588 2788 643 consilium.
2828 590 3192 646 Periculosior
3211 606 3447 664 namque
3490 601 3569 648 est
3622 593 3750 649 ino-

2156 673 2410 730 bedentia
2432 692 2595 747 quam
2627 691 2734 731 non
2785 677 3034 748 sequitur
3072 679 3402 749 paenitentia,
3453 696 3624 752 quam
3680 681 3748 735 sit

2158 762 2469 819 obedientia
2499 782 2621 837 quas
2652 765 2705 819 in
2726 782 2824 837 spe
2847 767 3234 824 misericordiae
3266 769 3368 824 Dei
3424 769 3746 842 aggreditur

2158 852 2324 907 etiam
2356 870 2421 909 ea
2450 871 2573 926 quae
2606 855 3249 927 videnturimpossibilia.
3286 857 3467 912 Virtus
3499 858 3644 914 enim
3687 862 3744 914 et

2156 942 2411 997 meritum
2443 943 2767 1010 obedentiae,
2799 960 2928 1000 cum
2973 945 3091 1000 sola
3120 945 3641 1017 impellithominem
3690 948 3746 1003 in

2156 1031 2418 1101 pericula,
2444 1040 2536 1087 aut
2564 1034 2809 1089 defendit
2863 1035 3140 1090 hominem
3184 1050 3218 1091 a
3257 1044 3501 1106 peccato,
3555 1044 3644 1092 aut
3699 1037 3747 1091 si

2156 1120 2295 1175 forte
2327 1126 2538 1191 peccat,
2560 1122 2719 1178 valde
2748 1123 2969 1179 venialc
2996 1121 3057 1151 ⁵⁸⁸
3088 1132 3173 1180 est
3199 1125 3243 1181 si
3265 1126 3552 1182 comitatur
3595 1142 3744 1181 sem-

2154 1225 2253 1279 per
2279 1211 2622 1279 pcenitentia.
2701 1211 2806 1280 Qui
2857 1221 3043 1269 autem
3082 1214 3220 1270 vivit
3274 1213 3328 1273 in
3357 1214 3741 1284 inobedientia,

2157 1297 2363 1353 nullum
2396 1299 2596 1356 bonum
2628 1300 2745 1372 ejus
2779 1301 2907 1357 facit
2936 1302 3054 1359 sine
3085 1302 3316 1360 macula.

2672 1425 3017 1483 EPILTOLA
3065 1427 3222 1483 CXL.

2481 1529 2786 1571 PASCHALIS
2807 1530 2964 1571 ΡΔΡΛΕ
2989 1532 3065 1571 ΑΙ)
3087 1532 3419 1574 ΛΝΒΒῐιὶίυκ.

2158 1608 2504 1686 Plurimum
2528 1614 2742 1683 gaudet
2786 1615 2930 1686 quod
3000 1614 3287 1671 Henricus
3358 1617 3748 1674 ecclesiastici

2230 1682 2627 1740 obsecunddrit
2651 1682 2977 1758 praeceptis.
3013 1688 3342 1743 Anselmum
3387 1688 3624 1745 absolvit
3678 1688 3748 1744 ab

449 1744 821 1805 voluntatibus
850 1749 904 1797 et
932 1740 1140 1795 actibus
1154 1738 1264 1794 suis
1283 1739 1448 1794 debet
1464 1736 1801 1793 Christianus
1829 1735 2046 1792 etChri-

2232 1735 2824 1812 excommunicartione
2840 1735 3021 1827 rquam
3043 1774 3101 1813 se
3157 1758 3466 1815 incurrisse
3489 1735 3746 1816 vtimebat

452 1837 628 1891 stiana
682 1833 970 1903 diligenter
1012 1828 1357 1885 considerare
1405 1826 1450 1881 si
1504 1826 1778 1894 ascendat,
1838 1830 1931 1880 aut
2001 1824 2048 1879 si

456 1922 770 1988 descendat,
822 1928 874 1975 et
927 1924 1040 1973 toto
1096 1916 1260 1973 corde
1311 1932 1376 1972 ea
1433 1915 1488 1969 in
1538 1915 1735 1986 quibus
1791 1913 1933 1970 videt
1987 1930 2046 1968 se

451 2011 745 2071 ascendere
766 2006 1126 2079 amplectatur
1158 2022 1171 2069 ;
1204 2013 1364 2075 atque
1406 2004 1496 2058 illa
1550 2003 1607 2057 in
1655 2002 1851 2074 quibus
1906 2017 2046 2074 cog-

452 2101 634 2158 noscit
683 2099 979 2155 decensum
1033 2094 1155 2149 ﬁeri
1206 2094 1262 2148 in
1292 2095 1351 2124 ⁶⁸⁰
1398 2092 1696 2159 infernum,
1766 2091 1941 2162 fugiat
1995 2098 2048 2146 et

451 2172 789 2249 exsecretur.
824 2188 1014 2241 Moneo
1042 2186 1225 2255 itaque
1254 2190 1308 2238 et
1335 2181 1565 2238 consulo
1594 2181 1768 2247 vobis,
1829 2181 1883 2235 in
1930 2179 2045 2235 Deo

451 2281 628 2337 amica
645 2287 696 2335 et
717 2276 826 2332 ﬁlia
846 2270 1286 2339 dilectissima‘”,
1311 2271 1430 2326 utin
1455 2278 1734 2343 quantum,
1757 2269 2045 2338 adjuvante

454 2372 592 2439 Deo,
625 2366 876 2440 potestis,
908 2363 976 2418 ab
1006 2360 1153 2418 omni
1184 2368 1621 2432 peccatomagno
1643 2357 1731 2414 vel
1752 2373 1924 2429 parvo
1949 2373 2044 2413 vos

452 2457 763 2523 retrahatis,
798 2462 850 2510 et
879 2454 937 2507 in
966 2450 1167 2507 sanctis
1186 2449 1395 2504 actibus
1430 2464 1529 2505 vos
1558 2447 1873 2503 exerceatis.
1930 2445 2043 2501 Oro

446 2548 879 2620 omnipotentem
910 2542 1082 2596 Deum
1111 2546 1169 2593 ut
1194 2538 1309 2608 ipse
1338 2553 1440 2593 vos
1482 2553 1694 2607 semper
1745 2544 1798 2592 et
1839 2534 2043 2606 ubique

448 2643 723 2710 protegat,
756 2633 951 2703 dirigat
978 2634 1031 2684 et
1050 2627 1340 2684 custodiat.
1372 2629 1574 2681 Amen.

759 2738 927 2808 416
960 2751 1297 2809 EPISTOLA
1332 2751 1628 2806 CXXXIX
1654 2748 1741 2806 ιε’.

624 2864 698 2904 ΑΒ
762 2857 1102 2899 LAMBERTUM
1167 2854 1420 2894 ABBATBM
1488 2854 1537 2893 S.
1598 2854 1840 2893 BBRTINI.

681 2934 894 2994 Suadet
923 2932 1173 2988 oblatum
1204 2931 1454 2999 regimen
1483 2944 1789 2984 assumere.

520 3049 843 3107 ANSELuus,
878 3052 1071 3093 servus
1121 3034 1379 3090 Ecclesiae
1423 3033 1845 3103 Cantuariensis,
1903 3034 2037 3089 cha-

2228 1828 2857 1902 prOpterinvestitums
2906 1829 3102 1898 regis;
3154 1828 3254 1883 dat
3309 1831 3361 1902 ei
3410 1834 3746 1902 potestatem

2227 1897 2378 1973 alios
2399 1898 2495 1968 qui
2512 1897 2770 1973 investiti
2798 1916 2831 1954 a
2862 1897 2989 1973 rege
3019 1901 3244 1973 [uariat
3258 1901 3312 1955 et
3328 1897 3515 1971 ipsum
3564 1917 3748 1973 regem

2225 1968 2566 2037 absolvendi,
2600 1974 2840 2041 excepto
2862 1968 3079 2026 Eliensi
3095 1971 3312 2027 abbate.

2228 2057 2543 2111 Pssumus
2576 2057 2887 2129 episcopus,
2923 2075 3117 2115 servus
3159 2075 3447 2116 servorum
3488 2060 3612 2127 Dei,
3656 2076 3748 2117 ve-

2155 2145 2390 2201 nerabili
2405 2144 2563 2200 fratri
2594 2150 2880 2215 ANSELMO,
2916 2150 3297 2206 Cantuariensi
3313 2150 3741 2222 archiepiscopo,

2153 2234 2387 2290 salutem
2404 2242 2457 2289 et
2471 2234 2929 2292 benedictionem.

2224 2323 2385 2393 Qucd
2411 2324 2626 2397 Anglici
2659 2325 2808 2397 regis
2836 2341 2934 2382 cor
2952 2326 3023 2382 ad
3053 2328 3367 2399 apostolica
3397 2328 3554 2384 sedis
3607 2328 3747 2385 obe-

2153 2413 2415 2470 dientiam
2440 2422 2550 2470 etc.
2582 2415 2793 2471 Exstat
2818 2417 2881 2471 in
2893 2418 3144 2488 Registro
3161 2417 3450 2475 Paschalis
3472 2417 3542 2485 ll,
3560 2420 3745 2489 infra,

2151 2504 2225 2561 ad
2247 2520 2344 2560 an.
2367 2508 2524 2559 1118.

2633 2593 2973 2650 EPISTOLA
3004 2595 3167 2651 CXLI
3206 2597 3284 2650 ⁵⁸⁷.

2236 2713 2479 2755 ANSELMI
2508 2715 2578 2755 AD
2600 2714 2899 2757 ARNULFUM
2927 2717 3181 2759 ΑΒΒΑΤΕΜ
3213 2716 3652 2760 TROARNENSEM.

2151 2794 2238 2847 Ex
2268 2791 2453 2865 morbo
2487 2791 2769 2865 laboranti
2796 2792 3119 2865 collaborat,
3154 2797 3209 2848 et
3250 2794 3495 2865 petitum
3512 2793 3578 2849 de
3598 2794 3745 2865 abji—

2220 2863 2423 2919 cienda
2464 2863 2842 2934 praepositum
2880 2863 3183 2918 consilium
3234 2864 3460 2933 prwbet,
3503 2867 3569 2918 ut
3623 2863 3750 2919 eam

2219 2936 2479 2990 dimittat
2499 2935 2547 2989 si
2578 2936 2942 2989 consentiant
2964 2936 3417 3006 archiepiscopus
3447 2936 3745 3006 etfratres,

2218 3028 2543 3088 ANSELMUS,
2596 3037 2787 3077 servus
2848 3023 3106 3078 Ecclesiae
3167 3022 3596 3090 Cantuariensis,
3660 3023 3751 3078 di-

448 3137 664 3195 rissimo
692 3130 866 3188 amico
897 3142 1015 3194 suo,
1044 3123 1344 3181 reverendo
1361 3122 1545 3178 abbati
1591 3122 1823 3177 coenobii
1867 3123 2054 3178 Sancti
2082 3113 2131 3176 C
2162 3112 2302 3169 lecto
2331 3112 2506 3167 amico
2537 3126 2638 3166 suo
2655 3117 2943 3177 ARNULFO,
2976 3112 3283 3167 reverenda
3313 3112 3504 3167 abbati
3556 3112 3753 3167 Τροπ-

450 3223 674 3291 Bertini,
725 3221 1043 3282 Lanana'ro,
1103 3213 1353 3283 salutem,
1401 3219 1454 3267 et
1499 3210 1846 3267 dilectionem
1927 3226 2050 3266 cum

454 3312 788 3374 orationibus
801 3350 814 3363 .

523 3405 665 3475 Quia
694 3397 941 3456 Ecclesia
969 3393 1255 3450 Remensis
1285 3389 1569 3446 desiderat
1599 3398 1652 3445 et
1707 3390 1842 3460 petit
1894 3405 2054 3446 reve-

456 3494 691 3552 rentiam
725 3497 962 3545 vestram
990 3484 1146 3554 (sicut
1164 3480 1222 3509 ⁵⁸³
1257 3479 1491 3551 scripsiti
1516 3478 1673 3549 mihi)
1706 3479 1772 3533 ad
1806 3479 2055 3550 regimen

457 3580 978 3649 archiepiscopatus,
1082 3570 1315 3641 postulat
1396 3575 1577 3625 vostra
1667 3568 1953 3638 prudentia
2025 3584 2057 3621 a

462 3688 586 3729 mea
606 3667 873 3741 parvitate
891 3660 1174 3719 consilium
1208 3658 1337 3729 quid
1365 3658 1476 3711 sibi
1526 3655 1832 3711 faciendum
1879 3656 1948 3710 sit
2002 3657 2059 3711 in

461 3772 569 3817 tam
600 3770 803 3827 magna
845 3768 927 3819 re,
968 3758 1080 3803 tam
1137 3760 1392 3811 onerosa,
1453 3753 1672 3816 tamque
1714 3745 2050 3815 periculosa.

462 3854 523 3907 In
557 3845 747 3919 primis
777 3857 872 3897 oro
894 3841 1066 3894 Deum
1096 3844 1153 3891 ut
1183 3836 1299 3906 ipse
1329 3833 1462 3888 nihil
1491 3834 1764 3904 permittat
1806 3834 1874 3889 de
1905 3834 2060 3889 vobis

464 3939 585 3994 ﬁeri
618 3934 722 3990 nisi
751 3929 901 4004 quod
932 3926 1011 3982 illi
1039 3927 1217 3997 placet
1247 3930 1300 3979 et
1315 3922 1470 3978 vobis
1499 3922 1737 3993 expedit.
1764 3922 2061 3978 Consilium

470 4034 652 4084 autem
677 4036 854 4077 meum
876 4018 989 4089 (52)
1009 4012 1154 4085 quod
1184 4012 1382 4085 petitis,
1405 4013 1459 4065 in
1475 4016 1731 4083 quantum
1754 4011 2060 4083 intelligere

392 4128 399 4133 ’
469 4129 716 4190 possum,
776 4110 878 4163 hoc
916 4104 1049 4161 mihi
1102 4103 1317 4157 videtur
1358 4100 1630 4155 salubrius
1684 4109 1743 4155 ut
1805 4100 2062 4155 voluntas

468 4187 670 4271 vestra,
705 4203 971 4273 quantum
1002 4194 1057 4246 in
1087 4190 1242 4247 vobis
1297 4194 1395 4254 est,
1455 4189 1658 4243 nullum
1713 4189 1957 4259 praebeat
2002 4187 2061 4216 °“

473 4306 780 4356 assensum,
812 4283 944 4341 nihil
974 4281 1188 4346 dicatis,
1219 4277 1355 4333 nihil
1386 4277 1597 4332 faciatis
1628 4276 1773 4349 quod
1829 4278 1893 4331 ad
1958 4280 2063 4335 hoc

474 4384 650 4460 possit
676 4379 861 4436 valere
891 4372 971 4439 ωδ,
1005 4378 1063 4426 ιη
1084 4369 1311 4460 agonas
1331 4366 1406 4460 ad
1440 4366 1582 4435 quod
1603 4366 2065 4460 vocaminialiqua

2159 3201 2316 3257 nensi
2344 3198 2425 3267 “‘,
2457 3201 2686 3255 salutem
2708 3209 2761 3254 et
2797 3199 2997 3272 gratiae
3043 3200 3143 3255 Dei
3197 3200 3519 3257 continuam
3561 3208 3751 3271 prote-

2160 3291 2397 3346 ctionem
2427 3297 2478 3345 et
2506 3288 2953 3345 consolationem.
3180 3338 3187 3345 .

2232 3380 2446 3434 Litterae
2496 3394 2630 3448 quas
2673 3378 2876 3434 domno
2929 3378 3113 3434 abbati
3167 3377 3475 3435 Rodulfom
3518 3378 3752 3435 misistis

2163 3468 2230 3524 de
2248 3467 2571 3539 aegritudine
2610 3475 2663 3522 et
2697 3468 2767 3523 de
2806 3467 3071 3539 angustiis
3115 3468 3329 3537 vestris,
3375 3468 3616 3540 graviter
3659 3484 3757 3525 cor

2164 3566 2409 3614 nostrum
2443 3557 2761 3613 cbaritativa
2802 3556 3179 3628 compassione
3228 3566 3618 3628 percusserunt
3647 3574 3664 3628 ;
3699 3558 3755 3611 in

2167 3647 2359 3718 quibus
2386 3645 2545 3702 etiam
2563 3646 2851 3702 consilium
2887 3646 3020 3717 petit
3050 3646 3300 3701 sanctitas
3334 3655 3518 3702 vestra
3559 3663 3591 3701 a
3630 3661 3756 3702 mea

2165 3736 2435 3807 parvitate
2465 3736 2534 3792 de
2572 3734 2928 3807 dispositione
2962 3735 3229 3790 Ecclesiae
3291 3752 3424 3803 suae,
3502 3735 3759 3807 quoniam

2166 3833 2395 3895 propter
2415 3824 2746 3881 nimietatem
2787 3823 3129 3896 aegritudinis
3167 3824 3427 3895 desperat
3460 3841 3517 3880 se
3550 3824 3645 3893 ita,
3677 3825 3756 3879 si-

2167 3922 2255 3969 cut
2289 3915 2549 3969 hactenus
2583 3913 2731 3982 fecit,
2770 3921 2820 3969 et
2853 3912 3313 3985 quemadmodum
3346 3921 3576 3984 oportet,
3608 3912 3760 3968 illam

2169 4018 2325 4073 posse
2372 3988 2537 4055 417
2582 4002 2889 4074 gubernare
2912 4001 3398 4073 etdisponere.De
3437 4002 3760 4075 aegritudine

2170 4091 2385 4161 quidem
2407 4106 2657 4162 magnam
2681 4090 2841 4146 debet
2857 4090 3114 4163 colligere
3132 4108 3286 4147 mens
3301 4099 3481 4148 vestra
3497 4092 3760 4147 consola-

2171 4181 2394 4247 tionem,
2422 4180 2549 4252 quia
2593 4182 2851 4251 ﬂagellat
2900 4182 3042 4237 Deus
3085 4196 3312 4237 omnem
3352 4182 3539 4250 ﬁlium
3596 4196 3761 4253 quem

2170 4272 2394 4342 recipit.
2416 4271 2479 4324 Et
2495 4269 2748 4340 exempla
2781 4277 3098 4325 sanctorum
3131 4270 3389 4338 virorum,
3436 4270 3528 4342 qui
3556 4270 3758 4325 multas

2170 4358 2596 4432 etgravissimas
2637 4357 2787 4429 passi
2853 4365 2977 4413 sunt
3029 4357 3407 4430 aegritudines,
3474 4357 3609 4414 sicut
3661 4358 3764 4413 fuit

471 4445 758 4533 becasione
790 4457 1204 4537 pertrahamini.
1242 4454 1401 4511 Nulla
1430 4462 1701 4525 voscogat
1740 4457 2054 4523 necessitas,
2085 4466 2144 4531 D
2173 4451 2297 4517 Job,
2338 4457 2392 4505 et
2424 4449 2567 4505 sicut
2602 4447 2800 4519 legitur
2826 4445 2897 4502 de
2946 4446 3183 4537 quodam
3219 4452 3410 4502 sancto
3472 4446 3589 4537 viro
3620 4446 3762 4537 “(33)

472 4571 672 4638 prmter
704 4556 877 4611 solam
920 4557 975 4606 et
1031 4561 1223 4619 puram
1256 4542 1624 4638 obeden-tiam.
1684 4543 2060 4638 obedientiam

474 4630 607 4708 vero
636 4645 841 4703 nullam
859 4636 1191 4709 suspicietis,
1224 4631 1326 4687 nisi
1366 4648 1398 4685 a
1446 4631 1646 4686 domno
1685 4630 1879 4687 abbate
1934 4634 2064 4689 Clu-

470 4735 732 4802 niacensi,
773 4729 860 4786 cui
889 4741 988 4784 vos
1029 4719 1372 4778 subdidistis.
1422 4717 1581 4788 Quod
1645 4727 1829 4775 autern
1885 4720 2063 4777 dicitis

2171 4542 2263 4616 qui
2292 4537 2530 4610 paralysi
2579 4543 2696 4591 toto
2741 4550 2975 4606 corpore
3019 4534 3335 4604 dissolutus,
3386 4549 3423 4590 a
3486 4534 3760 4602 fratribus,

2171 4630 2427 4705 quoniam
2468 4626 2568 4698 ipsi
2609 4624 2763 4680 illum
2807 4630 3043 4680 tractare
3088 4640 3198 4680 non
3242 4631 3498 4697 poterant
3550 4622 3766 4679 feminis

2170 4719 2397 4775 traditus
2442 4723 2543 4785 est,
2575 4714 2800 4769 multum
2831 4728 2930 4769 vos
2980 4712 3288 4769 confortare
3337 4711 3558 4772 debent.
3611 4712 3763 4769 Nus-

1776 4817 2007 4874 VARIIE
2049 4815 2350 4875 LECTION
2358 4814 2457 4868 ES.

542 4932 756 4991 “Sicut
776 4926 831 4981 in
860 4938 966 4977 ms.
1000 4917 1117 4991 ﬁeri
1147 4916 1221 4970 in.
1300 4912 1359 4941 ⁶⁸¹
1390 4913 1843 4991 Βυξοίεεὶηιὲρῃξ.
1865 4915 2260 4991 _dilectissima.
2337 4910 2399 4939 “’
2432 4909 2656 4991 Collatia
2700 4924 2831 4964 cum
2859 4907 3082 4991 “eodem
3114 4923 3232 4991 ms;
3299 4903 3763 4991 “_Reverentiam

468 4978 753 5066 sicuiiﬁs'.‘
777 4978 1148 5066 reverentiam
1177 4994 1414 5066 vestram
1448 4987 1606 5066 sicut.
1684 4984 2269 5066 ‘f‘blultugn‘praebeat
2322 4999 2429 5039 ms.
2472 4982 2689 5066 nullum
2742 4978 3001 5066 prgbfeat.
3072 4978 3756 5066 rmdf’ossetmvalerems‘.

515 5048 905 5135 g;,'-,{';,};1a,~‘cg
937 5060 995 5135 ‘f‘
1015 5057 1240 5135 t’eniale
1255 5074 1374 5135 ins.
1398 5057 1563 5135 valde
1586 5058 1839 5135 _veniale._
1885 5057 1955 5135 f‘f
1987 5048 2206 5117 Cbllata
2227 5071 2355 5114 cum
2384 5052 2577 5111 eodem
2608 5066 2711 5107 ms.
2744 5048 2757 5050 ’
2787 5048 2846 5077 ⁵⁸⁸
2876 5049 3213 5109 Droarnensi
3253 5065 3365 5106 ms.
3403 5049 3760 5107 Troarnensi.

515 5100 652 5135 OSSII.
685 5100 820 5128 vum
837 5100 886 5121 υ.
1033 5100 1044 5114 ι
1066 5100 1240 5114 cum...
1272 5100 1374 5113 ...ω
1398 5100 1563 5138 ...ην-υ
1604 5100 1614 5112 .
1632 5100 1825 5138 κανων.
1987 5100 2038 5117 υ.

471 5100 771 5207 Ε¹’1)οιιιὶῐιο
799 5133 1085 5204 Rodulpho
1114 5145 1222 5185 ms.
1252 5128 1485 5184 Domino
1514 5127 1696 5183 abbati
1724 5128 2038 5200 Rodulpho.

1664 5226 1957 5284 JOANNlS
1991 5216 2307 5284 ‘PICARDI
2361 5221 2593 5281 NOTE.

546 5344 657 5420 (δε)
691 5334 1002 5420 (ἕοηείέίίξπέ
1024 5324 1874 5420 αέίξθιζξέἶέξῗῗιῗξὲιὲηὲ¹ξξ¹ῗ
1901 5327 2073 5420 Exi"

472 5394 682 5480 viensis
703 5394 772 5467 in
802 5401 1018 5479 epistol.
1053 5395 1122 5480 ad
1146 5394 1771 5480 Danielem,‘priorem-S.
1793 5396 2071 5464 Barbarae,

474 5463 853 5555 ὲὲἱίἒῗείιῖοά⁸
879 5466 1336 5555 (ιυεφαάωρίξρφ
1365 5463 1465 5555 3a
1513 5467 1814 5555 adoratum
1861 5484 1968 5523 non
2017 5484 2074 5555 se

475 5535 661 5621 debuit
680 5535 966 5626 ingerere,
987 5544 1062 5599 ita
1089 5545 1309 5626 vocatus
1325 5624 1340 5626 ῃ
1364 5550 1479 5626 non:
1494 5535 1713 5626 debeat
1753 5554 2031 5626 recusare
2058 5552 2072 5595 :

555 5607 775 5699 :VQ'ui—a',’
802 5607 996 5691 inquit,
1015 5626 1136 5699 ‘non
1165 5608 1344 5699 minus
1373 5607 1627 5689 delictum
1656 5609 2077 5699 tpmorninobe:

474 5678 902 5769 mentitae—unara
954 5678 1101 5743 zelus
1139 5679 1454 5738 ambitionis
1498 5678 1777 5753 importat.
1840 5679 2003 5749 Quod
2029 5680 2080 5738 εί

2179 5339 2297 5398 ιιοιιΔ
2318 5338 2387 5378 ex
2416 5330 2629 5398 tumore
2652 5319 2750 5398 sed
2778 5317 3083 5398 humilitate
3094 5394 3102 5398 _
3137 5316 3337 5398 potius,
3393 5317 3539 5398 sicut
3566 5325 3765 5398 _putas,

2182 5403 2231 5450 et
2261 5395 2456 5450 timore
2485 5392 2724 5458 desistis,
2746 5389 3258 5462 pusillanimitatem
3286 5389 3405 5446 haec
3428 5389 3601 5462 _mihi’
3626 5390 3774 5461 sapit

2181 5465 2477 5541 humilitas.
2509 5463 2646 5541 Yeni
2706 5459 2884 5535 igitur,
2943 5459 3204 5541 quoniam
3248 5476 3377 5541 cum
3424 5460 3546 5533 ipso
3601 5459 3771 5518 onere

2185 5536 2362 5609 gratia
2374 5536 2470 5609 tibi
2494 5534 2686 5609 divina
2711 5530 3050 5609 concrescat.
3089 5550 3112 5581 ι
3129 5530 3237 5609 _Sic
3262 5530 3377 5590 ille.

2258 5605 2367 5678 (33)
2398 5607 2471 5678 Et
2486 5607 2639 5663 sicut
2668 5606 2887 5678 legitm:
2902 5600 3238 5678 dequodam
3253 5607 3461 5678 sancto,
3480 5603 3621 5678 uiro,

2187 5679 2240 5736 Is
2255 5670 2370 5751 (vel
2405 5676 2698 5749 allucinor)
2718 5670 2828 5732 'fuit
2857 5670 3058 5732 Paulus
3091 5672 3267 5732 abbas
3292 5674 3471 5743 eremi
3492 5670 3771 5745 Panephi-
