  <div class='ocr_page' id='page_1' title='image "/cluster/home/n/w/nwhite01/storage/ocr_20150623/159/hvd.32044054760178/093.png"; bbox 0 0 4036 6072; ppageno 0'>
   <div class='ocr_carea' id='block_1_1' title="bbox 448 368 551 423">
    <p class='ocr_par' dir='ltr' id='par_1_1' title="bbox 448 368 551 423">
     <span class='ocr_line' id='line_1_1' title="bbox 448 368 551 423; baseline 0.01 -1"><span class='ocrx_word' id='word_1_1' title='bbox 448 368 551 423; x_wconf 84' lang='grc'><strong>175</strong></span> 
     </span>
    </p>
   </div>
   <div class='ocr_carea' id='block_1_2' title="bbox 455 474 2123 561">
    <p class='ocr_par' dir='ltr' id='par_1_2' title="bbox 455 474 2123 561">
     <span class='ocr_line' id='line_1_2' title="bbox 455 474 2123 561; baseline -0.013 -14"><span class='ocrx_word' id='word_1_2' title='bbox 455 490 734 561; x_wconf 81' lang='lat' dir='ltr'><strong>corrigere</strong></span> <span class='ocrx_word' id='word_1_3' title='bbox 765 495 817 543; x_wconf 91' lang='lat' dir='ltr'><strong>et</strong></span> <span class='ocrx_word' id='word_1_4' title='bbox 865 485 1182 556; x_wconf 84' lang='lat' dir='ltr'><strong>exstirpare,</strong></span> <span class='ocrx_word' id='word_1_5' title='bbox 1241 489 1290 537; x_wconf 92' lang='lat' dir='ltr'><strong>et</strong></span> <span class='ocrx_word' id='word_1_6' title='bbox 1345 480 1523 535; x_wconf 90' lang='lat' dir='ltr'><strong>bonos</strong></span> <span class='ocrx_word' id='word_1_7' title='bbox 1568 491 1749 532; x_wconf 87' lang='lat' dir='ltr'><strong>mores</strong></span> <span class='ocrx_word' id='word_1_8' title='bbox 1793 474 2035 545; x_wconf 86' lang='lat' dir='ltr'><strong>plantere</strong></span> <span class='ocrx_word' id='word_1_9' title='bbox 2063 479 2123 542; x_wconf 83' lang='grc' dir='ltr'><strong>Α</strong></span> 
     </span>
    </p>
   </div>
   <div class='ocr_carea' id='block_1_3' title="bbox 453 565 2042 640">
    <p class='ocr_par' dir='ltr' id='par_1_3' title="bbox 453 565 2042 640">
     <span class='ocr_line' id='line_1_3' title="bbox 453 565 2042 640; baseline -0.013 -4"><span class='ocrx_word' id='word_1_10' title='bbox 453 580 744 636; x_wconf 85' lang='lat' dir='ltr'><strong>seminare.</strong></span> <span class='ocrx_word' id='word_1_11' title='bbox 776 576 855 630; x_wconf 84' lang='lat' dir='ltr'><strong>Ab</strong></span> <span class='ocrx_word' id='word_1_12' title='bbox 885 575 993 629; x_wconf 88' lang='lat' dir='ltr'><strong>hoc</strong></span> <span class='ocrx_word' id='word_1_13' title='bbox 1022 573 1204 640; x_wconf 87' lang='lat' dir='ltr'><strong>etiam,</strong></span> <span class='ocrx_word' id='word_1_14' title='bbox 1236 572 1500 640; x_wconf 89' lang='lat' dir='ltr'><strong>quantum</strong></span> <span class='ocrx_word' id='word_1_15' title='bbox 1530 566 1583 621; x_wconf 92' lang='lat' dir='ltr'><strong>in</strong></span> <span class='ocrx_word' id='word_1_16' title='bbox 1614 565 1770 621; x_wconf 85' lang='lat' dir='ltr'><strong>vobis</strong></span> <span class='ocrx_word' id='word_1_17' title='bbox 1799 571 1902 631; x_wconf 87' lang='lat' dir='ltr'><strong>est,</strong></span> <span class='ocrx_word' id='word_1_18' title='bbox 1951 578 2042 618; x_wconf 86' lang='lat' dir='ltr'><strong>re-</strong></span> 
     </span>
    </p>
   </div>
   <div class='ocr_carea' id='block_1_4' title="bbox 454 663 2045 743">
    <p class='ocr_par' dir='ltr' id='par_1_4' title="bbox 454 663 2045 743">
     <span class='ocr_line' id='line_1_4' title="bbox 454 663 2045 743; baseline -0.013 -16"><span class='ocrx_word' id='word_1_19' title='bbox 454 686 581 743; x_wconf 92' lang='lat' dir='ltr'><strong>gem</strong></span> <span class='ocrx_word' id='word_1_20' title='bbox 611 677 870 734; x_wconf 89' lang='lat' dir='ltr'><strong>vestrum,</strong></span> <span class='ocrx_word' id='word_1_21' title='bbox 904 675 956 721; x_wconf 91' lang='lat' dir='ltr'><strong>et</strong></span> <span class='ocrx_word' id='word_1_22' title='bbox 983 665 1116 720; x_wconf 91' lang='lat' dir='ltr'><strong>alios</strong></span> <span class='ocrx_word' id='word_1_23' title='bbox 1141 663 1450 734; x_wconf 87' lang='lat' dir='ltr'><strong>episcopos,</strong></span> <span class='ocrx_word' id='word_1_24' title='bbox 1492 664 1545 713; x_wconf 91' lang='lat' dir='ltr'><strong>et</strong></span> <span class='ocrx_word' id='word_1_25' title='bbox 1571 670 1920 729; x_wconf 90' lang='lat' dir='ltr'><strong>quoscunque</strong></span> <span class='ocrx_word' id='word_1_26' title='bbox 1949 667 2045 723; x_wconf 89' lang='lat' dir='ltr'><strong>po-</strong></span> 
     </span>
    </p>
   </div>
   <div class='ocr_carea' id='block_1_5' title="bbox 455 740 2041 824">
    <p class='ocr_par' dir='ltr' id='par_1_5' title="bbox 455 740 2041 824">
     <span class='ocr_line' id='line_1_5' title="bbox 455 740 2041 824; baseline -0.013 -10"><span class='ocrx_word' id='word_1_27' title='bbox 455 740 628 823; x_wconf 79' lang='lat' dir='ltr'><strong>testis,</strong></span> <span class='ocrx_word' id='word_1_28' title='bbox 660 755 963 822; x_wconf 86' lang='lat' dir='ltr'><strong>suadendo,</strong></span> <span class='ocrx_word' id='word_1_29' title='bbox 996 761 1047 809; x_wconf 90' lang='lat' dir='ltr'><strong>et</strong></span> <span class='ocrx_word' id='word_1_30' title='bbox 1076 750 1275 824; x_wconf 88' lang='lat' dir='ltr'><strong>gaudia</strong></span> <span class='ocrx_word' id='word_1_31' title='bbox 1303 764 1424 820; x_wconf 67' lang='lat' dir='ltr'><strong>qua:</strong></span> <span class='ocrx_word' id='word_1_32' title='bbox 1454 752 1641 816; x_wconf 89' lang='lat' dir='ltr'><strong>parata</strong></span> <span class='ocrx_word' id='word_1_33' title='bbox 1684 749 1809 798; x_wconf 90' lang='lat' dir='ltr'><strong>sunt</strong></span> <span class='ocrx_word' id='word_1_34' title='bbox 1866 740 2041 806; x_wconf 80' lang='lat' dir='ltr'><strong>bonis,</strong></span> 
     </span>
    </p>
   </div>
   <div class='ocr_carea' id='block_1_6' title="bbox 459 831 2043 917">
    <p class='ocr_par' dir='ltr' id='par_1_6' title="bbox 459 831 2043 917">
     <span class='ocr_line' id='line_1_6' title="bbox 459 831 2043 917; baseline -0.012 -13"><span class='ocrx_word' id='word_1_35' title='bbox 459 864 524 904; x_wconf 91' lang='lat' dir='ltr'><strong>ac</strong></span> <span class='ocrx_word' id='word_1_36' title='bbox 549 847 692 902; x_wconf 88' lang='lat' dir='ltr'><strong>mala</strong></span> <span class='ocrx_word' id='word_1_37' title='bbox 720 861 842 917; x_wconf 86' lang='lat' dir='ltr'><strong>quae</strong></span> <span class='ocrx_word' id='word_1_38' title='bbox 870 848 1183 913; x_wconf 81' lang='lat' dir='ltr'><strong>exspectant</strong></span> <span class='ocrx_word' id='word_1_39' title='bbox 1201 838 1400 905; x_wconf 87' lang='lat' dir='ltr'><strong>malos,</strong></span> <span class='ocrx_word' id='word_1_40' title='bbox 1419 833 1753 891; x_wconf 89' lang='lat' dir='ltr'><strong>ostendendo</strong></span> <span class='ocrx_word' id='word_1_41' title='bbox 1773 831 2043 895; x_wconf 90' lang='lat' dir='ltr'><strong>attrahite,</strong></span> 
     </span>
    </p>
   </div>
   <div class='ocr_carea' id='block_1_7' title="bbox 458 922 2044 994">
    <p class='ocr_par' dir='ltr' id='par_1_7' title="bbox 458 922 2044 994">
     <span class='ocr_line' id='line_1_7' title="bbox 458 922 2044 994; baseline -0.011 -3"><span class='ocrx_word' id='word_1_42' title='bbox 458 944 514 991; x_wconf 92' lang='lat' dir='ltr'><strong>ut</strong></span> <span class='ocrx_word' id='word_1_43' title='bbox 544 936 613 990; x_wconf 91' lang='lat' dir='ltr'><strong>de</strong></span> <span class='ocrx_word' id='word_1_44' title='bbox 642 934 832 990; x_wconf 82' lang='lat' dir='ltr'><strong>vestris</strong></span> <span class='ocrx_word' id='word_1_45' title='bbox 860 930 922 960; x_wconf 81' lang='grc'><strong>⁵⁸⁷⁷</strong></span> <span class='ocrx_word' id='word_1_46' title='bbox 952 938 1006 987; x_wconf 92' lang='lat' dir='ltr'><strong>et</strong></span> <span class='ocrx_word' id='word_1_47' title='bbox 1034 931 1103 985; x_wconf 91' lang='lat' dir='ltr'><strong>de</strong></span> <span class='ocrx_word' id='word_1_48' title='bbox 1134 928 1364 985; x_wconf 91' lang='lat' dir='ltr'><strong>aliorum</strong></span> <span class='ocrx_word' id='word_1_49' title='bbox 1392 924 1557 981; x_wconf 87' lang='lat' dir='ltr'><strong>bonis</strong></span> <span class='ocrx_word' id='word_1_50' title='bbox 1594 922 1853 994; x_wconf 85' lang='lat' dir='ltr'><strong>Operibus</strong></span> <span class='ocrx_word' id='word_1_51' title='bbox 1899 934 2044 991; x_wconf 86' lang='lat' dir='ltr'><strong>prae-</strong></span> 
     </span>
    </p>
   </div>
   <div class='ocr_carea' id='block_1_8' title="bbox 451 1010 2046 1086">
    <p class='ocr_par' dir='ltr' id='par_1_8' title="bbox 451 1010 2046 1086">
     <span class='ocr_line' id='line_1_8' title="bbox 451 1010 2046 1086; baseline -0.01 -8"><span class='ocrx_word' id='word_1_52' title='bbox 451 1023 622 1078; x_wconf 89' lang='lat' dir='ltr'><strong>mium</strong></span> <span class='ocrx_word' id='word_1_53' title='bbox 644 1021 951 1078; x_wconf 89' lang='lat' dir='ltr'><strong>mireamini</strong></span> <span class='ocrx_word' id='word_1_54' title='bbox 980 1035 1011 1075; x_wconf 90' lang='lat' dir='ltr'><strong>a</strong></span> <span class='ocrx_word' id='word_1_55' title='bbox 1030 1020 1145 1074; x_wconf 91' lang='lat' dir='ltr'><strong>Deo</strong></span> <span class='ocrx_word' id='word_1_56' title='bbox 1174 1016 1447 1086; x_wconf 87' lang='lat' dir='ltr'><strong>accipere.</strong></span> <span class='ocrx_word' id='word_1_57' title='bbox 1481 1012 1671 1067; x_wconf 89' lang='lat' dir='ltr'><strong>Grates</strong></span> <span class='ocrx_word' id='word_1_58' title='bbox 1696 1010 1874 1066; x_wconf 87' lang='lat' dir='ltr'><strong>refero</strong></span> <span class='ocrx_word' id='word_1_59' title='bbox 1911 1024 2046 1080; x_wconf 89' lang='lat' dir='ltr'><strong>pro-</strong></span> 
     </span>
    </p>
   </div>
   <div class='ocr_carea' id='block_1_9' title="bbox 453 1096 2045 1182">
    <p class='ocr_par' dir='ltr' id='par_1_9' title="bbox 453 1096 2045 1182">
     <span class='ocr_line' id='line_1_9' title="bbox 453 1096 2045 1182; baseline -0.009 -15"><span class='ocrx_word' id='word_1_60' title='bbox 453 1128 677 1168; x_wconf 90' lang='lat' dir='ltr'><strong>munere</strong></span> <span class='ocrx_word' id='word_1_61' title='bbox 706 1118 890 1171; x_wconf 87' lang='lat' dir='ltr'><strong>vestro</strong></span> <span class='ocrx_word' id='word_1_62' title='bbox 921 1124 1061 1182; x_wconf 88' lang='lat' dir='ltr'><strong>quoc</strong></span> <span class='ocrx_word' id='word_1_63' title='bbox 1090 1106 1221 1162; x_wconf 89' lang='lat' dir='ltr'><strong>mihi</strong></span> <span class='ocrx_word' id='word_1_64' title='bbox 1278 1104 1517 1175; x_wconf 84' lang='lat' dir='ltr'><strong>benigne</strong></span> <span class='ocrx_word' id='word_1_65' title='bbox 1570 1100 1816 1156; x_wconf 86' lang='lat' dir='ltr'><strong>misistis.</strong></span> <span class='ocrx_word' id='word_1_66' title='bbox 1879 1096 2045 1154; x_wconf 84' lang='lat' dir='ltr'><strong>Orate</strong></span> 
     </span>
    </p>
   </div>
   <div class='ocr_carea' id='block_1_10' title="bbox 456 1216 700 1272">
    <p class='ocr_par' dir='ltr' id='par_1_10' title="bbox 456 1216 700 1272">
     <span class='ocr_line' id='line_1_10' title="bbox 456 1216 700 1272; baseline -0.004 -15"><span class='ocrx_word' id='word_1_67' title='bbox 456 1217 559 1272; x_wconf 87' lang='lat' dir='ltr'><strong>pro</strong></span> <span class='ocrx_word' id='word_1_68' title='bbox 589 1216 700 1257; x_wconf 90' lang='lat' dir='ltr'><strong>me.</strong></span> 
     </span>
    </p>
   </div>
   <div class='ocr_carea' id='block_1_11' title="bbox 908 1306 1600 1371">
    <p class='ocr_par' dir='ltr' id='par_1_11' title="bbox 908 1306 1600 1371">
     <span class='ocr_line' id='line_1_11' title="bbox 908 1306 1600 1371; baseline -0.013 0"><span class='ocrx_word' id='word_1_69' title='bbox 908 1311 1252 1371; x_wconf 76' lang='lat' dir='ltr'><strong>EPISTULA</strong></span> <span class='ocrx_word' id='word_1_70' title='bbox 1282 1309 1498 1366; x_wconf 81' lang='lat' dir='ltr'><strong>CXLIV</strong></span> <span class='ocrx_word' id='word_1_71' title='bbox 1520 1306 1600 1361; x_wconf 71' lang='grc'><strong><em>⁵³⁸.</em></strong></span> 
     </span>
    </p>
   </div>
   <div class='ocr_carea' id='block_1_12' title="bbox 849 1458 1652 1505">
    <p class='ocr_par' dir='ltr' id='par_1_12' title="bbox 849 1458 1652 1505">
     <span class='ocr_line' id='line_1_12' title="bbox 849 1458 1652 1505; baseline -0.009 0"><span class='ocrx_word' id='word_1_72' title='bbox 849 1466 921 1504; x_wconf 81' lang='grc' dir='ltr'><strong>ΑΙ)</strong></span> <span class='ocrx_word' id='word_1_73' title='bbox 958 1463 1269 1505; x_wconf 75' lang='grc' dir='ltr'><strong>ΜΟΝΑΟΗΟΜ</strong></span> <span class='ocrx_word' id='word_1_74' title='bbox 1306 1458 1652 1500; x_wconf 76' lang='lat' dir='ltr'><strong>APOSTATAM.</strong></span> 
     </span>
    </p>
   </div>
   <div class='ocr_carea' id='block_1_13' title="bbox 463 1574 2047 1658">
    <p class='ocr_par' dir='ltr' id='par_1_13' title="bbox 463 1574 2047 1658">
     <span class='ocr_line' id='line_1_13' title="bbox 463 1574 2047 1658; baseline -0.011 -14"><span class='ocrx_word' id='word_1_75' title='bbox 463 1587 787 1658; x_wconf 75' lang='lat' dir='ltr'><strong>Praeceptis,</strong></span> <span class='ocrx_word' id='word_1_76' title='bbox 820 1583 1075 1658; x_wconf 74' lang='lat' dir='ltr'><strong>consiliis</strong></span> <span class='ocrx_word' id='word_1_77' title='bbox 1104 1586 1162 1637; x_wconf 84' lang='lat' dir='ltr'><strong>et</strong></span> <span class='ocrx_word' id='word_1_78' title='bbox 1189 1581 1364 1635; x_wconf 82' lang='lat' dir='ltr'><strong>minis</strong></span> <span class='ocrx_word' id='word_1_79' title='bbox 1410 1582 1669 1658; x_wconf 79' lang='lat' dir='ltr'><strong>errantes</strong></span> <span class='ocrx_word' id='word_1_80' title='bbox 1725 1574 1865 1631; x_wconf 84' lang='lat' dir='ltr'><strong>duas</strong></span> <span class='ocrx_word' id='word_1_81' title='bbox 1923 1586 2047 1629; x_wconf 81' lang='lat' dir='ltr'><strong>oves</strong></span> 
     </span>
    </p>
   </div>
   <div class='ocr_carea' id='block_1_14' title="bbox 954 1653 1548 1725">
    <p class='ocr_par' dir='ltr' id='par_1_14' title="bbox 954 1653 1548 1725">
     <span class='ocr_line' id='line_1_14' title="bbox 954 1653 1548 1725; baseline -0.008 -16"><span class='ocrx_word' id='word_1_82' title='bbox 954 1653 1025 1709; x_wconf 90' lang='lat' dir='ltr'><strong>ad</strong></span> <span class='ocrx_word' id='word_1_83' title='bbox 1050 1668 1272 1725; x_wconf 78' lang='lat' dir='ltr'><strong>gregem</strong></span> <span class='ocrx_word' id='word_1_84' title='bbox 1304 1653 1548 1707; x_wconf 82' lang='lat' dir='ltr'><strong>revocat.</strong></span> 
     </span>
    </p>
   </div>
   <div class='ocr_carea' id='block_1_15' title="bbox 526 1767 2044 1849">
    <p class='ocr_par' dir='ltr' id='par_1_15' title="bbox 526 1767 2044 1849">
     <span class='ocr_line' id='line_1_15' title="bbox 526 1767 2044 1849; baseline -0.011 -10"><span class='ocrx_word' id='word_1_85' title='bbox 526 1787 848 1848; x_wconf 81' lang='lat' dir='ltr'><strong>ANSELMUS,</strong></span> <span class='ocrx_word' id='word_1_86' title='bbox 881 1778 983 1833; x_wconf 87' lang='lat' dir='ltr'><strong>Dei</strong></span> <span class='ocrx_word' id='word_1_87' title='bbox 1013 1778 1189 1849; x_wconf 87' lang='lat' dir='ltr'><strong>gratia</strong></span> <span class='ocrx_word' id='word_1_88' title='bbox 1218 1774 1666 1844; x_wconf 86' lang='lat' dir='ltr'><strong>archiepiscopus</strong></span> <span class='ocrx_word' id='word_1_89' title='bbox 1722 1767 2044 1834; x_wconf 75' lang='lat' dir='ltr'><strong>Cantuariae,</strong></span> 
     </span>
    </p>
   </div>
   <div class='ocr_carea' id='block_1_16' title="bbox 942 339 3131 417">
    <p class='ocr_par' dir='ltr' id='par_1_16' title="bbox 942 339 3131 417">
     <span class='ocr_line' id='line_1_16' title="bbox 942 339 3131 417; baseline -0.008 0"><span class='ocrx_word' id='word_1_90' title='bbox 942 360 997 417; x_wconf 88' lang='lat' dir='ltr'><strong>S.</strong></span> <span class='ocrx_word' id='word_1_91' title='bbox 1030 356 1335 415; x_wconf 78' lang='lat' dir='ltr'><strong>ANSELMI</strong></span> <span class='ocrx_word' id='word_1_92' title='bbox 1372 352 1715 410; x_wconf 86' lang='lat' dir='ltr'><strong>CANTUAR.</strong></span> <span class='ocrx_word' id='word_1_93' title='bbox 1755 346 2082 405; x_wconf 78' lang='lat' dir='ltr'><strong>ARCHIEP.</strong></span> <span class='ocrx_word' id='word_1_94' title='bbox 2116 345 2268 403; x_wconf 89' lang='lat' dir='ltr'><strong>OPP.</strong></span> <span class='ocrx_word' id='word_1_95' title='bbox 2301 344 2475 401; x_wconf 82' lang='lat' dir='ltr'><strong>PARS</strong></span> <span class='ocrx_word' id='word_1_96' title='bbox 2506 342 2597 399; x_wconf 82' lang='lat' dir='ltr'>III.</span> <span class='ocrx_word' id='word_1_97' title='bbox 2630 373 2701 383; x_wconf 96' lang='lat'><strong>—</strong></span> <span class='ocrx_word' id='word_1_98' title='bbox 2742 339 3131 400; x_wconf 67' lang='lat' dir='ltr'><strong>EPISTOLE.</strong></span> 
     </span>
    </p>
   </div>
   <div class='ocr_carea' id='block_1_17' title="bbox 3638 345 3741 401">
    <p class='ocr_par' dir='ltr' id='par_1_17' title="bbox 3638 345 3741 401">
     <span class='ocr_line' id='line_1_17' title="bbox 3638 345 3741 401; baseline 0 -1"><span class='ocrx_word' id='word_1_99' title='bbox 3638 345 3741 401; x_wconf 69' lang='lat'><strong>176</strong></span> 
     </span>
    </p>
   </div>
   <div class='ocr_carea' id='block_1_18' title="bbox 2612 467 3278 526">
    <p class='ocr_par' dir='ltr' id='par_1_18' title="bbox 2612 467 3278 526">
     <span class='ocr_line' id='line_1_18' title="bbox 2612 467 3278 526; baseline 0.003 -2"><span class='ocrx_word' id='word_1_100' title='bbox 2612 468 2950 525; x_wconf 81' lang='lat' dir='ltr'><strong>EPISTOLA</strong></span> <span class='ocrx_word' id='word_1_101' title='bbox 2994 469 3177 525; x_wconf 81' lang='lat' dir='ltr'><strong>CXLV</strong></span> <span class='ocrx_word' id='word_1_102' title='bbox 3195 467 3278 526; x_wconf 82' lang='grc'><strong>⁶⁰’.</strong></span> 
     </span>
    </p>
   </div>
   <div class='ocr_carea' id='block_1_19' title="bbox 2576 591 3281 652">
    <p class='ocr_par' dir='ltr' id='par_1_19' title="bbox 2576 591 3281 652">
     <span class='ocr_line' id='line_1_19' title="bbox 2576 591 3281 652; baseline 0 -22"><span class='ocrx_word' id='word_1_103' title='bbox 2576 591 2830 631; x_wconf 75' lang='lat' dir='ltr'><strong>wmaar</strong></span> <span class='ocrx_word' id='word_1_104' title='bbox 2858 592 2930 632; x_wconf 66' lang='lat' dir='ltr'><strong>sn</strong></span> <span class='ocrx_word' id='word_1_105' title='bbox 2958 591 3281 652; x_wconf 64' lang='lat' dir='ltr'><strong>manuum.</strong></span> 
     </span>
    </p>
   </div>
   <div class='ocr_carea' id='block_1_20' title="bbox 2153 684 3746 757">
    <p class='ocr_par' dir='ltr' id='par_1_20' title="bbox 2153 684 3746 757">
     <span class='ocr_line' id='line_1_20' title="bbox 2153 684 3746 757; baseline 0.001 -17"><span class='ocrx_word' id='word_1_106' title='bbox 2153 685 2397 742; x_wconf 75' lang='lat' dir='ltr'><strong>Exultat</strong></span> <span class='ocrx_word' id='word_1_107' title='bbox 2416 685 2482 742; x_wconf 87' lang='lat' dir='ltr'><strong>de</strong></span> <span class='ocrx_word' id='word_1_108' title='bbox 2511 685 2673 753; x_wconf 83' lang='lat' dir='ltr'><strong>felici</strong></span> <span class='ocrx_word' id='word_1_109' title='bbox 2703 684 2971 740; x_wconf 81' lang='lat' dir='ltr'><strong>Anselmi</strong></span> <span class='ocrx_word' id='word_1_110' title='bbox 3002 685 3063 739; x_wconf 84' lang='lat' dir='ltr'><strong>in</strong></span> <span class='ocrx_word' id='word_1_111' title='bbox 3092 686 3361 757; x_wconf 81' lang='lat' dir='ltr'><strong>Angliam</strong></span> <span class='ocrx_word' id='word_1_112' title='bbox 3402 684 3613 753; x_wconf 83' lang='lat' dir='ltr'><strong>reditu,</strong></span> <span class='ocrx_word' id='word_1_113' title='bbox 3671 687 3746 743; x_wconf 83' lang='lat' dir='ltr'><strong>si-</strong></span> 
     </span>
    </p>
   </div>
   <div class='ocr_carea' id='block_1_21' title="bbox 2179 756 3739 830">
    <p class='ocr_par' dir='ltr' id='par_1_21' title="bbox 2179 756 3739 830">
     <span class='ocr_line' id='line_1_21' title="bbox 2179 756 3739 830; baseline 0.001 -19"><span class='ocrx_word' id='word_1_114' title='bbox 2179 759 2408 830; x_wconf 87' lang='lat' dir='ltr'><strong>mulque</strong></span> <span class='ocrx_word' id='word_1_115' title='bbox 2437 758 2505 813; x_wconf 86' lang='lat' dir='ltr'><strong>ab</strong></span> <span class='ocrx_word' id='word_1_116' title='bbox 2525 773 2586 813; x_wconf 89' lang='lat' dir='ltr'><strong>eo</strong></span> <span class='ocrx_word' id='word_1_117' title='bbox 2617 757 2909 828; x_wconf 79' lang='lat' dir='ltr'><strong>quidpiam</strong></span> <span class='ocrx_word' id='word_1_118' title='bbox 2939 757 3162 827; x_wconf 71' lang='lat' dir='ltr'><strong>expetit</strong></span> <span class='ocrx_word' id='word_1_119' title='bbox 3181 756 3292 829; x_wconf 70' lang='lat' dir='ltr'><strong>piae</strong></span> <span class='ocrx_word' id='word_1_120' title='bbox 3316 758 3739 815; x_wconf 72' lang='lat' dir='ltr'><strong>consolationis.</strong></span> 
     </span>
    </p>
   </div>
   <div class='ocr_carea' id='block_1_22' title="bbox 2224 863 3744 929">
    <p class='ocr_par' dir='ltr' id='par_1_22' title="bbox 2224 863 3744 929">
     <span class='ocr_line' id='line_1_22' title="bbox 2224 863 3744 929; baseline 0.001 -9"><span class='ocrx_word' id='word_1_121' title='bbox 2224 865 2458 921; x_wconf 89' lang='lat' dir='ltr'><strong>Domino</strong></span> <span class='ocrx_word' id='word_1_122' title='bbox 2490 863 2858 929; x_wconf 90' lang='lat' dir='ltr'><strong>desiderabili,</strong></span> <span class='ocrx_word' id='word_1_123' title='bbox 2893 868 2948 918; x_wconf 92' lang='lat' dir='ltr'><strong>et</strong></span> <span class='ocrx_word' id='word_1_124' title='bbox 2977 863 3104 919; x_wconf 88' lang='lat' dir='ltr'><strong>totis</strong></span> <span class='ocrx_word' id='word_1_125' title='bbox 3150 865 3421 920; x_wconf 89' lang='lat' dir='ltr'><strong>viscerum</strong></span> <span class='ocrx_word' id='word_1_126' title='bbox 3493 866 3744 923; x_wconf 87' lang='lat' dir='ltr'><strong>medullis</strong></span> 
     </span>
    </p>
   </div>
   <div class='ocr_carea' id='block_1_23' title="bbox 2154 952 3743 1024">
    <p class='ocr_par' dir='ltr' id='par_1_23' title="bbox 2154 952 3743 1024">
     <span class='ocr_line' id='line_1_23' title="bbox 2154 952 3743 1024; baseline -0.001 -12"><span class='ocrx_word' id='word_1_127' title='bbox 2154 954 2517 1024; x_wconf 88' lang='lat' dir='ltr'><strong>concipiendo</strong></span> <span class='ocrx_word' id='word_1_128' title='bbox 2548 954 2713 1008; x_wconf 85' lang='lat' dir='ltr'><strong>matri</strong></span> <span class='ocrx_word' id='word_1_129' title='bbox 2734 952 2995 1008; x_wconf 85' lang='lat' dir='ltr'><strong>Ecclesiae</strong></span> <span class='ocrx_word' id='word_1_130' title='bbox 3014 952 3294 1009; x_wconf 86' lang='lat' dir='ltr'><strong>catholicae</strong></span> <span class='ocrx_word' id='word_1_131' title='bbox 3312 956 3599 1022; x_wconf 65' lang='lat' dir='ltr'><strong>Axsauro,</strong></span> <span class='ocrx_word' id='word_1_132' title='bbox 3626 954 3743 1011; x_wconf 87' lang='lat' dir='ltr'><strong>fra-</strong></span> 
     </span>
    </p>
   </div>
   <div class='ocr_carea' id='block_1_24' title="bbox 2153 1044 3745 1113">
    <p class='ocr_par' dir='ltr' id='par_1_24' title="bbox 2153 1044 3745 1113">
     <span class='ocr_line' id='line_1_24' title="bbox 2153 1044 3745 1113; baseline 0.001 -14"><span class='ocrx_word' id='word_1_133' title='bbox 2153 1052 2238 1099; x_wconf 89' lang='lat' dir='ltr'><strong>ter</strong></span> <span class='ocrx_word' id='word_1_134' title='bbox 2265 1044 2612 1109; x_wconf 77' lang='lat' dir='ltr'><strong>WAL&#39;raaus,</strong></span> <span class='ocrx_word' id='word_1_135' title='bbox 2645 1058 2780 1098; x_wconf 88' lang='lat' dir='ltr'><strong>unus</strong></span> <span class='ocrx_word' id='word_1_136' title='bbox 2808 1057 3033 1097; x_wconf 90' lang='lat' dir='ltr'><strong>suorum</strong></span> <span class='ocrx_word' id='word_1_137' title='bbox 3063 1048 3307 1097; x_wconf 84' lang='lat' dir='ltr'><strong>extrema</strong></span> <span class='ocrx_word' id='word_1_138' title='bbox 3338 1058 3466 1113; x_wconf 89' lang='lat' dir='ltr'><strong>pars</strong></span> <span class='ocrx_word' id='word_1_139' title='bbox 3512 1044 3745 1100; x_wconf 85' lang='lat' dir='ltr'><strong>devoto-</strong></span> 
     </span>
    </p>
   </div>
   <div class='ocr_carea' id='block_1_25' title="bbox 2153 1125 3746 1198">
    <p class='ocr_par' dir='ltr' id='par_1_25' title="bbox 2153 1125 3746 1198">
     <span class='ocr_line' id='line_1_25' title="bbox 2153 1125 3746 1198; baseline 0 -14"><span class='ocrx_word' id='word_1_140' title='bbox 2153 1145 2302 1197; x_wconf 90' lang='lat' dir='ltr'><strong>rum,</strong></span> <span class='ocrx_word' id='word_1_141' title='bbox 2363 1126 2685 1182; x_wconf 58' lang='lat' dir='ltr'><strong>desideratas</strong></span> <span class='ocrx_word' id='word_1_142' title='bbox 2731 1125 3103 1198; x_wconf 84' lang='lat' dir='ltr'><strong>pinguedinis,</strong></span> <span class='ocrx_word' id='word_1_143' title='bbox 3188 1126 3393 1183; x_wconf 76' lang='lat' dir='ltr'><strong>intimae</strong></span> <span class='ocrx_word' id='word_1_144' title='bbox 3468 1128 3746 1185; x_wconf 79' lang='lat' dir='ltr'><strong>suavitatis</strong></span> 
     </span>
    </p>
   </div>
   <div class='ocr_carea' id='block_1_26' title="bbox 2153 1215 2817 1273">
    <p class='ocr_par' dir='ltr' id='par_1_26' title="bbox 2153 1215 2817 1273">
     <span class='ocr_line' id='line_1_26' title="bbox 2153 1215 2817 1273; baseline -0.002 0"><span class='ocrx_word' id='word_1_145' title='bbox 2153 1219 2405 1273; x_wconf 88' lang='lat' dir='ltr'><strong>haustum</strong></span> <span class='ocrx_word' id='word_1_146' title='bbox 2435 1215 2817 1272; x_wconf 72' lang='lat' dir='ltr'><strong>sufﬁcientem.</strong></span> 
     </span>
    </p>
   </div>
   <div class='ocr_carea' id='block_1_27' title="bbox 2226 1305 3748 1377">
    <p class='ocr_par' dir='ltr' id='par_1_27' title="bbox 2226 1305 3748 1377">
     <span class='ocr_line' id='line_1_27' title="bbox 2226 1305 3748 1377; baseline 0 -15"><span class='ocrx_word' id='word_1_147' title='bbox 2226 1308 2423 1376; x_wconf 71' lang='lat' dir='ltr'><strong>Haeret,</strong></span> <span class='ocrx_word' id='word_1_148' title='bbox 2445 1305 2649 1377; x_wconf 87' lang='lat' dir='ltr'><strong>lingua,</strong></span> <span class='ocrx_word' id='word_1_149' title='bbox 2683 1321 2876 1360; x_wconf 86' lang='lat' dir='ltr'><strong>sensus</strong></span> <span class='ocrx_word' id='word_1_150' title='bbox 2907 1307 3096 1372; x_wconf 80' lang='lat' dir='ltr'><strong>haeret,</strong></span> <span class='ocrx_word' id='word_1_151' title='bbox 3155 1312 3303 1361; x_wconf 87' lang='lat' dir='ltr'><strong>nutat</strong></span> <span class='ocrx_word' id='word_1_152' title='bbox 3355 1321 3549 1362; x_wconf 87' lang='lat' dir='ltr'><strong>manus</strong></span> <span class='ocrx_word' id='word_1_153' title='bbox 3603 1307 3748 1362; x_wconf 89' lang='lat' dir='ltr'><strong>dum-</strong></span> 
     </span>
    </p>
   </div>
   <div class='ocr_carea' id='block_1_28' title="bbox 2155 1394 3745 1466">
    <p class='ocr_par' dir='ltr' id='par_1_28' title="bbox 2155 1394 3745 1466">
     <span class='ocr_line' id='line_1_28' title="bbox 2155 1394 3745 1466; baseline 0 -14"><span class='ocrx_word' id='word_1_154' title='bbox 2155 1396 2383 1453; x_wconf 83' lang='lat' dir='ltr'><strong>revolvit</strong></span> <span class='ocrx_word' id='word_1_155' title='bbox 2407 1394 2734 1451; x_wconf 87' lang='lat' dir='ltr'><strong>dulcidinem</strong></span> <span class='ocrx_word' id='word_1_156' title='bbox 2765 1401 2960 1450; x_wconf 83' lang='lat' dir='ltr'><strong>vestrae</strong></span> <span class='ocrx_word' id='word_1_157' title='bbox 2993 1394 3356 1463; x_wconf 84' lang='lat' dir='ltr'><strong>salutationis,</strong></span> <span class='ocrx_word' id='word_1_158' title='bbox 3389 1410 3495 1466; x_wconf 88' lang='lat' dir='ltr'><strong>qua</strong></span> <span class='ocrx_word' id='word_1_159' title='bbox 3544 1411 3603 1451; x_wconf 89' lang='lat' dir='ltr'><strong>se</strong></span> <span class='ocrx_word' id='word_1_160' title='bbox 3639 1412 3745 1452; x_wconf 86' lang='lat' dir='ltr'><strong>ve-</strong></span> 
     </span>
    </p>
   </div>
   <div class='ocr_carea' id='block_1_29' title="bbox 2156 1483 3747 1557">
    <p class='ocr_par' dir='ltr' id='par_1_29' title="bbox 2156 1483 3747 1557">
     <span class='ocr_line' id='line_1_29' title="bbox 2156 1483 3747 1557; baseline 0 -17"><span class='ocrx_word' id='word_1_161' title='bbox 2156 1493 2267 1540; x_wconf 90' lang='lat' dir='ltr'><strong>stra</strong></span> <span class='ocrx_word' id='word_1_162' title='bbox 2294 1484 2555 1541; x_wconf 87' lang='lat' dir='ltr'><strong>celsitudo</strong></span> <span class='ocrx_word' id='word_1_163' title='bbox 2586 1484 2655 1539; x_wconf 90' lang='lat' dir='ltr'><strong>ad</strong></span> <span class='ocrx_word' id='word_1_164' title='bbox 2673 1483 2942 1538; x_wconf 84' lang='lat' dir='ltr'><strong>tantillum</strong></span> <span class='ocrx_word' id='word_1_165' title='bbox 2973 1483 3392 1540; x_wconf 87' lang='lat' dir='ltr'><strong>homuncionem</strong></span> <span class='ocrx_word' id='word_1_166' title='bbox 3414 1484 3633 1557; x_wconf 84' lang='lat' dir='ltr'><strong>dignata</strong></span> <span class='ocrx_word' id='word_1_167' title='bbox 3665 1491 3747 1540; x_wconf 90' lang='lat' dir='ltr'><strong>est</strong></span> 
     </span>
    </p>
   </div>
   <div class='ocr_carea' id='block_1_30' title="bbox 2155 1572 3747 1630">
    <p class='ocr_par' dir='ltr' id='par_1_30' title="bbox 2155 1572 3747 1630">
     <span class='ocr_line' id='line_1_30' title="bbox 2155 1572 3747 1630; baseline -0.001 -1"><span class='ocrx_word' id='word_1_168' title='bbox 2155 1573 2441 1630; x_wconf 89' lang='lat' dir='ltr'><strong>inclinare.</strong></span> <span class='ocrx_word' id='word_1_169' title='bbox 2473 1574 2617 1628; x_wconf 90' lang='lat' dir='ltr'><strong>Ecce</strong></span> <span class='ocrx_word' id='word_1_170' title='bbox 2648 1572 2715 1627; x_wconf 91' lang='lat' dir='ltr'><strong>ad</strong></span> <span class='ocrx_word' id='word_1_171' title='bbox 2748 1587 2935 1628; x_wconf 89' lang='lat' dir='ltr'><strong>vocem</strong></span> <span class='ocrx_word' id='word_1_172' title='bbox 2979 1580 3220 1627; x_wconf 82' lang='lat' dir='ltr'><strong>vestram</strong></span> <span class='ocrx_word' id='word_1_173' title='bbox 3266 1573 3566 1629; x_wconf 80' lang='lat' dir='ltr'><strong>confortata</strong></span> <span class='ocrx_word' id='word_1_174' title='bbox 3619 1576 3747 1627; x_wconf 88' lang='lat' dir='ltr'><strong>sunt</strong></span> 
     </span>
    </p>
   </div>
   <div class='ocr_carea' id='block_1_31' title="bbox 2157 1660 3746 1734">
    <p class='ocr_par' dir='ltr' id='par_1_31' title="bbox 2157 1660 3746 1734">
     <span class='ocr_line' id='line_1_31' title="bbox 2157 1660 3746 1734; baseline -0.001 -16"><span class='ocrx_word' id='word_1_175' title='bbox 2157 1678 2283 1718; x_wconf 90' lang='lat' dir='ltr'><strong>ossa</strong></span> <span class='ocrx_word' id='word_1_176' title='bbox 2321 1677 2462 1729; x_wconf 88' lang='lat' dir='ltr'><strong>mea,</strong></span> <span class='ocrx_word' id='word_1_177' title='bbox 2523 1660 2824 1717; x_wconf 86' lang='lat' dir='ltr'><strong>exhilarata</strong></span> <span class='ocrx_word' id='word_1_178' title='bbox 2880 1660 3183 1730; x_wconf 60' lang='lat' dir='ltr'><strong>pmcordia</strong></span> <span class='ocrx_word' id='word_1_179' title='bbox 3232 1677 3375 1729; x_wconf 89' lang='lat' dir='ltr'><strong>mea,</strong></span> <span class='ocrx_word' id='word_1_180' title='bbox 3435 1662 3565 1734; x_wconf 86' lang='lat' dir='ltr'><strong>quia</strong></span> <span class='ocrx_word' id='word_1_181' title='bbox 3615 1677 3746 1716; x_wconf 87' lang='lat' dir='ltr'><strong>sane</strong></span> 
     </span>
    </p>
   </div>
   <div class='ocr_carea' id='block_1_32' title="bbox 2154 1748 3747 1821">
    <p class='ocr_par' dir='ltr' id='par_1_32' title="bbox 2154 1748 3747 1821">
     <span class='ocr_line' id='line_1_32' title="bbox 2154 1748 3747 1821; baseline -0.003 -14"><span class='ocrx_word' id='word_1_182' title='bbox 2154 1768 2300 1808; x_wconf 89' lang='lat' dir='ltr'><strong>nunc</strong></span> <span class='ocrx_word' id='word_1_183' title='bbox 2348 1750 2580 1821; x_wconf 82' lang='lat' dir='ltr'><strong>cognovi</strong></span> <span class='ocrx_word' id='word_1_184' title='bbox 2628 1764 2714 1804; x_wconf 92' lang='lat' dir='ltr'><strong>me</strong></span> <span class='ocrx_word' id='word_1_185' title='bbox 2770 1756 3006 1804; x_wconf 87' lang='lat' dir='ltr'><strong>vestram</strong></span> <span class='ocrx_word' id='word_1_186' title='bbox 3063 1748 3295 1820; x_wconf 81' lang='lat' dir='ltr'><strong>gloriam</strong></span> <span class='ocrx_word' id='word_1_187' title='bbox 3344 1765 3452 1807; x_wconf 90' lang='lat' dir='ltr'><strong>non</strong></span> <span class='ocrx_word' id='word_1_188' title='bbox 3517 1750 3747 1805; x_wconf 88' lang='lat' dir='ltr'><strong>inaniter</strong></span> 
     </span>
    </p>
   </div>
   <div class='ocr_carea' id='block_1_33' title="bbox 457 1837 3749 1940">
    <p class='ocr_par' dir='ltr' id='par_1_33' title="bbox 457 1837 3749 1940">
     <span class='ocr_line' id='line_1_33' title="bbox 457 1837 3749 1940; baseline -0.009 -12"><span class='ocrx_word' id='word_1_189' title='bbox 457 1876 736 1938; x_wconf 73' lang='lat' dir='ltr'><strong>ADRIANO,</strong></span> <span class='ocrx_word' id='word_1_190' title='bbox 769 1837 863 1940; x_wconf 74' lang='lat' dir='ltr'><strong>qui</strong></span> <span class='ocrx_word' id='word_1_191' title='bbox 891 1866 990 1921; x_wconf 83' lang='lat' dir='ltr'><strong>fuit</strong></span> <span class='ocrx_word' id='word_1_192' title='bbox 1014 1837 1322 1920; x_wconf 56' lang='lat' dir='ltr'><strong>monachus</strong></span> <span class='ocrx_word' id='word_1_193' title='bbox 1353 1837 1849 1918; x_wconf 39' lang='lat' dir='ltr'><strong>Christi&#39;Ecclesia:</strong></span> <span class='ocrx_word' id='word_1_194' title='bbox 1892 1857 2039 1912; x_wconf 91' lang='lat' dir='ltr'><strong>Can-</strong></span> <span class='ocrx_word' id='word_1_195' title='bbox 2070 1839 2123 1899; x_wconf 83' lang='grc' dir='ltr'>Β</span> <span class='ocrx_word' id='word_1_196' title='bbox 2155 1856 2387 1940; x_wconf 61' lang='grc' dir='ltr'><strong>αωαεξεϐν</strong></span> <span class='ocrx_word' id='word_1_197' title='bbox 2420 1838 2635 1939; x_wconf 63' lang='lat' dir='ltr'><strong>fluaﬂdo</strong></span> <span class='ocrx_word' id='word_1_198' title='bbox 2666 1854 2790 1937; x_wconf 40' lang='lat' dir='ltr'><strong>V08.</strong></span> <span class='ocrx_word' id='word_1_199' title='bbox 2810 1854 2986 1894; x_wconf 69' lang='lat' dir='ltr'><strong>meam</strong></span> <span class='ocrx_word' id='word_1_200' title='bbox 3025 1838 3387 1893; x_wconf 62' lang='lat' dir='ltr'><strong>humilitatem</strong></span> <span class='ocrx_word' id='word_1_201' title='bbox 3435 1854 3543 1894; x_wconf 82' lang='lat' dir='ltr'><strong>non</strong></span> <span class='ocrx_word' id='word_1_202' title='bbox 3589 1837 3749 1894; x_wconf 73' lang='lat' dir='ltr'><strong>dedi--</strong></span> 
     </span>
    </p>
   </div>
   <div class='ocr_carea' id='block_1_34' title="bbox 454 1946 2047 2025">
    <p class='ocr_par' dir='ltr' id='par_1_34' title="bbox 454 1946 2047 2025">
     <span class='ocr_line' id='line_1_34' title="bbox 454 1946 2047 2025; baseline -0.011 -9"><span class='ocrx_word' id='word_1_203' title='bbox 454 1959 767 2025; x_wconf 87' lang='lat' dir='ltr'><strong>tuariensis,</strong></span> <span class='ocrx_word' id='word_1_204' title='bbox 801 1965 855 2013; x_wconf 91' lang='lat' dir='ltr'><strong>et</strong></span> <span class='ocrx_word' id='word_1_205' title='bbox 909 1954 1189 2010; x_wconf 86' lang='lat' dir='ltr'><strong>suadiente</strong></span> <span class='ocrx_word' id='word_1_206' title='bbox 1244 1950 1480 2017; x_wconf 85' lang='lat' dir='ltr'><strong>diabolo,</strong></span> <span class='ocrx_word' id='word_1_207' title='bbox 1541 1948 1757 2020; x_wconf 87' lang='lat' dir='ltr'><strong>reliquit</strong></span> <span class='ocrx_word' id='word_1_208' title='bbox 1803 1946 2047 2001; x_wconf 89' lang='lat' dir='ltr'><strong>habitum</strong></span> 
     </span>
    </p>
   </div>
   <div class='ocr_carea' id='block_1_35' title="bbox 454 2032 2048 2115">
    <p class='ocr_par' dir='ltr' id='par_1_35' title="bbox 454 2032 2048 2115">
     <span class='ocr_line' id='line_1_35' title="bbox 454 2032 2048 2115; baseline -0.01 -11"><span class='ocrx_word' id='word_1_209' title='bbox 454 2066 635 2115; x_wconf 89' lang='lat' dir='ltr'><strong>suum,</strong></span> <span class='ocrx_word' id='word_1_210' title='bbox 671 2049 719 2101; x_wconf 90' lang='lat' dir='ltr'><strong>si</strong></span> <span class='ocrx_word' id='word_1_211' title='bbox 737 2045 853 2103; x_wconf 89' lang='lat' dir='ltr'><strong>vult</strong></span> <span class='ocrx_word' id='word_1_212' title='bbox 882 2044 1061 2100; x_wconf 89' lang='lat' dir='ltr'><strong>redire</strong></span> <span class='ocrx_word' id='word_1_213' title='bbox 1092 2042 1160 2097; x_wconf 89' lang='lat' dir='ltr'><strong>ad</strong></span> <span class='ocrx_word' id='word_1_214' title='bbox 1175 2039 1572 2096; x_wconf 88' lang='lat' dir='ltr'><strong>monasterium</strong></span> <span class='ocrx_word' id='word_1_215' title='bbox 1603 2052 1761 2092; x_wconf 88' lang='lat' dir='ltr'><strong>suum</strong></span> <span class='ocrx_word' id='word_1_216' title='bbox 1786 2044 1839 2090; x_wconf 92' lang='lat' dir='ltr'><strong>et</strong></span> <span class='ocrx_word' id='word_1_217' title='bbox 1866 2032 1927 2063; x_wconf 76' lang='grc'><strong>⁸⁸⁸</strong></span> <span class='ocrx_word' id='word_1_218' title='bbox 1980 2033 2048 2089; x_wconf 89' lang='lat' dir='ltr'><strong>ad</strong></span> 
     </span>
    </p>
   </div>
   <div class='ocr_carea' id='block_1_36' title="bbox 453 2123 2050 2205">
    <p class='ocr_par' dir='ltr' id='par_1_36' title="bbox 453 2123 2050 2205">
     <span class='ocr_line' id='line_1_36' title="bbox 453 2123 2050 2205; baseline -0.011 -12"><span class='ocrx_word' id='word_1_219' title='bbox 453 2137 832 2193; x_wconf 80' lang='lat' dir='ltr'><strong>monachicum</strong></span> <span class='ocrx_word' id='word_1_220' title='bbox 862 2132 1219 2205; x_wconf 89' lang='lat' dir='ltr'><strong>propositum,</strong></span> <span class='ocrx_word' id='word_1_221' title='bbox 1253 2128 1485 2184; x_wconf 85' lang='lat' dir='ltr'><strong>salutem</strong></span> <span class='ocrx_word' id='word_1_222' title='bbox 1533 2134 1588 2182; x_wconf 91' lang='lat' dir='ltr'><strong>et</strong></span> <span class='ocrx_word' id='word_1_223' title='bbox 1643 2141 1834 2184; x_wconf 87' lang='lat' dir='ltr'><strong>veram</strong></span> <span class='ocrx_word' id='word_1_224' title='bbox 1876 2123 2050 2179; x_wconf 90' lang='lat' dir='ltr'><strong>dilec-</strong></span> 
     </span>
    </p>
   </div>
   <div class='ocr_carea' id='block_1_37' title="bbox 455 2227 685 2281">
    <p class='ocr_par' dir='ltr' id='par_1_37' title="bbox 455 2227 685 2281">
     <span class='ocr_line' id='line_1_37' title="bbox 455 2227 685 2281; baseline -0.004 0"><span class='ocrx_word' id='word_1_225' title='bbox 455 2227 685 2281; x_wconf 90' lang='lat' dir='ltr'><strong>tionem.</strong></span> 
     </span>
    </p>
   </div>
   <div class='ocr_carea' id='block_1_38' title="bbox 526 2302 2052 2369">
    <p class='ocr_par' dir='ltr' id='par_1_38' title="bbox 526 2302 2052 2369">
     <span class='ocr_line' id='line_1_38' title="bbox 526 2302 2052 2369; baseline -0.009 0"><span class='ocrx_word' id='word_1_226' title='bbox 526 2315 769 2369; x_wconf 88' lang='lat' dir='ltr'><strong>Fratrem</strong></span> <span class='ocrx_word' id='word_1_227' title='bbox 801 2321 852 2369; x_wconf 91' lang='lat' dir='ltr'><strong>et</strong></span> <span class='ocrx_word' id='word_1_228' title='bbox 881 2310 1053 2367; x_wconf 83' lang='lat' dir='ltr'><strong>ﬁlium</strong></span> <span class='ocrx_word' id='word_1_229' title='bbox 1109 2325 1221 2364; x_wconf 91' lang='lat' dir='ltr'><strong>non</strong></span> <span class='ocrx_word' id='word_1_230' title='bbox 1279 2308 1456 2364; x_wconf 89' lang='lat' dir='ltr'><strong>debeo</strong></span> <span class='ocrx_word' id='word_1_231' title='bbox 1512 2304 1819 2369; x_wconf 89' lang='lat' dir='ltr'><strong>nominare,</strong></span> <span class='ocrx_word' id='word_1_232' title='bbox 1877 2302 2052 2357; x_wconf 90' lang='lat' dir='ltr'><strong>donec</strong></span> 
     </span>
    </p>
   </div>
   <div class='ocr_carea' id='block_1_39' title="bbox 454 2393 2048 2474">
    <p class='ocr_par' dir='ltr' id='par_1_39' title="bbox 454 2393 2048 2474">
     <span class='ocr_line' id='line_1_39' title="bbox 454 2393 2048 2474; baseline -0.009 -15"><span class='ocrx_word' id='word_1_233' title='bbox 454 2403 626 2461; x_wconf 88' lang='lat' dir='ltr'><strong>sciam</strong></span> <span class='ocrx_word' id='word_1_234' title='bbox 652 2411 701 2458; x_wconf 93' lang='lat' dir='ltr'><strong>te</strong></span> <span class='ocrx_word' id='word_1_235' title='bbox 732 2400 1110 2474; x_wconf 62' lang='lat' dir='ltr'><strong>paenitentiam</strong></span> <span class='ocrx_word' id='word_1_236' title='bbox 1141 2397 1349 2469; x_wconf 87' lang='lat' dir='ltr'><strong>peccati</strong></span> <span class='ocrx_word' id='word_1_237' title='bbox 1378 2404 1432 2451; x_wconf 90' lang='lat' dir='ltr'><strong>et</strong></span> <span class='ocrx_word' id='word_1_238' title='bbox 1461 2395 1657 2451; x_wconf 89' lang='lat' dir='ltr'><strong>erroris</strong></span> <span class='ocrx_word' id='word_1_239' title='bbox 1705 2393 1781 2448; x_wconf 89' lang='lat' dir='ltr'><strong>tui</strong></span> <span class='ocrx_word' id='word_1_240' title='bbox 1838 2406 2048 2462; x_wconf 84' lang='lat' dir='ltr'><strong>agere;</strong></span> 
     </span>
    </p>
   </div>
   <div class='ocr_carea' id='block_1_40' title="bbox 452 2476 2050 2557">
    <p class='ocr_par' dir='ltr' id='par_1_40' title="bbox 452 2476 2050 2557">
     <span class='ocr_line' id='line_1_40' title="bbox 452 2476 2050 2557; baseline -0.009 -13"><span class='ocrx_word' id='word_1_241' title='bbox 452 2476 624 2544; x_wconf 81' lang='grc'><strong>418</strong></span> <span class='ocrx_word' id='word_1_242' title='bbox 660 2493 715 2544; x_wconf 89' lang='lat' dir='ltr'><strong>et</strong></span> <span class='ocrx_word' id='word_1_243' title='bbox 774 2490 876 2543; x_wconf 91' lang='lat' dir='ltr'><strong>hoc</strong></span> <span class='ocrx_word' id='word_1_244' title='bbox 933 2498 1260 2557; x_wconf 80' lang='lat' dir='ltr'><strong>cognoscam</strong></span> <span class='ocrx_word' id='word_1_245' title='bbox 1315 2497 1414 2551; x_wconf 91' lang='lat' dir='ltr'><strong>per</strong></span> <span class='ocrx_word' id='word_1_246' title='bbox 1471 2478 1836 2536; x_wconf 85' lang='lat' dir='ltr'><strong>reversionem</strong></span> <span class='ocrx_word' id='word_1_247' title='bbox 1885 2485 2050 2531; x_wconf 90' lang='lat' dir='ltr'><strong>tuam.</strong></span> 
     </span>
    </p>
   </div>
   <div class='ocr_carea' id='block_1_41' title="bbox 457 2566 2052 2649">
    <p class='ocr_par' dir='ltr' id='par_1_41' title="bbox 457 2566 2052 2649">
     <span class='ocr_line' id='line_1_41' title="bbox 457 2566 2052 2649; baseline -0.011 -13"><span class='ocrx_word' id='word_1_248' title='bbox 457 2580 615 2649; x_wconf 84' lang='lat' dir='ltr'><strong>Quod</strong></span> <span class='ocrx_word' id='word_1_249' title='bbox 647 2578 712 2643; x_wconf 91' lang='lat' dir='ltr'><strong>si,</strong></span> <span class='ocrx_word' id='word_1_250' title='bbox 745 2577 863 2631; x_wconf 91' lang='lat' dir='ltr'><strong>Deo</strong></span> <span class='ocrx_word' id='word_1_251' title='bbox 893 2590 990 2645; x_wconf 89' lang='lat' dir='ltr'><strong>per</strong></span> <span class='ocrx_word' id='word_1_252' title='bbox 1019 2573 1261 2644; x_wconf 83' lang='lat' dir='ltr'><strong>gratiam</strong></span> <span class='ocrx_word' id='word_1_253' title='bbox 1289 2568 1349 2596; x_wconf 82' lang='grc'><strong>⁶⁰⁰</strong></span> <span class='ocrx_word' id='word_1_254' title='bbox 1380 2584 1533 2623; x_wconf 90' lang='lat' dir='ltr'><strong>suam</strong></span> <span class='ocrx_word' id='word_1_255' title='bbox 1589 2566 1901 2637; x_wconf 86' lang='lat' dir='ltr'><strong>inspirante,</strong></span> <span class='ocrx_word' id='word_1_256' title='bbox 1961 2580 2052 2619; x_wconf 85' lang='lat' dir='ltr'><strong>se-</strong></span> 
     </span>
    </p>
   </div>
   <div class='ocr_carea' id='block_1_42' title="bbox 454 2653 2055 2724">
    <p class='ocr_par' dir='ltr' id='par_1_42' title="bbox 454 2653 2055 2724">
     <span class='ocr_line' id='line_1_42' title="bbox 454 2653 2055 2724; baseline -0.011 -1"><span class='ocrx_word' id='word_1_257' title='bbox 454 2668 691 2724; x_wconf 87' lang='lat' dir='ltr'><strong>cundum</strong></span> <span class='ocrx_word' id='word_1_258' title='bbox 721 2662 1048 2718; x_wconf 88' lang='lat' dir='ltr'><strong>desiderium</strong></span> <span class='ocrx_word' id='word_1_259' title='bbox 1075 2674 1255 2713; x_wconf 85' lang='lat' dir='ltr'><strong>meum</strong></span> <span class='ocrx_word' id='word_1_260' title='bbox 1285 2656 1497 2722; x_wconf 87' lang='lat' dir='ltr'><strong>videro,</strong></span> <span class='ocrx_word' id='word_1_261' title='bbox 1529 2663 1713 2711; x_wconf 88' lang='lat' dir='ltr'><strong>certus</strong></span> <span class='ocrx_word' id='word_1_262' title='bbox 1769 2661 1885 2709; x_wconf 85' lang='lat' dir='ltr'><strong>esto</strong></span> <span class='ocrx_word' id='word_1_263' title='bbox 1933 2653 2055 2722; x_wconf 84' lang='lat' dir='ltr'><strong>quia</strong></span> 
     </span>
    </p>
   </div>
   <div class='ocr_carea' id='block_1_43' title="bbox 458 2742 2056 2824">
    <p class='ocr_par' dir='ltr' id='par_1_43' title="bbox 458 2742 2056 2824">
     <span class='ocr_line' id='line_1_43' title="bbox 458 2742 2056 2824; baseline -0.011 -12"><span class='ocrx_word' id='word_1_264' title='bbox 458 2756 517 2813; x_wconf 90' lang='lat' dir='ltr'><strong>in</strong></span> <span class='ocrx_word' id='word_1_265' title='bbox 546 2772 635 2810; x_wconf 92' lang='lat' dir='ltr'><strong>me</strong></span> <span class='ocrx_word' id='word_1_266' title='bbox 666 2762 949 2824; x_wconf 87' lang='lat' dir='ltr'><strong>paternam</strong></span> <span class='ocrx_word' id='word_1_267' title='bbox 976 2749 1229 2819; x_wconf 86' lang='lat' dir='ltr'><strong>pietatem</strong></span> <span class='ocrx_word' id='word_1_268' title='bbox 1275 2754 1329 2801; x_wconf 91' lang='lat' dir='ltr'><strong>et</strong></span> <span class='ocrx_word' id='word_1_269' title='bbox 1383 2744 1678 2799; x_wconf 81' lang='lat' dir='ltr'><strong>fraternam</strong></span> <span class='ocrx_word' id='word_1_270' title='bbox 1735 2742 2056 2798; x_wconf 88' lang='lat' dir='ltr'><strong>charitatem</strong></span> 
     </span>
    </p>
   </div>
   <div class='ocr_carea' id='block_1_44' title="bbox 464 2830 2056 2914">
    <p class='ocr_par' dir='ltr' id='par_1_44' title="bbox 464 2830 2056 2914">
     <span class='ocr_line' id='line_1_44' title="bbox 464 2830 2056 2914; baseline -0.011 -14"><span class='ocrx_word' id='word_1_271' title='bbox 464 2846 580 2900; x_wconf 90' lang='lat' dir='ltr'><strong>sine</strong></span> <span class='ocrx_word' id='word_1_272' title='bbox 611 2842 894 2914; x_wconf 84' lang='lat' dir='ltr'><strong>ﬁgmento,</strong></span> <span class='ocrx_word' id='word_1_273' title='bbox 926 2839 1041 2892; x_wconf 91' lang='lat' dir='ltr'><strong>Deo</strong></span> <span class='ocrx_word' id='word_1_274' title='bbox 1069 2842 1358 2900; x_wconf 86' lang='lat' dir='ltr'><strong>annuente,</strong></span> <span class='ocrx_word' id='word_1_275' title='bbox 1392 2832 1660 2888; x_wconf 85' lang='lat' dir='ltr'><strong>invenies.</strong></span> <span class='ocrx_word' id='word_1_276' title='bbox 1694 2830 2056 2902; x_wconf 85' lang='lat' dir='ltr'><strong>Consuloigi—</strong></span> 
     </span>
    </p>
   </div>
   <div class='ocr_carea' id='block_1_45' title="bbox 462 2919 2057 2995">
    <p class='ocr_par' dir='ltr' id='par_1_45' title="bbox 462 2919 2057 2995">
     <span class='ocr_line' id='line_1_45' title="bbox 462 2919 2057 2995; baseline -0.009 -7"><span class='ocrx_word' id='word_1_277' title='bbox 462 2937 552 2988; x_wconf 86' lang='lat' dir='ltr'><strong>tur</strong></span> <span class='ocrx_word' id='word_1_278' title='bbox 578 2938 629 2986; x_wconf 88' lang='lat' dir='ltr'><strong>et</strong></span> <span class='ocrx_word' id='word_1_279' title='bbox 660 2925 1000 2985; x_wconf 86' lang='lat' dir='ltr'><strong>consulendo</strong></span> <span class='ocrx_word' id='word_1_280' title='bbox 1030 2928 1301 2995; x_wconf 89' lang='lat' dir='ltr'><strong>precorut</strong></span> <span class='ocrx_word' id='word_1_281' title='bbox 1330 2921 1629 2987; x_wconf 88' lang='lat' dir='ltr'><strong>hominem,</strong></span> <span class='ocrx_word' id='word_1_282' title='bbox 1674 2919 1829 2988; x_wconf 87' lang='lat' dir='ltr'><strong>cujus</strong></span> <span class='ocrx_word' id='word_1_283' title='bbox 1859 2919 2057 2974; x_wconf 69' lang='lat' dir='ltr'><strong>animae</strong></span> 
     </span>
    </p>
   </div>
   <div class='ocr_carea' id='block_1_46' title="bbox 463 3008 2056 3079">
    <p class='ocr_par' dir='ltr' id='par_1_46' title="bbox 463 3008 2056 3079">
     <span class='ocr_line' id='line_1_46' title="bbox 463 3008 2056 3079; baseline -0.011 -2"><span class='ocrx_word' id='word_1_284' title='bbox 463 3022 689 3077; x_wconf 90' lang='lat' dir='ltr'><strong>salutem</strong></span> <span class='ocrx_word' id='word_1_285' title='bbox 720 3016 919 3071; x_wconf 84' lang='lat' dir='ltr'><strong>affectu</strong></span> <span class='ocrx_word' id='word_1_286' title='bbox 950 3012 1133 3068; x_wconf 80' lang='lat' dir='ltr'><strong>cordis</strong></span> <span class='ocrx_word' id='word_1_287' title='bbox 1161 3010 1449 3073; x_wconf 89' lang='lat' dir='ltr'><strong>desidero;</strong></span> <span class='ocrx_word' id='word_1_288' title='bbox 1484 3017 1534 3062; x_wconf 87' lang='lat' dir='ltr'><strong>et</strong></span> <span class='ocrx_word' id='word_1_289' title='bbox 1563 3008 1823 3079; x_wconf 77' lang='lat' dir='ltr'><strong>praecipio</strong></span> <span class='ocrx_word' id='word_1_290' title='bbox 1855 3022 1918 3062; x_wconf 90' lang='lat' dir='ltr'><strong>ea</strong></span> <span class='ocrx_word' id='word_1_291' title='bbox 1957 3023 2056 3061; x_wconf 87' lang='lat' dir='ltr'><strong>au-</strong></span> 
     </span>
    </p>
   </div>
   <div class='ocr_carea' id='block_1_47' title="bbox 471 3096 2061 3177">
    <p class='ocr_par' dir='ltr' id='par_1_47' title="bbox 471 3096 2061 3177">
     <span class='ocr_line' id='line_1_47' title="bbox 471 3096 2061 3177; baseline -0.011 -10"><span class='ocrx_word' id='word_1_292' title='bbox 471 3110 718 3168; x_wconf 88' lang='lat' dir='ltr'><strong>ctoritate</strong></span> <span class='ocrx_word' id='word_1_293' title='bbox 751 3120 869 3177; x_wconf 69' lang='lat' dir='ltr'><strong>qum</strong></span> <span class='ocrx_word' id='word_1_294' title='bbox 898 3102 1029 3157; x_wconf 91' lang='lat' dir='ltr'><strong>mihi</strong></span> <span class='ocrx_word' id='word_1_295' title='bbox 1058 3118 1087 3155; x_wconf 90' lang='lat' dir='ltr'><strong>a</strong></span> <span class='ocrx_word' id='word_1_296' title='bbox 1119 3101 1233 3154; x_wconf 88' lang='lat' dir='ltr'><strong>Deo</strong></span> <span class='ocrx_word' id='word_1_297' title='bbox 1265 3107 1314 3153; x_wconf 88' lang='lat' dir='ltr'><strong>et</strong></span> <span class='ocrx_word' id='word_1_298' title='bbox 1344 3099 1410 3151; x_wconf 91' lang='lat' dir='ltr'><strong>ab</strong></span> <span class='ocrx_word' id='word_1_299' title='bbox 1439 3097 1689 3152; x_wconf 84' lang='lat' dir='ltr'><strong>Ecclesia</strong></span> <span class='ocrx_word' id='word_1_300' title='bbox 1728 3096 1826 3151; x_wconf 86' lang='lat' dir='ltr'><strong>Dei</strong></span> <span class='ocrx_word' id='word_1_301' title='bbox 1864 3096 2061 3149; x_wconf 89' lang='lat' dir='ltr'><strong>tradita</strong></span> 
     </span>
    </p>
   </div>
   <div class='ocr_carea' id='block_1_48' title="bbox 2154 1927 3749 2003">
    <p class='ocr_par' dir='ltr' id='par_1_48' title="bbox 2154 1927 3749 2003">
     <span class='ocr_line' id='line_1_48' title="bbox 2154 1927 3749 2003; baseline -0.001 -19"><span class='ocrx_word' id='word_1_302' title='bbox 2154 1930 2306 2003; x_wconf 89' lang='lat' dir='ltr'><strong>gnati</strong></span> <span class='ocrx_word' id='word_1_303' title='bbox 2336 1929 2468 1984; x_wconf 89' lang='lat' dir='ltr'><strong>estis</strong></span> <span class='ocrx_word' id='word_1_304' title='bbox 2500 1927 2911 1998; x_wconf 85' lang='lat' dir='ltr'><strong>recognovisse.</strong></span> <span class='ocrx_word' id='word_1_305' title='bbox 2966 1928 3030 1980; x_wconf 88' lang='lat' dir='ltr'><strong>Et</strong></span> <span class='ocrx_word' id='word_1_306' title='bbox 3074 1942 3272 1982; x_wconf 84' lang='lat' dir='ltr'><strong>revera</strong></span> <span class='ocrx_word' id='word_1_307' title='bbox 3313 1931 3517 1996; x_wconf 88' lang='lat' dir='ltr'><strong>quanto</strong></span> <span class='ocrx_word' id='word_1_308' title='bbox 3556 1928 3612 1982; x_wconf 92' lang='lat' dir='ltr'><strong>in</strong></span> <span class='ocrx_word' id='word_1_309' title='bbox 3661 1942 3749 1983; x_wconf 90' lang='lat' dir='ltr'><strong>me</strong></span> 
     </span>
    </p>
   </div>
   <div class='ocr_carea' id='block_1_49' title="bbox 2155 2014 3750 2089">
    <p class='ocr_par' dir='ltr' id='par_1_49' title="bbox 2155 2014 3750 2089">
     <span class='ocr_line' id='line_1_49' title="bbox 2155 2014 3750 2089; baseline -0.002 -16"><span class='ocrx_word' id='word_1_310' title='bbox 2155 2019 2286 2073; x_wconf 85' lang='lat' dir='ltr'><strong>nihil</strong></span> <span class='ocrx_word' id='word_1_311' title='bbox 2310 2025 2636 2089; x_wconf 91' lang='lat' dir='ltr'><strong>promptum,</strong></span> <span class='ocrx_word' id='word_1_312' title='bbox 2656 2016 2787 2069; x_wconf 89' lang='lat' dir='ltr'><strong>nihil</strong></span> <span class='ocrx_word' id='word_1_313' title='bbox 2809 2015 3089 2070; x_wconf 88' lang='lat' dir='ltr'><strong>robustum</strong></span> <span class='ocrx_word' id='word_1_314' title='bbox 3109 2014 3422 2083; x_wconf 88' lang='lat' dir='ltr'><strong>considero,</strong></span> <span class='ocrx_word' id='word_1_315' title='bbox 3446 2020 3594 2071; x_wconf 89' lang='lat' dir='ltr'><strong>tanto</strong></span> <span class='ocrx_word' id='word_1_316' title='bbox 3614 2029 3750 2088; x_wconf 85' lang='lat' dir='ltr'><strong>erga</strong></span> 
     </span>
    </p>
   </div>
   <div class='ocr_carea' id='block_1_50' title="bbox 2157 2104 3745 2176">
    <p class='ocr_par' dir='ltr' id='par_1_50' title="bbox 2157 2104 3745 2176">
     <span class='ocr_line' id='line_1_50' title="bbox 2157 2104 3745 2176; baseline -0.002 -13"><span class='ocrx_word' id='word_1_317' title='bbox 2157 2124 2335 2163; x_wconf 89' lang='lat' dir='ltr'><strong>meam</strong></span> <span class='ocrx_word' id='word_1_318' title='bbox 2350 2105 2779 2160; x_wconf 87' lang='lat' dir='ltr'><strong>imbecillitatem</strong></span> <span class='ocrx_word' id='word_1_319' title='bbox 2800 2112 3032 2158; x_wconf 85' lang='lat' dir='ltr'><strong>vestram</strong></span> <span class='ocrx_word' id='word_1_320' title='bbox 3051 2104 3395 2175; x_wconf 87' lang='lat' dir='ltr'><strong>diligentiam</strong></span> <span class='ocrx_word' id='word_1_321' title='bbox 3411 2104 3745 2176; x_wconf 82' lang='lat' dir='ltr'><strong>plurisduco.</strong></span> 
     </span>
    </p>
   </div>
   <div class='ocr_carea' id='block_1_51' title="bbox 2160 2191 3746 2267">
    <p class='ocr_par' dir='ltr' id='par_1_51' title="bbox 2160 2191 3746 2267">
     <span class='ocr_line' id='line_1_51' title="bbox 2160 2191 3746 2267; baseline -0.003 -15"><span class='ocrx_word' id='word_1_322' title='bbox 2160 2195 2530 2267; x_wconf 87' lang='lat' dir='ltr'><strong>Omnipotenti</strong></span> <span class='ocrx_word' id='word_1_323' title='bbox 2564 2195 2747 2265; x_wconf 88' lang='lat' dir='ltr'><strong>itaque</strong></span> <span class='ocrx_word' id='word_1_324' title='bbox 2777 2194 2892 2248; x_wconf 91' lang='lat' dir='ltr'><strong>Deo</strong></span> <span class='ocrx_word' id='word_1_325' title='bbox 2922 2191 3105 2247; x_wconf 88' lang='lat' dir='ltr'><strong>laudis</strong></span> <span class='ocrx_word' id='word_1_326' title='bbox 3137 2192 3367 2248; x_wconf 91' lang='lat' dir='ltr'><strong>hostiam</strong></span> <span class='ocrx_word' id='word_1_327' title='bbox 3398 2209 3611 2249; x_wconf 91' lang='lat' dir='ltr'><strong>mecum</strong></span> <span class='ocrx_word' id='word_1_328' title='bbox 3650 2209 3746 2248; x_wconf 90' lang='lat' dir='ltr'><strong>re-</strong></span> 
     </span>
    </p>
   </div>
   <div class='ocr_carea' id='block_1_52' title="bbox 2162 2281 3751 2353">
    <p class='ocr_par' dir='ltr' id='par_1_52' title="bbox 2162 2281 3751 2353">
     <span class='ocr_line' id='line_1_52' title="bbox 2162 2281 3751 2353; baseline -0.004 -12"><span class='ocrx_word' id='word_1_329' title='bbox 2162 2287 2348 2341; x_wconf 80' lang='lat' dir='ltr'><strong>ferunt</strong></span> <span class='ocrx_word' id='word_1_330' title='bbox 2375 2299 2574 2340; x_wconf 87' lang='lat' dir='ltr'><strong>omnes</strong></span> <span class='ocrx_word' id='word_1_331' title='bbox 2605 2282 2766 2338; x_wconf 86' lang='lat' dir='ltr'><strong>amici</strong></span> <span class='ocrx_word' id='word_1_332' title='bbox 2812 2282 2999 2347; x_wconf 88' lang='lat' dir='ltr'><strong>vestri,</strong></span> <span class='ocrx_word' id='word_1_333' title='bbox 3059 2282 3151 2353; x_wconf 91' lang='lat' dir='ltr'><strong>qui</strong></span> <span class='ocrx_word' id='word_1_334' title='bbox 3200 2281 3459 2336; x_wconf 66' lang='lat' dir='ltr'><strong>saeculum</strong></span> <span class='ocrx_word' id='word_1_335' title='bbox 3501 2290 3751 2337; x_wconf 89' lang='lat' dir='ltr'><strong>nostrum</strong></span> 
     </span>
    </p>
   </div>
   <div class='ocr_carea' id='block_1_53' title="bbox 2161 2369 3755 2445">
    <p class='ocr_par' dir='ltr' id='par_1_53' title="bbox 2161 2369 3755 2445">
     <span class='ocr_line' id='line_1_53' title="bbox 2161 2369 3755 2445; baseline -0.004 -15"><span class='ocrx_word' id='word_1_336' title='bbox 2161 2374 2455 2445; x_wconf 61' lang='lat' dir='ltr'><strong>presentim</strong></span> <span class='ocrx_word' id='word_1_337' title='bbox 2489 2378 2676 2427; x_wconf 79' lang='lat' dir='ltr'><strong>vestrae</strong></span> <span class='ocrx_word' id='word_1_338' title='bbox 2708 2370 2917 2426; x_wconf 90' lang='lat' dir='ltr'><strong>lumine</strong></span> <span class='ocrx_word' id='word_1_339' title='bbox 2933 2369 3247 2425; x_wconf 91' lang='lat' dir='ltr'><strong>destitutum</strong></span> <span class='ocrx_word' id='word_1_340' title='bbox 3292 2369 3539 2426; x_wconf 87' lang='lat' dir='ltr'><strong>feliciore</strong></span> <span class='ocrx_word' id='word_1_341' title='bbox 3585 2370 3755 2426; x_wconf 89' lang='lat' dir='ltr'><strong>beati-</strong></span> 
     </span>
    </p>
   </div>
   <div class='ocr_carea' id='block_1_54' title="bbox 2161 2458 3755 2529">
    <p class='ocr_par' dir='ltr' id='par_1_54' title="bbox 2161 2458 3755 2529">
     <span class='ocr_line' id='line_1_54' title="bbox 2161 2458 3755 2529; baseline -0.004 -12"><span class='ocrx_word' id='word_1_342' title='bbox 2161 2462 2366 2518; x_wconf 88' lang='lat' dir='ltr'><strong>tudinis</strong></span> <span class='ocrx_word' id='word_1_343' title='bbox 2436 2469 2630 2516; x_wconf 75' lang='lat' dir='ltr'><strong>vestraa</strong></span> <span class='ocrx_word' id='word_1_344' title='bbox 2699 2459 2878 2515; x_wconf 90' lang='lat' dir='ltr'><strong>reditu</strong></span> <span class='ocrx_word' id='word_1_345' title='bbox 2935 2458 3281 2514; x_wconf 88' lang='lat' dir='ltr'><strong>exbilaravit.</strong></span> <span class='ocrx_word' id='word_1_346' title='bbox 3320 2458 3542 2529; x_wconf 90' lang='lat' dir='ltr'><strong>Depulit</strong></span> <span class='ocrx_word' id='word_1_347' title='bbox 3587 2458 3755 2527; x_wconf 91' lang='lat' dir='ltr'><strong>enim,</strong></span> 
     </span>
    </p>
   </div>
   <div class='ocr_carea' id='block_1_55' title="bbox 2162 2547 3759 2623">
    <p class='ocr_par' dir='ltr' id='par_1_55' title="bbox 2162 2547 3759 2623">
     <span class='ocr_line' id='line_1_55' title="bbox 2162 2547 3759 2623; baseline -0.003 -17"><span class='ocrx_word' id='word_1_348' title='bbox 2162 2552 2399 2623; x_wconf 87' lang='lat' dir='ltr'><strong>qualiter</strong></span> <span class='ocrx_word' id='word_1_349' title='bbox 2420 2550 2607 2618; x_wconf 89' lang='lat' dir='ltr'><strong>voluit,</strong></span> <span class='ocrx_word' id='word_1_350' title='bbox 2647 2547 2908 2618; x_wconf 90' lang='lat' dir='ltr'><strong>quidquid</strong></span> <span class='ocrx_word' id='word_1_351' title='bbox 2955 2547 3163 2617; x_wconf 90' lang='lat' dir='ltr'><strong>requiei</strong></span> <span class='ocrx_word' id='word_1_352' title='bbox 3204 2547 3431 2618; x_wconf 72' lang='lat' dir='ltr'><strong>placida:</strong></span> <span class='ocrx_word' id='word_1_353' title='bbox 3465 2547 3759 2603; x_wconf 87' lang='lat' dir='ltr'><strong>voluntatis</strong></span> 
     </span>
    </p>
   </div>
   <div class='ocr_carea' id='block_1_56' title="bbox 2163 2635 3761 2708">
    <p class='ocr_par' dir='ltr' id='par_1_56' title="bbox 2163 2635 3761 2708">
     <span class='ocr_line' id='line_1_56' title="bbox 2163 2635 3761 2708; baseline -0.003 -14"><span class='ocrx_word' id='word_1_354' title='bbox 2163 2650 2365 2696; x_wconf 77' lang='lat' dir='ltr'><strong>vestrae</strong></span> <span class='ocrx_word' id='word_1_355' title='bbox 2380 2638 2719 2694; x_wconf 91' lang='lat' dir='ltr'><strong>obnitebatur</strong></span> <span class='ocrx_word' id='word_1_356' title='bbox 2733 2652 2746 2707; x_wconf 90' lang='lat'><strong>;</strong></span> <span class='ocrx_word' id='word_1_357' title='bbox 2762 2652 2977 2708; x_wconf 89' lang='lat' dir='ltr'><strong>unoque</strong></span> <span class='ocrx_word' id='word_1_358' title='bbox 2990 2643 3283 2704; x_wconf 90' lang='lat' dir='ltr'><strong>momento,</strong></span> <span class='ocrx_word' id='word_1_359' title='bbox 3304 2635 3447 2706; x_wconf 90' lang='lat' dir='ltr'><strong>quod</strong></span> <span class='ocrx_word' id='word_1_360' title='bbox 3468 2636 3629 2692; x_wconf 89' lang='lat' dir='ltr'><strong>nobis</strong></span> <span class='ocrx_word' id='word_1_361' title='bbox 3645 2635 3761 2692; x_wconf 90' lang='lat' dir='ltr'><strong>lon-</strong></span> 
     </span>
    </p>
   </div>
   <div class='ocr_carea' id='block_1_57' title="bbox 2163 2723 3762 2803">
    <p class='ocr_par' dir='ltr' id='par_1_57' title="bbox 2163 2723 3762 2803">
     <span class='ocr_line' id='line_1_57' title="bbox 2163 2723 3762 2803; baseline -0.002 -19"><span class='ocrx_word' id='word_1_362' title='bbox 2163 2730 2452 2803; x_wconf 86' lang='lat' dir='ltr'><strong>gissimum</strong></span> <span class='ocrx_word' id='word_1_363' title='bbox 2467 2726 2766 2790; x_wconf 89' lang='lat' dir='ltr'><strong>videbatur,</strong></span> <span class='ocrx_word' id='word_1_364' title='bbox 2788 2726 3106 2781; x_wconf 88' lang='lat' dir='ltr'><strong>citissimum</strong></span> <span class='ocrx_word' id='word_1_365' title='bbox 3130 2724 3291 2779; x_wconf 92' lang='lat' dir='ltr'><strong>nobis</strong></span> <span class='ocrx_word' id='word_1_366' title='bbox 3304 2723 3496 2780; x_wconf 80' lang='lat' dir='ltr'><strong>eﬁ‘ectu</strong></span> <span class='ocrx_word' id='word_1_367' title='bbox 3514 2724 3762 2798; x_wconf 89' lang='lat' dir='ltr'><strong>pleniore</strong></span> 
     </span>
    </p>
   </div>
   <div class='ocr_carea' id='block_1_58' title="bbox 2165 2812 3762 2890">
    <p class='ocr_par' dir='ltr' id='par_1_58' title="bbox 2165 2812 3762 2890">
     <span class='ocr_line' id='line_1_58' title="bbox 2165 2812 3762 2890; baseline -0.003 -17"><span class='ocrx_word' id='word_1_368' title='bbox 2165 2818 2413 2890; x_wconf 80' lang='lat' dir='ltr'><strong>perfecit.</strong></span> <span class='ocrx_word' id='word_1_369' title='bbox 2434 2815 2694 2871; x_wconf 89' lang='lat' dir='ltr'><strong>Introitus</strong></span> <span class='ocrx_word' id='word_1_370' title='bbox 2714 2815 2858 2868; x_wconf 90' lang='lat' dir='ltr'><strong>enim</strong></span> <span class='ocrx_word' id='word_1_371' title='bbox 2882 2823 3060 2870; x_wconf 90' lang='lat' dir='ltr'><strong>vester</strong></span> <span class='ocrx_word' id='word_1_372' title='bbox 3079 2812 3333 2884; x_wconf 84' lang='lat' dir='ltr'><strong>paciﬁcus</strong></span> <span class='ocrx_word' id='word_1_373' title='bbox 3355 2813 3537 2870; x_wconf 84' lang='lat' dir='ltr'><strong>factus</strong></span> <span class='ocrx_word' id='word_1_374' title='bbox 3582 2821 3661 2869; x_wconf 90' lang='lat' dir='ltr'><strong>est</strong></span> <span class='ocrx_word' id='word_1_375' title='bbox 3707 2822 3762 2868; x_wconf 90' lang='lat' dir='ltr'><strong>et</strong></span> 
     </span>
    </p>
   </div>
   <div class='ocr_carea' id='block_1_59' title="bbox 2167 2902 3760 2975">
    <p class='ocr_par' dir='ltr' id='par_1_59' title="bbox 2167 2902 3760 2975">
     <span class='ocr_line' id='line_1_59' title="bbox 2167 2902 3760 2975; baseline -0.004 -13"><span class='ocrx_word' id='word_1_376' title='bbox 2167 2908 2322 2963; x_wconf 89' lang='lat' dir='ltr'><strong>nobis</strong></span> <span class='ocrx_word' id='word_1_377' title='bbox 2336 2914 2389 2960; x_wconf 88' lang='lat' dir='ltr'><strong>et</strong></span> <span class='ocrx_word' id='word_1_378' title='bbox 2404 2903 2577 2966; x_wconf 88' lang='lat' dir='ltr'><strong>vobis,</strong></span> <span class='ocrx_word' id='word_1_379' title='bbox 2597 2902 2720 2975; x_wconf 90' lang='lat' dir='ltr'><strong>quia</strong></span> <span class='ocrx_word' id='word_1_380' title='bbox 2737 2902 2865 2957; x_wconf 89' lang='lat' dir='ltr'><strong>dum</strong></span> <span class='ocrx_word' id='word_1_381' title='bbox 2884 2909 3170 2973; x_wconf 84' lang='lat' dir='ltr'><strong>protractae</strong></span> <span class='ocrx_word' id='word_1_382' title='bbox 3207 2903 3445 2974; x_wconf 68' lang='lat' dir='ltr'><strong>querelae</strong></span> <span class='ocrx_word' id='word_1_383' title='bbox 3467 2903 3760 2958; x_wconf 90' lang='lat' dir='ltr'><strong>terminum</strong></span> 
     </span>
    </p>
   </div>
   <div class='ocr_carea' id='block_1_60' title="bbox 2166 2989 3759 3068">
    <p class='ocr_par' dir='ltr' id='par_1_60' title="bbox 2166 2989 3759 3068">
     <span class='ocr_line' id='line_1_60' title="bbox 2166 2989 3759 3068; baseline -0.004 -17"><span class='ocrx_word' id='word_1_384' title='bbox 2166 2996 2445 3068; x_wconf 87' lang='lat' dir='ltr'><strong>posuistis.</strong></span> <span class='ocrx_word' id='word_1_385' title='bbox 2470 2992 2726 3047; x_wconf 85' lang='lat' dir='ltr'><strong>Ecclesiis</strong></span> <span class='ocrx_word' id='word_1_386' title='bbox 2743 2991 3006 3046; x_wconf 88' lang='lat' dir='ltr'><strong>canonice</strong></span> <span class='ocrx_word' id='word_1_387' title='bbox 3025 2989 3251 3055; x_wconf 82' lang='lat' dir='ltr'><strong>collatis,</strong></span> <span class='ocrx_word' id='word_1_388' title='bbox 3286 3007 3382 3046; x_wconf 90' lang='lat' dir='ltr'><strong>vos</strong></span> <span class='ocrx_word' id='word_1_389' title='bbox 3415 3007 3631 3062; x_wconf 89' lang='lat' dir='ltr'><strong>quoque</strong></span> <span class='ocrx_word' id='word_1_390' title='bbox 3666 3008 3759 3045; x_wconf 90' lang='lat' dir='ltr'><strong>re—</strong></span> 
     </span>
    </p>
   </div>
   <div class='ocr_carea' id='block_1_61' title="bbox 2168 3079 3762 3155">
    <p class='ocr_par' dir='ltr' id='par_1_61' title="bbox 2168 3079 3762 3155">
     <span class='ocr_line' id='line_1_61' title="bbox 2168 3079 3762 3155; baseline -0.002 -16"><span class='ocrx_word' id='word_1_391' title='bbox 2168 3084 2471 3155; x_wconf 82' lang='lat' dir='ltr'><strong>quievistis.</strong></span> <span class='ocrx_word' id='word_1_392' title='bbox 2521 3083 2709 3152; x_wconf 87' lang='lat' dir='ltr'><strong>Itaque</strong></span> <span class='ocrx_word' id='word_1_393' title='bbox 2744 3080 2952 3151; x_wconf 87' lang='lat' dir='ltr'><strong>requiei</strong></span> <span class='ocrx_word' id='word_1_394' title='bbox 2988 3090 3192 3135; x_wconf 74' lang='lat' dir='ltr'><strong>vestrae</strong></span> <span class='ocrx_word' id='word_1_395' title='bbox 3222 3087 3274 3134; x_wconf 88' lang='lat' dir='ltr'><strong>et</strong></span> <span class='ocrx_word' id='word_1_396' title='bbox 3307 3079 3581 3136; x_wconf 91' lang='lat' dir='ltr'><strong>communi</strong></span> <span class='ocrx_word' id='word_1_397' title='bbox 3618 3080 3762 3136; x_wconf 88' lang='lat' dir='ltr'><strong>bono</strong></span> 
     </span>
    </p>
   </div>
   <div class='ocr_carea' id='block_1_62' title="bbox 458 3168 3763 3269">
    <p class='ocr_par' dir='ltr' id='par_1_62' title="bbox 458 3168 3763 3269">
     <span class='ocr_line' id='line_1_62' title="bbox 458 3168 3763 3269; baseline -0.01 -13"><span class='ocrx_word' id='word_1_398' title='bbox 458 3209 561 3267; x_wconf 89' lang='lat' dir='ltr'><strong>est,</strong></span> <span class='ocrx_word' id='word_1_399' title='bbox 595 3212 761 3269; x_wconf 88' lang='lat' dir='ltr'><strong>super</strong></span> <span class='ocrx_word' id='word_1_400' title='bbox 789 3208 985 3250; x_wconf 90' lang='lat' dir='ltr'><strong>omnes</strong></span> <span class='ocrx_word' id='word_1_401' title='bbox 1017 3190 1258 3245; x_wconf 87' lang='lat' dir='ltr'><strong>viventes</strong></span> <span class='ocrx_word' id='word_1_402' title='bbox 1288 3185 1560 3258; x_wconf 86' lang='lat' dir='ltr'><strong>professos</strong></span> <span class='ocrx_word' id='word_1_403' title='bbox 1604 3184 1968 3241; x_wconf 84' lang='lat' dir='ltr'><strong>obedientiam</strong></span> <span class='ocrx_word' id='word_1_404' title='bbox 2016 3198 2070 3245; x_wconf 60' lang='lat' dir='ltr'><strong>ei</strong></span> <span class='ocrx_word' id='word_1_405' title='bbox 2101 3189 2150 3252; x_wconf 70' lang='grc' dir='ltr'>Ο</span> <span class='ocrx_word' id='word_1_406' title='bbox 2170 3172 2614 3245; x_wconf 80' lang='lat' dir='ltr'><strong>congratulantur</strong></span> <span class='ocrx_word' id='word_1_407' title='bbox 2634 3184 2823 3224; x_wconf 90' lang='lat' dir='ltr'><strong>omnes</strong></span> <span class='ocrx_word' id='word_1_408' title='bbox 2846 3168 3004 3223; x_wconf 88' lang='lat' dir='ltr'><strong>amici</strong></span> <span class='ocrx_word' id='word_1_409' title='bbox 3025 3168 3208 3234; x_wconf 88' lang='lat' dir='ltr'><strong>vestri,</strong></span> <span class='ocrx_word' id='word_1_410' title='bbox 3247 3175 3299 3223; x_wconf 90' lang='lat' dir='ltr'><strong>et</strong></span> <span class='ocrx_word' id='word_1_411' title='bbox 3329 3184 3444 3235; x_wconf 91' lang='lat' dir='ltr'><strong>vos,</strong></span> <span class='ocrx_word' id='word_1_412' title='bbox 3480 3169 3604 3238; x_wconf 88' lang='lat' dir='ltr'><strong>quia</strong></span> <span class='ocrx_word' id='word_1_413' title='bbox 3632 3183 3763 3223; x_wconf 90' lang='lat' dir='ltr'><strong>cor-</strong></span> 
     </span>
    </p>
   </div>
   <div class='ocr_carea' id='block_1_63' title="bbox 461 3273 2050 3352">
    <p class='ocr_par' dir='ltr' id='par_1_63' title="bbox 461 3273 2050 3352">
     <span class='ocr_line' id='line_1_63' title="bbox 461 3273 2050 3352; baseline -0.012 -7"><span class='ocrx_word' id='word_1_414' title='bbox 461 3288 808 3346; x_wconf 87' lang='lat' dir='ltr'><strong>stabilitatem</strong></span> <span class='ocrx_word' id='word_1_415' title='bbox 842 3284 898 3336; x_wconf 91' lang='lat' dir='ltr'><strong>in</strong></span> <span class='ocrx_word' id='word_1_416' title='bbox 928 3279 1154 3352; x_wconf 85' lang='lat' dir='ltr'><strong>praefato</strong></span> <span class='ocrx_word' id='word_1_417' title='bbox 1181 3275 1511 3332; x_wconf 89' lang='lat' dir='ltr'><strong>monasterio</strong></span> <span class='ocrx_word' id='word_1_418' title='bbox 1546 3289 1559 3343; x_wconf 88' lang='lat'><strong>;</strong></span> <span class='ocrx_word' id='word_1_419' title='bbox 1605 3279 1659 3329; x_wconf 91' lang='lat' dir='ltr'><strong>et</strong></span> <span class='ocrx_word' id='word_1_420' title='bbox 1705 3273 1898 3342; x_wconf 89' lang='lat' dir='ltr'><strong>adjuro</strong></span> <span class='ocrx_word' id='word_1_421' title='bbox 1954 3289 2050 3344; x_wconf 90' lang='lat' dir='ltr'><strong>per</strong></span> 
     </span>
    </p>
   </div>
   <div class='ocr_carea' id='block_1_64' title="bbox 461 3362 2049 3444">
    <p class='ocr_par' dir='ltr' id='par_1_64' title="bbox 461 3362 2049 3444">
     <span class='ocr_line' id='line_1_64' title="bbox 461 3362 2049 3444; baseline -0.013 -9"><span class='ocrx_word' id='word_1_422' title='bbox 461 3378 718 3435; x_wconf 87' lang='lat' dir='ltr'><strong>eamdem</strong></span> <span class='ocrx_word' id='word_1_423' title='bbox 744 3369 1143 3444; x_wconf 81' lang='lat' dir='ltr'><strong>professionem</strong></span> <span class='ocrx_word' id='word_1_424' title='bbox 1175 3374 1227 3422; x_wconf 88' lang='lat' dir='ltr'><strong>et</strong></span> <span class='ocrx_word' id='word_1_425' title='bbox 1256 3364 1625 3430; x_wconf 86' lang='lat' dir='ltr'><strong>stabilitatem,</strong></span> <span class='ocrx_word' id='word_1_426' title='bbox 1679 3378 1838 3434; x_wconf 85' lang='lat' dir='ltr'><strong>quam</strong></span> <span class='ocrx_word' id='word_1_427' title='bbox 1890 3370 1940 3417; x_wconf 88' lang='lat' dir='ltr'><strong>te</strong></span> <span class='ocrx_word' id='word_1_428' title='bbox 1994 3362 2049 3415; x_wconf 93' lang='lat' dir='ltr'><strong>in</strong></span> 
     </span>
    </p>
   </div>
   <div class='ocr_carea' id='block_1_65' title="bbox 465 3451 2055 3524">
    <p class='ocr_par' dir='ltr' id='par_1_65' title="bbox 465 3451 2055 3524">
     <span class='ocr_line' id='line_1_65' title="bbox 465 3451 2055 3524; baseline -0.011 -1"><span class='ocrx_word' id='word_1_429' title='bbox 465 3468 659 3524; x_wconf 89' lang='lat' dir='ltr'><strong>eodem</strong></span> <span class='ocrx_word' id='word_1_430' title='bbox 690 3464 810 3518; x_wconf 89' lang='lat' dir='ltr'><strong>loco</strong></span> <span class='ocrx_word' id='word_1_431' title='bbox 848 3465 1186 3513; x_wconf 86' lang='lat' dir='ltr'><strong>servaturum</strong></span> <span class='ocrx_word' id='word_1_432' title='bbox 1206 3469 1393 3510; x_wconf 87' lang='lat' dir='ltr'><strong>coram</strong></span> <span class='ocrx_word' id='word_1_433' title='bbox 1415 3454 1529 3508; x_wconf 90' lang='lat' dir='ltr'><strong>Deo</strong></span> <span class='ocrx_word' id='word_1_434' title='bbox 1548 3451 1862 3523; x_wconf 87' lang='lat' dir='ltr'><strong>promisisti,</strong></span> <span class='ocrx_word' id='word_1_435' title='bbox 1887 3459 1941 3506; x_wconf 90' lang='lat' dir='ltr'><strong>et</strong></span> <span class='ocrx_word' id='word_1_436' title='bbox 1955 3466 2055 3522; x_wconf 89' lang='lat' dir='ltr'><strong>per</strong></span> 
     </span>
    </p>
   </div>
   <div class='ocr_carea' id='block_1_66' title="bbox 467 3539 2054 3622">
    <p class='ocr_par' dir='ltr' id='par_1_66' title="bbox 467 3539 2054 3622">
     <span class='ocr_line' id='line_1_66' title="bbox 467 3539 2054 3622; baseline -0.012 -12"><span class='ocrx_word' id='word_1_437' title='bbox 467 3565 759 3622; x_wconf 87' lang='lat' dir='ltr'><strong>utrumque</strong></span> <span class='ocrx_word' id='word_1_438' title='bbox 817 3548 1111 3603; x_wconf 86' lang='lat' dir='ltr'><strong>adventam</strong></span> <span class='ocrx_word' id='word_1_439' title='bbox 1161 3542 1376 3599; x_wconf 90' lang='lat' dir='ltr'><strong>Domini</strong></span> <span class='ocrx_word' id='word_1_440' title='bbox 1435 3540 1609 3595; x_wconf 84' lang='lat' dir='ltr'><strong>nostri</strong></span> <span class='ocrx_word' id='word_1_441' title='bbox 1661 3542 1789 3595; x_wconf 85' lang='lat' dir='ltr'><strong>Jesu</strong></span> <span class='ocrx_word' id='word_1_442' title='bbox 1834 3539 2054 3607; x_wconf 85' lang='lat' dir='ltr'><strong>Christi,</strong></span> 
     </span>
    </p>
   </div>
   <div class='ocr_carea' id='block_1_67' title="bbox 470 3628 2060 3707">
    <p class='ocr_par' dir='ltr' id='par_1_67' title="bbox 470 3628 2060 3707">
     <span class='ocr_line' id='line_1_67' title="bbox 470 3628 2060 3707; baseline -0.01 -9"><span class='ocrx_word' id='word_1_443' title='bbox 470 3645 609 3698; x_wconf 86' lang='lat' dir='ltr'><strong>sicut</strong></span> <span class='ocrx_word' id='word_1_444' title='bbox 630 3641 714 3696; x_wconf 86' lang='lat' dir='ltr'><strong>vis</strong></span> <span class='ocrx_word' id='word_1_445' title='bbox 745 3646 806 3692; x_wconf 88' lang='lat' dir='ltr'><strong>ut</strong></span> <span class='ocrx_word' id='word_1_446' title='bbox 832 3636 1044 3707; x_wconf 88' lang='lat' dir='ltr'><strong>primus</strong></span> <span class='ocrx_word' id='word_1_447' title='bbox 1072 3633 1141 3687; x_wconf 87' lang='lat' dir='ltr'><strong>sit</strong></span> <span class='ocrx_word' id='word_1_448' title='bbox 1171 3632 1267 3686; x_wconf 85' lang='lat' dir='ltr'><strong>tibi</strong></span> <span class='ocrx_word' id='word_1_449' title='bbox 1298 3631 1367 3684; x_wconf 90' lang='lat' dir='ltr'><strong>ad</strong></span> <span class='ocrx_word' id='word_1_450' title='bbox 1398 3630 1646 3696; x_wconf 87' lang='lat' dir='ltr'><strong>salutem,</strong></span> <span class='ocrx_word' id='word_1_451' title='bbox 1689 3636 1740 3683; x_wconf 92' lang='lat' dir='ltr'><strong>et</strong></span> <span class='ocrx_word' id='word_1_452' title='bbox 1790 3628 2060 3684; x_wconf 85' lang='lat' dir='ltr'><strong>secundus</strong></span> 
     </span>
    </p>
   </div>
   <div class='ocr_carea' id='block_1_68' title="bbox 468 3717 2064 3788">
    <p class='ocr_par' dir='ltr' id='par_1_68' title="bbox 468 3717 2064 3788">
     <span class='ocr_line' id='line_1_68' title="bbox 468 3717 2064 3788; baseline -0.01 -2"><span class='ocrx_word' id='word_1_453' title='bbox 468 3748 579 3787; x_wconf 90' lang='lat' dir='ltr'><strong>non</strong></span> <span class='ocrx_word' id='word_1_454' title='bbox 611 3728 678 3783; x_wconf 88' lang='lat' dir='ltr'><strong>sit</strong></span> <span class='ocrx_word' id='word_1_455' title='bbox 711 3727 807 3780; x_wconf 87' lang='lat' dir='ltr'><strong>tibi</strong></span> <span class='ocrx_word' id='word_1_456' title='bbox 837 3724 907 3778; x_wconf 92' lang='lat' dir='ltr'><strong>ad</strong></span> <span class='ocrx_word' id='word_1_457' title='bbox 940 3721 1373 3785; x_wconf 85' lang='lat' dir='ltr'><strong>damnationem,</strong></span> <span class='ocrx_word' id='word_1_458' title='bbox 1394 3725 1659 3788; x_wconf 89' lang='lat' dir='ltr'><strong>quatenus</strong></span> <span class='ocrx_word' id='word_1_459' title='bbox 1683 3717 2064 3786; x_wconf 87' lang='lat' dir='ltr'><strong>resipiscas,et</strong></span> 
     </span>
    </p>
   </div>
   <div class='ocr_carea' id='block_1_69' title="bbox 473 3805 2063 3878">
    <p class='ocr_par' dir='ltr' id='par_1_69' title="bbox 473 3805 2063 3878">
     <span class='ocr_line' id='line_1_69' title="bbox 473 3805 2063 3878; baseline -0.012 -2"><span class='ocrx_word' id='word_1_460' title='bbox 473 3820 668 3875; x_wconf 87' lang='lat' dir='ltr'><strong>redeas</strong></span> <span class='ocrx_word' id='word_1_461' title='bbox 697 3815 765 3869; x_wconf 90' lang='lat' dir='ltr'><strong>ad</strong></span> <span class='ocrx_word' id='word_1_462' title='bbox 795 3811 1105 3868; x_wconf 85' lang='lat' dir='ltr'><strong>Ecclesiam</strong></span> <span class='ocrx_word' id='word_1_463' title='bbox 1137 3809 1195 3861; x_wconf 90' lang='lat' dir='ltr'><strong>in</strong></span> <span class='ocrx_word' id='word_1_464' title='bbox 1227 3823 1332 3878; x_wconf 88' lang='lat' dir='ltr'><strong>qua</strong></span> <span class='ocrx_word' id='word_1_465' title='bbox 1364 3806 1665 3860; x_wconf 89' lang='lat' dir='ltr'><strong>monachus</strong></span> <span class='ocrx_word' id='word_1_466' title='bbox 1691 3805 1837 3859; x_wconf 86' lang='lat' dir='ltr'><strong>fuisti</strong></span> <span class='ocrx_word' id='word_1_467' title='bbox 1886 3821 2063 3876; x_wconf 85' lang='lat' dir='ltr'><strong>quan-</strong></span> 
     </span>
    </p>
   </div>
   <div class='ocr_carea' id='block_1_70' title="bbox 472 3893 2067 3963">
    <p class='ocr_par' dir='ltr' id='par_1_70' title="bbox 472 3893 2067 3963">
     <span class='ocr_line' id='line_1_70' title="bbox 472 3893 2067 3963; baseline -0.01 -1"><span class='ocrx_word' id='word_1_468' title='bbox 472 3916 584 3962; x_wconf 90' lang='lat' dir='ltr'><strong>tum</strong></span> <span class='ocrx_word' id='word_1_469' title='bbox 616 3906 685 3959; x_wconf 89' lang='lat' dir='ltr'><strong>ad</strong></span> <span class='ocrx_word' id='word_1_470' title='bbox 717 3902 978 3963; x_wconf 90' lang='lat' dir='ltr'><strong>habitum,</strong></span> <span class='ocrx_word' id='word_1_471' title='bbox 1015 3906 1070 3952; x_wconf 89' lang='lat' dir='ltr'><strong>et</strong></span> <span class='ocrx_word' id='word_1_472' title='bbox 1103 3912 1223 3951; x_wconf 89' lang='lat' dir='ltr'><strong>esse</strong></span> <span class='ocrx_word' id='word_1_473' title='bbox 1253 3895 1425 3949; x_wconf 89' lang='lat' dir='ltr'><strong>debes</strong></span> <span class='ocrx_word' id='word_1_474' title='bbox 1446 3893 1743 3949; x_wconf 88' lang='lat' dir='ltr'><strong>secundum</strong></span> <span class='ocrx_word' id='word_1_475' title='bbox 1784 3893 2067 3947; x_wconf 82' lang='lat' dir='ltr'><strong>veritatem</strong></span> 
     </span>
    </p>
   </div>
   <div class='ocr_carea' id='block_1_71' title="bbox 474 3983 2065 4059">
    <p class='ocr_par' dir='ltr' id='par_1_71' title="bbox 474 3983 2065 4059">
     <span class='ocr_line' id='line_1_71' title="bbox 474 3983 2065 4059; baseline -0.009 -7"><span class='ocrx_word' id='word_1_476' title='bbox 474 4003 529 4053; x_wconf 90' lang='lat' dir='ltr'><strong>et</strong></span> <span class='ocrx_word' id='word_1_477' title='bbox 560 3996 629 4050; x_wconf 87' lang='lat' dir='ltr'><strong>ad</strong></span> <span class='ocrx_word' id='word_1_478' title='bbox 660 4009 767 4059; x_wconf 91' lang='lat' dir='ltr'><strong>me,</strong></span> <span class='ocrx_word' id='word_1_479' title='bbox 799 3998 853 4045; x_wconf 87' lang='lat' dir='ltr'><strong>et</strong></span> <span class='ocrx_word' id='word_1_480' title='bbox 881 3989 947 4042; x_wconf 91' lang='lat' dir='ltr'><strong>ad</strong></span> <span class='ocrx_word' id='word_1_481' title='bbox 979 3987 1197 4051; x_wconf 82' lang='lat' dir='ltr'><strong>fratres,</strong></span> <span class='ocrx_word' id='word_1_482' title='bbox 1245 3984 1334 4054; x_wconf 89' lang='lat' dir='ltr'><strong>qui</strong></span> <span class='ocrx_word' id='word_1_483' title='bbox 1374 3992 1424 4037; x_wconf 90' lang='lat' dir='ltr'><strong>te</strong></span> <span class='ocrx_word' id='word_1_484' title='bbox 1466 3991 1690 4054; x_wconf 87' lang='lat' dir='ltr'><strong>propter</strong></span> <span class='ocrx_word' id='word_1_485' title='bbox 1718 3983 1913 4036; x_wconf 68' lang='lat' dir='ltr'><strong>animae</strong></span> <span class='ocrx_word' id='word_1_486' title='bbox 1943 3990 2065 4049; x_wconf 84' lang='lat' dir='ltr'><strong>tuae,</strong></span> 
     </span>
    </p>
   </div>
   <div class='ocr_carea' id='block_1_72' title="bbox 477 4070 2073 4140">
    <p class='ocr_par' dir='ltr' id='par_1_72' title="bbox 477 4070 2073 4140">
     <span class='ocr_line' id='line_1_72' title="bbox 477 4070 2073 4140; baseline -0.011 0"><span class='ocrx_word' id='word_1_487' title='bbox 477 4084 712 4140; x_wconf 85' lang='lat' dir='ltr'><strong>salutem</strong></span> <span class='ocrx_word' id='word_1_488' title='bbox 745 4077 1149 4140; x_wconf 84' lang='lat' dir='ltr'><strong>desideramus,</strong></span> <span class='ocrx_word' id='word_1_489' title='bbox 1183 4072 1229 4127; x_wconf 87' lang='lat' dir='ltr'><strong>si</strong></span> <span class='ocrx_word' id='word_1_490' title='bbox 1258 4088 1367 4127; x_wconf 89' lang='lat' dir='ltr'><strong>non</strong></span> <span class='ocrx_word' id='word_1_491' title='bbox 1415 4072 1497 4125; x_wconf 85' lang='lat' dir='ltr'><strong>vis</strong></span> <span class='ocrx_word' id='word_1_492' title='bbox 1541 4072 1595 4125; x_wconf 89' lang='lat' dir='ltr'><strong>in</strong></span> <span class='ocrx_word' id='word_1_493' title='bbox 1642 4070 2073 4126; x_wconf 86' lang='lat' dir='ltr'><strong>excommunica-</strong></span> 
     </span>
    </p>
   </div>
   <div class='ocr_carea' id='block_1_73' title="bbox 480 4160 2075 4230">
    <p class='ocr_par' dir='ltr' id='par_1_73' title="bbox 480 4160 2075 4230">
     <span class='ocr_line' id='line_1_73' title="bbox 480 4160 2075 4230; baseline -0.01 -2"><span class='ocrx_word' id='word_1_494' title='bbox 480 4175 627 4230; x_wconf 90' lang='lat' dir='ltr'><strong>tione</strong></span> <span class='ocrx_word' id='word_1_495' title='bbox 647 4168 1073 4225; x_wconf 87' lang='lat' dir='ltr'><strong>etanathemate</strong></span> <span class='ocrx_word' id='word_1_496' title='bbox 1117 4162 1288 4217; x_wconf 89' lang='lat' dir='ltr'><strong>mori.</strong></span> <span class='ocrx_word' id='word_1_497' title='bbox 1357 4160 1552 4214; x_wconf 78' lang='lat' dir='ltr'><strong>Nullus</strong></span> <span class='ocrx_word' id='word_1_498' title='bbox 1605 4160 1749 4214; x_wconf 89' lang='lat' dir='ltr'><strong>enim</strong></span> <span class='ocrx_word' id='word_1_499' title='bbox 1801 4161 1964 4215; x_wconf 90' lang='lat' dir='ltr'><strong>homo</strong></span> <span class='ocrx_word' id='word_1_500' title='bbox 2016 4160 2075 4213; x_wconf 90' lang='lat' dir='ltr'><strong>in</strong></span> 
     </span>
    </p>
   </div>
   <div class='ocr_carea' id='block_1_74' title="bbox 481 4248 2076 4335">
    <p class='ocr_par' dir='ltr' id='par_1_74' title="bbox 481 4248 2076 4335">
     <span class='ocr_line' id='line_1_74' title="bbox 481 4248 2076 4335; baseline -0.009 -18"><span class='ocrx_word' id='word_1_501' title='bbox 481 4259 741 4335; x_wconf 60' lang='lat' dir='ltr'><strong>praesenti</strong></span> <span class='ocrx_word' id='word_1_502' title='bbox 768 4258 873 4313; x_wconf 91' lang='lat' dir='ltr'><strong>vita</strong></span> <span class='ocrx_word' id='word_1_503' title='bbox 904 4254 1098 4309; x_wconf 87' lang='lat' dir='ltr'><strong>vivens</strong></span> <span class='ocrx_word' id='word_1_504' title='bbox 1124 4258 1303 4323; x_wconf 89' lang='lat' dir='ltr'><strong>potest</strong></span> <span class='ocrx_word' id='word_1_505' title='bbox 1333 4257 1387 4305; x_wconf 90' lang='lat' dir='ltr'><strong>te</strong></span> <span class='ocrx_word' id='word_1_506' title='bbox 1418 4249 1702 4304; x_wconf 87' lang='lat' dir='ltr'><strong>absolvere</strong></span> <span class='ocrx_word' id='word_1_507' title='bbox 1732 4249 1802 4302; x_wconf 92' lang='lat' dir='ltr'><strong>ab</strong></span> <span class='ocrx_word' id='word_1_508' title='bbox 1833 4250 1920 4304; x_wconf 86' lang='lat' dir='ltr'><strong>his</strong></span> <span class='ocrx_word' id='word_1_509' title='bbox 1952 4248 2076 4305; x_wconf 91' lang='lat' dir='ltr'><strong>vin-</strong></span> 
     </span>
    </p>
   </div>
   <div class='ocr_carea' id='block_1_75' title="bbox 482 4336 2079 4409">
    <p class='ocr_par' dir='ltr' id='par_1_75' title="bbox 482 4336 2079 4409">
     <span class='ocr_line' id='line_1_75' title="bbox 482 4336 2079 4409; baseline -0.009 -2"><span class='ocrx_word' id='word_1_510' title='bbox 482 4351 622 4409; x_wconf 89' lang='lat' dir='ltr'><strong>culis</strong></span> <span class='ocrx_word' id='word_1_511' title='bbox 651 4340 1234 4403; x_wconf 85' lang='lat' dir='ltr'><strong>excommunicationis</strong></span> <span class='ocrx_word' id='word_1_512' title='bbox 1255 4347 1308 4393; x_wconf 91' lang='lat' dir='ltr'><strong>et</strong></span> <span class='ocrx_word' id='word_1_513' title='bbox 1352 4336 1725 4404; x_wconf 86' lang='lat' dir='ltr'><strong>anathematis,</strong></span> <span class='ocrx_word' id='word_1_514' title='bbox 1775 4338 1880 4391; x_wconf 90' lang='lat' dir='ltr'><strong>nisi</strong></span> <span class='ocrx_word' id='word_1_515' title='bbox 1933 4337 2079 4407; x_wconf 90' lang='lat' dir='ltr'><strong>quod</strong></span> 
     </span>
    </p>
   </div>
   <div class='ocr_carea' id='block_1_76' title="bbox 482 4424 2079 4504">
    <p class='ocr_par' dir='ltr' id='par_1_76' title="bbox 482 4424 2079 4504">
     <span class='ocr_line' id='line_1_76' title="bbox 482 4424 2079 4504; baseline -0.011 -8"><span class='ocrx_word' id='word_1_516' title='bbox 482 4455 615 4496; x_wconf 89' lang='lat' dir='ltr'><strong>vera</strong></span> <span class='ocrx_word' id='word_1_517' title='bbox 647 4435 937 4492; x_wconf 88' lang='lat' dir='ltr'><strong>dilectione</strong></span> <span class='ocrx_word' id='word_1_518' title='bbox 968 4446 1164 4504; x_wconf 89' lang='lat' dir='ltr'><strong>precor</strong></span> <span class='ocrx_word' id='word_1_519' title='bbox 1193 4436 1245 4483; x_wconf 89' lang='lat' dir='ltr'><strong>et</strong></span> <span class='ocrx_word' id='word_1_520' title='bbox 1268 4426 1518 4490; x_wconf 91' lang='lat' dir='ltr'><strong>consulo,</strong></span> <span class='ocrx_word' id='word_1_521' title='bbox 1552 4424 1766 4480; x_wconf 85' lang='lat' dir='ltr'><strong>feceris.</strong></span> <span class='ocrx_word' id='word_1_522' title='bbox 1799 4427 1909 4479; x_wconf 88' lang='lat' dir='ltr'><strong>Ista</strong></span> <span class='ocrx_word' id='word_1_523' title='bbox 1929 4441 2079 4479; x_wconf 88' lang='lat' dir='ltr'><strong>meas</strong></span> 
     </span>
    </p>
   </div>
   <div class='ocr_carea' id='block_1_77' title="bbox 2156 3256 3764 3338">
    <p class='ocr_par' dir='ltr' id='par_1_77' title="bbox 2156 3256 3764 3338">
     <span class='ocr_line' id='line_1_77' title="bbox 2156 3256 3764 3338; baseline -0.007 -17"><span class='ocrx_word' id='word_1_524' title='bbox 2156 3280 2287 3338; x_wconf 90' lang='lat' dir='ltr'><strong>pore</strong></span> <span class='ocrx_word' id='word_1_525' title='bbox 2300 3259 2568 3330; x_wconf 84' lang='lat' dir='ltr'><strong>conjuncti</strong></span> <span class='ocrx_word' id='word_1_526' title='bbox 2583 3274 2687 3313; x_wconf 91' lang='lat' dir='ltr'><strong>non</strong></span> <span class='ocrx_word' id='word_1_527' title='bbox 2702 3263 2949 3328; x_wconf 87' lang='lat' dir='ltr'><strong>possunt,</strong></span> <span class='ocrx_word' id='word_1_528' title='bbox 2969 3256 3356 3312; x_wconf 86' lang='lat' dir='ltr'><strong>desideriorum</strong></span> <span class='ocrx_word' id='word_1_529' title='bbox 3374 3257 3655 3330; x_wconf 84' lang='lat' dir='ltr'><strong>gressibus</strong></span> <span class='ocrx_word' id='word_1_530' title='bbox 3676 3257 3764 3310; x_wconf 90' lang='lat' dir='ltr'><strong>in-</strong></span> 
     </span>
    </p>
   </div>
   <div class='ocr_carea' id='block_1_78' title="bbox 2159 3345 3769 3417">
    <p class='ocr_par' dir='ltr' id='par_1_78' title="bbox 2159 3345 3769 3417">
     <span class='ocr_line' id='line_1_78' title="bbox 2159 3345 3769 3417; baseline -0.006 -7"><span class='ocrx_word' id='word_1_531' title='bbox 2159 3354 2334 3410; x_wconf 86' lang='lat' dir='ltr'><strong>visere</strong></span> <span class='ocrx_word' id='word_1_532' title='bbox 2358 3366 2465 3405; x_wconf 94' lang='lat' dir='ltr'><strong>non</strong></span> <span class='ocrx_word' id='word_1_533' title='bbox 2488 3347 2778 3402; x_wconf 87' lang='lat' dir='ltr'><strong>desistunt.</strong></span> <span class='ocrx_word' id='word_1_534' title='bbox 2812 3346 2891 3401; x_wconf 93' lang='lat' dir='ltr'><strong>De</strong></span> <span class='ocrx_word' id='word_1_535' title='bbox 2909 3347 3109 3401; x_wconf 89' lang='lat' dir='ltr'><strong>nostris</strong></span> <span class='ocrx_word' id='word_1_536' title='bbox 3127 3346 3469 3417; x_wconf 87' lang='lat' dir='ltr'><strong>potissimum</strong></span> <span class='ocrx_word' id='word_1_537' title='bbox 3485 3345 3769 3402; x_wconf 85' lang='lat' dir='ltr'><strong>monachis</strong></span> 
     </span>
    </p>
   </div>
   <div class='ocr_carea' id='block_1_79' title="bbox 2163 3435 3771 3510">
    <p class='ocr_par' dir='ltr' id='par_1_79' title="bbox 2163 3435 3771 3510">
     <span class='ocr_line' id='line_1_79' title="bbox 2163 3435 3771 3510; baseline -0.005 -12"><span class='ocrx_word' id='word_1_538' title='bbox 2163 3444 2306 3509; x_wconf 90' lang='lat' dir='ltr'><strong>dico,</strong></span> <span class='ocrx_word' id='word_1_539' title='bbox 2329 3454 2465 3510; x_wconf 85' lang='lat' dir='ltr'><strong>quos</strong></span> <span class='ocrx_word' id='word_1_540' title='bbox 2484 3437 2638 3493; x_wconf 85' lang='lat' dir='ltr'><strong>vobis</strong></span> <span class='ocrx_word' id='word_1_541' title='bbox 2653 3435 2879 3504; x_wconf 84' lang='lat' dir='ltr'><strong>majoris</strong></span> <span class='ocrx_word' id='word_1_542' title='bbox 2902 3435 3026 3489; x_wconf 90' lang='lat' dir='ltr'><strong>dote</strong></span> <span class='ocrx_word' id='word_1_543' title='bbox 3042 3435 3436 3503; x_wconf 88' lang='lat' dir='ltr'><strong>familiaritatis,</strong></span> <span class='ocrx_word' id='word_1_544' title='bbox 3455 3444 3507 3492; x_wconf 89' lang='lat' dir='ltr'><strong>et</strong></span> <span class='ocrx_word' id='word_1_545' title='bbox 3523 3436 3771 3491; x_wconf 89' lang='lat' dir='ltr'><strong>subven-</strong></span> 
     </span>
    </p>
   </div>
   <div class='ocr_carea' id='block_1_80' title="bbox 2164 3523 3769 3595">
    <p class='ocr_par' dir='ltr' id='par_1_80' title="bbox 2164 3523 3769 3595">
     <span class='ocr_line' id='line_1_80' title="bbox 2164 3523 3769 3595; baseline -0.005 -8"><span class='ocrx_word' id='word_1_546' title='bbox 2164 3532 2311 3587; x_wconf 90' lang='lat' dir='ltr'><strong>tione</strong></span> <span class='ocrx_word' id='word_1_547' title='bbox 2336 3533 2620 3583; x_wconf 76' lang='lat' dir='ltr'><strong>transaclaa</strong></span> <span class='ocrx_word' id='word_1_548' title='bbox 2637 3524 2976 3580; x_wconf 88' lang='lat' dir='ltr'><strong>necessitatis</strong></span> <span class='ocrx_word' id='word_1_549' title='bbox 2988 3524 3287 3595; x_wconf 89' lang='lat' dir='ltr'><strong>proclivius</strong></span> <span class='ocrx_word' id='word_1_550' title='bbox 3302 3524 3643 3581; x_wconf 77' lang='lat' dir='ltr'><strong>devinxistis.</strong></span> <span class='ocrx_word' id='word_1_551' title='bbox 3664 3523 3769 3579; x_wconf 88' lang='lat' dir='ltr'><strong>Sed</strong></span> 
     </span>
    </p>
   </div>
   <div class='ocr_carea' id='block_1_81' title="bbox 2170 3612 3772 3692">
    <p class='ocr_par' dir='ltr' id='par_1_81' title="bbox 2170 3612 3772 3692">
     <span class='ocr_line' id='line_1_81' title="bbox 2170 3612 3772 3692; baseline -0.005 -18"><span class='ocrx_word' id='word_1_552' title='bbox 2170 3618 2427 3692; x_wconf 88' lang='lat' dir='ltr'><strong>quoniam</strong></span> <span class='ocrx_word' id='word_1_553' title='bbox 2460 3616 2569 3670; x_wconf 91' lang='lat' dir='ltr'><strong>mei</strong></span> <span class='ocrx_word' id='word_1_554' title='bbox 2600 3628 2769 3668; x_wconf 86' lang='lat' dir='ltr'><strong>causa</strong></span> <span class='ocrx_word' id='word_1_555' title='bbox 2792 3612 2961 3682; x_wconf 88' lang='lat' dir='ltr'><strong>coepi,</strong></span> <span class='ocrx_word' id='word_1_556' title='bbox 2994 3612 3061 3666; x_wconf 91' lang='lat' dir='ltr'><strong>ad</strong></span> <span class='ocrx_word' id='word_1_557' title='bbox 3106 3629 3191 3668; x_wconf 90' lang='lat' dir='ltr'><strong>me</strong></span> <span class='ocrx_word' id='word_1_558' title='bbox 3248 3613 3381 3666; x_wconf 90' lang='lat' dir='ltr'><strong>mihi</strong></span> <span class='ocrx_word' id='word_1_559' title='bbox 3441 3613 3772 3668; x_wconf 88' lang='lat' dir='ltr'><strong>redeundum</strong></span> 
     </span>
    </p>
   </div>
   <div class='ocr_carea' id='block_1_82' title="bbox 2172 3700 3765 3777">
    <p class='ocr_par' dir='ltr' id='par_1_82' title="bbox 2172 3700 3765 3777">
     <span class='ocr_line' id='line_1_82' title="bbox 2172 3700 3765 3777; baseline -0.004 -14"><span class='ocrx_word' id='word_1_560' title='bbox 2172 3716 2271 3763; x_wconf 90' lang='lat' dir='ltr'><strong>est.</strong></span> <span class='ocrx_word' id='word_1_561' title='bbox 2298 3704 2705 3777; x_wconf 89' lang='lat' dir='ltr'><strong>Optatissimum</strong></span> <span class='ocrx_word' id='word_1_562' title='bbox 2728 3700 2860 3755; x_wconf 89' lang='lat' dir='ltr'><strong>mihi</strong></span> <span class='ocrx_word' id='word_1_563' title='bbox 2915 3710 3077 3769; x_wconf 90' lang='lat' dir='ltr'><strong>esset,</strong></span> <span class='ocrx_word' id='word_1_564' title='bbox 3139 3702 3183 3755; x_wconf 91' lang='lat' dir='ltr'><strong>si</strong></span> <span class='ocrx_word' id='word_1_565' title='bbox 3234 3700 3348 3756; x_wconf 79' lang='lat' dir='ltr'><strong>fieri</strong></span> <span class='ocrx_word' id='word_1_566' title='bbox 3392 3709 3595 3772; x_wconf 88' lang='lat' dir='ltr'><strong>posset,</strong></span> <span class='ocrx_word' id='word_1_567' title='bbox 3643 3710 3765 3757; x_wconf 89' lang='lat' dir='ltr'><strong>ante</strong></span> 
     </span>
    </p>
   </div>
   <div class='ocr_carea' id='block_1_83' title="bbox 2173 3788 3770 3861">
    <p class='ocr_par' dir='ltr' id='par_1_83' title="bbox 2173 3788 3770 3861">
     <span class='ocr_line' id='line_1_83' title="bbox 2173 3788 3770 3861; baseline -0.004 -10"><span class='ocrx_word' id='word_1_568' title='bbox 2173 3797 2335 3851; x_wconf 81' lang='lat' dir='ltr'><strong>tinem</strong></span> <span class='ocrx_word' id='word_1_569' title='bbox 2366 3810 2547 3849; x_wconf 89' lang='lat' dir='ltr'><strong>meum</strong></span> <span class='ocrx_word' id='word_1_570' title='bbox 2578 3799 2756 3847; x_wconf 89' lang='lat' dir='ltr'><strong>vestro</strong></span> <span class='ocrx_word' id='word_1_571' title='bbox 2786 3798 3086 3861; x_wconf 89' lang='lat' dir='ltr'><strong>conspectu</strong></span> <span class='ocrx_word' id='word_1_572' title='bbox 3117 3788 3344 3860; x_wconf 87' lang='lat' dir='ltr'><strong>perfrui,</strong></span> <span class='ocrx_word' id='word_1_573' title='bbox 3371 3797 3423 3844; x_wconf 91' lang='lat' dir='ltr'><strong>et</strong></span> <span class='ocrx_word' id='word_1_574' title='bbox 3453 3806 3634 3847; x_wconf 90' lang='lat' dir='ltr'><strong>coram</strong></span> <span class='ocrx_word' id='word_1_575' title='bbox 3666 3806 3770 3846; x_wconf 88' lang='lat' dir='ltr'><strong>vo-</strong></span> 
     </span>
    </p>
   </div>
   <div class='ocr_carea' id='block_1_84' title="bbox 2178 3878 3777 3948">
    <p class='ocr_par' dir='ltr' id='par_1_84' title="bbox 2178 3878 3777 3948">
     <span class='ocr_line' id='line_1_84' title="bbox 2178 3878 3777 3948; baseline -0.004 -8"><span class='ocrx_word' id='word_1_576' title='bbox 2178 3886 2260 3940; x_wconf 90' lang='lat' dir='ltr'><strong>bis</strong></span> <span class='ocrx_word' id='word_1_577' title='bbox 2291 3884 2358 3938; x_wconf 91' lang='lat' dir='ltr'><strong>de</strong></span> <span class='ocrx_word' id='word_1_578' title='bbox 2386 3881 2519 3936; x_wconf 82' lang='lat' dir='ltr'><strong>meis</strong></span> <span class='ocrx_word' id='word_1_579' title='bbox 2539 3879 2934 3936; x_wconf 87' lang='lat' dir='ltr'><strong>calamitatibus</strong></span> <span class='ocrx_word' id='word_1_580' title='bbox 2955 3878 3240 3948; x_wconf 90' lang='lat' dir='ltr'><strong>conqueri.</strong></span> <span class='ocrx_word' id='word_1_581' title='bbox 3283 3879 3601 3934; x_wconf 88' lang='lat' dir='ltr'><strong>Pertransiit</strong></span> <span class='ocrx_word' id='word_1_582' title='bbox 3631 3879 3777 3935; x_wconf 87' lang='lat' dir='ltr'><strong>enim</strong></span> 
     </span>
    </p>
   </div>
   <div class='ocr_carea' id='block_1_85' title="bbox 2177 3967 3776 4042">
    <p class='ocr_par' dir='ltr' id='par_1_85' title="bbox 2177 3967 3776 4042">
     <span class='ocr_line' id='line_1_85' title="bbox 2177 3967 3776 4042; baseline -0.003 -13"><span class='ocrx_word' id='word_1_583' title='bbox 2177 3981 2390 4042; x_wconf 89' lang='lat' dir='ltr'><strong>tempus</strong></span> <span class='ocrx_word' id='word_1_584' title='bbox 2414 3984 2615 4034; x_wconf 91' lang='lat' dir='ltr'><strong>meum,</strong></span> <span class='ocrx_word' id='word_1_585' title='bbox 2653 3977 2705 4023; x_wconf 91' lang='lat' dir='ltr'><strong>et</strong></span> <span class='ocrx_word' id='word_1_586' title='bbox 2734 3968 2920 4024; x_wconf 85' lang='lat' dir='ltr'><strong>nescio</strong></span> <span class='ocrx_word' id='word_1_587' title='bbox 2941 3968 2984 4021; x_wconf 91' lang='lat' dir='ltr'><strong>si</strong></span> <span class='ocrx_word' id='word_1_588' title='bbox 3017 3983 3176 4037; x_wconf 90' lang='lat' dir='ltr'><strong>quem</strong></span> <span class='ocrx_word' id='word_1_589' title='bbox 3228 3967 3587 4023; x_wconf 88' lang='lat' dir='ltr'><strong>diuturnitate</strong></span> <span class='ocrx_word' id='word_1_590' title='bbox 3643 3967 3776 4024; x_wconf 90' lang='lat' dir='ltr'><strong>vitoe</strong></span> 
     </span>
    </p>
   </div>
   <div class='ocr_carea' id='block_1_86' title="bbox 2180 4056 3778 4132">
    <p class='ocr_par' dir='ltr' id='par_1_86' title="bbox 2180 4056 3778 4132">
     <span class='ocr_line' id='line_1_86' title="bbox 2180 4056 3778 4132; baseline -0.004 -14"><span class='ocrx_word' id='word_1_591' title='bbox 2180 4060 2502 4132; x_wconf 88' lang='lat' dir='ltr'><strong>collegerim</strong></span> <span class='ocrx_word' id='word_1_592' title='bbox 2533 4058 2779 4112; x_wconf 84' lang='lat' dir='ltr'><strong>fructum.</strong></span> <span class='ocrx_word' id='word_1_593' title='bbox 2851 4056 2961 4112; x_wconf 89' lang='lat' dir='ltr'><strong>Sed</strong></span> <span class='ocrx_word' id='word_1_594' title='bbox 3019 4056 3273 4127; x_wconf 89' lang='lat' dir='ltr'><strong>quoniam</strong></span> <span class='ocrx_word' id='word_1_595' title='bbox 3330 4056 3591 4112; x_wconf 89' lang='lat' dir='ltr'><strong>voluntati</strong></span> <span class='ocrx_word' id='word_1_596' title='bbox 3641 4072 3778 4112; x_wconf 68' lang='lat' dir='ltr'><strong>mea:</strong></span> 
     </span>
    </p>
   </div>
   <div class='ocr_carea' id='block_1_87' title="bbox 2182 4145 3779 4213">
    <p class='ocr_par' dir='ltr' id='par_1_87' title="bbox 2182 4145 3779 4213">
     <span class='ocr_line' id='line_1_87' title="bbox 2182 4145 3779 4213; baseline -0.003 -7"><span class='ocrx_word' id='word_1_597' title='bbox 2182 4151 2431 4206; x_wconf 87' lang='lat' dir='ltr'><strong>debilitas</strong></span> <span class='ocrx_word' id='word_1_598' title='bbox 2462 4147 2654 4203; x_wconf 91' lang='lat' dir='ltr'><strong>senilis</strong></span> <span class='ocrx_word' id='word_1_599' title='bbox 2683 4146 2917 4213; x_wconf 88' lang='lat' dir='ltr'><strong>obsistit,</strong></span> <span class='ocrx_word' id='word_1_600' title='bbox 2970 4161 3096 4201; x_wconf 92' lang='lat' dir='ltr'><strong>ecce</strong></span> <span class='ocrx_word' id='word_1_601' title='bbox 3147 4145 3233 4201; x_wconf 89' lang='lat' dir='ltr'><strong>hic</strong></span> <span class='ocrx_word' id='word_1_602' title='bbox 3289 4146 3384 4200; x_wconf 87' lang='lat' dir='ltr'><strong>ubi</strong></span> <span class='ocrx_word' id='word_1_603' title='bbox 3439 4162 3558 4200; x_wconf 87' lang='lat' dir='ltr'><strong>sum</strong></span> <span class='ocrx_word' id='word_1_604' title='bbox 3618 4145 3779 4202; x_wconf 88' lang='lat' dir='ltr'><strong>vobis</strong></span> 
     </span>
    </p>
   </div>
   <div class='ocr_carea' id='block_1_88' title="bbox 2184 4233 3780 4309">
    <p class='ocr_par' dir='ltr' id='par_1_88' title="bbox 2184 4233 3780 4309">
     <span class='ocr_line' id='line_1_88' title="bbox 2184 4233 3780 4309; baseline -0.004 -14"><span class='ocrx_word' id='word_1_605' title='bbox 2184 4236 2528 4309; x_wconf 89' lang='lat' dir='ltr'><strong>suspirando,</strong></span> <span class='ocrx_word' id='word_1_606' title='bbox 2561 4234 2807 4289; x_wconf 88' lang='lat' dir='ltr'><strong>miserias</strong></span> <span class='ocrx_word' id='word_1_607' title='bbox 2837 4242 2887 4288; x_wconf 91' lang='lat' dir='ltr'><strong>et</strong></span> <span class='ocrx_word' id='word_1_608' title='bbox 2917 4233 3209 4304; x_wconf 83' lang='lat' dir='ltr'><strong>languores</strong></span> <span class='ocrx_word' id='word_1_609' title='bbox 3240 4234 3436 4290; x_wconf 66' lang='lat' dir='ltr'><strong>animae</strong></span> <span class='ocrx_word' id='word_1_610' title='bbox 3462 4251 3600 4306; x_wconf 89' lang='lat' dir='ltr'><strong>quos</strong></span> <span class='ocrx_word' id='word_1_611' title='bbox 3642 4250 3780 4290; x_wconf 90' lang='lat' dir='ltr'><strong>con-</strong></span> 
     </span>
    </p>
   </div>
   <div class='ocr_carea' id='block_1_89' title="bbox 2185 4322 3786 4397">
    <p class='ocr_par' dir='ltr' id='par_1_89' title="bbox 2185 4322 3786 4397">
     <span class='ocr_line' id='line_1_89' title="bbox 2185 4322 3786 4397; baseline -0.003 -13"><span class='ocrx_word' id='word_1_612' title='bbox 2185 4327 2331 4385; x_wconf 78' lang='lat' dir='ltr'><strong>traxi</strong></span> <span class='ocrx_word' id='word_1_613' title='bbox 2359 4328 2710 4397; x_wconf 65' lang='lat' dir='ltr'><strong>reprmsento,</strong></span> <span class='ocrx_word' id='word_1_614' title='bbox 2736 4322 2790 4377; x_wconf 91' lang='lat' dir='ltr'><strong>id</strong></span> <span class='ocrx_word' id='word_1_615' title='bbox 2820 4323 3187 4394; x_wconf 76' lang='lat' dir='ltr'><strong>potissimum,</strong></span> <span class='ocrx_word' id='word_1_616' title='bbox 3220 4323 3494 4379; x_wconf 82' lang='lat' dir='ltr'><strong>exorando</strong></span> <span class='ocrx_word' id='word_1_617' title='bbox 3525 4327 3607 4391; x_wconf 89' lang='lat' dir='ltr'><strong>ut,</strong></span> <span class='ocrx_word' id='word_1_618' title='bbox 3641 4323 3786 4379; x_wconf 88' lang='lat' dir='ltr'><strong>sicut</strong></span> 
     </span>
    </p>
   </div>
   <div class='ocr_carea' id='block_1_90' title="bbox 2186 4419 3784 4491">
    <p class='ocr_par' dir='ltr' id='par_1_90' title="bbox 2186 4419 3784 4491">
     <span class='ocr_line' id='line_1_90' title="bbox 2186 4419 3784 4491; baseline -0.003 -12"><span class='ocrx_word' id='word_1_619' title='bbox 2186 4423 2437 4479; x_wconf 88' lang='lat' dir='ltr'><strong>omnibus</strong></span> <span class='ocrx_word' id='word_1_620' title='bbox 2465 4421 2647 4477; x_wconf 90' lang='lat' dir='ltr'><strong>omnia</strong></span> <span class='ocrx_word' id='word_1_621' title='bbox 2678 4420 2804 4475; x_wconf 85' lang='lat' dir='ltr'><strong>facti</strong></span> <span class='ocrx_word' id='word_1_622' title='bbox 2833 4419 2980 4487; x_wconf 89' lang='lat' dir='ltr'><strong>estis,</strong></span> <span class='ocrx_word' id='word_1_623' title='bbox 3040 4435 3103 4475; x_wconf 93' lang='lat' dir='ltr'><strong>eo</strong></span> <span class='ocrx_word' id='word_1_624' title='bbox 3160 4436 3248 4475; x_wconf 92' lang='lat' dir='ltr'><strong>me</strong></span> <span class='ocrx_word' id='word_1_625' title='bbox 3304 4420 3467 4476; x_wconf 92' lang='lat' dir='ltr'><strong>modo</strong></span> <span class='ocrx_word' id='word_1_626' title='bbox 3516 4419 3784 4491; x_wconf 88' lang='lat' dir='ltr'><strong>rescripto</strong></span> 
     </span>
    </p>
   </div>
   <div class='ocr_carea' id='block_1_91' title="bbox 479 4507 3785 4602">
    <p class='ocr_par' dir='ltr' id='par_1_91' title="bbox 479 4507 3785 4602">
     <span class='ocr_line' id='line_1_91' title="bbox 479 4507 3785 4602; baseline -0.006 -19"><span class='ocrx_word' id='word_1_627' title='bbox 479 4531 691 4584; x_wconf 87' lang='lat' dir='ltr'><strong>litteras</strong></span> <span class='ocrx_word' id='word_1_628' title='bbox 720 4523 986 4594; x_wconf 85' lang='lat' dir='ltr'><strong>praecipio</strong></span> <span class='ocrx_word' id='word_1_629' title='bbox 1021 4519 1137 4581; x_wconf 88' lang='lat' dir='ltr'><strong>tibi,</strong></span> <span class='ocrx_word' id='word_1_630' title='bbox 1161 4517 1207 4572; x_wconf 91' lang='lat' dir='ltr'><strong>si</strong></span> <span class='ocrx_word' id='word_1_631' title='bbox 1239 4532 1345 4588; x_wconf 88' lang='lat' dir='ltr'><strong>qua</strong></span> <span class='ocrx_word' id='word_1_632' title='bbox 1385 4516 1562 4569; x_wconf 86' lang='lat' dir='ltr'><strong>adhuc</strong></span> <span class='ocrx_word' id='word_1_633' title='bbox 1618 4529 1756 4568; x_wconf 88' lang='lat' dir='ltr'><strong>vena</strong></span> <span class='ocrx_word' id='word_1_634' title='bbox 1811 4513 2076 4568; x_wconf 89' lang='lat' dir='ltr'><strong>obedien-</strong></span> <span class='ocrx_word' id='word_1_635' title='bbox 2106 4541 2159 4602; x_wconf 84' lang='lat' dir='ltr'><strong>D</strong></span> <span class='ocrx_word' id='word_1_636' title='bbox 2189 4509 2618 4567; x_wconf 87' lang='lat' dir='ltr'><strong>mansuetudinis</strong></span> <span class='ocrx_word' id='word_1_637' title='bbox 2664 4516 2857 4564; x_wconf 74' lang='lat' dir='ltr'><strong>vestra:</strong></span> <span class='ocrx_word' id='word_1_638' title='bbox 2913 4507 3211 4564; x_wconf 85' lang='lat' dir='ltr'><strong>informare</strong></span> <span class='ocrx_word' id='word_1_639' title='bbox 3269 4508 3591 4581; x_wconf 78' lang='lat' dir='ltr'><strong>dignemini,</strong></span> <span class='ocrx_word' id='word_1_640' title='bbox 3672 4523 3785 4580; x_wconf 92' lang='lat' dir='ltr'><strong>quo</strong></span> 
     </span>
    </p>
   </div>
   <div class='ocr_carea' id='block_1_92' title="bbox 480 4600 2080 4677">
    <p class='ocr_par' dir='ltr' id='par_1_92' title="bbox 480 4600 2080 4677">
     <span class='ocr_line' id='line_1_92' title="bbox 480 4600 2080 4677; baseline -0.01 -5"><span class='ocrx_word' id='word_1_641' title='bbox 480 4618 570 4672; x_wconf 69' lang='lat' dir='ltr'><strong>tiae</strong></span> <span class='ocrx_word' id='word_1_642' title='bbox 599 4614 731 4669; x_wconf 86' lang='lat' dir='ltr'><strong>vivit</strong></span> <span class='ocrx_word' id='word_1_643' title='bbox 760 4612 813 4665; x_wconf 91' lang='lat' dir='ltr'><strong>in</strong></span> <span class='ocrx_word' id='word_1_644' title='bbox 835 4617 906 4677; x_wconf 89' lang='lat' dir='ltr'><strong>te,</strong></span> <span class='ocrx_word' id='word_1_645' title='bbox 940 4615 997 4662; x_wconf 93' lang='lat' dir='ltr'><strong>ut</strong></span> <span class='ocrx_word' id='word_1_646' title='bbox 1027 4605 1304 4671; x_wconf 82' lang='lat' dir='ltr'><strong>ostendas,</strong></span> <span class='ocrx_word' id='word_1_647' title='bbox 1337 4602 1381 4656; x_wconf 92' lang='lat' dir='ltr'><strong>si</strong></span> <span class='ocrx_word' id='word_1_648' title='bbox 1404 4600 1859 4672; x_wconf 81' lang='lat' dir='ltr'><strong>Opportunitatem</strong></span> <span class='ocrx_word' id='word_1_649' title='bbox 1887 4601 2080 4675; x_wconf 79' lang='lat' dir='ltr'><strong>habes,</strong></span> 
     </span>
    </p>
   </div>
   <div class='ocr_carea' id='block_1_93' title="bbox 486 4689 2081 4768">
    <p class='ocr_par' dir='ltr' id='par_1_93' title="bbox 486 4689 2081 4768">
     <span class='ocr_line' id='line_1_93' title="bbox 486 4689 2081 4768; baseline -0.009 -9"><span class='ocrx_word' id='word_1_650' title='bbox 486 4702 730 4766; x_wconf 79' lang='lat' dir='ltr'><strong>Airardo,</strong></span> <span class='ocrx_word' id='word_1_651' title='bbox 764 4701 853 4768; x_wconf 89' lang='lat' dir='ltr'><strong>qui</strong></span> <span class='ocrx_word' id='word_1_652' title='bbox 885 4706 1061 4752; x_wconf 90' lang='lat' dir='ltr'><strong>tecum</strong></span> <span class='ocrx_word' id='word_1_653' title='bbox 1092 4695 1158 4749; x_wconf 92' lang='lat' dir='ltr'><strong>ab</strong></span> <span class='ocrx_word' id='word_1_654' title='bbox 1192 4692 1430 4748; x_wconf 81' lang='lat' dir='ltr'><strong>Ecclesia</strong></span> <span class='ocrx_word' id='word_1_655' title='bbox 1469 4689 1665 4745; x_wconf 82' lang='lat' dir='ltr'><strong>Christi</strong></span> <span class='ocrx_word' id='word_1_656' title='bbox 1702 4689 1952 4745; x_wconf 89' lang='lat' dir='ltr'><strong>discessit</strong></span> <span class='ocrx_word' id='word_1_657' title='bbox 1983 4708 1995 4751; x_wconf 88' lang='lat'><strong>;</strong></span> <span class='ocrx_word' id='word_1_658' title='bbox 2028 4698 2081 4745; x_wconf 91' lang='lat' dir='ltr'><strong>et</strong></span> 
     </span>
    </p>
   </div>
   <div class='ocr_carea' id='block_1_94' title="bbox 488 4778 2080 4865">
    <p class='ocr_par' dir='ltr' id='par_1_94' title="bbox 488 4778 2080 4865">
     <span class='ocr_line' id='line_1_94' title="bbox 488 4778 2080 4865; baseline -0.012 -16"><span class='ocrx_word' id='word_1_659' title='bbox 488 4790 751 4865; x_wconf 86' lang='lat' dir='ltr'><strong>quidquid</strong></span> <span class='ocrx_word' id='word_1_660' title='bbox 787 4786 882 4842; x_wconf 90' lang='lat' dir='ltr'><strong>tibi</strong></span> <span class='ocrx_word' id='word_1_661' title='bbox 913 4784 1118 4849; x_wconf 89' lang='lat' dir='ltr'><strong>scribo,</strong></span> <span class='ocrx_word' id='word_1_662' title='bbox 1140 4782 1217 4835; x_wconf 91' lang='lat' dir='ltr'><strong>illi</strong></span> <span class='ocrx_word' id='word_1_663' title='bbox 1248 4780 1411 4836; x_wconf 88' lang='lat' dir='ltr'><strong>simili</strong></span> <span class='ocrx_word' id='word_1_664' title='bbox 1444 4780 1708 4835; x_wconf 88' lang='lat' dir='ltr'><strong>charitate</strong></span> <span class='ocrx_word' id='word_1_665' title='bbox 1739 4786 1791 4833; x_wconf 91' lang='lat' dir='ltr'><strong>et</strong></span> <span class='ocrx_word' id='word_1_666' title='bbox 1839 4778 2080 4834; x_wconf 85' lang='lat' dir='ltr'><strong>auctori-</strong></span> 
     </span>
    </p>
   </div>
   <div class='ocr_carea' id='block_1_95' title="bbox 482 4865 2083 4942">
    <p class='ocr_par' dir='ltr' id='par_1_95' title="bbox 482 4865 2083 4942">
     <span class='ocr_line' id='line_1_95' title="bbox 482 4865 2083 4942; baseline -0.011 -4"><span class='ocrx_word' id='word_1_667' title='bbox 482 4890 595 4938; x_wconf 85' lang='lat' dir='ltr'><strong>tate</strong></span> <span class='ocrx_word' id='word_1_668' title='bbox 629 4876 846 4932; x_wconf 88' lang='lat' dir='ltr'><strong>mando.</strong></span> <span class='ocrx_word' id='word_1_669' title='bbox 880 4872 1140 4942; x_wconf 86' lang='lat' dir='ltr'><strong>Quamvis</strong></span> <span class='ocrx_word' id='word_1_670' title='bbox 1172 4886 1278 4925; x_wconf 91' lang='lat' dir='ltr'><strong>non</strong></span> <span class='ocrx_word' id='word_1_671' title='bbox 1337 4868 1655 4924; x_wconf 89' lang='lat' dir='ltr'><strong>mereamini</strong></span> <span class='ocrx_word' id='word_1_672' title='bbox 1705 4870 1881 4923; x_wconf 85' lang='lat' dir='ltr'><strong>adhuc</strong></span> <span class='ocrx_word' id='word_1_673' title='bbox 1937 4876 1991 4923; x_wconf 92' lang='lat' dir='ltr'><strong>ut</strong></span> <span class='ocrx_word' id='word_1_674' title='bbox 2020 4865 2083 4895; x_wconf 75' lang='grc'><strong>⁸⁰¹</strong></span> 
     </span>
    </p>
   </div>
   <div class='ocr_carea' id='block_1_96' title="bbox 488 4958 2084 5042">
    <p class='ocr_par' dir='ltr' id='par_1_96' title="bbox 488 4958 2084 5042">
     <span class='ocr_line' id='line_1_96' title="bbox 488 4958 2084 5042; baseline -0.009 -18"><span class='ocrx_word' id='word_1_675' title='bbox 488 4985 585 5042; x_wconf 90' lang='lat' dir='ltr'><strong>pro</strong></span> <span class='ocrx_word' id='word_1_676' title='bbox 617 4965 773 5022; x_wconf 89' lang='lat' dir='ltr'><strong>vobis</strong></span> <span class='ocrx_word' id='word_1_677' title='bbox 804 4978 982 5028; x_wconf 90' lang='lat' dir='ltr'><strong>orem,</strong></span> <span class='ocrx_word' id='word_1_678' title='bbox 1016 4968 1194 5014; x_wconf 88' lang='lat' dir='ltr'><strong>tamen</strong></span> <span class='ocrx_word' id='word_1_679' title='bbox 1223 4974 1318 5012; x_wconf 90' lang='lat' dir='ltr'><strong>oro</strong></span> <span class='ocrx_word' id='word_1_680' title='bbox 1364 4959 1540 5013; x_wconf 90' lang='lat' dir='ltr'><strong>Deum</strong></span> <span class='ocrx_word' id='word_1_681' title='bbox 1577 4958 2001 5028; x_wconf 89' lang='lat' dir='ltr'><strong>omnipotentem</strong></span> <span class='ocrx_word' id='word_1_682' title='bbox 2026 4963 2084 5011; x_wconf 92' lang='lat' dir='ltr'><strong>ut</strong></span> 
     </span>
    </p>
   </div>
   <div class='ocr_carea' id='block_1_97' title="bbox 487 5045 2081 5128">
    <p class='ocr_par' dir='ltr' id='par_1_97' title="bbox 487 5045 2081 5128">
     <span class='ocr_line' id='line_1_97' title="bbox 487 5045 2081 5128; baseline -0.008 -16"><span class='ocrx_word' id='word_1_683' title='bbox 487 5060 607 5128; x_wconf 91' lang='lat' dir='ltr'><strong>ipse</strong></span> <span class='ocrx_word' id='word_1_684' title='bbox 638 5071 742 5110; x_wconf 88' lang='lat' dir='ltr'><strong>vos</strong></span> <span class='ocrx_word' id='word_1_685' title='bbox 773 5053 1056 5119; x_wconf 86' lang='lat' dir='ltr'><strong>convertat</strong></span> <span class='ocrx_word' id='word_1_686' title='bbox 1086 5047 1156 5101; x_wconf 91' lang='lat' dir='ltr'><strong>ad</strong></span> <span class='ocrx_word' id='word_1_687' title='bbox 1189 5062 1268 5113; x_wconf 90' lang='lat' dir='ltr'><strong>se,</strong></span> <span class='ocrx_word' id='word_1_688' title='bbox 1302 5054 1354 5100; x_wconf 88' lang='lat' dir='ltr'><strong>et</strong></span> <span class='ocrx_word' id='word_1_689' title='bbox 1384 5047 1450 5100; x_wconf 90' lang='lat' dir='ltr'><strong>ad</strong></span> <span class='ocrx_word' id='word_1_690' title='bbox 1506 5046 1739 5101; x_wconf 89' lang='lat' dir='ltr'><strong>salutem</strong></span> <span class='ocrx_word' id='word_1_691' title='bbox 1783 5045 2081 5100; x_wconf 88' lang='lat' dir='ltr'><strong>animarum</strong></span> 
     </span>
    </p>
   </div>
   <div class='ocr_carea' id='block_1_98' title="bbox 487 5133 2078 5210">
    <p class='ocr_par' dir='ltr' id='par_1_98' title="bbox 487 5133 2078 5210">
     <span class='ocr_line' id='line_1_98' title="bbox 487 5133 2078 5210; baseline -0.009 -9"><span class='ocrx_word' id='word_1_692' title='bbox 487 5152 810 5210; x_wconf 87' lang='lat' dir='ltr'><strong>vestrarum,</strong></span> <span class='ocrx_word' id='word_1_693' title='bbox 827 5148 879 5195; x_wconf 89' lang='lat' dir='ltr'><strong>et</strong></span> <span class='ocrx_word' id='word_1_694' title='bbox 895 5136 1236 5205; x_wconf 74' lang='lat' dir='ltr'><strong>lzelificetme</strong></span> <span class='ocrx_word' id='word_1_695' title='bbox 1257 5135 1325 5190; x_wconf 92' lang='lat' dir='ltr'><strong>de</strong></span> <span class='ocrx_word' id='word_1_696' title='bbox 1349 5142 1529 5191; x_wconf 89' lang='lat' dir='ltr'><strong>vestro</strong></span> <span class='ocrx_word' id='word_1_697' title='bbox 1560 5134 1864 5191; x_wconf 87' lang='lat' dir='ltr'><strong>desiderato</strong></span> <span class='ocrx_word' id='word_1_698' title='bbox 1883 5133 2078 5188; x_wconf 88' lang='lat' dir='ltr'><strong>reditu.</strong></span> 
     </span>
    </p>
   </div>
   <div class='ocr_carea' id='block_1_99' title="bbox 485 5238 676 5293">
    <p class='ocr_par' dir='ltr' id='par_1_99' title="bbox 485 5238 676 5293">
     <span class='ocr_line' id='line_1_99' title="bbox 485 5238 676 5293; baseline -0.031 0"><span class='ocrx_word' id='word_1_699' title='bbox 485 5238 676 5293; x_wconf 85' lang='lat' dir='ltr'><strong>Amen.</strong></span> 
     </span>
    </p>
   </div>
   <div class='ocr_carea' id='block_1_100' title="bbox 2192 4595 3787 4672">
    <p class='ocr_par' dir='ltr' id='par_1_100' title="bbox 2192 4595 3787 4672">
     <span class='ocr_line' id='line_1_100' title="bbox 2192 4595 3787 4672; baseline -0.003 -17"><span class='ocrx_word' id='word_1_700' title='bbox 2192 4610 2534 4672; x_wconf 88' lang='lat' dir='ltr'><strong>praesentem,</strong></span> <span class='ocrx_word' id='word_1_701' title='bbox 2571 4599 2617 4652; x_wconf 92' lang='lat' dir='ltr'><strong>si</strong></span> <span class='ocrx_word' id='word_1_702' title='bbox 2647 4598 2718 4652; x_wconf 89' lang='lat' dir='ltr'><strong>ita</strong></span> <span class='ocrx_word' id='word_1_703' title='bbox 2774 4596 3116 4669; x_wconf 86' lang='lat' dir='ltr'><strong>contigisset,</strong></span> <span class='ocrx_word' id='word_1_704' title='bbox 3169 4597 3605 4653; x_wconf 89' lang='lat' dir='ltr'><strong>consolaremini.</strong></span> <span class='ocrx_word' id='word_1_705' title='bbox 3663 4595 3787 4651; x_wconf 87' lang='lat' dir='ltr'><strong>Erit</strong></span> 
     </span>
    </p>
   </div>
   <div class='ocr_carea' id='block_1_101' title="bbox 2189 4684 3788 4756">
    <p class='ocr_par' dir='ltr' id='par_1_101' title="bbox 2189 4684 3788 4756">
     <span class='ocr_line' id='line_1_101' title="bbox 2189 4684 3788 4756; baseline -0.004 -11"><span class='ocrx_word' id='word_1_706' title='bbox 2189 4689 2335 4745; x_wconf 89' lang='lat' dir='ltr'><strong>enim</strong></span> <span class='ocrx_word' id='word_1_707' title='bbox 2358 4691 2461 4744; x_wconf 92' lang='lat' dir='ltr'><strong>hoc</strong></span> <span class='ocrx_word' id='word_1_708' title='bbox 2489 4702 2747 4756; x_wconf 78' lang='lat' dir='ltr'><strong>magnum</strong></span> <span class='ocrx_word' id='word_1_709' title='bbox 2777 4693 3134 4741; x_wconf 86' lang='lat' dir='ltr'><strong>tutamentum</strong></span> <span class='ocrx_word' id='word_1_710' title='bbox 3154 4701 3291 4741; x_wconf 66' lang='lat' dir='ltr'><strong>meae</strong></span> <span class='ocrx_word' id='word_1_711' title='bbox 3334 4684 3677 4741; x_wconf 83' lang='lat' dir='ltr'><strong>necessitatis</strong></span> <span class='ocrx_word' id='word_1_712' title='bbox 3731 4692 3788 4740; x_wconf 85' lang='lat' dir='ltr'><strong>et</strong></span> 
     </span>
    </p>
   </div>
   <div class='ocr_carea' id='block_1_102' title="bbox 2188 4774 3786 4846">
    <p class='ocr_par' dir='ltr' id='par_1_102' title="bbox 2188 4774 3786 4846">
     <span class='ocr_line' id='line_1_102' title="bbox 2188 4774 3786 4846; baseline -0.002 -14"><span class='ocrx_word' id='word_1_713' title='bbox 2188 4778 2578 4833; x_wconf 90' lang='lat' dir='ltr'><strong>monimentum</strong></span> <span class='ocrx_word' id='word_1_714' title='bbox 2605 4782 2813 4846; x_wconf 87' lang='lat' dir='ltr'><strong>gratum</strong></span> <span class='ocrx_word' id='word_1_715' title='bbox 2837 4783 3036 4829; x_wconf 87' lang='lat' dir='ltr'><strong>vestrae</strong></span> <span class='ocrx_word' id='word_1_716' title='bbox 3065 4775 3371 4832; x_wconf 88' lang='lat' dir='ltr'><strong>suavitatis.</strong></span> <span class='ocrx_word' id='word_1_717' title='bbox 3408 4774 3491 4830; x_wconf 80' lang='lat' dir='ltr'><strong>Ad</strong></span> <span class='ocrx_word' id='word_1_718' title='bbox 3524 4774 3629 4830; x_wconf 90' lang='lat' dir='ltr'><strong>hoc</strong></span> <span class='ocrx_word' id='word_1_719' title='bbox 3650 4788 3786 4829; x_wconf 86' lang='lat' dir='ltr'><strong>sane</strong></span> 
     </span>
    </p>
   </div>
   <div class='ocr_carea' id='block_1_103' title="bbox 2187 4862 3785 4934">
    <p class='ocr_par' dir='ltr' id='par_1_103' title="bbox 2187 4862 3785 4934">
     <span class='ocr_line' id='line_1_103' title="bbox 2187 4862 3785 4934; baseline -0.003 -13"><span class='ocrx_word' id='word_1_720' title='bbox 2187 4882 2307 4922; x_wconf 90' lang='lat' dir='ltr'><strong>mea</strong></span> <span class='ocrx_word' id='word_1_721' title='bbox 2324 4866 2443 4921; x_wconf 88' lang='lat' dir='ltr'><strong>haec</strong></span> <span class='ocrx_word' id='word_1_722' title='bbox 2476 4864 2643 4919; x_wconf 88' lang='lat' dir='ltr'><strong>tendit</strong></span> <span class='ocrx_word' id='word_1_723' title='bbox 2672 4864 2867 4930; x_wconf 88' lang='lat' dir='ltr'><strong>oratio,</strong></span> <span class='ocrx_word' id='word_1_724' title='bbox 2900 4871 2975 4932; x_wconf 92' lang='lat' dir='ltr'><strong>ut,</strong></span> <span class='ocrx_word' id='word_1_725' title='bbox 3029 4863 3286 4934; x_wconf 88' lang='lat' dir='ltr'><strong>quoniam</strong></span> <span class='ocrx_word' id='word_1_726' title='bbox 3331 4862 3488 4920; x_wconf 86' lang='lat' dir='ltr'><strong>vobis</strong></span> <span class='ocrx_word' id='word_1_727' title='bbox 3541 4877 3613 4919; x_wconf 82' lang='lat' dir='ltr'><strong>ex</strong></span> <span class='ocrx_word' id='word_1_728' title='bbox 3670 4869 3785 4917; x_wconf 92' lang='lat' dir='ltr'><strong>toto</strong></span> 
     </span>
    </p>
   </div>
   <div class='ocr_carea' id='block_1_104' title="bbox 2183 4951 3786 5026">
    <p class='ocr_par' dir='ltr' id='par_1_104' title="bbox 2183 4951 3786 5026">
     <span class='ocr_line' id='line_1_104' title="bbox 2183 4951 3786 5026; baseline -0.002 -17"><span class='ocrx_word' id='word_1_729' title='bbox 2183 4957 2339 5026; x_wconf 81' lang='lat' dir='ltr'><strong>juxta</strong></span> <span class='ocrx_word' id='word_1_730' title='bbox 2356 4961 2540 5009; x_wconf 91' lang='lat' dir='ltr'><strong>votum</strong></span> <span class='ocrx_word' id='word_1_731' title='bbox 2581 4952 2683 5007; x_wconf 84' lang='lat' dir='ltr'><strong>frui</strong></span> <span class='ocrx_word' id='word_1_732' title='bbox 2705 4967 2811 5008; x_wconf 92' lang='lat' dir='ltr'><strong>non</strong></span> <span class='ocrx_word' id='word_1_733' title='bbox 2842 4967 3085 5023; x_wconf 91' lang='lat' dir='ltr'><strong>possum,</strong></span> <span class='ocrx_word' id='word_1_734' title='bbox 3120 4953 3311 5008; x_wconf 87' lang='lat' dir='ltr'><strong>saltem</strong></span> <span class='ocrx_word' id='word_1_735' title='bbox 3361 4951 3493 5006; x_wconf 90' lang='lat' dir='ltr'><strong>mihi</strong></span> <span class='ocrx_word' id='word_1_736' title='bbox 3548 4951 3786 5021; x_wconf 89' lang='lat' dir='ltr'><strong>aliquam</strong></span> 
     </span>
    </p>
   </div>
   <div class='ocr_carea' id='block_1_105' title="bbox 2186 5039 3788 5114">
    <p class='ocr_par' dir='ltr' id='par_1_105' title="bbox 2186 5039 3788 5114">
     <span class='ocr_line' id='line_1_105' title="bbox 2186 5039 3788 5114; baseline -0.002 -15"><span class='ocrx_word' id='word_1_737' title='bbox 2186 5044 2353 5099; x_wconf 85' lang='lat' dir='ltr'><strong>vestri</strong></span> <span class='ocrx_word' id='word_1_738' title='bbox 2382 5042 2783 5114; x_wconf 86' lang='lat' dir='ltr'><strong>portiunculam</strong></span> <span class='ocrx_word' id='word_1_739' title='bbox 2806 5040 3137 5108; x_wconf 88' lang='lat' dir='ltr'><strong>concedatis,</strong></span> <span class='ocrx_word' id='word_1_740' title='bbox 3160 5057 3270 5096; x_wconf 90' lang='lat' dir='ltr'><strong>non</strong></span> <span class='ocrx_word' id='word_1_741' title='bbox 3317 5055 3427 5111; x_wconf 86' lang='lat' dir='ltr'><strong>qua</strong></span> <span class='ocrx_word' id='word_1_742' title='bbox 3483 5039 3630 5095; x_wconf 83' lang='lat' dir='ltr'><strong>fruar</strong></span> <span class='ocrx_word' id='word_1_743' title='bbox 3684 5054 3788 5111; x_wconf 90' lang='lat' dir='ltr'><strong>pro</strong></span> 
     </span>
    </p>
   </div>
   <div class='ocr_carea' id='block_1_106' title="bbox 2186 5126 3790 5201">
    <p class='ocr_par' dir='ltr' id='par_1_106' title="bbox 2186 5126 3790 5201">
     <span class='ocr_line' id='line_1_106' title="bbox 2186 5126 3790 5201; baseline -0.004 -12"><span class='ocrx_word' id='word_1_744' title='bbox 2186 5132 2361 5199; x_wconf 87' lang='lat' dir='ltr'><strong>vobis,</strong></span> <span class='ocrx_word' id='word_1_745' title='bbox 2396 5131 2489 5186; x_wconf 91' lang='lat' dir='ltr'><strong>sed</strong></span> <span class='ocrx_word' id='word_1_746' title='bbox 2518 5130 2669 5199; x_wconf 88' lang='lat' dir='ltr'><strong>cujus</strong></span> <span class='ocrx_word' id='word_1_747' title='bbox 2700 5138 2949 5201; x_wconf 91' lang='lat' dir='ltr'><strong>respectu</strong></span> <span class='ocrx_word' id='word_1_748' title='bbox 2967 5126 3029 5157; x_wconf 80' lang='grc'><strong>⁶⁰⁸</strong></span> <span class='ocrx_word' id='word_1_749' title='bbox 3080 5129 3136 5183; x_wconf 91' lang='lat' dir='ltr'><strong>in</strong></span> <span class='ocrx_word' id='word_1_750' title='bbox 3176 5133 3361 5187; x_wconf 85' lang='lat' dir='ltr'><strong>vestra</strong></span> <span class='ocrx_word' id='word_1_751' title='bbox 3416 5128 3790 5185; x_wconf 89' lang='lat' dir='ltr'><strong>consolatione</strong></span> 
     </span>
    </p>
   </div>
   <div class='ocr_carea' id='block_1_107' title="bbox 2187 5216 3793 5293">
    <p class='ocr_par' dir='ltr' id='par_1_107' title="bbox 2187 5216 3793 5293">
     <span class='ocr_line' id='line_1_107' title="bbox 2187 5216 3793 5293; baseline -0.004 -16"><span class='ocrx_word' id='word_1_752' title='bbox 2187 5221 2453 5293; x_wconf 88' lang='lat' dir='ltr'><strong>respirem</strong></span> <span class='ocrx_word' id='word_1_753' title='bbox 2469 5262 2482 5276; x_wconf 95' lang='lat'><strong>.</strong></span> <span class='ocrx_word' id='word_1_754' title='bbox 2510 5220 2632 5276; x_wconf 90' lang='lat' dir='ltr'><strong>Non</strong></span> <span class='ocrx_word' id='word_1_755' title='bbox 2649 5219 2775 5292; x_wconf 88' lang='lat' dir='ltr'><strong>quia</strong></span> <span class='ocrx_word' id='word_1_756' title='bbox 2795 5218 3102 5292; x_wconf 83' lang='lat' dir='ltr'><strong>aegritudini</strong></span> <span class='ocrx_word' id='word_1_757' title='bbox 3119 5234 3258 5275; x_wconf 69' lang='lat' dir='ltr'><strong>meae</strong></span> <span class='ocrx_word' id='word_1_758' title='bbox 3274 5217 3596 5275; x_wconf 80' lang='lat' dir='ltr'><strong>sufﬁcientia</strong></span> <span class='ocrx_word' id='word_1_759' title='bbox 3616 5216 3793 5273; x_wconf 90' lang='lat' dir='ltr'><strong>desint</strong></span> 
     </span>
    </p>
   </div>
   <div class='ocr_carea' id='block_1_108' title="bbox 1748 5396 2496 5455">
    <p class='ocr_par' dir='ltr' id='par_1_108' title="bbox 1748 5396 2496 5455">
     <span class='ocr_line' id='line_1_108' title="bbox 1748 5396 2496 5455; baseline -0.003 0"><span class='ocrx_word' id='word_1_760' title='bbox 1748 5450 1751 5455; x_wconf 90' lang='lat'><strong>.</strong></span> <span class='ocrx_word' id='word_1_761' title='bbox 1796 5396 2035 5455; x_wconf 80' lang='lat' dir='ltr'><strong>VARle</strong></span> <span class='ocrx_word' id='word_1_762' title='bbox 2074 5396 2383 5454; x_wconf 83' lang='lat' dir='ltr'><strong>LECTION</strong></span> <span class='ocrx_word' id='word_1_763' title='bbox 2388 5396 2496 5453; x_wconf 90' lang='lat' dir='ltr'><strong>ES.</strong></span> 
     </span>
    </p>
   </div>
   <div class='ocr_carea' id='block_1_109' title="bbox 553 5517 3791 5592">
    <p class='ocr_par' dir='ltr' id='par_1_109' title="bbox 553 5517 3791 5592">
     <span class='ocr_line' id='line_1_109' title="bbox 553 5517 3791 5592; baseline -0.005 0"><span class='ocrx_word' id='word_1_764' title='bbox 553 5536 616 5567; x_wconf 73' lang='lat'><strong>“7</strong></span> <span class='ocrx_word' id='word_1_765' title='bbox 633 5537 698 5592; x_wconf 85' lang='lat' dir='ltr'><strong>Et</strong></span> <span class='ocrx_word' id='word_1_766' title='bbox 726 5534 794 5590; x_wconf 92' lang='lat' dir='ltr'><strong>de</strong></span> <span class='ocrx_word' id='word_1_767' title='bbox 822 5529 1019 5586; x_wconf 86' lang='lat' dir='ltr'><strong>vestris</strong></span> <span class='ocrx_word' id='word_1_768' title='bbox 1040 5544 1151 5584; x_wconf 84' lang='lat' dir='ltr'><strong>ms.</strong></span> <span class='ocrx_word' id='word_1_769' title='bbox 1194 5535 1250 5581; x_wconf 92' lang='lat' dir='ltr'><strong>ut</strong></span> <span class='ocrx_word' id='word_1_770' title='bbox 1294 5527 1366 5584; x_wconf 90' lang='lat' dir='ltr'><strong>de</strong></span> <span class='ocrx_word' id='word_1_771' title='bbox 1420 5525 1632 5583; x_wconf 90' lang='lat' dir='ltr'><strong>vestris.</strong></span> <span class='ocrx_word' id='word_1_772' title='bbox 1683 5523 1888 5583; x_wconf 82' lang='lat' dir='ltr'><strong>&quot;&#39;Cum</strong></span> <span class='ocrx_word' id='word_1_773' title='bbox 1945 5524 2139 5581; x_wconf 85' lang='lat' dir='ltr'><strong>eodem</strong></span> <span class='ocrx_word' id='word_1_774' title='bbox 2187 5540 2293 5579; x_wconf 75' lang='lat' dir='ltr'><strong>ms.</strong></span> <span class='ocrx_word' id='word_1_775' title='bbox 2325 5520 2562 5580; x_wconf 80' lang='lat' dir='ltr'><strong>collata.</strong></span> <span class='ocrx_word' id='word_1_776' title='bbox 2619 5519 3179 5592; x_wconf 29' lang='lat' dir='ltr'><strong>&quot;&#39;Monasteriumhet</strong></span> <span class='ocrx_word' id='word_1_777' title='bbox 3227 5537 3334 5578; x_wconf 75' lang='lat' dir='ltr'><strong>ms.</strong></span> <span class='ocrx_word' id='word_1_778' title='bbox 3395 5517 3791 5577; x_wconf 78' lang='lat' dir='ltr'><strong>Monasterium</strong></span> 
     </span>
    </p>
   </div>
   <div class='ocr_carea' id='block_1_110' title="bbox 491 5589 3788 5672">
    <p class='ocr_par' dir='ltr' id='par_1_110' title="bbox 491 5589 3788 5672">
     <span class='ocr_line' id='line_1_110' title="bbox 491 5589 3788 5672; baseline -0.005 -6"><span class='ocrx_word' id='word_1_779' title='bbox 491 5589 758 5666; x_wconf 58' lang='lat' dir='ltr'><strong>suum—et.</strong></span> <span class='ocrx_word' id='word_1_780' title='bbox 834 5602 1016 5657; x_wconf 78' lang='lat' dir='ltr'><strong>‘°°Deo</strong></span> <span class='ocrx_word' id='word_1_781' title='bbox 1063 5599 1301 5672; x_wconf 88' lang='lat' dir='ltr'><strong>gratiam</strong></span> <span class='ocrx_word' id='word_1_782' title='bbox 1341 5616 1446 5655; x_wconf 83' lang='lat' dir='ltr'><strong>ms.</strong></span> <span class='ocrx_word' id='word_1_783' title='bbox 1505 5599 1621 5654; x_wconf 91' lang='lat' dir='ltr'><strong>Deo</strong></span> <span class='ocrx_word' id='word_1_784' title='bbox 1677 5611 1778 5669; x_wconf 89' lang='lat' dir='ltr'><strong>per</strong></span> <span class='ocrx_word' id='word_1_785' title='bbox 1821 5597 2076 5669; x_wconf 85' lang='lat' dir='ltr'><strong>gratiam.</strong></span> <span class='ocrx_word' id='word_1_786' title='bbox 2149 5592 2285 5653; x_wconf 74' lang='lat' dir='ltr'><strong>“‘Ut</strong></span> <span class='ocrx_word' id='word_1_787' title='bbox 2310 5595 2487 5651; x_wconf 90' lang='lat' dir='ltr'><strong>adhuc</strong></span> <span class='ocrx_word' id='word_1_788' title='bbox 2531 5609 2639 5650; x_wconf 74' lang='lat' dir='ltr'><strong>ms.</strong></span> <span class='ocrx_word' id='word_1_789' title='bbox 2708 5592 2889 5649; x_wconf 86' lang='lat' dir='ltr'><strong>adhuc</strong></span> <span class='ocrx_word' id='word_1_790' title='bbox 2925 5600 3007 5647; x_wconf 87' lang='lat' dir='ltr'><strong>ut.</strong></span> <span class='ocrx_word' id='word_1_791' title='bbox 3079 5589 3374 5650; x_wconf 78' lang='lat' dir='ltr'><strong>“’Collata</strong></span> <span class='ocrx_word' id='word_1_792' title='bbox 3430 5608 3561 5650; x_wconf 83' lang='lat' dir='ltr'><strong>cum</strong></span> <span class='ocrx_word' id='word_1_793' title='bbox 3597 5592 3788 5650; x_wconf 82' lang='lat' dir='ltr'><strong>eodem</strong></span> 
     </span>
    </p>
   </div>
   <div class='ocr_carea' id='block_1_111' title="bbox 498 5671 1458 5747">
    <p class='ocr_par' dir='ltr' id='par_1_111' title="bbox 498 5671 1458 5747">
     <span class='ocr_line' id='line_1_111' title="bbox 498 5671 1458 5747; baseline -0.014 -9"><span class='ocrx_word' id='word_1_794' title='bbox 498 5697 609 5740; x_wconf 81' lang='lat' dir='ltr'><strong>ms.</strong></span> <span class='ocrx_word' id='word_1_795' title='bbox 680 5671 1034 5747; x_wconf 76' lang='lat' dir='ltr'><strong>“&#39;Respectui</strong></span> <span class='ocrx_word' id='word_1_796' title='bbox 1068 5671 1173 5728; x_wconf 69' lang='lat' dir='ltr'><strong>ins.</strong></span> <span class='ocrx_word' id='word_1_797' title='bbox 1206 5678 1458 5744; x_wconf 90' lang='lat' dir='ltr'><strong>repectu.</strong></span> 
     </span>
    </p>
   </div>
  </div>
