4024 6078
471 285 570 340 1⁵79

1001 285 1060 340 5.
1101 281 1405 340 ANSELMI
1445 282 1784 339 CANTUAR.
1826 281 2147 338 ARCIIIEP.
2197 282 2356 339 OPP.
2401 284 2569 340 PARS
2608 285 2701 340 Ill.
2733 315 2802 326 —-
2844 284 3223 342 EPISTOLE.

3665 289 3770 342 180

471 408 694 480 quilibet
723 425 920 480 equum
955 425 1114 481 equo,
1156 418 1250 466 aut
1294 407 1591 480 quamlibet
1638 407 1793 461 aliam
1841 423 1955 462 rem
2003 423 2063 462 re
2093 409 2146 468 A
2178 414 2236 465 ut
2274 427 2396 466 cum
2427 409 2495 464 de
2527 417 2736 466 terreno
2787 425 2958 480 regno
3008 409 3328 465 transieritis
3355 408 3420 440 ⁸¹²
3447 410 3516 466 ad
3545 410 3772 468 cmleste

474 499 581 553 alia
611 498 682 554 ab
711 499 803 553 illo
833 506 1160 560 commutat;
1195 506 1282 552 aut
1313 513 1414 568 pro
1443 496 1594 550 libitu
1626 503 1676 551 et
1705 497 1826 550 sine
1857 496 2066 552 ratione

405 637 410 640 .
477 587 808 658 relinquunt.
853 587 1010 655 Quod
1040 603 1198 656 quam
1231 586 1432 640 malum
1464 585 1547 653 sit,
1581 585 1756 640 omnis
1788 587 1875 655 qui
1909 586 2067 640 Chri-

475 677 707 731 stianam
738 677 917 748 legem
950 676 1123 744 novit,
1159 675 1426 746 intelligit.
1453 675 1511 730 Si
1544 674 1713 746 igitur
1742 674 2068 729 excellentia

478 773 657 820 vestra
687 764 990 821 divinarum
1024 765 1424 834 Scripturarum
1456 764 1745 818 sententias
1785 779 1904 834 quia
1944 763 2068 818 huic

475 853 663 908 infami
689 854 910 924 negotio
941 853 1164 907 obviant
1195 869 1290 924 per
1319 870 1376 908 se
1409 852 1592 923 legere
1615 868 1723 907 non
1745 853 1906 916 valet,
1931 869 2065 923 pra:-

472 942 632 1012 cipite
663 941 938 1012 episcopis
981 950 1032 996 et
1078 941 1350 1014 religiosis
1395 941 1607 996 clericis
1651 942 1740 1014 qui
1787 941 1843 995 in
1887 951 2067 998 vestro

471 1046 645 1102 regno
711 1037 835 1084 sunt
881 1038 939 1085 ut
986 1046 1076 1085 eas
1121 1031 1276 1086 vobis
1333 1031 1578 1095 edicant,
1632 1035 1935 1101 quatenus,
1987 1033 2067 1086 eis

471 1118 727 1190 cOgnitis,
761 1135 867 1188 quo
898 1120 1077 1174 studio
1126 1119 1284 1175 vobis
1333 1119 1726 1191 invigilandum
1758 1119 1844 1187 sit,
1878 1127 1934 1174 ut
1963 1121 2066 1176 hoc

472 1207 672 1263 malum
708 1209 1030 1280 corrigatur,
1063 1210 1429 1280 cognoscatis.
1463 1211 1596 1262 Item
1627 1208 1824 1263 dicitur
1853 1209 2065 1279 episco-

465 1312 567 1368 pos
595 1298 645 1351 in
678 1305 823 1352 terra
838 1306 1014 1352 vestra
1044 1298 1239 1368 passim
1273 1298 1418 1369 eligi,
1444 1307 1495 1352 et
1526 1298 1641 1352 sine
1673 1306 1820 1352 certo
1849 1299 2066 1369 episco-

469 1393 628 1455 patus
643 1385 764 1441 loco
786 1385 1058 1453 constitui,
1083 1395 1247 1457 atque
1268 1385 1336 1440 ab
1360 1401 1465 1441 uno
1483 1386 1738 1457 episc0po
1755 1387 2061 1458 episcopum

464 1474 604 1530 sicut
624 1475 920 1545 quemlibet
941 1474 1320 1545 presbyterum
1344 1475 1602 1530 ordinari.
1627 1475 1782 1544 Quod
1811 1477 2060 1530 nimirum

462 1564 634 1618 sacris
701 1563 996 1618 renonibus
1061 1563 1283 1620 omnino
1344 1566 1676 1620 contrarium
1717 1573 1827 1633 est;
1872 1573 1923 1620 et
1966 1581 2060 1620 eos

463 1652 552 1721 qui
585 1651 762 1707 taliter
793 1652 1015 1706 instituti
1045 1662 1167 1706 sunt
1196 1660 1287 1707 aut
1317 1653 1578 1718 ordinari,
1608 1670 1728 1708 cum
1762 1654 1871 1707 suis
1909 1654 2059 1708 ordi-

2175 515 2402 572 regnum
2436 499 2691 554 veniatis.
2731 501 2922 554 Amen.
2964 499 3044 554 De
3074 500 3242 554 fratre
3279 505 3460 556 nostro
3491 501 3768 566 Cornelio,

2175 605 2336 660 quem
2366 588 2465 642 sibi
2497 589 2762 644 celsitudo
2806 596 2983 643 vestra
3031 588 3169 642 mitti
3216 590 3453 660 rogavit,
3483 590 3604 644 dico
3643 592 3774 662 quia

2173 679 2249 732 ita
2288 685 2586 747 occupatus
2631 687 2712 732 est
2757 676 2904 732 circa
2951 677 3230 732 servitium
3263 678 3426 749 patris
3457 679 3558 748 sui,
3583 687 3638 732 ut
3667 695 3771 735 nec

2175 767 2244 822 ab
2281 783 2346 822 eo
2380 775 2538 838 queat
2565 766 2682 820 sine
2713 766 2959 837 periculo
3005 768 3129 822 vitae
3175 767 3319 822 illius
3362 767 3631 838 separari,
3661 783 3768 823 nec

2175 872 2317 920 eum,
2353 854 2442 926 qui
2467 856 2582 925 jam
2614 855 2768 910 senio
2799 855 3076 910 confectus
3107 863 3208 924 est,
3268 871 3454 911 secum
3500 855 3772 912 ullatenus

2171 944 2372 1000 ducere
2385 985 2397 998 .

2577 1032 2910 1088 EPISTOLA
2949 1033 3214 1088 CXLVIII
3255 1029 3338 1086 '1'.

2480 1138 2715 1177 ANSELMI
2754 1138 2823 1175 AD
2864 1137 3098 1176 ODONEM
3137 1136 3465 1176 MONACHUM.

2178 1213 2240 1268 Ut
2270 1225 2385 1266 non
2416 1212 2638 1268 deserat
2683 1228 2893 1267 manus
2921 1212 3026 1266 sibi
3057 1212 3415 1266 commissum
3463 1211 3527 1269 ob
3571 1213 3769 1284 ingra-

2666 1288 2983 1339 vescentem
3012 1287 3266 1338 aetatem.

2239 1390 2548 1446 Axsewus
2573 1391 3014 1460 archiepiscopus
3036 1389 3188 1444 fratri
3210 1389 3530 1445 charissimo
3551 1391 3764 1466 Onoui,

2169 1481 2434 1534 monacho
2465 1487 2518 1533 et
2542 1479 2821 1534 cellerario
2849 1477 2931 1548 ⁸³⁸,
2963 1478 3213 1545 salutem,
3248 1487 3301 1534 et
3329 1478 3767 1535 benedictionem

2165 1567 2263 1622 Dei
2295 1576 2347 1622 et
2385 1583 2560 1623 suam.

2237 1657 2448 1712 Dicitur
2477 1657 2623 1729 quod
2655 1659 2781 1727 quia
2812 1659 2983 1712 sentis
3013 1662 3169 1713 aetate
3192 1665 3245 1712 et
3266 1658 3582 1729 egritudine
3605 1656 3767 1714 finem

458 1741 742 1797 natoribus
773 1741 842 1795 ab
873 1742 1216 1811 episcopatus
1263 1741 1436 1796 oﬂicio
1480 1742 1678 1812 deponi
1717 1744 2056 1813 praecipiunt.
2085 1765 2139 1825 B
2172 1753 2318 1799 tuum
2374 1746 2763 1817 propinquare,
2798 1746 2923 1801 ideo
2971 1746 3055 1802 vis
3101 1747 3462 1801 obedientiam
3509 1755 3675 1816 tuam,
3709 1749 3764 1802 in

455 1830 766 1901 Episcopus
794 1847 1050 1902 namque,
1079 1830 1182 1884 nisi
1215 1839 1423 1886 certam
1454 1832 1764 1902 parochiam
1797 1839 1849 1886 et
1877 1848 2054 1902 popu-

452 1919 568 1973 lum
613 1919 704 1975 cui
751 1919 1184 1989 superintendat,
1223 1920 1438 1986 habeat,
1473 1920 1727 1974 constitui
1757 1919 2055 1976 secundum

455 2007 632 2062 Deum
664 2023 769 2062 non
795 2015 995 2078 potest,
1021 2009 1148 2078 quia
1172 2024 1268 2062 nec
1298 2007 1352 2062 in
1379 2008 1731 2064 saecularibus
1753 2025 1947 2064 nomen
1971 2010 2055 2064 vel

453 2096 692 2152 oilicium
741 2097 976 2168 pastoris
1024 2097 1232 2152 habere
1278 2097 1437 2163 valet,
1490 2097 1580 2168 qui
1623 2114 1852 2170 gregem
1894 2114 2054 2169 quem

450 2193 645 2256 pascat
692 2200 800 2240 non
853 2185 1040 2239 habet.
1090 2186 1278 2240 Honor
1321 2201 1537 2257 quoque
1582 2185 1908 2257 episcopalis
1947 2203 2055 2242 non

447 2290 640 2346 parum
684 2272 914 2342 vilescit,
947 2274 1078 2328 dum
1126 2274 1172 2328 is
1221 2274 1289 2329 ad
1336 2274 1711 2345 pontiﬁcatum
1761 2276 2055 2330 assumitur

446 2363 538 2434 qui
571 2362 874 2428 ordinatus,
908 2379 1016 2434 quo
1047 2362 1275 2418 divertat
1323 2364 1407 2418 vel
1458 2365 1542 2418 cui
1591 2380 1691 2435 per
1739 2366 2052 2436 episcopale

439 2451 798 2507 ministerium
830 2459 978 2507 certo
1009 2451 1320 2522 praesideat,
1356 2453 1554 2508 nescit.
1613 2453 1788 2508 Minus
1831 2470 2047 2524 quoque

442 2557 606 2613 quam
655 2555 688 2595 a
737 2540 911 2595 tribus
939 2541 1223 2610 episcopis
1270 2541 1510 2596 ordinari
1561 2558 1669 2597 non
1717 2542 1898 2610 debet,
1930 2560 2050 2598 cum

437 2637 665 2700 prOpter
695 2629 892 2684 multas
914 2629 1055 2684 alias
1086 2639 1139 2684 et
1169 2630 1522 2685 rationabiles
1552 2646 1763 2696 causas,
1788 2648 1920 2701 quas
1941 2633 2052 2703 epi-

445 2719 662 2774 stolaris
711 2718 951 2773 brevitas
1000 2734 1108 2774 non
1158 2719 1406 2786 admittit,
1444 2727 1554 2773 tum
1589 2729 1646 2774 ut
1672 2719 1829 2788 ﬁdes,
1861 2721 1970 2776 vita
2000 2729 2051 2776 et

439 2806 752 2863 sollicitudo
786 2807 902 2876 ejus
934 2808 1024 2879 qui
1057 2808 1346 2879 invigilare
1377 2808 1557 2876 debet,
1582 2809 1794 2864 idoneis
1823 2818 1874 2864 et
1902 2810 2048 2882 lega-

439 2896 584 2952 libus
617 2896 840 2952 testibus
872 2896 1274 2967 comprobetur.
1311 2896 1520 2952 Precor
1550 2897 1748 2968 itaque,
1783 2899 1968 2954 hortor
1996 2907 2048 2953 et

435 3002 635 3042 moueo
681 2994 944 3057 quatenus
995 2987 1318 3042 excellentia
1366 2995 1550 3042 vestra
1597 3003 1822 3056 operam
1858 2987 1950 3043 det
1990 2997 2048 3044 ut

2171 1850 2273 1903 qua
2331 1835 2592 1890 hactenus
2631 1836 2748 1890 Deo
2805 1843 2858 1890 et
2915 1834 3204 1891 conventui
3241 1834 3490 1891 ecclesiae
3547 1837 3600 1890 in
3659 1852 3770 1909 qua

2167 1922 2304 1978 vivis
2351 1922 2656 1992 deservisti,
2703 1923 2977 1978 deserere.
3020 1926 3218 1979 Notum
3267 1932 3447 1979 tamen
3485 1926 3607 1980 volo
3647 1940 3769 1980 esse

2167 2010 2448 2066 dilectioni
2480 2019 2584 2066 tum
2618 2012 2740 2082 quia
2771 2013 2874 2067 hoc
2894 2013 3180 2068 consilium
3215 2028 3324 2068 non
3348 2022 3511 2068 estex
3543 2013 3767 2068 bona‘"

2167 2107 2336 2169 parte.
2372 2101 2450 2154 De
2481 2099 2643 2155 malis
2674 2101 2815 2155 enim
2839 2102 3096 2170 Operibus
3117 2101 3380 2156 debemus
3397 2118 3565 2173 agere
3597 2103 3770 2173 poeni-

2167 2187 2404 2253 tentiam,
2439 2197 2490 2242 et
2529 2203 2593 2243 ea
2639 2189 2952 2258 relinquere
2999 2198 3124 2244 ante
3165 2198 3417 2257 mortem,
3450 2207 3517 2246 ne
3561 2191 3613 2244 in
3659 2191 3768 2245 illis

2167 2277 2412 2331 inveniat
2441 2292 2538 2331 nos
2573 2277 2758 2331 ultima
2789 2277 2922 2333 dies.
2955 2279 3014 2332 ln
3047 2277 3204 2333 bonis
3223 2295 3350 2334 vero
3371 2279 3633 2350 operibus
3661 2280 3768 2334 dc-

2167 2363 2358 2419 bemus
2390 2380 2748 2436 perseverare
2778 2382 2949 2436 usque
2980 2366 3035 2420 in
3064 2367 3247 2433 ﬁnem,
3283 2375 3340 2421 ut
3370 2368 3424 2421 in
3456 2367 3564 2421 illis
3601 2385 3766 2422 assu-

2163 2461 2338 2508 matur
2365 2454 2547 2509 anima
2579 2463 2759 2509 nostra
2789 2455 2857 2510 de
2888 2457 2988 2510 hac
3018 2456 3147 2510 vita.
3182 2457 3262 2510 De
3290 2456 3767 2512 benefacientibus

2164 2558 2399 2612 namque
2430 2548 2853 2612 perseveranter
2881 2543 3088 2598 dictum
3110 2551 3192 2599 est
3221 2545 3364 2612 :Qui
3382 2560 3766 2615 perseverave-

2165 2631 2241 2685 rit
2266 2647 2440 2702 usque
2468 2632 2529 2685 in
2559 2632 2754 2700 ﬁnem,
2775 2631 2863 2686 his
2895 2630 3165 2688 "‘salvus
3203 2633 3550 2703 erit(Matth.
3574 2636 3761 2702 x,‘22),

2157 2734 2266 2772 non
2294 2719 2362 2773 de
2391 2719 2498 2773 illis
2529 2720 2619 2788 qui
2649 2727 2775 2774 ante
2807 2718 2970 2774 tinem
3001 2735 3034 2774 a
3061 2721 3208 2776 bono
3255 2737 3426 2792 Opere
3471 2721 3756 2778 deﬁciunt.

2158 2807 2398 2878 Expedit
2442 2807 2606 2879 igitur
2649 2807 2844 2863 animae
2875 2816 3008 2876 tuae,
3041 2809 3204 2864 frater
3227 2819 3278 2865 et
3317 2809 3390 2864 fili
3427 2811 3764 2878 charissime,

2163 2905 2220 2950 ut
2257 2897 2310 2950 in
2339 2896 2648 2951 obedientia
2679 2913 2843 2968 quam
2873 2898 3168 2953 secundum
3203 2915 3362 2970 posse
3394 2906 3545 2955 tuum
3571 2909 3624 2955 et
3644 2902 3765 2972 pla-

2165 2987 2326 3042 citum
2360 2984 2484 3050 Dei,
2515 2987 2569 3039 in
2604 2996 2861 3056 quantum
2894 3003 3234 3059 cognoscere
3277 3004 3582 3058 possumus,
3612 2997 3667 3045 et
3696 2991 3770 3045 ad

436 3075 538 3131 ista
567 3074 621 3129 in
645 3090 815 3145 regno
838 3091 937 3131 suo
958 3078 1325 3148 corrigantur,
1351 3082 1621 3147 quatenus
1639 3093 1862 3144 merces,
1883 3093 2042 3148 quam
2077 3125 2125 3187 Ο
2155 3075 2412 3146 placitum
2439 3075 2656 3130 abbatis
2683 3075 2758 3130 tui
2789 3085 2842 3130 et
2871 3076 3096 3131 fratrum
3128 3085 3343 3132 tuorum
3369 3077 3607 3144 tenuisti,
3631 3095 3767 3150 per-

439 3179 462 3187 -
503 3164 613 3187 ἢ--
669 3180 762 3187 -..Α
813 3164 930 3187 -I22-
979 3165 1137 3187 L-_:-
1201 3165 1451 3187 --..-ι2ιέ-
1481 3163 1542 3187 an
1602 3181 1693 3187 μ..-
1741 3165 1856 3187 2-ι2-
1889 3165 2042 3187 ---1.2-
2160 3180 2378 3187 -----..--
2426 3164 2660 3187 ---__J:-_
2694 3165 2795 3187 "In-
2831 3165 2882 3187 1..
2917 3173 2964 3187 ι-
2997 3166 3156 3187 Γ.--,.2ι
3220 3174 3265 3187 ,Α
3301 3166 3467 3187 -Ll---
3509 3175 3627 3187 ιη---
3664 3168 3756 3187 ,ξιξ

437 3179 470 3220 a
500 3164 616 3220 Deo
669 3180 766 3235 pro
812 3164 933 3218 aliis
979 3165 1140 3220 bonis
1197 3165 1454 3235 expetitis
1481 3163 1567 3232 “1,
1601 3181 1698 3236 pro
1741 3165 1859 3220 istis
1889 3165 2045 3221 vobis

444 3260 730 3326 augeatur.
763 3255 1054 3319 Ceterum,
1079 3255 1123 3308 si
1155 3255 1285 3325 quid
1316 3254 1369 3309 in
1399 3255 1552 3312 vobis
1583 3260 1674 3310 aut
1705 3257 1760 3310 in
1792 3255 1878 3310 his
1911 3271 2044 3325 quos

442 3358 642 3414 regere
657 3343 970 3414 suscepistis
993 3344 1133 3415 quod
1159 3345 1434 3400 ullatenus
1453 3345 1720 3400 voluntati
1739 3344 1836 3400 Dei
1859 3345 2046 3400 adver-

444 3431 554 3489 sari
575 3439 755 3503 queat,
773 3432 1197 3505 perpenderitis,
1213 3433 1442 3491 sollicite
1463 3434 1762 3491 emendare
1783 3435 2042 3507 satagite,

2159 3180 2381 3220 severes
2421 3164 2662 3236 quandiu
2694 3165 2803 3220 vita
2831 3165 2886 3219 in
2917 3173 2968 3220 te
2996 3166 3179 3234 fuerit,
3214 3174 3269 3221 et
3297 3166 3470 3221 abbas
3509 3175 3631 3222 tuus
3663 3168 3757 3223 tibi

2149 3253 2391 3325 jusserit,
2432 3253 2577 3307 bono
2607 3261 2661 3307 et
2701 3252 2826 3308 laeto
2855 3254 3058 3318 animo,
3094 3255 3212 3310 sine
3250 3254 3396 3310 omni
3429 3269 3654 3312 rancore
3704 3262 3762 3312 et

2153 3342 2596 3406 murmuratione,
2618 3348 2678 3396 ut
2709 3343 2873 3397 etiam
2909 3343 3192 3414 loquendo
3222 3351 3272 3399 et
3303 3343 3643 3415 disponendo
3674 3346 3773 3401 ali-

2153 3432 2282 3503 quid
2304 3431 2373 3487 de
2401 3432 2593 3487 eadem
2618 3431 2934 3488 obedientia
2959 3433 3173 3489 emittas
3194 3433 3467 3506 spiritum.
3497 3433 3587 3490 Sic
3610 3437 3763 3491 enim

1737 3586 1964 3641 VARUE
2013 3584 2421 3644 LECTIONES.

515 3734 577 3816 '1‘
602 3735 1014 3816 Expeditis_m_s.
1050 3735 1348 3816 expertitis.
1425 3735 1488 3816 ’ξ’
1515 3737 2345 3816 Transibiti_s_ms.transieritis.
2423 3735 2484 3816 ‘_"
2511 3739 2728 3796 Collata
2754 3753 2882 3793 cum
2912 3737 3102 3794 eodem
3130 3754 3236 3794 ms.
3308 3737 3375 3768 ⁶¹⁴
3398 3737 3626 3795 Cellario
3647 3755 3758 3794 ms.

454 3805 769 3862 Cellerario.
848 3805 910 3835 ⁸³⁵
939 3809 1020 3862 De
1051 3809 1192 3862 bona
1221 3824 1326 3863 ms.
1360 3824 1424 3862 ex
1454 3808 1616 3862 bona.

1700 3807 1762 3836 ⁸³⁸
1793 3809 1882 3864 Sic
1911 3810 2090 3865 salvus
2119 3827 2225 3864 ms.
2261 3811 2349 3865 hic
2376 3809 2586 3866 salvus.

1723 3933 1749 3986 J
1759 3933 2022 3989 OANNIS
2055 3933 2335 3990 PICARDI
2367 3933 2576 3990 ΝΟΤᾸΞ
2590 3975 2603 3988 .

456 4055 546 4104 aut
571 4062 720 4102 mors
751 4046 969 4103 irruens
1008 4055 1194 4102 sancta
1223 4049 1340 4118 ejus
1365 4049 1712 4119 praevenisset
1753 4049 2016 4105 desideria
2043 4069 2057 4115 ;

459 4121 656 4175 saltem
708 4127 920 4174 constat
964 4135 1037 4174 ex
1076 4119 1198 4175 aliis
1250 4119 1442 4175 litteris
1482 4120 1769 4176 Lanlranci
1813 4123 1880 4176 ad
1924 4123 2060 4174 'l‘er-

459 4192 769 4258 delvacum,
803 4190 1054 4246 Gothrici
1087 4206 1482 4257 successorem,
1529 4191 1690 4256 datis,
1741 4193 1851 4246 nihi
1895 4192 2060 4246 fuisse

459 4263 760 4318 adhibitum
791 4262 1019 4317 remedii
1042 4269 1148 4316 tam
1167 4263 1486 4332 pestilentiae
1504 4264 1713 4324 morbo.
1747 4265 2062 4318 Substoma-

460 4337 628 4390 chans
647 4335 813 4401 enim,
832 4334 993 4404 paulo
1017 4343 1141 4388 ante
1164 4335 1399 4388 medium
1430 4334 1647 4388 scribit:
1675 4357 1695 4380 «ι
1723 4337 1868 4389 Inter
1893 4335 2059 4388 multa

460 4423 580 4475 qua?
609 4409 848 4476 placent,
888 4405 1066 4461 relata
1109 4406 1267 4460 nobis
1305 4413 1430 4460 sunt
1474 4405 1725 4474 quaedam
1772 4421 1889 4474 quae
1935 4405 2054 4459 dis-

459 4477 678 4548 plicent,
713 4477 918 4548 scilicet
962 4477 1107 4545 quod
1157 4478 1440 4548 inrvestro,
1471 4491 1642 4546 regno
1689 4477 1916 4546 quisque
1958 4491 2055 4548 pro

459 4547 678 4604 arbitrio
721 4564 818 4602 suo
857 4547 1096 4618 legitime
1137 4547 1240 4601 sibi
1287 4547 1592 4617 copulatam
1643 4563 1862 4618 uxorem
1909 4547 2056 4600 nulla

460 4620 721 4675 canonica
774 4617 936 4674 causa
999 4619 1390 4674 interveniente
1442 4617 1738 4689 relinquit,
1791 4627 1841 4672 et
1893 4618 2054 4672 aliam

463 4690 782 4759 quamlibet,
808 4705 901 4744 seu
920 4690 1044 4756 sibi,
1064 4691 1148 4744 vel
1176 4690 1375 4745 relictae
1404 4689 1556 4743 uxori
1587 4689 2056 4759 consanguinitate

461 4761 861 4832 propinquam,
903 4761 1028 4832 Asive
1079 4775 1239 4832 quam
1298 4761 1437 4815 alius
1485 4760 1649 4815 simili
1709 4759 2055 4832 improbitate

462 4830 732 4894 deseruit,
779 4830 1013 4885 maritali
1075 4830 1170 4886 seu
1235 4832 1530 4888 fornicaria
1592 4832 1714 4901 lege
1782 4831 2055 4901 punienda

461 4903 770 4957 temeritate
833 4902 1136 4972 coniungit.
1186 4925 1208 4949 η
1261 4903 1531 4959 Hactenus
1574 4902 1936 4972 Lanfrancus,
1987 4920 2055 4957 ex

463 4972 620 5044 cujus
663 4971 1424 5044 praeteritisradhortamentis
1466 4974 1510 5028 si
1555 4974 1844 5044 praesentia
1898 4971 2055 5028 liceat

463 5043 706 5099 Anselmi
737 5043 1116 5113 comprobare,
1136 5043 1306 5098 ausim
1335 5045 1511 5100 dicere
1542 5043 1646 5100 non
1675 5061 1739 5099 ex
1770 5046 2053 5100 Scotorum

462 5114 966 5188 velllibernorum,
999 5114 1425 5188 sedgAnglorum
1457 5115 1620 5188 longe
1660 5122 1816 5170 antea
1855 5116 2054 5185 depra-

461 5185 600 5258 vatis
627 5186 870 5258 moribus
897 5193 1076 5240 natam
1103 5185 1246 5242 hanc
1269 5186 1519 5242 lethalem
1549 5185 1884 5258 gangrenam
1916 5203 2050 5257 pau-

458 5255 610 5313 latim
641 5257 786 5312 vires
817 5265 868 5311 et
885 5265 1232 5327 augmentum
1261 5255 1579 5328 sumpsisse:
1608 5255 1746 5312 Nam
1779 5255 1967 5313 Gildas
1997 5259 2052 5312 in

461 5328 689 5384 Excidio
732 5329 1014 5384 Britanniae
1057 5345 1216 5399 supra
1255 5328 1404 5383 mille
1448 5345 1619 5384 annos
1659 5329 1794 5384 dixit
1836 5350 1846 5383 :
1883 5331 2051 5400 Reges

460 5401 627 5457 habet
653 5400 963 5456 Britannia
991 5401 1441 5472 quamplurimas
1464 5403 1728 5470 coniuges
1760 5401 2045 5472 habentes,

457 5473 554 5528 sed
574 5475 912 5528 scortantes.
935 5470 1011 5526 οξ
1035 5470 1342 5526 Bonifacius
1372 5480 1577 5541 martyr
1605 5480 1656 5524 et
1685 5471 2048 5541 archiepisco-

451 5560 587 5614 pus,
633 5543 847 5615 legatus
890 5543 1282 5615 Germanicus,
1334 5542 1525 5615 objicit
1570 5542 1888 5615 Etlielbaldo
1928 5544 2048 5614 regi

453 5614 760 5688 Anglorum
789 5615 933 5687 apud
953 5614 1224 5672 Willelm.
1259 5614 1624 5683 Malmesbur.,
1645 5614 1741 5671 lib.
1766 5631 1800 5683 ι,
1827 5615 1906 5669 De
1926 5629 2043 5685 reg.

2086 4318 2138 4378 D

2169 4049 2356 4120 Angl.,
2373 4065 2492 4118 cap.
2515 4051 2544 4103 4
2566 4065 2579 4105 :
2601 4048 3412 4121 Audivimusquodpptimales
3427 4064 3567 4120 pene
3583 4049 3769 4106 omnis

2169 4119 2353 4192 gentis
2380 4121 2709 4192 Merciorum
2743 4124 2839 4175 tuo
2870 4119 3149 4192 exemplow
3173 4119 3455 4190 legitimas
3499 4121 3767 4175 deserant

2169 4191 2398 4256 uxores,
2443 4196 2497 4246 et
2542 4191 2854 4254 adulteras,
2906 4196 2962 4245 et
3009 4191 3474 4247 sanctimonialcs
3525 4196 3765 4248 constu-

2213 4268 2356 4327 rent,
2395 4270 2496 4316 etc.
2522 4262 2677 4328 Quod
2695 4269 2874 4315 autem
2899 4262 3057 4315 fuerit
3078 4263 3255 4318 Scotis
3277 4265 3394 4316 haec
3417 4261 3588 4317 libido
3606 4265 3764 4332 quasi

2213 4279 2356 4327 rem,
2395 4279 2496 4316 etc.
2522 4279 2677 4328 Quoa
2695 4279 2874 4315 autem
2899 4279 3057 4315 luerit
3078 4279 3255 4318 acous
3278 4279 3394 4316 ι]ωο
3417 4279 3588 4317 ιιοιαο
3606 4279 3764 4332 quasr

2169 4279 2514 4388 liaereditaria
2529 4332 2703 4401 arguit
2721 4333 2784 4386 D.
2812 4333 3123 4404 Hieronym.
3144 4333 3237 4389 lib.
3259 4349 3318 4398 ll,
3339 4333 3607 4387 adversus
3622 4334 3767 4388 Jovi-

2164 4406 2386 4458 nianum
2405 4422 2414 4456 :
2433 4405 2726 4475 Scotorum
2755 4404 2914 4460 natio
2936 4420 3141 4458 uxores
3157 4407 3410 4475 proprias
3438 4421 3549 4459 non
3568 4405 3755 4469 habet,

2165 4479 2221 4530 et
2247 4476 2408 4546 quasi
2433 4473 2699 4529 Platonis
2723 4476 3020 4530 Politicam
3047 4473 3267 4543 legerit,
3292 4480 3346 4530 et
3380 4477 3609 4532 Catonis
3640 4492 3758 4531 sec-

2168 4550 2320 4600 tetur
2349 4546 2693 4617 exemplum,
2709 4546 2875 4600 nulla
2895 4546 3044 4615 apud
3061 4562 3148 4602 eos
3171 4546 3379 4613 conjuz
3406 4551 3488 4601 est
3503 4549 3755 4617 propria,

2164 4617 2260 4671 sed
2285 4622 2347 4670 ut
2374 4619 2572 4688 cuique
2614 4617 2837 4688 libitum
2857 4618 3059 4688 fuerit,
3091 4617 3370 4687 pecudum
3407 4633 3556 4672 more
3582 4617 3760 4688 lasci-

2163 4689 2348 4742 viunt.
2368 4686 2543 4742 Taceo
2575 4687 2829 4755 pudenda
2846 4695 2898 4739 et
2916 4686 3210 4755 persimilia
3239 4687 3548 4741 memoratis
3579 4687 3761 4742 libidi-

2165 4759 2347 4826 nibus,
2368 4775 2484 4828 quzn
2503 4756 3062 4828 SylvesterGiraldus
3075 4766 3287 4812 centum
3309 4759 3756 4828 postAnselmuin

2162 4829 2317 4902 annis
2358 4831 2559 4902 notavit
2587 4828 2654 4882 de
2684 4829 2954 4902 Hibernis,
2990 4828 3228 4884 distinct.
3259 4833 3320 4902 ,3,
3353 4830 3757 4902 Topograpbiae

2163 4900 2466 4955 Hibernicm
2503 4915 2631 4969 cap.
2675 4902 2762 4954 19.
2824 4897 2998 4967 Quam
3044 4915 3175 4954 vero
3223 4901 3353 4955 altas
3396 4897 3757 4956 hic'morbus

2163 4971 2366 5043 egisset
2393 4971 2628 5043 radices,
2650 4970 2868 5043 adeo‘ut
2898 4986 2996 5043 nec
3021 4970 3178 5043 hujus
3200 4970 3442 5039 epistolae
3473 4971 3760 5026 medicatis

2162 5039 2317 5097 evelli
2351 5042 2580 5113 potuerit
2601 5040 2869 5113 consiliis,
2891 5040 3065 5113 palam
3080 5039 3132 5094 ﬁt
3163 5057 3226 5096 ex
3260 5043 3489 5113 COltClllO
3506 5043 3755 5110 Casellis,

2159 5111 2598 5183 archiepiscOpali
2631 5111 2905 5167 Hibernia:
2935 5112 3172 5177 civitate,
3208 5112 3392 5166 habito
3423 5129 3565 5168 anno
3594 5115 3753 5181 1171,

2161 5193 2213 5240 et
2247 5185 2317 5239 ab
2347 5184 2652 5239 Alexandro
2683 5184 2756 5238 Ill
2789 5183 3056 5252 probato;
3091 5183 3146 5237 in
3175 5185 3330 5254 cujus
3374 5185 3587 5239 concilii
3629 5185 3753 5255 pla-

2159 5257 2276 5310 citis
2307 5256 2359 5310 id
2393 5255 2674 5324 potissime
2699 5254 2938 5322 jubetur,
2963 5259 3236 5310 utomnes
3269 5256 3402 5310 laici
3433 5257 3526 5324 qui
3546 5254 3754 5312 uxores

2160 5327 2358 5383 habere
2387 5328 2565 5382 velint
2597 5343 2690 5381 eas
2717 5326 3030 5381 secundum
3049 5327 3148 5396 jus
3180 5327 3628 5382 ecclesiasticum
3652 5329 3753 5382 ha-

2160 5398 2354 5453 beant.
2409 5399 2594 5468 Roger
2645 5395 2968 5468 llonedenus
3005 5395 3184 5450 retulit
3236 5398 3288 5450 in
3335 5406 3543 5466 poster.
3599 5407 3754 5468 parte

2158 5468 2352 5541 Annal.
2403 5467 2516 5541 Sed
2541 5483 2639 5541 nec
2669 5467 3081 5541 boc_decretum
3119 5469 3197 5541 (ut
3226 5468 3392 5541 liquet
3440 5467 3492 5522 in
3533 5467 3749 5541 signato

2156 5540 2388 5620 Sylvest.
2429 5539 2639 5620 Giraldi
2684 5537 3010 5620 testimonio)
3047 5537 3224 5620 ‘valuit
3267 5537 3608 5612 exstirpare?
3644 5550 3749 5597 tam

2154 5609 2369 5683 piceum
2397 5618 2482 5666 est
2506 5610 2685 5682 impiae
2711 5611 2932 5666 Veneris
2959 5609 3177 5666 malum.
