4024 6078
447 232 549 285 183
1036 225 1102 284 S.
1138 225 1447 282 ANSELMI
1486 222 1829 279 CANTUAR.
1872 221 2202 278 ARCHIEP.
2236 222 2396 278 OPP.
2437 221 2616 278 PARS
2648 221 2744 276 Ill.
2781 250 2850 262 --
2881 218 3252 276 EPISTOLE.
3642 223 3747 275 184

450 362 503 410 et
534 352 743 425 rogavit
775 369 862 408 me
893 367 966 407 ex
997 358 1181 406 vestra
1211 357 1366 420 parte
1407 357 1462 402 ut
1519 347 1672 403 vobis
1705 348 2043 404 consulerem
2073 347 2129 407 A
2162 348 2280 403 tati.
2320 349 2465 404 Inter
2493 348 2783 402 szeculares
2809 346 3064 402 homines
3103 353 3184 401 est
3215 345 3488 402 contentio
3519 346 3586 401 de
3615 362 3754 415 pro-

450 444 688 514 qualiter
716 444 901 497 vivere
932 439 1222 494 deberetis.
1267 438 1372 494 Sed
1405 453 1525 493 cum
1559 437 1835 491 audissem
1882 436 2047 493 vitam
2159 438 2277 507 pria
2307 437 2650 508 singulorum
2679 437 2969 504 voluntate,
3017 444 3072 490 ut
3103 434 3470 507 unusquisque
3497 434 3558 462 ⁶²⁰
3589 435 3752 500 dicat,

454 541 714 596 vestram,
746 547 851 585 non
884 529 1028 599 potui
1060 529 1296 599 rogitare
1332 526 1464 595 quid
1513 525 1665 580 vobis
1695 541 1915 595 possem
1944 526 2044 580 ad-
2160 543 2269 581 non
2301 528 2438 581 sicut
2468 527 2568 591 vis,
2619 528 2720 580 sed
2769 526 2906 580 sicut
2952 541 3056 598 ego
3098 525 3258 591 volo;
3311 525 3583 579 contentio
3623 541 3756 579 vero

455 622 585 676 dere
617 621 669 673 in
717 618 961 690 psalmis,
1012 619 1069 669 in
1118 614 1470 682 orationibus,
1519 615 1570 667 in
1602 615 1961 678 abstinentiis,
1993 614 2045 668 in
2160 614 2221 643 ⁶²⁴
2255 617 2641 670 monachorum
2699 623 2828 668 est:
2883 616 3005 668 Non
3063 614 3360 669 secundum
3417 613 3756 667 voluntatem

457 710 748 764 afﬂictione
779 706 1046 775 corporis,
1078 705 1211 758 ultra
1242 706 1344 758 hoc
1385 704 1530 774 quod
1561 719 1661 757 vos
1688 720 1783 772 per
1811 703 2046 774 gratiam
2163 721 2342 758 meam
2412 704 2524 769 fiat,
2607 704 2700 758 sed
2773 703 3069 757 secundum
3156 710 3323 757 tuam.
3397 703 3510 756 Nec
3593 702 3759 756 debet

457 799 556 854 Dei
589 795 889 866 incoepistis
930 802 982 848 et
1043 793 1244 848 facitis.
1290 794 1404 847 Hoc
1461 792 1639 863 itaque
1681 792 1826 863 quod
1856 791 2048 857 facitis,
2162 794 2534 865 unusquisque
2565 801 2888 861 exspectare
2933 800 2990 847 ut
3045 808 3166 846 cum
3223 791 3348 844 facit
3404 791 3622 846 alterius
3652 807 3755 846 vo-

460 885 702 958 quandiu
733 900 853 937 cum
885 883 1056 936 salute
1093 881 1342 951 corporis
1379 880 1541 935 vestri
1597 881 1776 935 facere
1808 880 2052 948 potestis,
2164 883 2444 950 luntatem,
2476 882 2566 936 ille
2611 881 2714 936 sibi
2752 881 2998 936 similiter
3049 880 3294 936 faciendo
3348 881 3624 946 retribuat,
3656 879 3758 934 sed

459 981 662 1028 tenete.
695 971 750 1026 Si
783 977 959 1025 autem
994 968 1273 1024 senseritis
1303 967 1521 1038 quodin
1553 967 1929 1039 aegritudinem
1958 982 2054 1022 vo—
2159 973 2215 1025 in
2246 972 2350 1027 hoc
2381 970 2544 1026 debet
2572 970 2789 1025 studere
2827 978 2881 1024 ut
2929 970 3188 1042 quidquid
3236 970 3372 1024 alius
3429 969 3607 1036 faciat,
3643 969 3760 1039 ipse

459 1062 548 1116 bis
578 1066 836 1124 vertatur,
872 1065 999 1113 tunc
1039 1058 1258 1112 consulo
1287 1065 1344 1110 ut
1388 1057 1645 1126 expedire
1691 1055 2049 1128 cognoscetis,
2161 1075 2435 1131 nunquam
2491 1076 2522 1114 α
2577 1059 2722 1113 bono
2781 1061 3060 1129 praposito
3113 1074 3208 1113 suo
3260 1057 3494 1113 deﬁciat.
3554 1059 3650 1112 Est
3707 1066 3762 1113 et

461 1166 560 1206 vos
591 1147 926 1218 temperetis.
965 1146 1148 1201 Melius
1177 1154 1257 1200 est
1296 1145 1439 1200 enim
1472 1154 1528 1199 ut
1571 1160 1693 1200 cum
1725 1145 1897 1199 salute
1925 1161 2052 1199 cor-
2164 1149 2308 1202 aliud
2339 1148 2482 1218 quod
2514 1149 2670 1202 valde
2702 1163 2889 1216 pacem
2921 1155 2972 1202 et
3019 1147 3364 1202 dilectionem
3395 1147 3530 1201 inter
3564 1147 3762 1202 fratres

461 1238 610 1310 poris
641 1238 768 1291 laeto
799 1237 980 1291 animo
1008 1234 1208 1305 aliquid
1243 1234 1472 1300 faciatis,
1512 1250 1673 1305 quam
1705 1249 1802 1304 per
1827 1233 2055 1304 aegritu-
2165 1236 2420 1292 conciliat
2453 1254 2464 1288 ε
2525 1236 2564 1291 si
2619 1235 2799 1290 nullus
2847 1235 3141 1307 aliquando
3191 1235 3340 1289 fratri
3389 1250 3494 1290 suo
3551 1235 3760 1306 aliquid

465 1327 650 1381 dinem
683 1327 752 1380 ab
781 1325 869 1379 his
898 1340 1016 1394 quae
1037 1339 1158 1378 cum
1185 1322 1368 1377 laetitia
1393 1322 1732 1387 benefacitis,
1757 1338 1853 1391 pro
1885 1321 2056 1376 nihilo
2165 1325 2296 1380 dicit
2323 1325 2390 1379 de
2421 1325 2527 1380 alio
2557 1325 2699 1379 unde
2725 1326 2928 1379 amicus
2957 1326 3076 1392 ejus
3105 1324 3286 1395 aliquo
3316 1324 3478 1382 modo
3507 1323 3763 1379 offenda-

464 1415 694 1482 ducatis,
731 1429 908 1485 neque
937 1413 1075 1467 alios
1109 1412 1196 1481 qui
1226 1413 1328 1466 hoc
1359 1427 1464 1466 non
1498 1411 1723 1476 faciunt,
1753 1410 1863 1464 ullo
1895 1410 2057 1464 modo
2165 1421 2288 1482 tur;
2318 1415 2415 1468 sed
2446 1431 2680 1484 semper,
2706 1415 2756 1468 si
2795 1421 2989 1484 potest,
3026 1413 3192 1468 frater
3213 1413 3280 1467 de
3310 1414 3480 1469 fratre
3509 1413 3766 1484 loquatur

467 1502 847 1566 contemnatis,
882 1509 974 1556 aut
1004 1517 1097 1555 eos
1127 1517 1250 1555 esse
1272 1499 1500 1554 minoris
1518 1500 1697 1554 meriti
1727 1499 1868 1569 apud
1887 1500 2058 1552 Deum
2165 1503 2310 1558 unde
2338 1519 2435 1558 cor
2464 1504 2581 1573 ejus
2611 1503 2680 1557 ad
2716 1502 3058 1558 dilectionem
3092 1502 3431 1558 accendatur.
3459 1504 3605 1567 Haac,
3639 1502 3764 1556 fra-

471 1608 633 1664 quam
663 1607 758 1646 vos
796 1589 1135 1644 existimetis.
1167 1591 1376 1643 Bonum
1423 1590 1572 1642 enim
1619 1597 1698 1642 est
1740 1587 2056 1642 exercitium
2166 1602 2276 1648 tres
2307 1600 2356 1647 et
2386 1591 2480 1645 filii
2513 1592 2619 1646 mei
2649 1592 2969 1659 charissimi,
3019 1600 3247 1646 servate.
3293 1593 3369 1645 De
3401 1591 3592 1646 ordine
3623 1606 3765 1662 quo—

465 1680 732 1750 corporis,
765 1679 860 1734 sed
891 1679 1059 1733 multo
1109 1677 1284 1748 magis
1331 1685 1477 1731 amat
1523 1679 1666 1731 Deus
1709 1693 1804 1732 cor
1840 1677 2056 1746 plenum
2090 1706 2142 1768 Β
2175 1698 2280 1752 que
2309 1689 2489 1736 vestro
2520 1681 2592 1734 ita
2619 1681 2826 1736 solliciti
2860 1697 2980 1736 esse
3018 1680 3247 1744 debetis,
3278 1688 3335 1734 ut
3365 1695 3472 1734 non
3528 1681 3585 1734 in
3641 1695 3766 1734 mo-

464 1770 685 1841 pietate,
728 1767 1042 1835 dilectione,
1093 1767 1394 1820 humilitate
1451 1774 1504 1820 et
1553 1765 1828 1821 desiderio
1860 1782 2060 1835 perve—
2096 1765 2129 1768 —
2174 1772 2296 1826 dico
2327 1771 2472 1824 illum
2505 1771 2719 1834 alicubi,
2752 1769 2835 1825 vel
2867 1770 3177 1840 aliquando,
3215 1770 3272 1823 in
3304 1779 3535 1834 secreto,
3567 1769 3654 1823 vel
3709 1769 3767 1824 in

465 1857 650 1914 nieudi
681 1856 772 1911 ubi
805 1855 983 1926 possit
1012 1862 1063 1908 et
1093 1855 1387 1909 delectetur
1431 1855 1608 1926 ipsum
1642 1856 1814 1909 Deum
1845 1855 2054 1909 videro.
2173 1869 2464 1930 conspectu
2495 1860 2745 1924 aliorum,
2809 1859 3040 1913 violetis.
3103 1859 3376 1929 Scriptum
3433 1866 3515 1914 est
3571 1858 3716 1913 enim
3751 1875 3765 1912 :

469 1946 826 2016 Omnipotens
855 1945 1002 1999 Deus
1033 1959 1130 1999 vos
1161 1944 1366 2010 deceat,
1399 1951 1451 1998 et
1481 1944 1814 2009 corroboret,
1856 1952 1908 1998 et
1936 1958 2064 1998 con-

2230 1950 2283 2004 ui
2304 1950 2520 2004 modica
2533 1950 2789 2021 despicit,
2807 1950 3090 2019 paulatim
3111 1948 3326 2003 decidet
3342 1948 3536 2018 (Eccli.
3559 1963 3673 2012 xrx,
3691 1948 3766 2016 '1),

467 2035 696 2091 soletur.
737 2033 1161 2089 Absolutionem
1187 2032 1286 2088 Dei
1309 2040 1365 2088 et
1389 2039 1653 2100 nostram,
1679 2031 1873 2102 siquid
1902 2031 2062 2099 valet,
2175 2038 2230 2092 Si
2253 2054 2383 2110 ergo
2413 2054 2590 2093 coram
2624 2039 2739 2092 Deo
2772 2038 2937 2092 vultis
2966 2036 3251 2108 proﬁcere,
3277 2054 3567 2106 numquam
3601 2037 3768 2090 mini-

468 2125 538 2179 ab
571 2123 827 2179 omnibus
881 2122 1122 2193 peccatis
1180 2121 1372 2178 vestris
1426 2121 1580 2176 vobis
1636 2120 1819 2176 mitto.
1885 2121 2061 2192 Rogo,
2175 2143 2263 2181 ma
2292 2126 2543 2181 mandata
2573 2126 2749 2182 velitis
2778 2127 3082 2196 despicere.
3131 2126 3282 2181 Sicut
3311 2134 3492 2180 autem
3521 2127 3615 2196 qui
3647 2140 3771 2179 mo-

465 2221 623 2270 orate
652 2229 754 2285 pro
785 2229 890 2267 me.
2176 2214 2296 2270 dica
2363 2214 2606 2284 despicit,
2671 2215 2936 2286 paulatim
2993 2215 3211 2282 dedicit,
3281 2215 3358 2270 sic
3415 2215 3505 2284 qui
3560 2214 3775 2269 modica

967 2347 1317 2404 EPISTOLA
1358 2349 1462 2403 cu
1486 2346 1569 2402 οιο.
2175 2318 2284 2404 ῗοῗῗ
2316 2303 2566 2404 δέδβῗθίί’
2597 2303 2858 2404 ¹Ξ⁰¹ἷί¹ί⁰9
2887 2302 3166 2404 Paulam}:
3188 2303 3283 2358 sed
3315 2301 3776 2404 efﬁcafi'".p‘.‘°‘

476 2454 718 2495 “sum
747 2451 821 2493 AD
847 2390 1124 2492 ΜΛΝῖεῖ
1139 2390 1522 2491 ;;l‘;‘l;g;“‘m
1550 2390 2069 2491 éOVGREGATlONEM
2177 2391 2305 2447 ﬁcit.
2341 2392 2581 2457 Fratres,
2606 2391 2765 2447 facite
2795 2400 2851 2445 ut
2870 2392 3089 2461 possitis
3109 2392 3289 2446 dicere
3310 2407 3432 2446 cum
3465 2390 3736 2461 PrOpbeta
3763 2407 3775 2441 :

1111 2475 1430 2564 Βλξξκξὲξξίξ
1452 2475 1515 2491 ’³⁸
1550 2475 2069 2491 “””“““³“““”””””
2184 2483 2388 2537 Anima
2424 2497 2549 2537 mea
2576 2483 2638 2534 in
2682 2481 2942 2536 manibus
2970 2481 3110 2536 meis
3140 2497 3360 2552 semper
3379 2481 3556 2543 (Psal.
3590 2495 3778 2543 cxvtu,

475 2619 578 2675 Eos
614 2619 716 2672 Dei
747 2617 973 2672 domum
1005 2619 1063 2672 et
1095 2619 1208 2671 tam
1254 2615 1270 2668 ι
1525 2643 1528 2646 ,
1759 2615 1768 2628 ,
2183 2571 2329 2639 109).
2353 2571 2408 2624 In
2427 2569 2687 2625 omnibus
2710 2569 2851 2623 enim
2872 2569 3124 2639 operibus
3157 2569 3348 2624 vestris
3369 2569 3783 2624 debetisconsi-

1143 2654 1145 2656 -
1214 2633 1244 2683 p
1275 2631 1372 2669 um
1427 2617 1674 2684 futuros,
1721 2630 1770 2668 ει
1808 2616 2073 2668 mutuam
2189 2660 2379 2684 ΔΑΜ-Α
2416 2659 2564 2684 mm,
2601 2658 2772 2684 ΛΑΜ
2812 2659 2874 2684 ,τι
2909 2657 2959 2684 :_
2993 2657 3242 2684 unum“
3293 2659 3487 2684 ’,ω-εκ
3520 2673 3737 2684 “mnu
3771 2673 3781 2683 _

546 2657 1352 2754 Scivin?EbXéSritEaHt'fiiin
2186 2660 2381 2754 delia“?
2412 2659 2566 2754 9P”?
2585 2658 2777 2754 finima
2810 2659 2878 2754 Si}
2909 2657 2962 2711 in
2993 2657 3245 2754 ωθξηίξπιε
3293 2659 3488 2754 γεείτίε
3519 2673 3737 2754 ξθῖηΡθῘ
3771 2673 3784 2718 ἱ

547 2764 806 2818 teneant.
1168 2746 1176 2754 ’
2187 2747 2308 2818 quia
2341 2747 2602 2817 quidquid
2633 2746 3000 2816 unusquisque
3058 2747 3237 2812 faciet,
3297 2748 3402 2802 hoc
3448 2747 3633 2800 anima
3663 2746 3790 2814 ejus

2187 2838 2434 2907 recipiet.
2470 2835 2828 2906 Omnipotens
2857 2837 3002 2890 Deus
3032 2851 3126 2890 vos
3147 2835 3214 2889 ab
3244 2835 3392 2889 omni
3421 2835 3568 2889 malo
3599 2843 3790 2890 custo-

2186 2927 2318 2990 diat,
2354 2933 2407 2980 et
2434 2924 2716 2980 absolutos
2746 2925 2814 2980 ab
2835 2924 3088 2980 omnibus
3121 2924 3356 2994 peccatis
3386 2924 3440 2977 in
3471 2923 3626 2978 bonis
3647 2938 3790 2992 ope-

2188 3016 2340 3070 ribus
2371 3030 2465 3070 vos
2493 3029 2845 3085 perseverare
2868 3013 3054 3070 faeiat.
3088 3017 3279 3070 Amen.
3313 3015 3506 3069 Precor
3535 3021 3594 3068 ut
3621 3012 3790 3069 oretis

550 2876 866 2931 Ansnnuus
894 2873 1333 2944 archiepiscopus
1387 2873 1610 2938 10mm,
1643 2870 1830 2942 priori,
1894 2879 1948 2926 et
1979 2871 2077 2926 toti

473 2963 892 3037 congregationi
924 2961 1144 3017 Batensi
1172 2977 1455 3017 servorum
1486 2961 1607 3029 Dei,
1644 2959 2078 3016 benedictionem

481 3054 600 3118 Dei,
636 3060 689 3107 et
717 3068 888 3118 suam,
921 3052 965 3105 si
997 3051 1126 3122 quid
1158 3051 1328 3106 valet.
2109 3062 2160 3125 α

552 3140 816 3196 Dominus
851 3119 1110 3206 Joannes,
1168 3139 1305 3194 lator
1345 3137 1714 3208 praesentium,
1749 3137 1906 3208 petiit
1935 3153 1965 3193 a
1996 3153 2082 3191 me
2119 3119 2159 3125 ν
2191 3119 2287 3175 pro
2315 3120 2422 3160 me'
2588 3195 2615 3219 Δ
2640 3195 2726 3219 τη
2773 3191 3057 3219 mnam,“
3090 3194 3110 3219 Δ
3153 3192 3218 3219 m
3239 3193 3285 3219 η
3314 3191 3380 3219 m

483 3191 910 3284 utfraterniiaii
1148 3191 1386 3296 aliquam
1407 3191 1768 3281 monitioneni
1791 3191 2084 3280 scriberem
2573 3195 2735 3261 421
2773 3191 3122 3249 ΕΡῙδΤΟῙιΑ
3152 3192 3286 3247 CL"
3314 3191 3401 3247 "'-

490 3335 611 3389 quae
641 3325 786 3372 esset
816 3317 1031 3390 signum
1065 3320 1305 3386 paternas
1347 3314 1670 3370 dilectionis.
1703 3316 1926 3369 Possum
1960 3315 2085 3384 qui-
2469 3315 2702 3354 ANSELMI
2742 3315 2815 3354 Αῐ)
2855 3314 3178 3353 ΡΑδοΗΑιιΕΜ
3216 3315 3251 3353 ιι
3290 3315 3499 3353 ΡΑΡΑΜ·

490 3409 617 3464 dem
660 3407 903 3463 breviter
959 3405 1426 3476 comprehendere
1483 3420 1819 3475 quaecunque
1875 3404 2091 3458 vitanda
2203 3412 2264 3468 Ut
2295 3423 2411 3463 non
2454 3407 2653 3462 mittat
2699 3409 2942 3478 pallium
2991 3408 3405 3478 archiepiscopo
3449 3406 3792 3462 Eboracensi

489 3505 632 3562 sunt,
666 3504 718 3550 et
749 3512 868 3564 quae
899 3495 1208 3564 appetenda
1237 3493 1507 3549 dicendo:
1538 3495 1772 3548 Declina
1803 3510 1833 3547 α
1858 3493 2007 3550 malo
2037 3497 2090 3548 et
2270 3480 2926 3564 ⁷²⁰ἶ²νίῖἶε⁷ηβ⁰η³θσναίοη
2958 3479 3484 3564 ηεσ,,ιονιάεηὶςθηδρ
3514 3479 3795 3564 εξὶεσίξρο,

2273 3553 2368 3622 qui
2397 3548 2545 3604 illud
2575 3567 2867 3620 nunquam
2907 3550 3119 3614 habuit,
3154 3567 3228 3603 ne
3260 3550 3522 3622 Ecclesia:
3555 3549 3803 3622 Cantua;

2278 3621 2482 3676 riensis
2512 3621 2794 3692 primatus
2825 3637 2972 3674 asua
3016 3622 3295 3692 dignitate
3339 3621 3591 3682 excidat,
3650 3621 3800 3690 quod

2270 3694 2395 3764 pati
2422 3689 2758 3762 neutiquam
2801 3696 3002 3764 potest.
3045 3689 3297 3764 Inquirit
3353 3695 3415 3764 et
3441 3689 3802 3764 utrum’regi

488 3590 582 3658 fac
600 3586 805 3640 bonum
837 3585 1014 3652 (Psal.
1039 3598 1236 3647 xxxvi,
1258 3585 1380 3652 27);
1413 3581 1507 3637 sed
1528 3582 1933 3638 convenientius
1953 3581 2096 3635 exis-

487 3675 620 3728 timo
633 3672 765 3726 utde
781 3671 959 3740 aliqua
974 3671 1171 3725 virtute
1191 3670 1504 3725 nominatim
1525 3671 1845 3741 religionem
1862 3677 2089 3724 vestram

493 3761 839 3817 admoneam.
874 3760 1072 3813 Hortor
1099 3775 1232 3830 ergo
1259 3767 1318 3812 ut
1348 3773 1539 3829 pacem
1572 3774 1791 3813 servare
1821 3757 1962 3812 inter
1990 3774 2088 3813 vos
2270 3757 2707 3819 Teutonicorum
2729 3757 3035 3833 permittat
3059 3757 3190 3818 dare
3211 3763 3605 3830 investituras,
3639 3761 3796 3816 sicut

494 3857 608 3906 toto
637 3849 802 3904 corde
831 3847 1112 3915 studentis,
1147 3848 1269 3917 quia
1318 3847 1513 3903 dicitur
1565 3847 1632 3901 de
1690 3848 1804 3902 Deo
1839 3864 1850 3898 :
1884 3849 2085 3903 Factus

2267 3851 2373 3889 rex
2405 3834 2622 3904 Anglia:
2649 3833 2935 3894 audierat.

497 3943 581 3995 est
599 3941 661 3994 in
676 3953 814 4009 pace
835 3938 986 3993 locus
1007 3939 1128 4008 ejus
1159 3938 1334 4005 (Psal.
1363 3952 1531 4004 Lxxv,
1555 3937 1628 4004 3).
1650 3937 1727 3990 Ita
1743 3951 1876 4008 ergo
1896 3936 2090 3991 domus
2270 3941 2500 3996 Domino
2533 3948 2583 3995 et
2616 3941 2756 3994 Patri
2790 3940 3066 4012 diligendo
3089 3948 3140 3996 et
3162 3940 3467 3996 reverendo
3497 3940 3796 4008 Pascmu,

498 4035 552 4082 et
580 4028 844 4098 templum
875 4025 980 4080 Dei
1011 4041 1138 4080 vere
1172 4025 1340 4091 eritis,
1374 4025 1418 4079 si
1450 4040 1641 4096 pacem
1669 4025 1809 4078 inter
1838 4041 1934 4080 vos
1958 4041 2091 4080 con-
2202 4046 2416 4085 summo
2446 4028 2702 4099 pontifici,
2740 4031 3058 4095 Axsswus,
3110 4045 3297 4084 servus
3351 4029 3618 4084 Ecclesia:
3647 4028 3802 4083 Can-

498 4123 702 4171 stanter
732 4114 1055 4170 habueritis.
1104 4113 1276 4183 Quam
1295 4115 1397 4170 hoc
1431 4113 1595 4169 ωοᾶο
1626 4113 1841 4182 assequi
1887 4120 1943 4168 et
1972 4130 2092 4168 εει·-
2201 4118 2599 4184 tuariensis‘”,
2650 4118 2889 4173 debitam
2947 4118 3312 4174 obedientiam
3370 4133 3494 4173 cum
3549 4115 3806 4172 fidelibus

495 4222 620 4262 vare
650 4204 921 4275 poteritis,
955 4203 1000 4256 si
1033 4203 1410 4274 unusquisque
1441 4218 1550 4257 non
1605 4202 1846 4256 intendat
1875 4210 1930 4257 ut
1960 4203 2096 4258 alius
2205 4206 2557 4262 orationibus.

497 4293 659 4349 faciat
701 4309 851 4348 suam
898 4293 1249 4356 voluntatem,
1299 4291 1395 4346 sed
1444 4291 1564 4362 ipse
1604 4307 1836 4361 semper,
1883 4301 2096 4346 servata
2278 4294 2548 4363 Quoniam
2594 4293 2854 4349 fortitudo
2911 4302 2964 4349 et
3016 4295 3244 4350 directio
3300 4293 3666 4349 Ecclesiarum
3698 4291 3807 4348 Dei

497 4382 818 4440 rectitudine
849 4389 901 4436 et
929 4381 1204 4437 voluntate
1244 4380 1365 4447 Dei,
1409 4381 1634 4436 alterius
1690 4379 1868 4435 faveat
1896 4382 2089 4435 volun-
2127 4375 2176 4436 D
2205 4383 2462 4448 maxime,
2487 4391 2606 4452 post
2637 4383 2809 4438 Deum
2841 4383 3040 4454 pendet
3085 4400 3152 4438 ex
3182 4383 3496 4439 auctoritate
3549 4384 3802 4454 paterni-

1808 4506 2034 4561 VARIzE
2073 4507 2466 4564 LECTIONES
2480 4547 2492 4560 .

571 4603 778 4660 "’Cum
809 4604 997 4660 eodem
1027 4620 1131 4658 ms.
1159 4604 1392 4674 collata.
1455 4599 1812 4674 ""Voluntalr;
1844 4606 1902 4654 ut
1932 4603 2303 4674 unusquisque
2347 4620 2454 4659 ms.
2486 4601 2780 4669 voluntate,
2822 4605 3218 4674 unusquisque.
3285 4601 3636 4658 "‘Contentio
3667 4600 3802 4656 volo

505 4694 611 4733 ms.
647 4676 918 4730 contentio
974 4691 1129 4730 vero.
1201 4672 1488 4731 "’Collata
1520 4689 1647 4729 cum
1706 4672 1895 4728 eodem
1923 4690 2029 4729 ms.
2096 4672 2448 4729 “'Ahsclmus
2511 4675 2771 4729 Ecclesiae
2829 4672 3242 4730 Cantuar.ms.
3285 4674 3575 4730 Anselmus
3605 4688 3802 4728 servus

506 4747 761 4804 Ecclesiae
791 4745 1210 4803 Cantuariensis.

1680 4814 1983 4871 JOANNIS
2045 4817 2323 4872 PICARDI
2376 4815 2608 4871 NOTE.

496 4916 800 4972 humilitate
828 4916 1031 4969 sacrari
1069 4931 1126 4969 se
1175 4913 1431 4984 postulat,
1489 4911 1675 4984 inopia
1731 4911 2038 4984 adjutorum
2072 4928 2100 4965 a
2210 4911 2542 4984 futurorum,
2570 4919 2835 4984 servatum
2869 4911 2930 4966 iri
2955 4913 3233 4982 praccipio.
3266 4935 3286 4960 ι»
3324 4913 3412 4968 Sic
3445 4911 3801 4974 Lanfrancus,

502 4996 651 5043 tanto
682 5002 854 5059 regno
882 5001 990 5059 non
1019 4982 1260 5041 sacratus
1291 4983 1911 5059 abscedat._TerIninum
1941 4984 2096 5059 hujus
2209 4983 2296 5051 qui
2329 4989 2386 5059 et
2415 4982 2698 5059 proﬁtetur
2727 4983 2793 5036 ah
2835 4984 3161 5059 Eboracensi
3199 4984 3584 5059 archiprzesule
3633 4984 3804 5059 inun-

504 5053 923 5114 consecrationis
953 5056 1087 5110 lator
1133 5055 1480 5126 praesentium
1512 5054 1669 5126 vobis
1719 5054 1996 5126 indicabit.
2031 5055 2097 5108 Et
2207 5053 2419 5126 gendos
2449 5070 2571 5126 esse
2596 5054 2888 5126 episcopos
2923 5053 3217 5119 Orcadum,
3253 5056 3320 5108 ita
3354 5064 3533 5110 tamen
3563 5059 3617 5108 ut
3651 5055 3802 5126 Can-

504 5146 576 5185 ne
609 5130 748 5184 forte
779 5127 993 5182 solliciti
1025 5124 1158 5196 sitis,
1220 5133 1466 5195 putantes
1521 5125 1665 5194 quod
1721 5124 1806 5196 vel
1861 5124 1976 5196 ipse
2012 5127 2095 5180 vel
2207 5125 2493 5196 tuariensis
2527 5124 2727 5195 primas
2771 5126 2836 5178 ad
2878 5125 3221 5196 eumimittat
3260 5125 3397 5180 duos
3442 5125 3802 5194 comprovin-

505 5215 858 5256 successores
888 5199 1009 5267 ejus
1041 5194 1452 5254 hac'occasione
1503 5212 1665 5265 super
1697 5194 1962 5267 ecclesias
1997 5212 2094 5250 ve-
2205 5197 2381 5255 ciales
2405 5194 2708 5265 episeopos,
2773 5195 2860 5265 qui
2893 5195 2940 5248 ei
2967 5195 3148 5249 adsint
3203 5197 3270 5250 ad
3328 5197 3801 5266 inaugurationem

503 5280 642 5327 stras
665 5270 757 5339 jus
784 5266 1120 5338 praelationis
1159 5268 1486 5339 quandoque
1539 5274 1801 5339 conentur
1827 5266 2092 5339 arripere,
2206 5283 2419 5339 sacram
2454 5267 2818 5339 peragendam
2855 5283 2890 5339 ε-
2915 5283 3093 5338 neque
3122 5267 3192 5322 ob
3223 5283 3336 5339 rem
3370 5269 3470 5322 sibi
3503 5267 3674 5339 valeat
3706 5267 3801 5320 ali-

505 5336 707 5398 litteras
771 5336 907 5411 quas
987 5340 1102 5408 ipse
1176 5336 1305 5394 mihi
1386 5336 1693 5411 transmisit,
1781 5337 2094 5391 fraternitati
2207 5337 2335 5411 quid
2366 5336 2417 5389 in
2453 5355 2546 5392 eos
2571 5336 2709 5411 juris
2768 5336 3078 5411 vindicare.
3137 5338 3288 5393 Unde
3342 5349 3392 5394 et
3426 5342 3511 5393 hic
3553 5338 3799 5411 _'l'homas

506 5422 720 5477 vestras,
771 5408 1194 5468 sollicitudinem
1253 5411 1321 5464 de
1378 5410 1555 5462 futuro
1611 5424 1834 5481 gerens,
1892 5411 2096 5481 curavit
2207 5410 2293 5477 (ad
2321 5425 2480 5481 quem
2513 5409 2821 5477 Anselmus)
2879 5409 3134 5481 Epelesim
3189 5411 3418 5466 Scoticze
3449 5408 3796 5481 designatum

508 5485 897 5541 transmittere.
956 5483 1106 5552 Quas
1153 5491 1208 5537 et
1255 5482 1349 5535 has
1381 5481 1541 5552 (quas
1588 5478 1742 5552 vobis
1769 5479 2093 5552 transmitto)
2205 5479 2514 5551 pontiﬁcem
2547 5481 2758 5538 initiare
2791 5495 2896 5534 non
2922 5478 3166 5551 poterat.

503 5558 560 5614 in
590 5555 834 5615 archivis
869 5549 1218 5613 ecclesiarum
1277 5549 1592 5620 vestrarum,
1647 5549 1718 5606 ob
1775 5551 2094 5605 memoriam
