4036 6072
276 274 391 327 185

1558 283 1662 338 LIB
1697 280 1793 347 III,
1835 274 2066 333 EPIST.
2109 273 2301 330 CLIV.

3493 269 3594 323 186

274 398 418 453 tatis
447 407 664 470 vestrae,
693 404 920 475 quando
958 405 1094 461 ratio
1143 407 1328 479 exigit,
1374 407 1443 462 ad
1492 408 1610 477 ejus
1658 407 1886 460 libenter
1914 403 1966 463 A
1999 405 2123 469 post
2155 398 2526 461 Pentecosten,
2546 395 2755 450 litteras
2785 410 2885 464 per
2916 393 3245 449 Bernardum
3266 391 3595 479 servientem

275 489 627 546 recurrimus
657 493 914 547 auxilium
964 503 1013 548 et
1058 496 1371 550 consilium.
1427 496 1879 566 ArchiepiscOpus

274 574 671 646 Eboracensis,
727 582 1004 637 Gerardus
1058 585 1299 651 nomine,
1360 585 1609 658 migravit
1657 585 1724 638 de
1782 587 1882 639 hac

279 663 419 732 vita,
472 673 525 721 et
573 668 728 735 alius,
775 672 1015 725 Thomas
1063 673 1300 743 nomine,
1352 674 1470 729 loco
1519 675 1636 743 ejus
1681 674 1881 728 electus

274 760 397 806 est.
441 755 524 810 De
547 771 651 827 quo
672 774 856 812 rumor
886 768 970 813 est
991 761 1116 829 quia
1148 763 1404 832 qumritur
1434 763 1481 817 ei
1527 764 1752 833 pallium
1780 779 1879 815 an-

274 848 507 910 tequam
539 845 607 898 sit
637 856 990 904 consecratus
1017 854 1070 903 et
1099 851 1232 904 mihi
1275 850 1437 906 faciat
1481 852 1877 922 professionem

271 933 574 987 secundum
629 936 905 1007 antiquam
967 941 1414 994 consuetudinem
1473 949 1878 995 antecessorum

275 1035 531 1075 meorum
563 1029 616 1077 et
659 1040 906 1084 suorum.
949 1027 1072 1082 Haec
1104 1036 1185 1082 est
1213 1029 1380 1098 igitur
1406 1044 1614 1082 summa
1654 1045 1874 1098 precum

274 1123 520 1163 mearum
554 1111 608 1164 in
663 1113 766 1168 bac
821 1131 901 1182 re,
960 1123 1018 1169 ut
1072 1124 1359 1186 antequam
1403 1125 1765 1183 consecretur,
1826 1125 1878 1172 et

275 1197 413 1251 mibi
445 1198 685 1254 debitam
717 1202 1110 1270 obedientiam,
1140 1205 1278 1260 sicut
1308 1205 1444 1269 dixi,
1465 1205 1793 1276 profiteatur,
1828 1214 1878 1260 et

273 1284 386 1341 hoc
417 1286 618 1343 factum
649 1307 766 1344 esse
787 1291 980 1347 litteris
1006 1294 1203 1348 nostris
1241 1295 1605 1365 cognoscatis,
1639 1311 1669 1349 a
1703 1303 1878 1350 vestra

275 1374 602 1431 excellentia
635 1379 855 1448 pallium
890 1396 998 1435 non
1043 1381 1324 1452 suscipiat:
1349 1382 1506 1450 Quod
1541 1399 1646 1438 non
1678 1384 1878 1440 idcirco

273 1460 401 1516 dico
433 1465 578 1533 quod
600 1466 678 1520 illi
703 1466 922 1537 pallium
940 1469 1234 1536 invideam,
1257 1472 1352 1525 sed
1372 1473 1626 1542 quoniam
1659 1473 1878 1544 quidam

271 1553 580 1616 autumant,
636 1558 687 1606 et
740 1554 902 1607 etiam
961 1563 1276 1624 procurant,
1318 1564 1373 1610 ut
1427 1557 1470 1610 si
1511 1558 1673 1612 hoca
1723 1557 1878 1612 vobis

269 1648 594 1691 concessum
625 1639 802 1706 fuerit,
835 1641 1108 1697 confidant
1136 1660 1195 1698 se
1218 1644 1606 1714 professionem
1639 1645 1874 1700 debitam

270 1723 409 1816 mihi
441 1739 606 1816 posse
635 1727 938 1800 denegare.
978 1732 1034 1786 Si
1056 1733 1198 1786 enim
1229 1735 1333 1790 hoc
1362 1736 1662 1807 contingat,
1687 1735 1875 1790 scitote
1903 1756 1956 1816 Β

273 1813 404 1881 quia
435 1815 677 1871 Ecclesia
709 1820 926 1890 Anglite
956 1821 1320 1892 scinderetur;
1353 1831 1404 1877 et
1432 1824 1729 1879 secundum
1759 1841 1883 1878 sen-

273 1903 505 1957 tentiam
540 1906 776 1975 Domini,
809 1909 1035 1964 dicentis
1056 1926 1068 1965 :
1103 1914 1276 1968 Omne
1294 1929 1530 1983 regnum
1547 1913 1606 1967 in
1622 1929 1677 1968 se
1694 1915 1882 1985 ipsum

273 1990 550 2063 divisum,
568 1995 922 2064 desolobitur,
948 1999 1306 2065 desolaretur,
1328 2009 1378 2056 et
1399 2002 1550 2072 rigor
1569 2003 1882 2070 apostolicae

274 2079 584 2151 disciplinae
612 2084 670 2137 in
701 2100 765 2139 ea
795 2102 902 2141 non
942 2104 1131 2159 parum
1163 2089 1558 2144 debilitaretur.
1595 2089 1718 2162 Ego
1749 2107 1881 2162 quo-

276 2185 385 2238 que
414 2170 727 2227 nullatenus
755 2191 1091 2232 remanerem
1121 2179 1175 2231 in
1206 2179 1422 2251 Anglia.
1448 2179 1569 2233 Non
1601 2180 1744 2234 enim
1777 2181 1878 2236 de-

274 2255 472 2313 berem
501 2268 593 2315 aut
621 2277 840 2331 possem
871 2266 977 2335 pati
1006 2273 1082 2334 ut,
1110 2283 1197 2320 me
1224 2267 1275 2320 in
1306 2283 1370 2321 ea
1397 2268 1632 2335 vivente,
1667 2269 1878 2339 prima-

274 2354 366 2400 tus
421 2348 680 2404 Ecclesia:
740 2360 937 2408 nostra:
992 2353 1377 2409 destrueretur.
1427 2357 1542 2412 Hoc
1598 2356 1777 2427 ipsum
1826 2361 1880 2413 et

277 2435 477 2490 eodem
509 2437 704 2493 aﬂectu
736 2457 977 2513 suggero
1026 2444 1346 2499 reverentiae
1387 2449 1607 2506 vestrae.
1653 2446 1781 2516 quia
1810 2446 1878 2501 de

274 2523 649 2582 Londoniensi
670 2528 927 2600 episcopo
948 2531 1170 2602 pallium
1193 2533 1406 2603 petitur,
1441 2534 1583 2603 quod
1605 2550 1877 2604 nunquam

274 2609 490 2679 habuit,
523 2624 578 2669 ut
607 2616 819 2672 scilicet
850 2619 918 2673 ad
949 2621 1049 2676 hoc
1081 2620 1390 2676 nullatenus
1421 2639 1699 2678 assensum
1731 2639 1877 2692 prae-

275 2700 423 2756 beat.
446 2703 677 2771 Quidam
693 2722 924 2779 namque
946 2710 1383 2765 concinnantsub
1406 2712 1506 2765 hac
1525 2712 1704 2783 specie
1725 2712 1871 2782 boni,

274 2790 547 2861 primatus
576 2793 880 2852 Cantuariaz
910 2797 1230 2868 dignitatem
1261 2800 1743 2870 (quemadmodum
1767 2817 1873 2856 non

275 2881 517 2952 oportet)
549 2883 858 2939 humiliare.
891 2885 1011 2940 Misi
1041 2888 1310 2943 sanctitati
1344 2896 1536 2945 vestrm
1566 2891 1668 2944 hoc
1705 2905 1871 2956 anno,

1989 486 2196 541 domini
2259 487 2415 551 Petri,
2468 484 2751 539 camerarii
2803 483 2986 548 vestri,
3035 482 3179 554 quod
3232 497 3323 535 rex
3379 478 3596 551 Anglia

1989 574 2334 646 conqueritur
2363 574 2507 644 quod
2539 572 2819 626 sustinetis
2862 587 3048 642 regem
3083 568 3436 624 Teutonicum
3468 567 3596 621 dare

1989 661 2329 718 investituras
2363 661 2728 716 Ecclesiarum
2763 661 2886 714 sine
2921 656 3505 721 excommunicatione,
3541 661 3596 710 et

1987 747 2110 803 ideo
2141 749 2378 804 minatur
2405 765 2466 802 se
2498 749 2612 802 sine
2645 749 2815 803 dubio
2844 751 3246 815 resumpturum
3278 761 3404 799 suas
3436 744 3593 798 inve-

1989 834 2224 900 stituras,
2276 832 2527 902 quoniam
2587 832 2679 887 ille
2725 847 2853 886 suas
2907 839 3054 886 tenet
3099 831 3153 883 in
3206 846 3358 900 pace.
3405 828 3597 884 Videat

1988 922 2155 993 igitur
2201 921 2486 992 prudentia
2531 929 2716 976 vestra
2783 921 2899 974 sine
2966 919 3228 974 dilatione
3281 917 3408 986 quid
3465 917 3594 971 inde

1985 1021 2148 1076 agere
2177 1005 2446 1072 debeatis,
2481 1021 2569 1071 ne,
2604 1005 2747 1074 quod
2781 1013 2886 1058 tam
2917 1005 3060 1058 bene
3088 1001 3418 1066 zediticastis,
3451 1001 3592 1054 irre-

1985 1093 2370 1164 cuperabiliter
2401 1095 2731 1148 destruatur.
2764 1093 2883 1148 Rex
2917 1091 3060 1147 enim
3091 1095 3277 1145 noster
3306 1089 3594 1160 diligenter

1984 1181 2204 1251 inquirit
2233 1181 2362 1253 quid
2391 1183 2459 1238 de
2488 1183 2585 1237 illo
2612 1197 2744 1252 rege
2791 1180 3025 1234 faciatis.
3074 1178 3304 1233 Oramus
3335 1178 3508 1232 Deum
3537 1183 3595 1230 ut

1987 1285 2087 1326 nos
2118 1269 2352 1327 laetiﬁcet
2379 1271 2447 1326 de
2475 1271 2732 1325 diuturna
2761 1277 2937 1326 vestra
2967 1267 3347 1339 prosperitate.

2455 1394 2792 1450 EPISTOLA
2828 1393 2989 1449 CLIII
3017 1391 3104 1448 ⁶³⁴.

2324 1498 2623 1538 PASCHALIS
2653 1498 2803 1537 PAPE
2835 1498 2904 1536 AD
2921 1496 3220 1536 ANSELMUM
3235 1522 3248 1536 .

1987 1591 2339 1646 Prwcedenti
2371 1589 2668 1662 respondet
2703 1606 2760 1644 se
2790 1589 3125 1644 nullatenus
3158 1585 3437 1662 dignitati
3468 1586 3588 1645 eius

2054 1663 2323 1717 Ecclesia:
2351 1658 2774 1732 derogaturum,
2827 1676 2930 1714 nec
2974 1676 3212 1731 usquam
3258 1658 3524 1712 tolerasse
3559 1671 3594 1709 α

2057 1749 2185 1803 rege
2224 1735 2520 1789 Teutonico
2551 1733 2677 1787 dari
2706 1733 3096 1787 investituras.

2065 1851 2368 1906 PASCHALIS
2400 1853 2714 1922 episcopus,
2747 1867 2936 1905 servus
2967 1864 3244 1904 servorum
3275 1849 3396 1915 Dei,
3439 1845 3590 1901 fratri

1991 1942 2280 2005 ANSELMO,
2343 1941 2715 1995 Cantuariensi
2767 1938 3202 2009 archiepiscopo,
3261 1938 3484 1991 salutem
3541 1943 3595 1988 et

1992 2030 2346 2099 apostolicam
2369 2029 2830 2084 benedictionem.

2063 2117 2290 2173 Litteras
2320 2118 2624 2173 dilectionis
2667 2126 2772 2173 tua:
2819 2116 3141 2188 recepimus,
3192 2121 3295 2170 etc.
3350 2111 3482 2168 Vide
3527 2112 3590 2166 in

1990 2207 2251 2262 Paschali
2285 2207 2339 2261 II
2366 2207 2439 2262 ad
2474 2224 2576 2262 an.
2621 2210 2782 2261 1118.

2511 2331 2851 2386 EPISTOLA
2891 2329 3071 2385 CLIV.

2096 2453 2340 2492 ANSELMI
2370 2453 2441 2492 AD
2471 2453 2806 2493 “'ILLELMUM
2835 2452 3086 2492 ΑΒΒΑΤΕΜ
3115 2448 3469 2490 BECCENSEM.

1997 2536 2122 2591 Vota
2145 2529 2481 2606 nuncupata
2503 2539 2641 2590 ante
2677 2537 3053 2591 monasticam
3091 2532 3496 2605 professionem
3521 2530 3587 2584 in

2331 2609 2558 2678 praelati
2578 2613 2816 2662 manent
2847 2606 3232 2678 dispositione.

2057 2720 2365 2769 ANSELuus
2396 2713 2694 2780 Beccensis,
2719 2713 2883 2767 modo
2902 2712 3148 2766 minister
3165 2709 3425 2765 Ecclesiae
3442 2709 3583 2762 Can-

1985 2803 2294 2866 tuariensis,
2345 2802 2546 2857 dilecto
2605 2802 2852 2858 dilectori
2900 2817 2998 2856 suo
3045 2798 3345 2856 reverendo
3404 2796 3582 2852 abbati

1985 2893 2305 2945 WiLLELuo
2333 2892 2446 2962 (36)
2479 2891 2760 2958 Beccensi,
2791 2891 3038 2945 salutem.

1591 2987 1818 3042 VARIIE
1848 2988 2258 3044 LECTIONES.

1503 3128 1799 3184 JOANNIS
1832 3129 2112 3185 PICARDI
2141 3131 2372 3186 ΝΟΤίΕ.
2435 3177 2438 3180 .

350 3220 466 3294 (ξε)
515 3223 830 3280 Reverendo
866 3225 1056 3280 abbati
1112 3225 1419 3292 Willelmo,
1470 3234 1579 3280 etc.
1633 3225 1730 3280 Ille
1763 3226 2205 3294 ipseCmannia
2248 3228 2513 3284 excitatos
2586 3229 2868 3292 Henricus,
2927 3226 3089 3282 Nothi
3147 3225 3287 3279 filius
3346 3234 3394 3279 et
3455 3240 3576 3290 rex,

351 3046 415 3078 "‘
451 3052 587 3108 Cum
615 3053 808 3111 eodem
836 3071 946 3111 ms.
981 3056 1216 3112 collata.

278 3289 613 3364 W’illelmus,
657 3294 812 3349 Becci
877 3295 1069 3350 tertius
1117 3289 1564 3361 archimandrita,
1609 3298 1675 3351 de
1719 3289 1872 3364 cujus

275 3360 840 3437 electionescribitur
885 3366 1047 3435 epist.
1087 3371 1138 3431 8,
1173 3383 1353 3437 supra,
1389 3369 1454 3422 ad
1489 3360 1648 3437 quem
1678 3360 1871 3422 recen-

276 3432 488 3514 animus
517 3434 761 3505 ejusdem
791 3432 1058 3514 VYillelmi
1078 3432 1327 3514 natales,
1345 3432 1651 3514 pueritiam
1669 3449 1721 3494 et
1744 3455 1874 3514 mo-

275 3504 713 3572 nachismum,et
743 3509 960 3577 quidem
977 3526 1044 3563 ex
1077 3504 1655 3579 Beccensi'ms.,quod
1687 3511 1876 3564 etiam-

275 3590 409 3628 num
470 3579 835 3648 suppeditabit
901 3580 955 3633 in
1005 3581 1288 3635 materiam
1350 3581 1527 3635 brevis
1573 3588 1624 3635 et
1670 3590 1874 3648 apertae

275 3647 608 3702 narrationis
638 3649 705 3703 de
737 3650 855 3718 ejus
884 3649 1116 3715 interitu,
1153 3660 1208 3704 ut
1239 3651 1394 3719 cujus
1445 3660 1624 3705 sancta
1657 3647 1872 3706 felicia-

277 3732 383 3793 que
416 3719 712 3793 primordia
743 3721 852 3775 illic
891 3723 1265 3793 exposuimus,
1309 3724 1398 3776 hic
1427 3722 1740 3785 feliciorem,
1772 3725 1873 3777 etsi

276 3789 642 3863 Beccensibus
701 3789 1006 3863 lugubrem,
1082 3794 1325 3848 dicamus
1381 3794 1628 3861 ejusdem
1687 3795 1870 3848 finem.

276 3860 456 3941 Anno
479 3861 739 3916 vicesimo
759 3860 851 3941 sui
883 3865 1158 3941 muneris,_
1181 3881 1366 3919 mense
1415 3860 1739 3941 Septembri,
1773 3866 1871 3920 de-

278 3931 410 3984 cidit
443 3932 494 3984 in
521 3935 963 4006 aegrotationem,
997 3953 1116 4006 qua:
1146 3936 1287 3990 lente
1318 3931 1521 3990 seniles
1551 3945 1706 3990 artus
1728 3931 1875 3990 icon-

274 4017 502 4076 sumens
545 4005 764 4060 vitalem
805 4005 926 4074 ejus
975 4005 1196 4061 mortem
1239 4009 1555 4076 prorogavit
1602 4008 1666 4061 ad
1719 4006 1872 4062 inse-

279 4075 500 4148 quentis
531 4075 655 4129 anni
686 4093 933 4131 mensem
979 4075 1257 4132 Martium.
1298 4075 1432 4132 Tum
1481 4078 1626 4132 enim
1659 4079 1875 4148 gravior

277 4144 447 4220 solito
478 4154 527 4220 et
557 4148 978 4220 potentiorieum
1029 4149 1169 4203 lecto
1219 4149 1407 4203 fortius
1451 4165 1613 4220 quam
1646 4144 1871 4204 Prome-

273 4215 736 4300 tlteurn'Caucaso
758 4219 1020 4300 alligavit.
1052 4222 1200 4300 I‘nter
1239 4221 1352 4300 hac
1397 4215 1661 4300 Ricardus
1700 4221 1871 4275 abbas

273 4285 628 4361 Entellensis
653 4285 888 4361 ccenobii
921 4289 1088 4361 (quod
1133 4291 1398 4360 Rogerius
1443 4292 1871 4346 Bellomontanus

274 4357 536 4413 Hunfridi
585 4360 728 4414 titius
777 4357 1056 4416 constituit
1115 4361 1165 4415 in
1209 4357 1375 4416 fundo
1425 4377 1550 4424 suo,
1600 4364 1680 4417 sic
1727 4364 1869 4418 enim

275 4429 594 4497 scrupulose
625 4431 910 4487 Guillelm.
952 4433 1218 4488 Gemmet.
1253 4433 1347 4486 lib.
1382 4447 1474 4495 vn,
1510 4434 1711 4487 Hister.
1752 4435 1869 4487 Du-

275 4514 397 4554 cum
430 4500 720 4567 Norman.,
751 4519 877 4567 cap.
913 4507 1003 4566 22,
1037 4503 1372 4573 observavit)
1393 4504 1620 4559 convisit
1648 4505 1867 4560 Willel-

273 4586 454 4638 mum,
501 4587 566 4627 ac
612 4588 739 4627 mox
785 4576 1087 4630 Beccenses
1147 4575 1364 4630 fratres.

276 4642 766 4708 obsecrationibus,
799 4652 851 4700 et
881 4647 1249 4702 ecclesiastico
1272 4646 1569 4701 chrismate
1587 4646 1873 4701 roboratus

282 4720 366 4787 est
398 4712 742 4787 W_illelmus.
789 4718 928 4770 Boso
975 4726 1176 4780 autem,
1233 4719 1387 4787 prior
1433 4717 1712 4771 Beccensis
1744 4719 1870 4783 (jam

278 4783 758 4864 enimOBaldricus,
792 4788 859 4864 ad
892 4804 1052 4858 quem
1067 4783 1452 4864 _su_gt_:ep_istol.
1485 4791 1518 4843 7
1541 4791 1660 4854 et8,
1681 4804 1868 4864 supra,

275 4871 306 4909 e
332 4856 475 4926 vivis
505 4860 865 4926 excesserat),
899 4856 1104 4913 monuit
1131 4856 1471 4915 Willelmum
1504 4867 1560 4913 ut
1589 4856 1872 4914 moribun-

275 4926 379 5010 dus
409 4925 532 5010 filiis
559 4925 833 5010 caelestem
867 4930 1156 5010 quamdam
1178 4930 1386 5002 legaret
1416 4929 1867 5010 benedictionem.

275 4997 471 5071 Erecta
503 4999 670 5071 igitur
695 5015 856 5054 manu
886 4997 993 5054 illis
1011 5001 1148 5055 bene
1180 4997 1428 5071 pr'ecatus
1445 5001 1613 5055 dixit:
1643 5023 1663 5049 ‹ι
1682 5003 1870 5056 Amate

275 5069 624 5124 claustralem
653 5071 841 5136 vitam,
875 5071 1000 5140 quia
1033 5069 1308 5142 reparatio
1330 5081 1406 5126 est
1435 5072 1638 5128 ordinis
1665 5072 1867 5134 nOstri;

275 5147 331 5194 et
385 5154 495 5193 non
553 5142 810 5210 quaeratis
881 5143 1085 5197 habere
1142 5143 1478 5198 obedientias
1535 5143 1588 5196 in
1645 5144 1864 5208 saeculo,

276 5211 532 5283 quoniam
590 5212 644 5264 in
708 5213 786 5266 eis
843 5215 995 5267 multi
1050 5214 1284 5283 perdunt
1341 5215 1549 5268 animas
1606 5229 1756 5278 suas,
1816 5221 1868 5268 et

277 5282 603 5355 quantocius
633 5283 884 5355 abbatem
916 5282 1119 5354 eligite,
1154 5285 1277 5355 quia
1297 5301 1401 5340 non
1433 5292 1512 5339 est
1542 5285 1739 5339 bonum
1762 5286 1867 5339 tale

277 5352 692 5428 Opusditl‘erre.
730 5376 752 5402 ι»
788 5354 914 5409 Herc
947 5352 1103 5423 fatus,
1145 5352 1347 5410 obnixe
1393 5356 1605 5428 rogavit
1647 5371 1742 5411 eos
1771 5372 1868 5410 suo

279 5423 500 5504 nomine
552 5424 778 5506 fundere
817 5435 962 5481 vota.
1010 5428 1142 5506 Erat
1188 5429 1331 5506 enim
1381 5423 1491 5506 prd
1509 5443 1682 5493 more,
1734 5432 1792 5481 ut
1823 5428 1868 5482 si

276 5499 587 5574 quempiam
619 5499 794 5574 virum
822 5505 1004 5574 nosset
1034 5499 1406 5574 integerrima:
1442 5499 1582 5574 vitai,
1608 5513 1868 5574 commu-

275 5568 495 5641 nionem
527 5568 900 5636 precationum
931 5569 1184 5640 ejusdem
1223 5569 1450 5641 cupidus
1478 5569 1721 5625 ambiret.
1758 5570 1869 5626 Sub

273 5636 390 5693 hac
418 5646 641 5712 prepter
681 5636 996 5712 repentinos
1036 5636 1307 5697 tumultus'
1323 5641 1532 5717 aliquot
1561 5641 1616 5696 in
1659 5642 1868 5698 North-

1982 3299 2261 3354 advolarat
2337 3316 2398 3354 ex
2458 3299 2708 3369 Anglia;
2773 3299 2952 3369 isque,
2993 3297 3302 3365 paschalem
3368 3294 3581 3369 circiter

1979 3370 2382 3424 solemnitatem
2415 3365 2569 3425 venit
2591 3365 2956 3431 Beccum,'ubi
2987 3370 3290 3421 Beccenses
3332 3365 3573 3419 nonnulli

1980 3443 2028 3494 ei
2073 3443 2442 3509 supplicarunt
2490 3446 2549 3494 ut
2598 3442 2652 3494 in
2700 3440 2937 3493 morituri
2991 3439 3171 3493 locum
3229 3436 3574 3509 sufficeretur

1982 3506 2244 3582 quispiam
2278 3513 2586 3566 Beccensis.
2618 3512 2674 3565 ld
2699 3520 2755 3565 ut
2776 3511 3037 3566 Willelmi
3057 3508 3282 3582 auribus
3311 3506 3572 3570 insonuit,

1981 3581 2122 3636 cavit
2169 3599 2237 3637 ne
2294 3600 2446 3636 suam
2501 3591 2746 3638 exoraret
2803 3583 3011 3637 sedem.
3061 3581 3322 3635 Henricus
3369 3586 3570 3642 autem,

1979 3654 2193 3725 cognita
2239 3654 2498 3708 Willelmi
2541 3653 2931 3725 invaletudine,
2982 3649 3568 3725 perhumaneginvisit,

1981 3721 2210 3795 eumque
2239 3726 2520 3792 alloquens
2569 3725 2717 3779 humi
2748 3721 3025 3778 residebat
3053 3739 3154 3793 pro
3204 3721 3439 3795 hominis
3469 3721 3570 3795 ob:

1981 3791 2272 3851 servantia.
2345 3791 2652 3850 Willelmus
2713 3804 2923 3859 contra,
2979 3791 3155 3849 futuro
3200 3794 3280 3849 sui
3337 3791 3574 3848 (πεηοῦἰί

1981 3867 2321 3937 prospiciens
2359 3867 2536 3933 statui,
2605 3867 2929 3938 supplicavit
2971 3865 3215 3938 Henrico
3261 3873 3318 3919 ut
3376 3878 3573 3918 mona-

1980 3936 2146 3991 chum
2176 3938 2368 3992 mediae
2396 3938 2566 3993 atatis
2595 3945 2646 3991 et
2670 3936 3011 4008 integrioris
3056 3936 3175 3990 vitae
3235 3941 3576 4008 praeponeret

1983 4010 2183 4063 Becco.
2203 4029 2225 4058 ι
2261 4008 2435 4076 Quem
2459 4032 2480 4056 ιι
2513 4009 2725 4078 inquit?
2756 4009 3070 4062 Willelmus
3095 4015 3284 4062 contra
3307 4026 3318 4060 :
3345 4029 3366 4053 υ
3390 4007 3575 4078 Eccle-

1981 4080 2210 4133 siastica:
2241 4075 2553 4134 sanctiones
2582 4075 2852 4133 universis
2897 4078 3225 4132 interdicunt
3269 4075 3573 4146 praepositis

1980 4151 2246 4206 electione
2302 4149 2656 4206 successoris.
2710 4172 2731 4196 ιι
2779 4150 3000 4203 Dixerat
3048 4150 3186 4212 haec,
3237 4152 3292 4202 et
3343 4147 3575 4202 dicentis

1979 4222 2261 4276 dexteram
2316 4222 2397 4275 ori
2438 4219 2716 4290 oculisque
2754 4235 2846 4273 rex
2896 4219 3157 4272 admovit.
3202 4217 3569 4286 Quamobrem

1983 4293 2170 4347 fratres
2200 4293 2439 4362 psalmos
2487 4292 2671 4361 legere
2704 4290 3118 4362 pmnitentiales,
3149 4298 3572 4362 sanctorumque

1977 4361 2236 4428 litaniam,
2299 4366 2438 4417 inter
2495 4379 2618 4434 quae
2665 4362 2900 4434 animam
2950 4361 3243 4434 exhalavit.
3289 4361 3442 4434 ‘Mox
3474 4375 3571 4429 pro

1979 4451 2128 4489 more
2158 4435 2390 4490 cadaver
2420 4430 2589 4488 sacris
2634 4433 2879 4487 indutum
2930 4431 3170 4485 vestibus
3199 4431 3252 4485 in
3289 4430 3570 4484 basilicam

1976 4506 2237 4566 delatum,
2265 4521 2450 4560 coram
2490 4503 2730 4558 maxima
2773 4503 3096 4558 collocatum
3129 4510 3208 4558 est
3242 4518 3351 4566 ara,
3386 4517 3493 4572 quo
3517 4510 3570 4555 et

1446 4576 1591 4630 Tunc
1651 4591 1778 4630 vero
1821 4580 1952 4640 etD
1985 4576 2239 4631 monachi
2290 4583 2346 4631 et
2402 4575 2527 4630 laici
2583 4574 3009 4644 convicaneique
3059 4573 3320 4644 lugubres
3375 4571 3571 4644 facturi

1982 4664 2171 4719 preces
2204 4647 2558 4702 ventilabam.
2586 4645 2698 4719 Sed
2724 4653 2778 4699 et
2797 4643 3392 4719 rex,’quemsupremo
3431 4643 3575 4698 hali-

1982 4715 2185 4774 tantem
2213 4719 2412 4772 viserat
2451 4716 2599 4771 omni
2642 4723 2923 4770 carautcm
2962 4716 3156 4786 spiritu
3206 4715 3460 4786 dignatus
3489 4722 3576 4770 est

1981 4805 2237 4859 suprema
2266 4787 2588 4843 visitatione.
2625 4788 2834 4841 Praeter
2890 4786 3061 4859 illum,
3101 4801 3296 4859 novem
3325 4786 3570 4851 abbatcs,

1981 4857 2300 4916 clericorum
2378 4860 2879 4926 monachorumque
2936 4857 3091 4911 turba
3155 4857 3461 4922 innumera,
3522 4864 3577 4912 et

1979 4932 2118 4986 inter
2146 4933 2247 4985 hos
2280 4930 2585 5000 praecipuus
2615 4929 2762 4984 venit
2791 4931 2944 4983 Joan.
2985 4928 3398 4984 Lexoviensium
3430 4944 3574 4999 pon—

1981 5003 2136 5064 tifex,
2171 5003 2261 5072 qui
2296 5009 2348 5056 et
2377 5015 2635 5070 suprema
2682 5000 2940 5072 defuncto
2981 5000 3237 5072 persolvit
3263 5000 3526 5069 obsequia
3555 5015 3568 5054 :

1980 5071 2353 5128 mendic’orum
2385 5087 2601 5142 quoque
2627 5087 2735 5126 non
2752 5071 2927 5126 defuit
2947 5071 3248 5134 multitudo,
3273 5073 3324 5124 in
3347 5087 3572 5142 quorum

1980 5145 2210 5214 gratiam
2269 5141 2617 5214 defunctique
2669 5159 2828 5212 opem
2888 5141 3053 5196 biduo
3095 5150 3202 5214 tam
3249 5142 3419 5214 largae
3448 5141 3570 5197 fue-

1976 5213 2099 5269 runt
2129 5214 2493 5284 eleemosynaa
2521 5213 2836 5278 distributa},
2856 5214 3104 5268 utnullus
3135 5213 3311 5267 inanis
3329 5213 3570 5268 redierit.

1977 5288 2189 5340 Interea
2244 5283 2506 5341 Will’elmi
2555 5285 2790 5340 cadaver
2863 5283 3198 5338 inhumatum
3258 5283 3311 5337 in
3367 5284 3575 5339 exedra

1977 5357 2278 5427 capitulari,
2311 5358 2377 5410 ad
2409 5358 2690 5411 dexteram
2721 5355 2959 5427 Hcrluini
2991 5355 3311 5411 fundatoris.
3347 5356 3570 5409 \Nillel-

1979 5426 2098 5482 mus
2154 5435 2335 5482 autem
2391 5444 2535 5482 anno
2583 5426 2764 5482 aetatis
2819 5441 2958 5495 XXV,
3026 5427 3182 5481 Becci
3243 5429 3572 5480 monachum

1978 5499 2253 5571 professus
2273 5507 2369 5571 est,
2396 5499 2892 5571 quindecimannis
2921 5497 3161 5566 privatus
3191 5496 3390 5550 ibidem
3420 5497 3570 5563 vixit,

1978 5568 2202 5642 triginta
2232 5577 2284 5626 et
2308 5570 2536 5626 dimidio
2582 5569 2816 5641 praefuit,
2848 5568 3038 5639 sicque
3067 5583 3178 5622 Lxx
3211 5571 3365 5622 natus
3399 5581 3570 5624 annos
