4024 6078
483 283 590 341 1⁷87

1049 281 1107 341 S.
1138 283 1445 340 ANSELMI
1476 279 1826 338 CANTUAR.
1858 276 2184 334 ARCHIEP.
2215 276 2367 334 OPP.
2403 277 2575 334 PARS
2609 277 2704 332 IlI.
2737 308 2808 321 —-
2837 273 3218 333 EPISTOLE.

3680 281 3788 334 188

551 411 634 466 De
662 415 788 466 voto
827 407 1078 466 monachi
1123 408 1193 463 de
1230 423 1345 479 quo
1391 413 1634 462 nostrum
1677 403 1840 460 vultis
1875 402 2067 458 audire
2094 402 2149 468 Α
2177 402 2329 473 scopi
2359 401 2663 473 exantiqua
2683 410 3103 457 antecessorum
3128 400 3528 458 consuetudine
3549 399 3793 473 professi

479 499 789 566 consilium,
816 499 906 569 qui
928 507 1214 567 antequam
1244 496 1313 551 ad
1358 502 1602 550 nostrum
1632 493 1881 550 ordinem
1912 491 2072 546 veni-

479 596 583 655 ret,
615 587 769 644 vovit
820 604 878 643 se
918 602 1190 657 nunquam
1242 584 1473 655 amplius
1520 584 1703 638 vinum
1756 581 2070 645 bibiturum,

476 678 580 733 hoc
609 677 738 732 mihi
767 676 981 733 videtur
1012 689 1130 729 esse
1161 672 1466 728 faciendum
1514 672 1660 743 quod
1696 670 1755 725 ﬁt
1783 687 1814 725 a
1845 669 2073 738 majori-

476 766 579 821 bus
609 765 776 821 nostri
802 764 1037 829 ordinis,
1069 768 1125 817 et
1144 761 1379 816 maxime
1409 761 1554 833 apud
1586 758 2077 823 Cluniacum,vide-

476 854 603 910 licet
629 861 688 908 ut
717 851 1025 922 hujusmodi
1046 858 1194 917 vota,
1227 867 1346 921 qua:
1387 850 1522 905 fiunt
1564 850 1681 904 sine
1711 848 2077 920 promissione

478 942 608 999 fidei
640 948 694 998 et
721 948 1085 1007 sacramento,
1130 940 1192 1013 in
1241 947 1370 997 voto
1416 938 1722 995 monachiei
1762 936 1991 1002 ordinis,
2022 936 2079 989 in

476 1044 584 1102 quo
614 1031 777 1085 homo
805 1029 1069 1101 quidquid
1100 1028 1167 1083 ad
1198 1044 1259 1083 se
1285 1027 1521 1099 pertinet
1549 1035 1602 1081 et
1631 1026 1872 1097 seipsum
1904 1032 2077 1079 totum

478 1121 595 1175 Deo
623 1116 801 1184 oﬂert,
817 1117 1131 1187 judicentur
1166 1132 1285 1173 esse
1313 1116 1601 1187 completa,
1626 1123 1677 1170 et
1706 1115 1777 1169 sit
1805 1114 1862 1168 in
1891 1114 2079 1184 dispo-

480 1208 675 1262 sitione
705 1207 910 1277 praelati
939 1207 1023 1261 vel
1053 1222 1118 1262 ea
1146 1221 1371 1262 servare
1401 1204 1798 1260 rationabiliter
1835 1203 1920 1259 vel
1953 1218 2079 1257 mu-

484 1304 617 1352 tare.
660 1297 770 1352 Vos
799 1304 981 1350 autem
1032 1295 1157 1351 huic
1198 1296 1491 1361 monacho,
1550 1294 1618 1348 de
1648 1308 1758 1363 quo
1789 1291 2080 1364 loquimur,

483 1384 732 1456 potestis,
766 1383 814 1438 si
843 1384 1040 1455 placet,
1073 1384 1144 1438 ad
1174 1392 1385 1453 tempus
1413 1381 1719 1439 concedere
1739 1389 1799 1436 ut
1826 1380 1971 1453 quod
1996 1380 2083 1434 in-

487 1472 655 1543 cmpit
681 1471 862 1527 faciat.
896 1472 1051 1541 Quod
1071 1473 1115 1528 si
1146 1471 1364 1546 quando
1394 1469 1766 1525 intellexeritis
1788 1484 1896 1524 non
1913 1483 2103 1539 expe-_

491 1560 630 1630 dire,
672 1560 950 1632 praecipita
994 1560 1074 1615 illi
1120 1567 1179 1616 ut
1221 1559 1386 1617 faciat
1432 1557 1663 1615 ﬁdenter
1706 1557 1850 1630 quod
1880 1556 2087 1614 faciunt

492 1649 858 1706 communiter
884 1650 1113 1705 fratres.

967 1755 1304 1812 EPISTOLA
1335 1757 1465 1812 CLV
1492 1754 1623 1810 ⁶¹⁵·⁸.

518 1857 759 1899 ANSBLUI
789 1859 859 1898 AD
886 1859 1118 1900 THOMAM
1138 1860 1614 1900 ARCHIEPISCOPUM
1640 1857 2058 1900 RBOBACENSEM.

503 1934 785 1992 Universis
812 1934 1218 2006 archiepiscopi
1246 1935 1461 1990 muniis
1477 1934 1775 1991 interdicit
1796 1935 1929 2006 ante
1959 1945 2089 2002 pro-

655 2005 894 2060 missum
923 2005 1030 2061 sibi
1058 2004 1398 2073 ﬁdelitatem
1422 2022 1521 2078 pro
1553 2021 1704 2061 more
1735 2004 1932 2059 veteri.

569 2093 906 2162 ANSELMUS,
937 2110 1126 2152 servus
1156 2094 1421 2150 Ecclesiae
1441 2092 2090 2157 Cantuariensis,Tnon£

497 2182 907 2253 archiepiscopo
920 2224 933 2239 .

567 2270 706 2338 Tibi,
739 2272 961 2339 Thoma,
993 2272 1048 2327 in
1080 2279 1377 2344 conspectu
1416 2272 1527 2343 (37)
1558 2268 1941 2340 omnipotentis
1967 2267 2084 2334 Dei,

496 2374 602 2430 ego
648 2359 946 2416 Anselmus
987 2361 1434 2433 archiepiscopus
1478 2358 1898 2425 Cantuariensis,
1925 2359 2087 2413 totius

497 2433 664 2500 422
697 2446 985 2502 Britanniae
1038 2447 1261 2517 primas,
1312 2447 1506 2519 loquor
1543 2445 1774 2516 loquens
1821 2459 1890 2498 ex
1937 2449 2089 2514 parte

498 2536 670 2609 ipsius
708 2536 842 2603 Dei;
873 2536 1208 2591 sacerdotale
1238 2534 1495 2604 ofﬁcium,
1520 2534 1664 2605 quod
1705 2548 1828 2588 meo
1852 2533 2007 2602 jussu
2034 2532 2090 2584 in

497 2625 742 2696 parmcia
770 2622 835 2652 ⁸⁸⁷
861 2640 983 2680 mea
1011 2641 1110 2695 per
1130 2623 1540 2696 suffraganeum
1570 2638 1752 2678 meum
1776 2620 2084 2692 suscepisti,

499 2714 597 2770 tibi
645 2713 904 2769 interdico
946 2720 1113 2782 atque
1159 2713 1418 2784 praecipio
1450 2729 1516 2767 ne
1564 2712 1632 2766 de
1663 2716 1715 2766 te
1754 2711 1931 2780 aliqua
1962 2724 2089 2763 cura

499 2802 764 2875 pastorali
790 2802 900 2858 ullo
929 2801 1092 2857 modo
1120 2817 1417 2872 praesumus
1444 2801 1820 2868 intromittere,
1854 2799 2025 2853 donec
2057 2812 2091 2851 a

500 2890 824 2960 rebellione,
857 2907 1022 2962 quam
1061 2893 1253 2946 contra
1301 2889 1601 2946 Ecclesium
1642 2887 2089 2943 Cantuariensem

498 2979 790 3051 incoepisti,
820 2979 1091 3045 discedas,
1125 2986 1179 3034 et
1202 2979 1251 3034 ei
1287 2978 1682 3048 subjectionem
1727 2992 1888 3047 quam
1930 2982 2089 3030 ante-

495 3084 740 3127 cessores
770 3068 863 3135 tui,
895 3068 1131 3124 Thomas
1159 3067 1411 3127 videlicet
1438 3066 1785 3123 etGerardus
1815 3064 2091 3135 archiepi-

2115 1761 2167 1823 Β

2181 495 2326 561 sunt,
2359 490 2686 562 proﬁtearis.
2720 490 2876 559 Quod
2910 491 2958 544 si
2993 490 3046 544 in
3083 491 3163 544 his
3213 506 3333 560 quae
3367 490 3579 561 coepisti
3613 490 3795 563 magis

2182 596 2529 651 perseverare
2554 594 2716 651 quam
2748 579 2816 632 ab
2847 578 2911 632 iis
2928 578 3192 633 desistere
3210 578 3507 651 delegeris,
3527 578 3792 634 omnibus

2184 668 2454 739 episc0pis
2486 668 2643 722 totius
2676 668 2965 723 Britanniae
2991 666 3053 695 ‘”
3099 668 3199 722 sub
3245 676 3505 738 perpetuo
3553 667 3791 722 anathe-

2183 765 2327 812 mate
2356 756 2621 812 interdico
2651 773 2719 811 ne
2747 756 2843 810 tibi
2888 757 3027 811 ullus
3065 772 3253 813 eorum
3297 772 3491 811 manus
3537 756 3607 811 ad
3653 771 3792 827 pro-

2184 846 2482 903 motionem
2530 844 2876 916 pontiﬁcatus
2917 845 3193 916 imponat;
3228 844 3313 900 vel
3345 845 3392 898 si
3435 844 3504 900 ab
3551 845 3791 900 externis

2184 943 2468 1008 promotus
2499 934 2678 1004 fueris,
2705 952 2771 989 ne
2794 950 2895 1007 pro
2925 935 3185 1005 episcopo
3216 934 3301 989 vel
3329 934 3383 988 in
3414 934 3600 1004 aliqua
3633 934 3790 989 Chri-

2187 1027 2363 1081 stiana
2393 1023 2773 1081 communione
2816 1032 2868 1079 te
2911 1025 3212 1095 suscipiant
3239 1022 3322 1078 °”.
3373 1023 3494 1077 Tibi
3542 1039 3786 1095 quoque,

2188 1116 2415 1181 Thoma,
2449 1114 2548 1168 sub
2579 1113 2773 1168 eodem
2802 1114 3145 1168 anathemate
3174 1129 3240 1168 ex
3285 1120 3438 1183 parte
3477 1112 3578 1167 Dei
3608 1112 3785 1167 inter—-

2190 1203 2312 1258 dico
2342 1211 2398 1257 ut
2426 1219 2699 1273 nunquam
2732 1202 3163 1258 benedictionem
3182 1202 3532 1271 episcopatus
3564 1202 3787 1257 Ebora-

2190 1292 2373 1348 censis
2434 1291 2717 1361 suseipias,
2779 1292 2884 1346 nisi
2948 1291 3098 1362 prius
3154 1290 3567 1362 professionem,
3622 1306 3794 1359 quam

2193 1388 2568 1436 antecessores
2599 1380 2674 1434 tui
2703 1381 2936 1435 Thomas
2974 1388 3029 1441 et
3055 1379 3326 1435 Girardus
3355 1378 3615 1433 Ecclesiae
3646 1379 3796 1433 Can-

2193 1468 2454 1524 tuariensi
2504 1469 2765 1533 fecerunt,
2815 1468 3011 1525 facias.
3072 1469 3129 1523 Si
3183 1472 3365 1523 autem
3420 1467 3797 1539 episeOpatum

2192 1558 2600 1614 Eboracensem
2640 1573 2708 1613 ex
2752 1564 2866 1613 toto
2904 1555 3196 1622 dimiseris,
3243 1554 3484 1611 concedo
3530 1563 3586 1609 ut
3620 1553 3801 1610 oﬂicio

2195 1646 2547 1715 sacerdotali,
2583 1646 2727 1718 quod
2751 1645 2870 1716 jam
2900 1645 3183 1716 suscepisti
3208 1643 3294 1711 “°,
3327 1644 3517 1699 utaris.

2654 1762 2985 1819 EPISTOLA
3040 1760 3197 1817 CLVI
3226 1760 3309 1816 ⁸⁸³.

2196 1866 2435 1907 ANSBLMI
2463 1865 2532 1905 AD
2560 1864 2901 1907 “’ILLELMUM
2916 1864 3171 1906 ΑΒΒΑΤΒΜ
3187 1864 3257 1905 ET
3271 1861 3796 1905 GONGREGATIONBH

2822 1936 3161 1977 BECCENSEM.

2199 2012 2276 2069 Se
2303 2013 2455 2068 nihil
2485 2011 2686 2067 habere
2718 2012 2837 2067 illis
2873 2012 3532 2083 antiquius-pearumque
3571 2010 3795 2065 oblitu-

2394 2099 2523 2139 rum
2549 2099 2663 2139 non
2694 2099 2839 2148 esse,
2873 2084 2991 2137 nisi
3013 2081 3149 2138 cum
3181 2081 3410 2138 desierit
3440 2081 3578 2137 esse.

2267 2172 2517 2228 Dominis
2547 2180 2599 2226 et
2626 2170 2879 2225 fratribus
2909 2170 3241 2226 charissimis
3284 2178 3338 2226 et
3381 2168 3792 2226 desideratissi-

2197 2262 2300 2317 mis
2331 2262 2532 2316 domno
2560 2259 2625 2288 ⁶³²
2657 2260 2844 2315 abbati
2873 2262 3210 2327 WILLELMO,
3234 2267 3287 2314 et
3315 2269 3517 2315 sanetae
3545 2274 3792 2329 congre-

2196 2350 2406 2424 gationi
2455 2348 2735 2415 Beccensi,
2795 2348 2896 2403 sub
2965 2348 3057 2403 illo
3108 2349 3223 2403 Deo
3292 2347 3568 2414 servienti,
3631 2347 3799 2402 frater

2195 2444 2512 2506 ANSELuus,
2561 2439 2733 2494 dictus
2776 2436 3247 2509 archiepiscopus,
3291 2450 3525 2507 superna
3571 2452 3800 2507 semper

2197 2530 2375 2601 gratia
2421 2536 2474 2584 et
2517 2527 2897 2583 benedictione
2929 2526 2996 2581 ad
3032 2526 3174 2581 bona
3205 2541 3422 2597 semper
3451 2524 3633 2596 dirigi,
3680 2530 3736 2581 et
3764 2540 3800 2580 a

2197 2618 2357 2675 malis
2386 2616 2624 2673 defendi.

2271 2707 2326 2763 Si
2348 2722 2443 2763 cor
2496 2720 2680 2761 meum
2730 2702 3011 2759 dilectioni
3064 2711 3258 2759 vestrae
3316 2702 3383 2758 de
3438 2703 3597 2759 vobis
3634 2702 3799 2774 plene

2199 2812 2473 2867 exponere
2514 2794 2659 2861 volo,
2704 2809 2908 2866 magna
2955 2793 3141 2848 charta
3201 2808 3311 2847 non
3359 2791 3605 2858 sufﬁciet,
3654 2798 3707 2847 et
3751 2792 3800 2846 si

2197 2884 2437 2941 breviter
2467 2882 2653 2937 dicere
2682 2896 2945 2953 propono,
2972 2896 3316 2953 nequaquam
3333 2878 3583 2936 affectum
3613 2896 3798 2936 meum

2199 2970 2373 3025 satiat.
2426 2966 2534 3023 Sed
2587 2966 2642 3020 in
2692 2966 2797 3021 hac
2828 2964 3104 3020 dubietate
3145 2964 3460 3020 consolatur
3484 2980 3570 3020 me
3618 2973 3799 3020 vestra

2196 3057 2549 3123 conscientia,
2583 3071 2690 3126 qua
2717 3054 2850 3109 mihi
2880 3053 3078 3110 conscii
3114 3053 3242 3109 estis
3271 3061 3537 3126 quantum
3579 3070 3800 3126 semper

1812 3162 2042 3220 VARLE
2090 3156 2369 3215 LECTON
2376 3156 2475 3210 ES.

568 3262 679 3296 ⁸³⁸³
713 3263 931 3321 Collata
954 3280 1083 3320 cum
1113 3264 1302 3321 eodem
1328 3279 1435 3319 ms.
1512 3262 1597 3318 “7.
1634 3264 1873 3319 Paroecia
1893 3279 1998 3317 ms.
2019 3258 2309 3333 parochia.

2385 3253 2448 3282 ⁸³⁸
2469 3252 2768 3308 Britanniae
2788 3267 2894 3307 ms.
2914 3251 3077 3309 totius
3117 3250 3426 3307 Britanniae.
3499 3248 3564 3278 "’
3585 3248 3797 3315 Fueris,

496 3353 568 3392 ne
598 3352 695 3408 pro
724 3320 986 3407 episcopo
1016 3320 1182 3391 iidem
1204 3337 1260 3389 in
1284 3335 1471 3406 aliqua
1501 3335 1798 3408 Christiana
1829 3320 2207 3408 communione
2236 3337 2289 3383 te
2309 3326 2750 3408 suscipiant‘ms;
2776 3324 3078 3408 fueris‘pro
3107 3323 3369 3408 episcopo
3400 3321 3487 3408 vel
3526 3320 3794 3408 ipﬂalfi‘qua

495 3390 801 3464 Christiana
815 3390 1192 3464 communione
1222 3390 1293 3463 te
1318 3390 1598 3478 suscipiat.
1674 3405 1736 3434 ⁶⁹⁰
1775 3404 2049 3478 [accepisti
2100 3418 2204 3478 ms.
2236 3390 2569 3478 suscepisti._
2616 3394 2678 3423 ‘"
2711 3394 2849 3452 Cum
2872 3390 3064 3452 eodem
3090 3390 3197 3451 m‘s.
3242 3390 3473 3451 collata.
3548 3390 3613 3420 “’
3646 3393 3796 3448 Cha-

497 3480 728 3536 rissimis
759 3479 1005 3550 domino,
1039 3484 1143 3535 etc.
1174 3495 1282 3535 ms.
1304 3471 1644 3535 charissimis
1671 3482 1724 3534 et
1755 3471 2233 3533 desideratissimis
2261 3471 2489 3535 damno,
2523 3474 2629 3523 etc.

1712 3574 2001 3631 JOANNIS
2033 3568 2323 3626 PICARDI
2353 3566 2581 3622 NOTE.

500 3674 637 3732 obiit
664 3689 809 3730 anno
839 3675 998 3742 1124,
1032 3672 1265 3730 Kalend.
1299 3673 1441 3741 Maii,
1488 3681 1543 3729 et
1583 3675 1689 3729 hoc
1728 3673 1826 3728 fuit
1860 3671 2093 3727 donatus
2122 3676 2168 3739 (ζ,
2200 3671 2502 3742 memorato
2522 3662 2740 3742 capituli
2769 3661 2920 3742 loco.
2957 3658 3345 3741 Existimarim,
3380 3659 3800 3742 nec.falso,cum

498 3746 772 3817 epitaphio
804 3763 819 3799 :

501 3833 677 3891 Abbas
716 3834 1003 3889 Villelmus
1027 3834 1294 3905 praeclari
1317 3834 1540 3905 generis
1568 3837 1726 3889 ortus

507 3907 767 3976 Tempore
795 3906 1060 3976 primaevo
1089 3906 1158 3973 ﬁt
1185 3906 1474 3976 religionis
1503 3908 1744 3972 amator,

501 3976 711 4048 litatis
736 3976 926 4046 quinis
959 3976 1156 4032 lustris
1167 3977 1293 4046 jam
1323 3977 1433 4031 rite
1464 3976 1736 4048 peractis,

503 4044 850 4119 Suspiranilo
882 4044 1253 4119 Deumrca’pit
1293 4044 1655 4119 contemnere
1682 4044 1983 4109 mundum,

510 4117 709 4174 Terrea
740 4118 952 4184 divisit,
985 4118 1080 4174 sed
1108 4117 1327 4174 Christo
1360 4123 1516 4175 totus
1544 4117 1808 4182 adhwsit,

507 4191 573 4247 Ut
592 4190 810 4245 nudum
841 4190 1029 4245 nudus
1058 4190 1364 4246 Dominum
1408 4191 1662 4260 famulus
1702 4188 2054 4259 sequeretur.

505 4262 811 4333 Confestim
840 4262 1019 4327 Beeci,
1034 4263 1175 4333 juga
1205 4264 1447 4332 sumpsit
1480 4263 1695 4333 suavia,
1715 4260 1949 4322 Christi,

506 4332 640 4401 Quae
666 4348 767 4406 per
785 4333 1098 4406 quindenos
1112 4332 1456 4388 constanter
1483 4332 1727 4406 pertulit
1755 4344 1934 4386 annos

504 4405 770 4460 Anselmo
798 4405 923 4474 post
955 4405 1264 4475 Anglorum
1292 4405 1534 4476 pra’sule
1565 4405 1737 4473 facto,

502 4477 612 4531 Iste
642 4476 748 4531 loci
777 4471 973 4531 curam
995 4471 1161 4546 erepit
1203 4471 1571 4546 fratrumque
1593 4471 1897 4541 regendam
1928 4490 1946 4525 :

507 4548 678 4614 Quem
697 4549 946 4617 gravitas
974 4545 1217 4607 morum,
1238 4547 1324 4600 vel
1354 4545 2089 4617 vita’decusque‘parentum

505 4614 784 4673 Fecerunt
813 4619 1036 4672 clarum
1060 4617 1364 4673 permultis
1392 4633 1457 4671 ac
1491 4614 1893 4671 venerandum.

501 4690 709 4760 Doctus
732 4692 876 4755 erat,
896 4684 1205 4760 blandoque
1238 4689 1764 4760 loquenshsermone
1789 4684 2045 4758 placebat
2080 4702 2096 4735 .-

502 4757 731 4814 Actibus
761 4761 818 4813 et
845 4758 1025 4813 verbis
1053 4757 1327 4829 subjectos
1350 4758 1661 4814 erudiebat.

505 4831 546 4886 Α
568 4844 742 4900 puero
771 4829 901 4883 vita:
929 4832 1124 4898 fuerat
1151 4834 1405 4887 servator
1426 4831 1676 4885 honestae
1701 4848 1717 4891 ;

508 4899 700 4974 ςονάἱδ
731 4900 1078 4974 munditiam
1098 4915 1329 4974 servans
1358 4902 1657 4974 carnisque
1680 4912 2007 4974 perennem.

505 4972 742 5026 Beccum
775 4970 1052 5042 terdenos
1073 4971 1244 5025 auxit
1275 4972 1539 5042 rexitque
1560 4970 1878 5042 per'annos
1910 4987 1929 5024 :

507 5042 758 5130 {3.59"}???
786 5041 1291 5130 δκηθῖθίῗὲἕξίθῖίῗῖιν
1306 5040 1595 5130 Έ¹¹ι⁷ζξλιδίζαέ
1624 5042 1903 5130 ⁸¹⁴Ρθῖ⁰ίδ

513 5113 603 5186 [ir
633 5116 848 5178 tantus,
880 5112 1104 5186 meritis
1132 5126 1355 5166 morum
1383 5112 1600 5186 ditatus
1620 5112 1843 5186 opimis,

506 5184 865 5256 Nequaquam
894 5183 1075 5256 valuit
1114 5198 1299 5238 nexus
1332 5183 1563 5256 evadere
1590 5183 1809 5249 mortis,

443 5254 719 5334 prilis
737 5259 903 5334 scala
939 5254 1158 5334 decima
1188 5258 1452 5323 surgente
1472 5254 1632 5334 dicta

504 5324 817 5397 "complevit
836 5339 1068 5397 cursum
1088 5324 1210 5378 vita:
1236 5327 1556 5397 prementis,
1581 5330 1636 5380 et
1667 5329 1881 5395 actum,

516 5395 924 5453 Com'mendans
954 5395 1208 5450 animam
1228 5395 1364 5468 creto
1394 5411 1708 5467 corpusque
1736 5398 2017 5468 sepulcro.

509 5470 814 5539 Exspectat
845 5472 1189 5539 tempusquo
1216 5467 1431 5535 judice!
1452 5469 1646 5522 omnia
1678 5467 1954 5539 Christus.

505 5537 643 5596 Ecce
670 5540 771 5595 sub
800 5540 904 5595 hac
919 5537 1132 5610 tumba
1150 5539 1334 5609 pulvis
1355 5543 1492 5593 sunt
1516 5538 1768 5594 membra
1782 5540 2025 5610 sepulta,

514 5612 616 5668 Cui
638 5614 873 5684 praestet
902 5609 1179 5666 Dominus
1208 5611 1433 5665 veniam
1462 5610 1744 5681 vitamque
1772 5609 2057 5680 rogemus.

509 5723 570 5780 ld
598 5740 730 5782 vero
759 5722 1023 5798 epitaphii
1051 5722 1311 5781 Beccensi
1342 5740 1442 5781 ms.
1470 5724 1735 5781 insertum
1764 5737 1876 5779 non
1902 5722 2012 5779 vidi
2045 5723 2097 5778 in

2122 5042 2175 5102 D

2199 3731 2602 3792 instauraretur
2627 3734 3093 3804 (instaurationem
3122 3731 3264 3786 enim
3297 3731 3658 3804 recentiorem
3677 3731 3803 3801 ipsa.

2200 3808 2306 3864 loci
2348 3808 2510 3861 facies
2554 3802 2694 3861 nova
2737 3813 2789 3859 et
2821 3803 3219 3876 quodammodo
3261 3802 3489 3873 puerilis
3544 3804 3802 3876 testatur)

2201 3888 2315 3935 tum
2348 3879 2433 3933 vel
2462 3879 2570 3931 situ
2597 3874 2852 3932 obducta
2872 3892 2967 3931 seu
3005 3874 3277 3947 rubigine,
3326 3890 3557 3945 eamque
3583 3874 3652 3929 ob
3682 3889 3806 3929 rem

2203 3951 2484 4006 neglecta.

2275 3968 2555 4093 ξιιῗξιῗέὸί,
2592 4018 2826 4093 Titania.
2864 4021 2923 4075 in
2954 4021 3276 4093 conspectu,
3308 4021 3418 4072 etc.
3450 4017 3604 4093 Hanc
3617 4015 3808 4093 Ausci-

2202 4086 2324 4148 mus
2365 4086 2585 4160 scripsit
2632 4089 2920 4160 epistolam
2969 4086 3117 4143 nullo
3171 4104 3299 4143 mon
3360 4095 3488 4143 noto
3525 4086 3807 4160 charitatis

2206 4163 2408 4234 lapide.
2459 4157 2597 4216 Nam
2655 4157 2787 4234 teste
2840 4160 3253 4234 Bibliothecario
3309 4157 3804 4234 Malm~esberiensi,

2204 4230 2435 4289 Thomas
2458 4234 2528 4287 ab
2558 4233 2824 4287 Anselmo
2868 4233 3047 4302 primo
3091 4230 3312 4297 accitus,
3358 4238 3416 4285 ut
3448 4230 3805 4286 Cantuariam

2204 4305 2413 4362 veniret
2449 4320 2481 4358 a
2510 4321 2568 4359 se
2595 4304 3028 4376 inaugurandus,
3083 4302 3297 4376 sibique
3342 4317 3442 4376 pro
3473 4317 3627 4376 more
3662 4302 3808 4356 obe-

2204 4378 2470 4432 dientiam
2502 4372 2813 4429 firmaturus
2844 4380 3215 4437 sacramento,
3249 4372 3513 4445 benignas
3541 4372 3655 4445 egit
3684 4387 3808 4445 gra-

2205 4449 2308 4503 tias
2330 4463 2427 4519 pro
2453 4447 2790 4511 invitatione,
2841 4447 3085 4519 petitque
3120 4443 3474 4519 inducias’ad
3516 4443 3622 4499 tam
3653 4443 3809 4519 cele-

2206 4513 2524 4590 bris'operis
2578 4513 2918 4589 apparatum.
2953 4513 3212 4590 Secundo
3255 4514 3494 4590 accit_us,_
3525 4513 3811 4590 respondit

2203 4607 2263 4646 se
2307 4585 2628 4645 rationibus
2651 4585 2872 4643 suorum
2933 4587 3250 4643 clericorum
3299 4585 3539 4649 adduci;
3588 4585 3810 4640 tandem

2205 4677 2305 4733 per
2326 4662 2614 4732 episcopos
2644 4660 3041 4733 Londinensem
3073 4658 3476 4733 Rofensemque
3505 4665 3811 4712 conventus

2205 4727 2390 4804 aperte
2438 4727 2836 4802 se'denegavit
2876 4739 3189 4804 venturum.
3230 4727 3596 4804 Quamobrem
3641 4744 3809 4804 quem

2206 4799 2428 4875 privatis
2459 4799 2844 4875 monitionibus
2872 4801 3133 4875 pellicere
3176 4802 3463 4870 nequierat
3494 4799 3804 4875 Anselmus,

2209 4871 2479 4946 postremo
2524 4874 2836 4946 publicavit
2861 4871 3018 4944 quasi
3059 4878 3485 4946 _con_tumacem__
3509 4871 3809 4946 li9_c__pro-

2207 4940 2509 5017 grammate
2525 4940 2899 5010 exsecranda,
2933 4942 3097 5017 quod‘
3120 4943 3276 5017 etiam
3326 4940 3513 5017 retulit
3540 4940 3807 5017 Willelm.

2207 5012 2488 5072 Malmesb.
2522 5017 2574 5071 in
2602 5012 2967 5070 Eboracens.‘
2992 5012 3316 5085 archiepisc.
3366 5012 3491 5085 Post
3535 5016 3649 5069 haec
3678 5012 3810 5066 dum

2207 5087 2422 5143 llenrici
2455 5093 2892 5157 summatumque
2909 5084 3267 5157 Anglicorum
3281 5084 3529 5157 consiliis
3557 5085 3810 5139 Thomas

2203 5166 2596 5223 commonetur,
2646 5155 2933 5213 Ausci—mus
2992 5155 3245 5220 decessit,
3308 5155 3627 5227 relinquens
3673 5170 3812 5210 eum

2204 5247 2299 5285 sua
2330 5229 2712 5309 benedictione
2726 5230 3246 5309 _(quam.sprevera’t
3261 5225 3632 5309 arrogantius,
3659 5242 3815 5297 spre-

2204 5311 2421 5371 tamque
2451 5301 2623 5355 serius
2651 5297 2843 5368 doluit)
2874 5298 3159 5371 privatum.
3208 5297 3441 5371 Coactus
3471 5297 3640 5371 igitur
3683 5306 3815 5371 tan-

2204 5367 2615 5443 dem—cpiscOpo
2638 5367 2972 5426 Londinensi
3004 5368 3280 5443 Ricbardo
3308 5367 3612 5443 _Belmo‘zioA
3639 5367 3817 5443 polli-

2206 5443 2343 5498 citus
2375 5439 2451 5498 est
2481 5439 2773 5498 et'unctus.
2825 5443 2946 5513 Post
2984 5439 3439 5513 quinquennium,
3476 5457 3530 5495 vi
3572 5440 3814 5513 Kalend.

2207 5516 2387 5577 Mart.,
2418 5514 2577 5568 desiit
2607 5530 2730 5569 esse
2759 5515 2813 5567 in
2844 5512 2979 5568 vivis
2995 5510 3061 5567 eo
3084 5510 3438 5583 splendidius,
3463 5527 3569 5583 quo
3597 5510 3820 5583 vixerat

2208 5586 2489 5642 obscurius
2517 5585 2587 5641 ob
2627 5584 2938 5656 pudendam
2993 5599 3105 5639 suae
3138 5582 3817 5656 pervicacim’caliginem.

2209 5658 2343 5714 Cum
2361 5657 2503 5713 enim
2529 5653 2882 5712 dec'ubuisset
2910 5654 3073 5722 lecto,
3094 5653 3329 5725 consulti
3358 5653 3557 5710 medici
3574 5653 3816 5725 irespon-

2210 5729 2409 5787 derunt
2438 5742 2713 5800 nunquam
2760 5725 3170 5785 convaliturum
3208 5724 3321 5782 nisi
3361 5724 3586 5784 feminei
3627 5724 3817 5783 editus
