4036 6072
239 276 346 332 189

1516 280 1640 336 LIB.
1684 280 1777 346 IlI,
1817 279 2038 338 EPIST.
2079 281 2281 337 CLVII.
3441 279 3542 337 190

238 415 343 457 vos
372 408 430 456 et
453 415 617 471 quam
648 403 918 460 veraciter
944 403 1246 472 dilexerim,
1278 411 1330 460 et
1351 412 1480 475 quot
1510 413 1557 460 et
1588 412 1844 477 quantum
1874 406 1932 466 Α
1957 405 2149 462 aﬂ'ectu
2192 404 2436 477 diligam,
2472 412 2524 461 et
2552 420 2649 476 per
2677 405 2929 461 eamdem
2973 404 3315 461 dilectionem
3347 403 3550 460 sollici-

245 490 318 546 de
332 489 491 545 vobis
515 490 964 559 desideraverim,
983 501 1036 548 et
1057 494 1288 566 aliquid,
1309 495 1546 566 quandiu
1567 494 1844 549 vobiscum

244 595 370 633 sum
433 589 810 646 conversatus,
869 597 967 636 vos
1013 581 1280 653 proﬁcere
1338 583 1638 638 studuerim
1674 599 1686 637 :
1719 584 1846 638 etsi

233 683 349 723 non
377 685 573 724 omnes
603 671 707 725 hoc
755 671 1152 740 experimento,
1202 673 1326 742 quia
1355 674 1501 728 Deus
1558 689 1843 727 numerum

238 759 703 827 auxitpostquam
727 774 759 813 a
777 759 940 814 vobis
969 760 1212 827 discessi,
1237 761 1589 834 cognoscitis,
1637 761 1705 816 ab
1735 761 1845 816 illis

239 845 336 917 qui
366 846 547 900 sciunt
575 855 630 900 et
651 848 855 919 experti
890 857 1034 914 sunt,
1067 849 1276 905 discite.
1311 851 1425 906 Hoc
1446 851 1626 920 itaque
1664 849 1843 904 nulla-

235 943 403 989 tenus
435 935 688 991 charitati
732 944 924 992 vestrae
952 938 1021 992 sit
1049 937 1270 993 dubium
1328 939 1455 1010 quia
1483 938 1621 994 sicut
1675 939 1844 994 dilexi

245 1023 525 1093 radicem,
557 1025 640 1079 sic
671 1031 726 1080 et
750 1041 951 1093 ramos,
985 1035 1463 1099 quantumcunque
1483 1025 1545 1055 ⁸³⁸
1575 1027 1840 1098 multipli-

235 1119 448 1181 centur,
481 1121 537 1168 et
564 1129 756 1170 omnes
776 1114 914 1170 ﬁlios
942 1117 1126 1170 matris
1155 1132 1312 1182 mea,
1344 1125 1397 1172 et
1447 1117 1840 1189 primogenitos

237 1204 290 1255 et
324 1209 452 1272 post
480 1218 567 1256 me
595 1203 828 1273 genitos,
855 1204 1000 1260 velut
1030 1205 1234 1261 fratres
1255 1206 1496 1261 uterinos
1515 1205 1577 1233 °“
1597 1206 1652 1259 in
1673 1206 1839 1262 corde

235 1305 360 1345 meo
391 1291 694 1362 amplector
723 1301 775 1346 et
803 1307 949 1348 amo.
983 1293 1186 1349 Omnes
1211 1294 1377 1366 igitur
1431 1310 1622 1365 precor
1650 1303 1702 1350 et
1731 1295 1836 1350 ob-

235 1394 393 1434 secro
426 1387 483 1434 ut
513 1381 620 1435 mei
651 1383 916 1436 memoria
945 1389 998 1438 et
1028 1381 1250 1439 dilectio
1281 1384 1334 1437 in
1365 1384 1618 1438 cordibus
1648 1398 1838 1438 eorum

233 1468 330 1540 qui
361 1484 483 1524 eam
516 1469 823 1524 habuerunt
852 1487 959 1526 non
991 1480 1246 1542 tepescat,
1267 1480 1321 1528 et
1352 1472 1408 1527 in
1441 1474 1718 1528 mentibus
1737 1489 1838 1528 eo-

235 1573 359 1612 rum
384 1557 476 1630 qui
508 1574 594 1613 me
625 1574 732 1613 non
764 1568 1049 1627 noverunt,
1085 1562 1413 1618 accendatur
1428 1570 1479 1617 et
1509 1570 1834 1632 perseveret.

232 1644 506 1714 Quamvis
554 1647 697 1702 enim
755 1663 986 1719 corpore
1044 1650 1146 1704 sim
1194 1651 1354 1706 vobis
1400 1652 1615 1720 absens,
1653 1652 1836 1706 nidum

1958 496 2201 550 tudinem
2253 495 2320 549 de
2352 494 2525 549 salute
2554 493 2751 548 anima:
2798 503 2903 550 tuae
2931 509 3143 566 geram.
3169 494 3274 548 Sed
3297 494 3551 565 quoniam

1955 584 2008 638 in
2041 585 2198 638 nobis
2229 599 2337 637 non
2366 581 2627 638 evenit“0
2658 585 3032 653 opportunitas
3060 583 3426 656 colloquendi,
3461 585 3548 636 in-

1954 672 2156 728 cumbit
2182 672 2313 726 mihi
2346 672 2639 726 necessitas
2693 671 2963 726 scribendi
2995 687 3153 742 quem
3212 671 3449 726 animum
3481 672 3549 728 de

1953 770 2004 816 te
2035 761 2266 816 habeam
2299 768 2349 815 et
2377 761 2502 831 quid
2535 761 2602 814 de
2632 767 2682 815 te
2713 760 3043 815 desiderem.

2024 851 2264 906 Obsecro
2293 849 2459 920 igitur
2517 857 2567 904 te
2596 857 2654 903 ut
2683 865 2789 904 non
2821 858 3140 905 contemnas
3197 850 3545 907 dilectionem

1952 957 2057 1012 qua
2085 948 2133 996 te
2165 947 2384 1011 propter
2409 940 2581 994 Deum
2597 947 2650 993 et
2668 941 2928 994 honorem
2952 940 3050 994 Dei
3066 947 3120 994 et
3150 941 3219 994 ad
3234 939 3294 969 ⁸⁸³
3315 939 3547 996 salutem

1950 1039 2096 1084 tuam
2129 1029 2320 1101 diligo,
2339 1044 2513 1097 neque
2531 1028 2749 1098 rejicias
2770 1029 3053 1084 consilium
3073 1045 3273 1084 meum.
3309 1030 3370 1084 Si
3400 1029 3544 1084 enim

1948 1119 2080 1173 mihi
2123 1119 2474 1188 acquiescere
2526 1118 2780 1183 volueris,
2833 1126 2978 1172 certa
3037 1125 3150 1173 esto
3206 1118 3330 1188 quia
3387 1118 3546 1173 valde

1949 1206 2044 1260 tibi
2076 1206 2130 1260 in
2161 1205 2266 1260 ﬁne
2299 1205 2551 1276 placebit,
2591 1213 2644 1260 et
2688 1206 2791 1259 erit
2819 1223 2982 1276 super
3037 1214 3088 1261 te
3118 1207 3372 1278 gaudium
3424 1223 3542 1260 ma-

1947 1312 2114 1366 gnum
2139 1295 2350 1365 angelis
2383 1294 2498 1348 Dei.
2535 1294 2592 1350 Si
2616 1309 2742 1349 vero
2773 1295 3032 1362 nolueris,
3068 1294 3200 1350 scito
3229 1296 3352 1366 quia
3377 1295 3542 1350 nimis

1947 1385 2046 1438 tibi
2103 1383 2430 1454 displicebit,
2482 1391 2536 1438 et
2591 1383 2974 1439 inexclisabilis
3029 1383 3133 1438 eris
3188 1383 3243 1437 in
3297 1383 3542 1439 districto

1940 1473 2144 1541 judicio
2169 1473 2285 1527 Dei.
2321 1471 2543 1537 Audivi,
2574 1487 2730 1527 soror
2759 1488 2899 1541 mea,
2937 1473 3061 1541 quia
3092 1473 3183 1527 diu
3202 1473 3419 1542 portasti
3450 1472 3546 1526 ha-

1945 1562 2118 1616 bitum
2140 1568 2342 1617 sanctae
2399 1561 3051 1632 conversationis;quem
3085 1561 3356 1630 quomodo
3413 1561 3546 1616 reli-

1947 1651 2360 1722 queris,quidve
2379 1666 2534 1721 passa
2575 1651 2670 1718 sis,
2707 1642 2796 1706 vel
2815 1651 2943 1723 quid
2987 1651 3208 1720 feceris,
3255 1666 3363 1706 non
3392 1650 3541 1718 latet,

230 1743 417 1791 tamen
449 1751 650 1802 meum,
701 1738 985 1793 ecclesiam
1018 1739 1145 1795 dico
1202 1740 1379 1807 Becci,
1411 1757 1533 1796 cum
1587 1741 1836 1796 omnibus
1863 1767 1915 1826 Β
1945 1740 2041 1796 sed
2066 1740 2289 1795 multum
2319 1748 2565 1811 apertum
2587 1747 2687 1796 est.

230 1824 398 1895 pullis
429 1826 548 1880 suis
578 1841 792 1881 mecum
824 1835 978 1897 porto
1037 1845 1255 1900 semper
1284 1829 1336 1883 in
1391 1830 1556 1885 corde
1587 1845 1730 1896 meo,
1784 1838 1838 1884 et

229 1929 354 1967 eam
387 1914 445 1967 in
473 1914 830 1980 orationibus,
863 1925 914 1971 et
935 1916 988 1970 in
1022 1918 1171 1971 omni
1200 1918 1346 1973 bono
1393 1919 1666 1974 desiderio
1691 1935 1834 1983 meo,

229 2003 276 2056 si
310 2001 446 2071 quid
466 2003 580 2058 haec
609 2011 752 2069 sunt,
786 2013 1116 2075 repraesento
1148 2006 1291 2061 Deo.
1331 2008 1411 2062 De
1443 2023 1534 2062 me
1565 2024 1835 2078 ergopre-

227 2100 385 2146 cetur
414 2107 518 2146 vos
547 2093 826 2147 charitatis
881 2101 1081 2150 vestrae
1136 2095 1444 2165 sinceritas,
1505 2105 1559 2152 et
1612 2097 1838 2167 inspiret

227 2196 470 2250 superna
495 2181 671 2252 pietas
699 2189 757 2236 ut
787 2182 1096 2238 orationum
1139 2193 1433 2240 vestrarum
1487 2202 1586 2256 pro
1608 2201 1694 2241 me
1723 2202 1836 2241 non

227 2268 460 2324 deficiat
487 2270 803 2326 assiduitas.
857 2270 1118 2341 Quamvis
1147 2273 1340 2329 animae
1369 2284 1560 2330 vestra:
1607 2276 1840 2346 ﬂagrent

230 2357 380 2412 bono
410 2358 704 2426 desiderio,
737 2360 862 2432 quia
893 2369 1073 2416 tamen
1101 2361 1490 2418 benevolentes
1546 2380 1656 2419 non
1679 2365 1834 2420 fasti-

230 2446 390 2502 diunt
447 2447 640 2503 audire
670 2450 812 2518 quod
842 2459 1040 2516 amant,
1091 2467 1304 2521 precor,
1339 2452 1586 2519 obsecro,
1619 2469 1834 2522 moneo,

233 2536 491 2605 consulo,
541 2546 805 2606 quatenus
853 2539 920 2594 ad
945 2539 1171 2595 meliora
1189 2557 1406 2612 semper
1425 2558 1524 2598 vos
1553 2541 1614 2570 ⁸³⁵
1644 2551 1836 2598 exten-

240 2624 404 2691 datis,
435 2632 491 2679 et
518 2641 797 2698 nunquam
827 2627 892 2680 ab
920 2629 1004 2682 his
1034 2628 1102 2682 ad
1135 2645 1256 2698 qum
1273 2629 1423 2685 Deus
1441 2646 1538 2686 vos
1567 2632 1835 2701 provexit,

237 2712 530 2769 deﬁciatis.
569 2716 748 2770 Mutua
777 2715 996 2773 dilectio
1025 2718 1325 2773 secundum
1372 2721 1542 2774 Deum
1573 2720 1628 2774 in
1685 2721 1841 2776 vobis

239 2818 465 2873 semper
489 2801 713 2869 ferveat,
748 2820 853 2874 pax
885 2813 935 2860 et
966 2805 1277 2875 concordia,
1321 2816 1534 2862 servata
1589 2809 1836 2875 veritate,

239 2891 297 2944 in
328 2891 527 2946 vestris
583 2893 857 2947 mentibus
911 2895 1132 2950 assidue
1191 2905 1405 2951 maneat
1437 2897 1691 2965 ;humilis
1719 2899 1840 2953 obe-

233 2979 444 3034 dientia
472 2980 528 3034 in
559 2981 811 3036 omnibus
831 2983 1042 3038 actibus
1071 2986 1261 3040 vestris
1288 2987 1402 3040 Deo
1458 2986 1691 3058 placeat,
1720 2995 1836 3041 stu-

236 3067 390 3122 dium
422 3068 708 3141 religionis
738 3077 793 3125 et
821 3072 1143 3127 excludendi
1175 3089 1204 3126 a
1236 3074 1391 3129 vobis
1448 3074 1634 3129 vitium
1688 3091 1838 3130 exar-

235 3157 443 3214 descat.
503 3159 630 3214 Haec
682 3159 914 3215 invicem
985 3168 1224 3228 monete,
1275 3163 1393 3218 haec
1468 3163 1840 3220 indesinenter

233 3250 439 3301 tenete.
475 3248 588 3303 Hoc
609 3263 727 3313 oro,
788 3249 891 3304 hoc
919 3258 1069 3320 opto,
1132 3252 1234 3306 hoc
1262 3251 1513 3306 desidero
1544 3253 1610 3308 de
1641 3253 1797 3308 vobis
1822 3269 1834 3320 ;

232 3334 338 3389 hoc
365 3334 507 3405 ipse,
540 3351 569 3389 a
599 3351 708 3406 quo
739 3345 820 3392 est
847 3354 1008 3393 omne
1030 3339 1252 3406 bonum,
1293 3357 1414 3395 cum
1465 3356 1564 3396 sua
1595 3343 1755 3412 plena
1787 3350 1839 3398 et

232 3423 896 3495 perpetuabenedictione
925 3427 1016 3482 det
1049 3428 1220 3484 vobis.
1258 3429 1451 3484 Amen.

693 3538 1032 3594 EPISTOLA
1072 3540 1256 3596 CLVII
1293 3539 1355 3568 ⁸³⁸
1369 3583 1382 3596 .

540 3645 781 3688 ANSELMI
819 3649 895 3688 AD
934 3649 1210 3698 QUAMDAM
1252 3651 1528 3693 DOMINAM.

301 3731 633 3798 Ansauws,
657 3729 757 3785 Dei
774 3731 1127 3788 ordinatione
1145 3734 1587 3806 archiepiscopus
1606 3737 1838 3792 Cantua-

227 3816 454 3883 riensis,
513 3817 583 3872 ad
641 3819 934 3890 quamdam
991 3822 1269 3877 dominam
1299 3820 1382 3891 ⁸⁸⁷,
1413 3825 1694 3891 mundum,
1727 3841 1838 3881 non

229 3905 508 3961 Christum
541 3914 905 3977 contemnere,
941 3916 992 3965 et
1021 3910 1293 3966 Christum
1321 3912 1442 3983 plus
1473 3929 1634 3983 quam
1679 3929 1836 3968 mun-

228 3995 362 4050 dum
394 3994 623 4068 diligere
636 4037 648 4050 .

302 4110 713 4178 Libentissime,
745 4112 789 4166 si
819 4129 1060 4184 possem,
1119 4122 1298 4172 tecum
1352 4118 1619 4190 loquerer,
1682 4133 1837 4174 soror

230 4214 366 4254 vere
409 4199 542 4254 mihi
570 4199 633 4227 ⁸⁸⁸
661 4200 717 4254 in
760 4203 876 4257 Deo
897 4203 1112 4274 dilecta,
1146 4205 1272 4277 quia
1301 4207 1532 4262 charitas
1565 4224 1669 4277 qua
1708 4223 1831 4263 om-

233 4303 366 4342 nem
425 4289 700 4344 hominem
759 4290 883 4346 volo
927 4293 1138 4347 salvum
1188 4293 1302 4349 fieri
1340 4302 1394 4350 et
1421 4295 1659 4352 ollicium
1702 4295 1835 4350 mihi

2019 1856 2314 1912 Considera
2369 1856 2542 1928 igitur
2558 1856 2675 1926 jam
2707 1870 2870 1924 nunc,
2904 1855 3245 1923 charissima,
3282 1861 3538 1928 quantum

1945 1946 2142 2001 distent
2174 1947 2354 2000 viriles
2389 1946 2669 2016 amplexus
2726 1953 2775 2000 et
2833 1946 3076 2000 carnalis
3126 1944 3417 2000 delectatio
3473 1947 3542 1998 ab

1944 2036 2286 2106 amplexibus
2345 2035 2560 2098 Christi,
2614 2034 3115 2089 etadelectatione
3173 2033 3432 2089 castitatis
3490 2041 3543 2089 et

1944 2124 2121 2181 cordis
2152 2124 2416 2179 munditia
2449 2143 2460 2178 :
2495 2125 2776 2194 amplexus
2805 2123 3020 2193 quidem
3052 2122 3250 2178 Christi
3278 2123 3400 2177 dico
3432 2137 3541 2176 non

1944 2214 2280 2284 corporales,
2311 2213 2408 2267 sed
2444 2214 2629 2285 quales
2659 2229 2759 2283 per
2816 2227 3059 2267 amorem
3092 2220 3145 2267 et
3201 2211 3540 2266 desiderium

1944 2303 2064 2372 ejus
2095 2303 2234 2356 inter
2255 2303 2454 2357 bonam
2478 2301 2862 2357 conscientiam
2892 2301 3018 2356 facit
3049 2301 3230 2355 anima
3263 2300 3542 2354 familiaris

1944 2392 2086 2462 ejus.
2140 2391 2454 2456 Considera,
2515 2391 2756 2462 inquam,
2791 2407 2909 2460 qua:
2938 2391 3007 2444 sit
3045 2388 3350 2444 differentia
3405 2389 3543 2443 inter

1944 2482 2040 2536 has
2072 2480 2210 2534 duas
2239 2480 2630 2536 delectationes
2657 2496 2669 2534 :
2694 2495 2801 2534 non
2826 2480 3016 2550 loquor
3036 2494 3178 2534 nunc
3195 2479 3263 2534 de
3292 2477 3538 2548 legitimo

1944 2568 2221 2640 conjugio.
2255 2567 2572 2633 Considera,
2605 2568 2848 2640 inquam,
2883 2575 3086 2638 quanta
3111 2567 3177 2620 sit
3207 2567 3260 2620 in
3280 2566 3540 2636 spirituali

1947 2657 2304 2712 delectatione
2323 2656 2610 2721 munditia,
2646 2663 2844 2728 quanta
2874 2655 2941 2710 sit
2972 2656 3025 2709 in
3061 2654 3267 2709 carnali
3297 2655 3539 2709 immun-

1946 2746 2074 2801 ditia
2100 2761 2111 2815 ;
2133 2746 2260 2818 quid
2303 2745 2561 2816 spiritalis
2591 2745 2888 2816 promittat,
2915 2752 2965 2799 et
3021 2744 3146 2816 quid
3179 2744 3411 2799 carnalis
3441 2744 3541 2797 mi-

1947 2843 2138 2898 netur;
2166 2842 2360 2906 quanta
2393 2835 2464 2888 sit
2490 2835 2544 2887 in
2574 2833 2801 2904 spiritali
2832 2850 2978 2904 spes,
3012 2841 3064 2888 et
3094 2849 3254 2904 quam
3299 2832 3542 2887 delecta-

1949 2923 2070 2978 bilis
2098 2923 2428 2994 exspectatio
2462 2923 2918 2995 Christi;quanta
2951 2922 3113 2977 etiam
3170 2921 3224 2975 in
3283 2922 3382 2975 hac
3432 2919 3543 2974 vita

1871 3018 1918 3080 Ο
1951 3013 2215 3068 securitas
2237 3021 2290 3067 et
2319 3012 2635 3077 consolatio,
2663 3019 2893 3082 quantus
2924 3012 2996 3066 sit
3028 3012 3081 3064 in
3114 3009 3349 3066 carnalis
3381 3009 3544 3064 timor

1941 3102 2128 3170 judicii
2163 3102 2282 3167 Dei,
2317 3109 2516 3171 quanta
2547 3101 2709 3155 etiam
2768 3101 2822 3154 in
2853 3100 3101 3172 praesenti
3160 3099 3263 3154 vita
3294 3106 3376 3154 est
3402 3115 3541 3155 con—

1947 3191 2111 3246 fusio.
2151 3191 2344 3263 Cogita
2367 3190 2524 3261 quale
2552 3190 2620 3244 sit
2669 3191 2933 3244 Christum
2967 3204 3246 3260 sponsum,
3305 3187 3543 3244 caelestis

1949 3280 2099 3351 regni
2156 3279 2340 3333 dotem
2395 3278 2814 3349 permittentem,
2849 3286 3200 3332 contemnere
3233 3296 3246 3341 ;
3280 3285 3332 3330 et
3361 3277 3541 3330 homi-

1947 3385 2070 3423 nem
2093 3368 2400 3435 mortalem,
2437 3366 2657 3421 nonnisi
2689 3366 3096 3434 corruptionem
3129 3373 3181 3420 et
3205 3365 3540 3432 contempti-

1949 3457 2076 3511 bilia
2103 3457 2326 3511 dantem
2355 3465 2408 3511 et
2437 3455 2811 3524 pollicentem,
2845 3453 2976 3508 Filio
3005 3453 3124 3519 Dei,
3158 3453 3292 3524 Regi
3312 3467 3536 3524 regum,

1946 3561 2293 3617 praeponere.
2330 3546 2488 3600 Certe
2519 3544 2607 3598 ille
2626 3544 2738 3598 Rex
2769 3558 2962 3615 regum
2977 3541 3540 3612 concupivitspeciem

1947 3643 2115 3703 tuam,
2140 3641 2196 3689 ut
2224 3649 2438 3706 sponsa:
2454 3632 2736 3705 legitimae.

2021 3760 2268 3828 Qualiter
2294 3766 2470 3813 autem
2495 3758 2610 3825 ille,
2633 3774 2791 3827 quem
2809 3756 2936 3823 scis,
2956 3756 3136 3811 carnis
3165 3759 3272 3810 tuae
3291 3754 3542 3827 pulchri-

1948 3849 2191 3904 tudinem
2250 3846 2595 3918 appetiverit,
2641 3860 2793 3901 soror
2829 3860 2972 3911 mea,
3007 3845 3279 3914 quomodo
3312 3844 3485 3899 dicam
3516 3845 3543 3897 ‘2

1947 3939 2152 3993 femina
2183 3937 2405 4003 nobilis,
2434 3934 2708 4007 quomodo
2738 3933 2918 3990 dicam
2947 3935 2975 3987 εἲ
3007 3934 3215 4005 Sponsa
3229 3934 3351 4001 Dei,
3383 3935 3543 4005 virgo

1945 4029 2130 4082 fueras
2163 4027 2354 4092 electa,
2389 4033 2441 4079 et
2488 4026 2604 4080 Deo
2639 4022 2822 4078 habitu
2853 4031 2907 4078 et
2935 4023 3351 4079 conversatione
3400 4022 3542 4077 assi-

1944 4125 2128 4188 gnata.
2162 4115 2302 4183 Quid
2333 4114 2510 4168 dicam
2543 4112 2708 4168 modo
2768 4119 2818 4166 te
2865 4127 3008 4180 esse,
3049 4111 3159 4166 ﬁlia
3189 4126 3309 4165 mea
3339 4112 3366 4162 ‘?
3397 4112 3542 4166 Deus

1944 4207 2064 4262 scit.
2097 4207 2218 4260 Non
2251 4204 2323 4257 ita
2355 4202 2565 4272 loquor,
2602 4208 2657 4256 ut
2677 4201 2944 4273 gaudeam
2985 4201 3054 4255 de
3083 4199 3400 4254 confusione
3433 4206 3540 4267 tua,

1943 4295 2039 4350 sed
2098 4302 2155 4348 ut
2204 4291 2448 4365 gaudeat
2478 4291 2627 4345 Deus
2685 4298 2736 4345 et
2767 4288 3145 4360 congaudeant
3171 4285 3234 4314 °“
3262 4285 3440 4358 angeli
3472 4286 3543 4339 de

233 4375 539 4445 injunctnm
578 4378 807 4449 exigunt
837 4394 869 4434 a
895 4396 980 4434 me
1007 4389 1064 4436 ut
1091 4389 1142 4437 te
1181 4381 1413 4440 fraterno
1432 4383 1494 4412 ⁸³⁹
1526 4393 1577 4440 et
1607 4393 1836 4457 paterno
1863 4377 1921 4440 D
1953 4382 2319 4440 conversione
2374 4389 2429 4438 et
2459 4379 2667 4435 salubri
2701 4377 3010 4450 poenitentia
3060 4385 3172 4431 tua.
3212 4375 3353 4444 Quid
3405 4389 3542 4445 ergo

1541 4512 1776 4567 VARLE
1819 4507 2242 4568 LECTIONES.

312 4621 767 4698 “'Quantumque
812 4645 916 4684 ms.
974 4640 1462 4700 quantumcunque.
1523 4634 1780 4690 "‘Frater
1836 4634 2081 4689 uterinus
2137 4649 2245 4688 ma.

1213 4713 1285 4759 et.
1345 4694 1634 4763 "‘Collata
1666 4723 1809 4762 cum
1841 4705 1988 4761 Edit.
2025 4704 2260 4760 Gothica
2300 4708 2354 4758 et
2392 4702 2710 4757 Coloniensi
2747 4699 2902 4753 1573.
2964 4694 3181 4752 “"Edit.
3219 4694 3544 4752 Exhortatio

237 4712 351 4772 mc.
385 4766 397 4772 _
415 4711 633 4772 semper
652 4713 776 4772 _vos
809 4703 1134 4772 extenrdatis,

239 4766 618 4847 adjirginem
650 4769 873 4847 lapsam.

2325 4629 2519 4685 fratres
2575 4629 2835 4684 uterinos.
2893 4624 3190 4693 "'Semper
3279 4640 3403 4691 vos,
3490 4630 3545 4678 et

957 4767 1194 4830 "'Sor'or
1223 4776 1352 4830 mihi
1385 4779 1528 4833 Edit.
1590 4779 1757 4834 Soror
1786 4793 1910 4830 vere
1942 4772 2092 4830 mihi.
2153 4775 2290 4829 "’Ut
2324 4775 2584 4828 Fraterno
2635 4772 2780 4826 Edit.
2843 4767 3010 4824 Golh.
3060 4776 3118 4822 ut
3176 4777 3228 4822 te
3276 4768 3540 4822 fraterno.

233 4836 493 4912 “'Nobis
512 4855 619 4895 non
649 4836 834 4897 evenit
862 4844 1008 4900 Edit.
1046 4845 1208 4903 Goth.
1241 4849 1401 4904 nobis
1431 4848 1628 4905 evenit.
1686 4846 1851 4904 “‘Dei
1880 4847 1946 4902 ad
1985 4846 2143 4902 Edit.
2187 4845 2354 4901 Goth.
2388 4843 2506 4910 Dei,
2541 4851 2594 4898 et
2623 4842 2712 4898 ad.
2772 4837 2905 4895 “'Ut
2931 4839 3209 4912 gaudeant
3267 4839 3421 4896 Edit.
3484 4845 3540 4894 et

1437 4989 1741 5046 JOANNIS
1787 4987 2065 5046 PICARDI
2107 4986 2339 5044 ΝΟΤΛΕ.

243 4909 643 4982 congaudeant.

229 5125 424 5182 Opera.
457 5109 617 5185 Quod
637 5127 960 5186 responsum
986 5112 1321 5186 fetidumque
1344 5129 1639 5170 exsecrans
1671 5118 1833 5186 phar-

229 5197 470 5257 macum,
489 5184 934 5257 congemuithoc
971 5184 1226 5257 planctu:
1257 5186 1339 5239 Var
1377 5184 1709 5257 a'qritudirii
1737 5189 1832 5242 cui

223 5254 499 5326 competit
521 5254 659 5309 talis
672 5255 985 5317 medicina;
1003 5255 1150 5326 etsic
1163 5257 1312 5326 virgo
1326 5254 1537 5312 electus
1548 5274 1581 5312 (ι
1597 5259 1830 5312 Domino

225 5324 430 5393 (inquit
459 5324 690 5397 Roger.‘
722 5326 1008 5380 Honeden.
1043 5325 1095 5379 in
1127 5324 1400 5396 Annalib.)
1441 5329 1618 5383 vitam
1638 5327 1831 5397 ﬁnivit

228 5396 623 5471 temporalem.
655 5394 1020 5471 Quamobrem
1044 5396 1169 5471 jure
1199 5398 1266 5451 de
1304 5413 1368 5471 eo
1384 5394 1534 5467 'quod
1583 5394 1831 5471 Angelus

231 5466 535 5522 Politianus
564 5467 634 5520 de
667 5468 929 5522 Michaele
950 5469 1168 5531 Verino,
1206 5470 1330 5522 cani
1361 5466 1534 5538 petest
1568 5488 1580 5523 :

375 5538 510 5610 Sola
542 5538 716 5593 Venus
739 5540 890 5594 lento
904 5541 1093 5610 potuit
1109 5556 1440 5596 succurrere
1469 5541 1676 5598 morbo.

448 5608 526 5664 Ac
555 5624 612 5665 ac
640 5608 941 5681 pollueret,
964 5611 1175 5668 maluit
1196 5612 1295 5668 ille
1311 5613 1474 5669 mori.

1941 5115 2055 5168 Imo
2087 5113 2249 5168 virile
2279 5111 2721 5181 laudandumque
2753 5110 2974 5163 Thema
2993 5121 3318 5181 responsum
3336 5106 3418 5162 fas
3451 5117 3530 5164 est

1941 5185 2125 5240 Verini
2155 5201 2308 5256 aeque
2338 5178 2649 5237 laborantis
2669 5181 2986 5256 exprimere
3008 5178 3251 5256 distichis
3305 5194 3536 5248 quorum

1941 5272 2107 5337 unum
2139 5251 2455 5337 ad'l’etrum
2487 5253 2773 5337 quemdam
2807 5253 2885 5337 sic
2913 5251 3114 5335 direxit
3148 5267 3158 5304 :

2014 5329 2148 5393 Cur,
2164 5329 2352 5388 Petro,
2373 5321 2692 5396 virgineum
2707 5322 2955 5379 hortaris
2976 5338 3066 5376 me
3078 5337 3288 5396 ponere
3303 5321 3536 5389 ﬂorem?

2085 5399 2202 5453 Non
2216 5398 2426 5466 faciam
2445 5393 2563 5461 {vel
2577 5397 2623 5450 si
2639 5396 2737 5450 hoc
2753 5399 2910 5450 certa
2929 5394 3187 5465 paranda
3203 5393 3377 5448 salus.

1942 5470 2008 5524 Et
2027 5485 2208 5524 rursus
2230 5468 2296 5521 ad
2317 5475 2706 5538 praeceptorem
2740 5481 2753 5519 :
2840 5535 2873 5538 __
2904 5535 2914 5538 _
2961 5517 2966 5523 .

2014 5534 2372 5596 Promittam
2386 5534 2590 5594 medici
2603 5538 2756 5594 coitu
2771 5535 2936 5596 mihi,
2957 5535 3132 5590 Paule
3146 5534 3392 5589 salutem
3411 5550 3430 5587 :

2083 5613 2203 5670 Non
2237 5610 2389 5666 tanti
2415 5613 2544 5666 vitae
2559 5611 2637 5666 sit
2666 5609 2810 5664 mihi
2825 5609 2981 5663 certa
3001 5606 3177 5662 salus.
