4036 6072
537 265 634 323 191

1030 273 1094 329 S.
1141 276 1444 335 ANSELMI
1486 279 1831 339 CANTUAR.
1870 276 2205 334 ARCHIEP.
2251 275 2410 331 OPP.
2458 275 2651 332 PARS.
2694 277 2793 332 ΙΙΙ.
2841 307 2911 318 -
2947 275 3323 333 EPISTOLE.

3723 276 3826 332 192

536 391 714 449 dicam
737 395 765 450 ?
795 394 852 452 Si
880 411 989 453 non
1018 396 1160 463 dico,
1213 400 1442 458 forsitan
1473 420 1582 459 non
1606 404 1994 458 animadvertis
2026 419 2040 465 ;
2074 402 2125 457 si
2154 401 2211 461 A
2238 416 2383 457 nunc
2411 401 2659 456 usitatam
2681 417 2792 457 non
2820 402 3042 473 legeris,
3065 410 3116 458 et
3138 403 3208 458 ab
3235 403 3493 474 episcopo
3508 409 3829 458 consecrata

535 481 679 551 dico,
728 484 959 540 forsitan
1007 487 1286 543 irasceris.
1346 491 1427 545 De
1470 492 1660 558 electa,
1699 501 1752 547 et
1793 493 2023 564 signata,
2078 499 2131 545 et

539 585 740 639 sponsa
769 574 886 641 Dei,
920 576 1051 645 quid
1083 576 1226 632 facta
1267 580 1679 637 es?Erubescat
1715 597 1834 636 esse
1877 581 2130 635 nobilitas

539 663 632 713 tua
649 662 793 731 quod
844 663 1124 717 erubescis
1152 666 1361 731 audire,
1388 672 1442 722 et
1464 685 1589 740 ego,
1622 678 1843 740 propter
1871 669 2127 724 nobilita-

538 753 651 801 tem
696 757 745 804 et
802 750 1167 818 dilectionem,
1224 757 1488 813 erubesco
1546 757 1747 813 dicere.
1798 759 1962 825 Ecce,
2022 757 2132 812 tilia

536 836 867 923 charissima,
897 841 941 894 si
964 841 1082 898 haec
1102 845 1367 913 preponis
1398 845 1454 899 in
1481 851 1777 917 conspectu
1808 855 1920 911 tuo,
1956 862 2131 919 quan—

539 932 619 979 tus
648 926 802 980 dolor
833 928 998 984 debet
1026 948 1149 985 esse
1167 946 1234 974 οη
1253 932 1306 986 in
1323 935 1491 989 corde
1520 944 1612 991 tuo
1642 936 1709 990 de
1740 944 1888 991 tanto
1932 943 1983 991 et
2022 945 2129 990 tam

536 1014 691 1083 gravi
711 1031 840 1071 casu
869 1022 962 1073 tuo
996 1018 1006 1072 !
1035 1020 1091 1074 Si
1123 1022 1266 1075 enim
1307 1025 1660 1080 vehementer
1690 1024 1866 1093 doles,
1925 1024 2132 1079 condo-

536 1098 698 1157 lendo
727 1104 822 1159 tibi
845 1106 1002 1163 valde
1019 1110 1234 1180 gaudeo
1260 1129 1274 1177 ;
1300 1110 1347 1165 si
1374 1128 1501 1168 vero
1532 1128 1638 1167 non
1668 1113 1838 1181 doles,
1899 1129 2008 1168 non
2053 1121 2133 1168 est

536 1191 680 1246 unde
696 1194 987 1264 gaudeam,
1008 1197 1106 1251 sed
1131 1200 1300 1254 multo
1319 1202 1493 1273 magis
1513 1206 1564 1268 4
1576 1204 1621 1268 2
1635 1205 1679 1269 3
1707 1202 1889 1257 doleo.
1916 1204 2054 1257 Nam
2087 1202 2133 1256 si

537 1277 708 1349 doles,
766 1283 945 1340 adhuc
1001 1285 1230 1341 salutem
1262 1293 1409 1343 tuam
1461 1305 1619 1361 spero
1667 1289 1728 1318 “‘
1788 1309 1801 1355 ;
1854 1290 1898 1345 si
1955 1299 2132 1346 autem

535 1383 644 1423 non
668 1370 838 1439 doles,
874 1374 1004 1445 quid
1035 1374 1137 1429 nisi
1180 1376 1579 1435 damnationem
1615 1383 1757 1434 tuain
1814 1388 2133 1449 exspectare

540 1473 683 1527 queo
701 1462 729 1513 ?

609 1549 951 1618 Impossibile
982 1570 1219 1627 namque
1240 1565 1319 1612 est
1335 1565 1385 1613 te
1407 1557 1518 1614 ullo
1539 1558 1701 1614 modo
1718 1573 1882 1629 posse
1906 1558 2131 1625 salvari,

535 1634 639 1690 nisi
695 1638 763 1692 ad
819 1640 1059 1721 habitum
1089 1654 1141 1700 et
1170 1648 1510 1717 propositum
1560 1647 1827 1715 abjectum
1857 1646 1919 1675 ⁸⁸⁵
1951 1647 2133 1702 redie-

2237 505 2346 545 non
2378 489 2567 544 fueris.
2603 493 2781 559 Certe,
2815 490 2923 546 ﬁlia
2953 492 3289 558 charissima,
3321 492 3502 548 adhuc
3533 499 3586 547 te
3624 507 3828 562 exspe-

2237 586 2346 633 ctat
2403 580 2689 645 Dominus,
2720 590 2931 635 creator
2960 589 3013 635 et
3043 581 3357 652 redemptor
3388 589 3508 635 tuus
3540 600 3552 636 :
3586 598 3683 635 rex
3737 580 3828 634 ille

2240 668 2334 741 qui
2386 669 2703 739 concupivit
2759 670 2992 739 speciem
3028 678 3197 735 tuam,
3247 678 3304 724 ut
3361 678 3503 725 esset
3559 669 3831 741 legitimus

2237 773 2474 826 sponsus
2506 760 2651 825 tuus,
2684 757 2858 812 adhuc
2889 766 2938 812 te
2968 767 3244 829 exspectat
3275 767 3327 813 et
3370 768 3607 825 revocat,
3641 766 3699 813 ut
3753 758 3830 812 sis

2238 846 2483 916 legitima
2510 844 2573 874 ⁶⁴⁷
2600 862 2802 917 sponsa
2848 847 2985 916 ejus,
3020 855 3074 902 et
3120 848 3167 901 si
3220 863 3331 902 non
3393 849 3569 917 virgo,
3630 848 3827 901 saltem

2238 939 2421 989 casta.
2460 935 2675 991 Scimus
2721 936 2865 990 enim
2911 936 3091 1006 plures
3121 943 3335 992 sanctas
3379 936 3651 1005 mulieres,
3709 952 3830 1007 quae

2237 1028 2363 1095 post
2392 1024 2633 1078 amissan
2661 1025 3029 1096 virginitatem
3055 1026 3178 1095 plus
3212 1026 3538 1096 placuerunt
3592 1026 3727 1090 Deo,
3778 1032 3832 1078 et

2240 1112 2418 1183 magis
2448 1112 2522 1166 illi
2556 1112 2861 1167 familiares
2892 1114 3107 1168 fuerunt
3133 1129 3229 1184 per
3248 1113 3617 1184 pmnitentiam
3646 1113 3700 1167 in
3731 1127 3829 1168 ca-

2242 1202 2439 1268 stitate,
2472 1218 2631 1273 quam
2672 1202 2858 1273 plures
2886 1200 3036 1272 aliae,
3065 1203 3313 1273 quamvis
3342 1209 3561 1270 sanctae,
3584 1201 3642 1257 in
3665 1202 3833 1273 virgi-

2240 1290 2427 1345 nitate.

2313 1379 2451 1434 Redi
2480 1395 2629 1452 ergo,
2666 1381 2863 1437 mulier
2890 1380 3212 1448 Christiana,
3259 1381 3377 1435 redi
3408 1382 3479 1436 ad
3505 1395 3598 1436 cor
3658 1389 3829 1446 tuum,

2241 1476 2296 1524 et
2323 1469 2603 1524 considam
2632 1486 2792 1541 quem
2822 1470 3006 1540 potius
3038 1471 3242 1526 debeas
3269 1471 3517 1542 diligere,
3547 1471 3633 1526 cui
3653 1471 3835 1541 potius

2242 1558 2540 1623 adhaerere,
2600 1558 2675 1612 illi
2731 1559 2821 1628 qui
2852 1567 2902 1613 te
2922 1559 2990 1613 ad
3015 1567 3215 1613 tantam
3247 1560 3585 1613 honestatem
3641 1557 3826 1629 elegit,

2242 1646 2497 1717 eligendo
2529 1647 2765 1714 vocavit,
2798 1648 3045 1703 vocando
3090 1648 3276 1702 habitu
3305 1648 3547 1717 sponsali
3603 1646 3703 1701 sibi
3734 1663 3832 1701 as-

537 1723 637 1778 ris.
663 1724 923 1795 Quamvis
946 1732 1089 1787 enim
1123 1734 1191 1787 ab
1220 1735 1477 1807 episcOpo
1507 1745 1719 1791 sacrata
1768 1752 1875 1791 non
1933 1736 2124 1799 fueris,
2158 1735 2495 1815 Bsignavit,
2549 1744 2602 1790 et
2659 1738 2854 1801 adhuc,
2914 1738 3160 1807 quamvis
3215 1745 3569 1807 contemptus
3625 1744 3678 1791 et
3746 1752 3833 1791 re-

537 1827 641 1869 nec
695 1831 877 1871 coram
938 1820 1060 1890 ipso
1119 1824 1518 1892 professionem
1580 1825 1782 1896 legeris
1833 1826 1967 1895 (38),
2028 1827 2130 1880 hoc

536 1901 710 1958 solum
742 1914 919 1962 tamen
941 1918 1023 1963 est
1054 1911 1361 1978 manifesta,
1387 1921 1441 1968 et
1469 1930 1587 1984 quae
1619 1913 1808 1985 negari
1859 1930 1965 1968 non
2024 1930 2128 1985 po-

539 1998 659 2061 test,
707 1994 999 2063 professio,
1050 1998 1171 2068 quia
1228 2000 1443 2069 publice
1501 2005 1555 2055 et
1612 2010 1820 2057 secrete
1884 2002 2130 2056 habitum

541 2080 716 2135 sancti
744 2086 1015 2153 propositi
1046 2090 1294 2157 portasti,
1329 2105 1427 2159 per
1457 2090 1601 2162 quod
1658 2090 1912 2145 omnibus
1959 2097 2011 2146 te
2045 2091 2132 2145 vi-

541 2166 793 2224 dentibus
826 2172 939 2227 Deo
957 2173 1192 2230 dicatam
1224 2185 1277 2231 te
1304 2193 1449 2244 esse,
1482 2193 1591 2233 non
1621 2177 1800 2232 minus
1830 2195 1995 2249 quam
2013 2194 2133 2248 pro-

540 2255 836 2313 fessionem
868 2262 1121 2333 legendo,
1147 2263 1453 2321 aﬂirmasti.
1491 2267 1624 2321 Nam
1657 2275 1949 2338 antequam
1980 2265 2135 2321 fieret

540 2343 643 2400 ista
659 2348 878 2404 nuncm
909 2352 1108 2407 usitata
1137 2355 1439 2410 monachici
1482 2356 1743 2426 propositi
1792 2356 2055 2427 professio
2085 2364 2136 2411 et

539 2437 794 2504 sacratio,
820 2438 986 2495 multa
1016 2441 1188 2496 millia
1216 2444 1495 2515 utriusque
1516 2460 1685 2500 sexus
1706 2445 1987 2499 hominum
2014 2444 2134 2500 solo

540 2522 725 2579 habitu
760 2542 819 2581 se
847 2527 1018 2599 ipsius
1048 2546 1169 2584 esse
1198 2533 1466 2601 propositi
1489 2532 1817 2603 proﬁtentia,
1851 2533 2130 2588 celsitudi-

540 2628 663 2667 nem
696 2619 750 2668 et
780 2631 1037 2671 coronam
1068 2626 1364 2674 consecuta
1390 2630 1532 2675 sunt.
1575 2622 1640 2675 Et
1672 2622 1764 2692 qui
1824 2627 1951 2676 tunc
1970 2622 2131 2676 habi-

544 2706 654 2755 tum
686 2701 803 2757 sine
839 2703 957 2774 ipsa
987 2706 1324 2775 professione
1342 2716 1394 2762 et
1422 2709 1732 2764 sacratione
1790 2718 2131 2780 assumptum

540 2788 882 2858 rejiciebant,
899 2801 1155 2862 apostatze
1164 2795 1565 2864 judicabantur.
1586 2799 1978 2853 inexcusabilis
1997 2814 2131 2867 ergo

540 2892 621 2941 es,
646 2876 693 2931 si
721 2878 928 2935 deseris
957 2890 1202 2937 sanctum
1260 2884 1597 2956 propositum
1630 2886 1773 2958 quod
1829 2886 1919 2941 diu
1943 2886 2131 2941 habitu

538 2971 591 3021 et
619 2968 1033 3025 conversatione
1063 2971 1309 3042 professa
1336 2988 1413 3042 es,
1446 2975 1692 3044 quamvis
1734 2974 2129 3045 professionem

2234 1824 2437 1893 jectus,
2471 1833 2747 1895 exspectat
2777 1834 2831 1879 et
2861 1835 3085 1881 revocat
3118 1841 3131 1894 ;
3164 1842 3231 1880 an
3262 1826 3341 1879 illi
3398 1842 3496 1896 per
3551 1842 3731 1896 quem,
3774 1835 3833 1879 ut

2240 1913 2421 1967 mitius
2472 1913 2667 1977 dicam,
2725 1914 2778 1967 in
2836 1915 2940 1969 hoc
2999 1914 3053 1967 in
3111 1930 3218 1984 quo
3267 1922 3319 1968 te
3367 1914 3521 1969 vides
3561 1914 3830 1981 dejectam

2239 2002 2308 2057 de
2357 2011 2505 2057 tanta
2557 2002 2879 2058 celsitudine
2900 2002 3140 2057 cecidisti
3173 2018 3186 2068 ;
3221 2003 3515 2074 praesertim
3538 2019 3658 2056 cum
3713 2003 3832 2073 ipse

2239 2098 2293 2145 te
2371 2090 2511 2159 jam,
2581 2090 2720 2145 sicut
2767 2099 2915 2161 puto,
2962 2098 3292 2156 contemnat,
3351 2099 3441 2146 aut
3495 2090 3615 2146 sine
3662 2092 3831 2145 dubio

2242 2187 2653 2249 contempturus
2685 2187 2736 2234 et
2781 2180 3105 2235 deserturus
3133 2180 3215 2234 sit.
3256 2181 3325 2235 Et
3353 2178 3557 2234 utinam
3603 2179 3678 2235 sic
3729 2196 3833 2235 vos

2246 2268 2478 2323 invicem
2534 2270 2917 2335 contemnatis,
2968 2278 3025 2323 ut
3075 2285 3169 2325 vos
3226 2270 3372 2324 Deus
3427 2284 3532 2324 non
3581 2276 3833 2323 contem-

2245 2365 2382 2422 nat;
2419 2358 2498 2412 sic
2555 2372 2652 2413 vos
2683 2357 2917 2412 invicem
2947 2357 3235 2422 deseratis,
3279 2364 3338 2411 ut
3384 2372 3481 2412 vos
3536 2358 3676 2412 Deus
3722 2373 3836 2412 non

2243 2447 2461 2502 deserat
2519 2464 2531 2508 ;
2592 2447 2669 2501 sic
2711 2462 2810 2502 vos
2866 2446 3094 2501 invicem
3133 2445 3408 2515 rejiciatis,
3443 2453 3501 2500 ut
3555 2461 3657 2501 vos
3683 2447 3833 2501 Deus

2240 2552 2270 2591 a
2304 2537 2439 2592 facie
2460 2552 2554 2590 sua
2585 2552 2691 2590 non
2723 2536 2968 2606 projiciat
2988 2557 3006 2603 ,-
3029 2535 3107 2590 sic
3135 2536 3206 2591 ab
3226 2535 3458 2591 invicem
3490 2536 3830 2602 avertamini,

2241 2633 2298 2680 ut
2324 2626 2393 2679 ad
2426 2625 2595 2679 Deum
2626 2624 3041 2680 convertamini.
3073 2626 3233 2679 Certe
3262 2624 3455 2679 melius
3484 2632 3537 2679 et
3564 2623 3720 2679 valde
3735 2623 3832 2679 hoc

2240 2713 2538 2768 norabilius
2558 2720 2641 2767 est
2689 2720 2743 2767 et
2771 2712 2849 2765 illi
2883 2720 2934 2766 et
2955 2712 3049 2767 tibi
3081 2720 3133 2767 ut
3162 2713 3233 2767 ab
3276 2712 3368 2768 illo
3398 2712 3474 2767 sis
3516 2717 3833 2780 contempta

2241 2818 2401 2873 quam
2434 2805 2667 2865 retenta,
2703 2800 2826 2869 quia
2846 2801 3083 2869 quandiu
3120 2801 3230 2855 eris
3251 2801 3370 2869 ejus
3399 2800 3832 2871 retenta,procul

2240 2886 2425 2954 dubio,
2458 2893 2517 2940 ut
2545 2886 2613 2940 de
2643 2886 2737 2939 illo
2753 2900 2896 2940 nunc
2915 2892 3216 2949 taceam,tu
3240 2886 3347 2940 eris
3361 2885 3456 2939 Dei
3482 2889 3829 2956 contempta;

2241 2979 2294 3028 et
2348 2971 2412 3038 si,
2465 2977 2775 3041 contempta
2822 2970 2891 3026 ab
2922 2970 3036 3036 illo,
3068 2977 3292 3042 propter
3318 2971 3497 3025 Deum
3519 2969 3672 3025 illum
3692 2985 3832 3026 con-

1841 3090 2069 3146 VARLE
2110 3086 2499 3145 LECTIONES
2515 3129 2527 3143 .

607 3180 845 3257 f"Decet
888 3198 1019 3257 esse
1085 3186 1243 3241 Edit.
1299 3187 1465 3243 debet
1519 3203 1660 3243 esse.
1720 3187 2031 3242 “‘Salutem
2089 3202 2252 3257 spero
2304 3186 2450 3240 Edit.
2502 3185 2743 3257 Salutem
2792 3193 2938 3239 tuam
2996 3198 3176 3256 spero.

3267 3183 3625 3255 “‘Objectum
3672 3184 3821 3242 Edit.

537 3249 826 3322 abjectum.
884 3254 1061 3312 “‘Iste
1095 3273 1241 3314 nunc
1272 3259 1418 3314 Edit.
1451 3257 1555 3314 ista
1586 3275 1748 3315 nunc.
1804 3258 1936 3314 mUt
1964 3260 2033 3313 sit
2064 3249 2309 3329 legitima
2342 3258 2485 3312 Edit.
2519 3265 2574 3310 ut
2605 3258 2679 3311 sis
2702 3256 2969 3329 legitima.

1734 3358 2029 3414 JOANNIS
2070 3356 2356 3413 PICARDI
2394 3357 2625 3413 ΝΟΤΕ.

616 3455 728 3523 (38)
754 3455 1014 3528 Quamvis
1035 3458 1188 3511 enim
1204 3457 1270 3512 ab
1292 3458 1546 3528 episcopo
1563 3460 1794 3513 sacrata
1808 3473 1920 3528 non
1934 3456 2136 3525 fueris,
2172 3453 2221 3516 C
2251 3455 2386 3511 Hinc
2440 3463 2521 3528 est
2554 3456 2711 3528 quod
2728 3454 3066 3509 Lombardus
3092 3451 3576 3528 examussimejus
3626 3469 3835 3525 expen-

541 3540 645 3607 ne_c
658 3527 977 3607 coramipw
1003 3527 1669 3607 pro/essionfmjegeris.
1697 3528 1757 3582 Id
1779 3527 1989 3607 videtur
2017 3531 2133 3607 An:

543 3596 747 3669 selmus
777 3596 978 3669 dixisse
1003 3596 1072 3669 ex
1091 3596 1269 3651 mente
1304 3600 1373 3652 D.
1416 3596 1609 3652 Lennis
1631 3599 1898 3669 papae,ita
1914 3614 2030 3667 cap.
2068 3600 2131 3650 13

542 3666 703 3738 epist.
765 3670 852 3732 90,
904 3668 974 3722 ad
1018 3668 1296 3723 Rusticum
1354 3666 1768 3724 Narbonensem
1817 3666 2133 3738 episcopum

540 3737 881 3809 scribentis:
920 3761 943 3785 κ
992 3737 1211 3797 Puellae.
1267 3756 1389 3809 qua:
1446 3755 1552 3794 non
1598 3747 1801 3795 coactae
1848 3737 2131 3809 parentum

539 3806 788 3880 imperio,
834 3809 927 3862 sed
979 3806 1529 3880 spontaneo‘judieio,
1566 3806 1893 3880 virginitatis
1923 3825 2130 3879 prepo-

542 3878 704 3951 situm
737 3886 897 3948 atque
929 3879 1167 3951 habitum
1204 3878 1585 3950 susceperunt,
1617 3878 1679 3934 si'
1695 3889 1883 3951 postea
1915 3878 2131 3951 nuptias

541 3948 766 4021 eligunt,
803 3950 1247 4018 prtevaricantur,
1278 3948 1488 4006 etiamsi
1518 3948 1860 4009 consecratio
1891 3948 2005 4006 non
2032 3967 2127 4005 ac-

541 4020 718 4084 ceSsit,
750 4021 919 4092 cujus
943 4022 1128 4091 utique
1160 4039 1269 4076 non
1301 4023 1685 4077 fraudarentur
1722 4039 1971 4091 munere,
2006 4023 2048 4076 si
2076 4022 2129 4076 in

540 4092 822 4162 proposito
855 4102 1256 4161 permanerent.
1284 4117 1306 4143 π
1341 4097 1476 4149 Ante
1500 4096 1734 4149 Leonem
1776 4094 1919 4149 idem
1951 4109 2127 4164 appa—

536 4171 617 4218 ret
646 4163 887 4235 sensisse
908 4165 1278 4219 Innocentium
1311 4166 1349 4230 Ι,
1380 4167 1536 4235 cujus
1594 4167 1651 4219 in
1684 4167 1825 4220 hanc
1856 4182 1968 4220 rem
1992 4163 1999 4164 ί
2027 4165 2132 4219 de-

538 4242 746 4307 cretum
767 4234 1010 4307 AGregor.
1036 4236 1263 4306 Magnus
1297 4234 1687 4307 papa’protulit
1716 4237 1769 4289 in
1799 4236 2031 4304 epistola
2057 4236 2127 4289 ad

538 4305 907 4369 Bonifacium,’
947 4305 1143 4361 relata"
1173 4307 1241 4360 ab
1284 4305 1447 4361 lvo‘ne
1470 4305 1477 4306 ί
1503 4308 1724 4362 Carnot.
1759 4315 1898 4377 part.
1932 4322 1991 4360 ιιι
2017 4323 2129 4361 sum

540 4378 855 4442 Pannoniae,
879 4386 931 4431 et
965 4379 1117 4431 Petro
1148 4378 1454 4433 Lombardo
1484 4379 1577 4432 lib.
1611 4394 1663 4431 iv
1697 4380 1869 4443 Sent.,
1889 4378 2013 4432 dist.
2039 4380 2126 4446 38,

537 4448 607 4502 ad
639 4450 755 4504 haec
784 4450 951 4504 verba
985 4466 997 4503 :
1036 4471 1057 4496 ι
1095 4450 1219 4502 Hzec
1249 4466 1370 4518 quae
1409 4450 1641 4504 necdum
1671 4465 1830 4503 sacro
1862 4449 2127 4504 velamine

536 4527 713 4586 tectae,
742 4526 920 4574 tamen
953 4520 1008 4573 in
1035 4521 1311 4589 proposito
1342 4520 1595 4589 virginali
1627 4536 1849 4588 semper
1877 4536 1937 4574 se
1960 4521 2128 4574 simu-

536 4589 789 4645 laverunt
820 4606 1160 4660 permanere,
1196 4591 1322 4647 licet
1354 4589 1549 4646 velatae
1576 4606 1683 4645 non
1705 4590 1922 4651 fuerint.
1947 4599 2126 4645 tamen

536 4661 583 4713 si
606 4660 889 4733 nupserint
912 4661 1090 4730 aliquo
1123 4671 1386 4733 tempore,
1423 4661 1504 4715 his
1533 4661 1749 4733 agenda
1800 4662 2128 4733 paenitentia:

537 4739 639 4803 est,
699 4731 826 4803 quia
855 4734 1099 4803 isponsio
1146 4731 1336 4788 earum
1374 4731 1655 4803 tenebatur
1700 4750 1732 4787 a
1790 4732 2037 4789 Domino.
2072 4733 2127 4787 Si

2247 3523 2593 3605 deusverba,
2631 3526 2825 3605 inferat
2857 3546 2875 3605 ξ
2908 3549 2929 3574 α
2963 3528 3086 3582 Non
3103 3534 3188 3605 est
3217 3525 3398 3597 igitur,
3431 3523 3641 3605 inquit,
3683 3523 3833 3605 prae-

2244 3598 2648 3677 termittendum
2681 3597 2823 3677 quod
2857 3597 3204 3677 Innqcentius
3244 3594 3403 3677 'papa
3429 3594 3522 3677 de
3556 3594 3731 3677 viduis
3778 3605 3836 3677 et

2242 3668 2437 3738 puellis
2494 3666 2749 3732 decrevit,
2811 3685 2929 3738 qua:
2960 3669 3171 3723 Christo
3200 3666 3554 3738 spiritualitet'
3596 3667 3831 3738 nubunt,

2242 3737 2287 3792 si
2318 3747 2507 3810 postea
2540 3738 2754 3809 publice
2774 3737 3073 3807 nupserim,
3098 3754 3203 3793 non
3217 3753 3311 3793 eas
3324 3737 3686 3810 admittendas
3703 3754 3829 3810 esse

2239 3807 2748 3881 ad'pwniténtiam,
2808 3810 2912 3864 nisi
2967 3810 3017 3864 hi
3075 3811 3269 3881 quibus
3315 3824 3379 3881 se,
3414 3807 3711 3881 junxerant
3759 3809 3831 3881 de

2240 3881 2440 3935 mundo
2474 3880 2811 3936 recesserint.
2845 3881 2901 3935 Si
2931 3880 3178 3936 enim’de
3220 3880 3471 3936 omnibus
3522 3880 3638 3936 haec
3687 3880 3830 3935 ratio

2239 3952 2560 4015 custoditur,
2595 3961 2649 4005 ut
2668 3967 3001 4021 quaecunque
3045 3952 3261 4005 vivente
3281 3950 3397 4005 viro
3441 3949 3595 4004 alteri
3612 3967 3825 4019 nupse—

2238 4024 2325 4083 rit,
2380 4024 2620 4077 adultera
2651 4023 2917 4094 habeatur
2947 4040 2959 4075 :
2993 4038 3094 4079 nec
3127 4023 3177 4078 ei
3207 4023 3441 4094 agendae
3492 4023 3829 4094 pmnitentiaa

2240 4094 2454 4148 licentia
2500 4094 2813 4148 conceditur
2869 4093 2971 4146 nisi
3019 4111 3156 4148 unus
3185 4092 3389 4148 de'illis
3422 4092 3580 4147 fuerit
3622 4094 3825 4148 defun-

2237 4174 2380 4229 ctus,
2400 4173 2599 4235 quanto
2614 4164 2791 4234 magis
2822 4164 2889 4218 de
2911 4165 3001 4218 illa
3031 4165 3262 4219 tenenda
3306 4172 3407 4227 est,
3442 4180 3563 4235 quae
3591 4172 3715 4219 ante
3763 4181 3831 4219 se

2239 4234 2522 4291 immortali
2550 4236 2759 4303 Sponso
2782 4237 3157 4306 conjunxerat,
3208 4244 3259 4290 et
3287 4242 3414 4305 post
3444 4234 3561 4288 hac
3620 4235 3687 4289 ad
3720 4235 3829 4289 hu-

2238 4323 2440 4367 manas,
2499 4306 2714 4376 nuptias
2762 4307 3222 4378 transmigravit?
3258 4329 3279 4355 υ
3319 4306 3588 4378 Hactenus
3645 4307 3830 4376 Magi-

2238 4387 2365 4433 ster.
2382 4378 2477 4433 Cui
2499 4379 2693 4432 lubens
2714 4376 3046 4432 addidissem
3075 4393 3353 4449 canonemr
3375 4376 3834 4449 iiGrangrensis

2236 4449 2449 4505 concilii
2469 4450 2536 4503 ab
2561 4450 2723 4502 lvone
2740 4449 2986 4517 superius
3035 4449 3273 4511 adducti,
3307 4448 3359 4501 ni
3380 4446 3641 4501 viderem'
3679 4449 3832 4503 hunc

2237 4522 2289 4575 in
2324 4521 2577 4575 mulieres
2592 4521 2981 4574 Eustachianas
3016 4536 3136 4575 esse
3172 4518 3596 4589 promulgatum.
3628 4528 3687 4572 ut
3715 4518 3831 4575 illic

2234 4591 2473 4661 (velutet
2502 4591 2554 4644 in
2576 4590 2809 4657 caeteris)
2854 4590 3009 4647 docte
3039 4589 3414 4646 animadvertit
3455 4590 3611 4661 Joan.
3646 4589 3827 4657 Quin-

2238 4660 2648 4735 tinusdlieduus.
2691 4661 2909 4735 Rectius
2964 4663 3392 4735 adjungerentur
3443 4660 3723 4714 decretum
3747 4662 3831 4735 22

2237 4733 2451 4789 concilii
2482 4733 2961 4803 Chalcedonensis,
2992 4731 3046 4805 q.
3078 4731 3265 4805 Si'quq
3288 4733 3437 4805 ving
3470 4750 3487 4795 ;
3519 4735 3572 4786 et
3602 4731 3829 4805 concilii

539 4801 839 4856 eniminter
854 4802 1103 4858 homines
1131 4805 1269 4858 solet
1291 4805 1447 4859 bonae
1474 4802 1598 4858 fidei
1643 4808 1956 4858 contractus
1985 4803 2129 4857 nulla
2158 4806 2209 4866 D
2240 4805 2521 4861 Elibertini
2575 4820 2814 4858 canones
2860 4801 2955 4870 l3,
2982 4801 3065 4869 ιι,
3100 4801 3293 4859 conci].
3326 4802 3496 4857 Tolet.
3532 4817 3606 4864 tv.
3668 4802 3830 4857 relati

538 4872 748 4955 ratione
769 4872 1011 4954 dissolvi,
1039 4883 1239 4942 quanto
1262 4875 1442 4955 minus
1473 4876 1574 4955 ista.
1600 4874 1912 4955 pollicitatio
1956 4890 2121 4955 quam

538 4958 660 4999 cum
693 4944 808 4998 Deo
828 4945 1174 5015 pepigerunt,
1208 4946 1348 4999 solvi
1379 4946 1496 5000 sine
1527 4946 1762 5000 vindicta
1821 4944 2063 5014 poterit?
2096 4969 2118 4993 ι.

540 5015 720 5087 Item:
758 5036 779 5064 κ
806 5014 866 5087 Si
900 5014 1137 5087 virgines
1168 5016 1402 5071 nondum
1460 5018 1651 5087 velata
1680 5016 1858 5071 taliter
1910 5016 2127 5087 publica

535 5085 869 5158 paenitentia
898 5085 1213 5158 puniuntur,
1250 5094 1303 5140 et
1332 5103 1365 5140 a
1394 5095 1534 5143 coetu
1565 5086 1809 5142 fidelium
1857 5085 2026 5158 usque
2055 5088 2124 5142 ad

534 5155 959 5212 satisfactionem
1014 5156 1395 5224 excluduntur,
1432 5181 1456 5208 ιι
1489 5168 1594 5213 etc.
1652 5158 1754 5214 Ubi
1790 5155 2125 5213 Lombardus

535 5227 824 5299 subjungit
852 5241 865 5282 :
888 5248 911 5277 ι
936 5228 1010 5280 Ex
1028 5228 1118 5299 his
1148 5237 1373 5297 apparet
1401 5228 1638 5299 virgines
1663 5229 1750 5283 vel
1783 5229 1975 5285 viduas
1997 5237 2125 5285 voto

535 5298 880 5355 continentiae
909 5298 1179 5361 astrictas,
1211 5300 1324 5353 sive
1358 5298 1557 5353 fuerint
1587 5299 1797 5363 velatae,
1845 5301 1959 5355 sive
1990 5316 2121 5358 non.

534 5370 846 5441 nullatenus
876 5369 946 5424 ad
992 5369 1307 5441 conjugium
1336 5371 1519 5425 sortiri
1572 5386 1759 5438 posse.
1797 5397 1818 5418 ι»
1857 5372 2125 5426 Hactenus

536 5439 882 5496 Innocentius
914 5454 993 5513 ;_a
1024 5457 1131 5513 quo
1149 5439 1277 5513 cum
1310 5442 1363 5494 in
1390 5442 1638 5513 virgines
1664 5442 1902 5513 nondum
1924 5443 2126 5497 velatas

535 5521 645 5567 tam
676 5527 865 5569 severe
913 5511 981 5583 sit
1024 5511 1501 5579 animadversum,
1523 5512 1655 5583 jure
1680 5512 1798 5569 haec
1843 5513 1913 5567 ad
1961 5529 2124 5583 quam

536 5583 725 5641 scribit
781 5581 1093 5651 Anselmus,
1150 5584 1400 5640 eamdem
1474 5591 1591 5641 erat
1644 5582 1803 5640 luitra
1870 5581 2112 5656 poenam.

2230 4876 2427 4930 ibidem
2452 4891 2482 4928 a
2507 4874 2765 4930 Gratiano
2794 4892 2829 4941 ι,
2852 4877 3113 4946 Devotam
3139 4877 3467 4946 peccantem
3488 4891 3505 4936 ;
3538 4888 3657 4946 cap.
3692 4875 3822 4940 108,

2235 4947 2330 5018 lib.
2355 4946 2688 5018 vr_.7Capitu|.
2721 4945 2897 5000 Caroli
2912 4943 3198 5018 Magni,‘et
3228 4959 3352 5015 cap.
3404 4944 3529 5007 257,
3564 4943 3691 5018 lib._
3721 4959 3824 5012 vn,

2236 5026 2287 5073 et
2316 5017 2367 5071 in
2399 5016 2492 5072 illo
2524 5014 2738 5085 quidem
2759 5014 3068 5087 praecipitur
3084 5014 3387 5088 utrumque,
3416 5030 3615 5088 nempe
3644 5014 3823 5088 virum

2235 5097 2289 5145 et
2308 5088 2586 5154 feminam,
2632 5085 2940 5158 separatos
2961 5093 3226 5158 perpetuo
3254 5085 3545 5158 relegari
3575 5085 3775 5158 exsilio
3811 5105 3827 5143 :

2240 5183 2260 5207 α
2299 5162 2356 5213 ln
2387 5159 2488 5213 hoc
2515 5155 2706 5213 autem'
2726 5158 2910 5213 tandiu
2927 5155 3335 5214 submovendos
3349 5155 3468 5212 esse
3492 5155 3829 5213 Christiano-

2234 5247 2351 5284 rum
2384 5238 2562 5303 coetu,
2578 5229 2772 5303 donec,
2805 5252 2825 5278 α
2861 5230 3033 5303 inquit
3057 5227 3543 5303 Christianissimus
3588 5227 3827 5303 impera:

2236 5309 2336 5365 tor,
2374 5322 2395 5350 ι
2423 5301 2568 5369 quod
2586 5301 2766 5356 illicite
2791 5298 3235 5372 perpétraveriut,
3255 5299 3572 5372 emendent.
3596 5298 3755 5372 Quod
3778 5301 3823 5355 si

2235 5372 2526 5427 emendare
2584 5370 2943 5443 neglexerint,
2976 5388 3007 5427 a
3033 5370 3415 5428 communione
3450 5370 3534 5425 vel
3572 5370 3820 5427 omnium

2236 5442 2675 5501 Christianorum
2714 5444 2971 5503 convivio
3024 5443 3078 5499 in
3161 5450 3423 5515 perpetuo
3503 5445 3821 5513 sequestrati

2235 5515 2365 5569 sint.
2411 5534 2433 5564 a
