4036 6072
228 245 341 299 193

1524 248 1657 306 LIB.
1694 251 1790 322 III,
1817 251 2038 309 EPIST.
2064 253 2254 311 CLIX.

3439 273 3538 327 194

226 380 552 451 tempseris,
581 381 766 451 utique
808 394 917 437 non
966 383 1295 449 contempta,
1342 376 1441 431 sed
1487 383 1740 447 suscepta
1786 384 1840 433 et
1865 377 1920 438 A
1949 393 2044 434 cor
2074 387 2220 435 tuum
2250 389 2302 436 et
2331 382 2580 439 infundat
2608 385 2665 440 in
2695 389 2746 442 te
2775 401 3018 444 amorem
3051 404 3230 461 suum,
3263 390 3372 450 ﬁlia
3402 397 3539 454 cha—

225 465 442 520 dilecta
492 465 592 522 Dei
640 465 766 533 eris,
809 465 953 522 velut
999 464 1118 533 ejus
1161 462 1429 534 sanguine
1477 462 1702 533 proprio
1748 477 1839 516 re-

224 553 480 625 dempta.

301 643 560 713 Intende,
609 644 716 698 ﬁlia
764 644 924 714 cujus
982 643 1212 698 salutem
1273 641 1567 703 desidero;
1620 640 1838 695 intende

222 733 633 803 benignitatem
665 733 788 804 ejus
817 733 908 805 qui
937 734 1283 802 contemptus
1314 747 1346 784 a
1377 739 1424 784 te
1475 740 1836 785 contemnen-

219 830 339 876 tem
372 830 620 888 revocat,
654 830 710 876 ut
738 829 791 877 te
814 821 870 875 in
900 821 1149 893 regalem
1180 836 1335 874 suum
1384 818 1684 873 thalamum
1727 833 1838 872 non

222 920 527 976 terrenum,
564 911 660 966 sed
690 911 964 966 calestem
995 909 1319 964 introducat.
1354 907 1577 962 Intende
1608 914 1661 962 et
1697 922 1836 962 con-

223 1009 354 1055 cute
387 1015 485 1054 cor
513 1007 683 1065 tuum,
717 998 842 1054 dole
888 998 1242 1054 vehementer
1289 1012 1470 1052 casum
1520 1004 1690 1051 tuum.
1723 996 1836 1050 Re-

220 1090 334 1157 jice
365 1097 420 1144 et
451 1088 712 1144 conculca
743 1087 1068 1143 sacularum
1119 1087 1359 1141 habitum
1409 1101 1571 1155 quem
1618 1102 1836 1140 assum-

229 1178 422 1249 psisti,
456 1184 510 1232 et
538 1193 757 1232 resume
783 1176 1028 1231 habitum
1060 1191 1278 1246 sponsa
1307 1175 1505 1230 Christi
1536 1191 1694 1244 quem
1713 1191 1837 1246 pro-

225 1266 447 1337 jecisti.
482 1266 798 1320 Nullatenus
827 1265 973 1319 enim
1026 1272 1078 1319 te
1120 1272 1418 1336 cognoscet
1459 1264 1702 1318 Christus
1749 1270 1838 1318 aut

229 1355 524 1425 suscipiet,
549 1354 652 1408 nisi
681 1357 734 1407 in
766 1354 859 1408 illo
891 1353 1079 1408 habitu
1111 1368 1220 1424 quo
1250 1361 1298 1407 te
1347 1352 1453 1406 sibi
1501 1352 1743 1423 signavit
1785 1359 1839 1407 et

229 1459 345 1514 quo
379 1451 432 1499 te
462 1443 581 1511 ejus
611 1458 871 1513 sponsam
902 1458 1030 1497 esse
1058 1442 1273 1513 publice
1303 1450 1355 1495 et
1382 1450 1594 1496 secreto
1641 1457 1700 1496 es
1749 1448 1837 1495 te-

228 1541 394 1587 stata.
429 1531 491 1586 In
521 1532 629 1588 hoc
655 1532 840 1586 habitu
879 1531 994 1586 redi
1042 1539 1099 1584 tu
1141 1531 1208 1584 ad
1253 1530 1644 1602 benignitatem
1693 1531 1833 1600 ejus.

227 1622 440 1694 Ingere
472 1626 525 1676 te
564 1628 875 1691 opportune
923 1622 979 1674 in
1029 1627 1320 1690 conspectu
1368 1619 1509 1688 ejus.
1543 1622 1749 1674 Accusa
1777 1614 1838 1645 °“

226 1720 283 1766 tu
337 1712 460 1781 ipsa
508 1709 898 1766 conscientiam
950 1718 1114 1776 tuam,
1157 1711 1272 1764 lava
1322 1709 1576 1778 lacrymis
1617 1710 1832 1778 culpam

226 1808 406 1854 tuam.
444 1798 558 1854 Ora
588 1815 714 1853 eum
744 1797 1177 1869 infatigabiliter,
1212 1798 1434 1852 adhare
1456 1798 1533 1851 illi
1556 1797 1837 1867 insepara-

225 1888 416 1942 biliter
451 1903 464 1941 :
495 1888 812 1943 misericors
843 1895 941 1954 est,
984 1903 1093 1942 non
1133 1895 1186 1942 te
1232 1887 1475 1956 rejiciet;
1509 1887 1606 1942 sed
1657 1887 1836 1957 potius

225 1978 485 2048 gaudens
512 1977 579 2031 de
607 1977 784 2031 reditu
815 1986 925 2042 tuo,
962 1984 1011 2031 te
1039 1976 1283 2046 benigne
1325 1976 1604 2046 suscipiet.
1646 1976 1702 2031 Si
1734 1978 1836 2031 hoc

224 2067 458 2136 feceris,
487 2065 746 2138 gaudium
778 2065 880 2121 erit
909 2066 977 2120 de
1010 2073 1060 2120 te
1090 2065 1145 2118 in
1170 2066 1306 2120 coelo
1328 2067 1448 2119 etin
1470 2073 1632 2130 terra,
1653 2064 1835 2119 omni-

222 2157 335 2211 bus
369 2155 581 2210 sanctis
609 2155 820 2227 angelis
852 2163 904 2211 et
932 2155 1249 2210 hominibus
1278 2155 1753 2227 cognoscentibus.
1778 2154 1834 2210 Si

220 2261 359 2303 vero
415 2246 519 2300 hoc
565 2243 744 2300 facere
789 2243 1201 2314 contempseris,
1229 2259 1422 2300 omnes
1470 2244 1566 2297 tibi
1613 2243 1834 2299 adversi

226 2341 396 2390 erunt
425 2342 480 2389 et
507 2349 613 2406 ego
645 2341 698 2389 et
727 2333 968 2389 Ecclesia
998 2333 1096 2388 Dei
1129 2334 1393 2388 faciemus
1435 2333 1579 2404 quod
1624 2333 1694 2388 de
1739 2333 1835 2387 tali

222 2440 280 2480 re
315 2423 635 2478 faciendum
665 2421 1040 2494 intelligimus.
1076 2422 1435 2494 Omnipotens
1465 2423 1614 2477 Deus
1654 2422 1836 2478 visitet

1949 467 2179 523 rissima.

2445 588 2787 646 EPISTOLA
2818 591 3042 649 CLVIII.

2266 691 2338 729 DE
2394 693 2610 734 NUPTIIS
2659 695 3221 740 CONSANGUINEORUM.

2203 765 2446 823 Habetur
2472 772 2633 838 parte
2664 785 2680 822 1
2720 769 2977 840 Operam,
3009 773 3121 828 col.
3160 777 3285 830 557.

2452 907 2787 964 EPISTOLA
2835 911 3016 965 CLIX.

2242 1009 2484 1049 ANSELMI
2516 1012 2590 1050 AD
2620 1013 2951 1054 WILLELMUM
2978 1015 3254 1059 ABBATRM.

2182 1083 2258 1139 De
2286 1088 2436 1140 moto
2468 1086 2645 1141 altari
2665 1089 2871 1142 iterum
2905 1093 3301 1150 consecrando.

2015 1170 2251 1225 Domino
2302 1180 2353 1226 et
2400 1173 2577 1228 amico
2629 1175 2968 1246 charissimo,
3001 1182 3307 1238 reverendo
3353 1183 3540 1240 abbati

1947 1260 2287 1329 WILLELMO,
2304 1266 2624 1328 ANSELMUS,
2644 1279 2831 1320 servus
2841 1267 3102 1323 Ecclesia
3122 1269 3538 1342 Cantuariensis,

1947 1350 2170 1405 salutem
2181 1393 2193 1404 .

2019 1438 2250 1506 Quando
2280 1441 2534 1511 respondi
2565 1441 2679 1513 (39)
2711 1442 2780 1497 ad
2811 1445 2953 1513 quod
3003 1447 3328 1517 quasivistis
3356 1450 3423 1505 de
3455 1452 3542 1506 al-

1948 1529 2048 1582 tari
2077 1541 2129 1583 et
2159 1528 2226 1584 de
2257 1529 2507 1596 ecclesia,
2542 1531 2611 1584 ita
2638 1541 2751 1585 erat
2780 1549 2872 1587 cor
2902 1550 3083 1590 meum
3137 1537 3378 1608 quadam
3425 1540 3542 1596 sol-

1948 1618 2228 1674 licitudine
2272 1628 2560 1690 gravatum
2607 1628 2664 1674 ut
2707 1637 2815 1675 non
2865 1638 3079 1692 possem
3141 1625 3419 1684 intendere
3481 1629 3546 1685 iis

1949 1725 2076 1778 qua
2107 1707 2375 1776 dicebam,
2411 1717 2468 1763 et
2496 1709 2714 1763 nuntius
2744 1718 2920 1765 vester
2947 1711 3022 1766 ita
3053 1712 3354 1782 festinabat,
3391 1726 3444 1772 ut
3488 1719 3546 1775 in

1948 1798 2094 1852 aliud
2125 1806 2338 1867 tempus
2368 1797 2471 1851 hoc
2500 1797 2722 1853 differre
2749 1815 2858 1854 non
2888 1816 3128 1870 possem.
3162 1804 3240 1859 De
3271 1821 3376 1874 quo
3417 1807 3541 1877 qui—

1944 1889 2066 1942 dem
2091 1903 2268 1958 neque
2289 1887 2340 1940 in
2360 1885 2594 1940 decretis
2617 1902 2794 1958 neque
2818 1887 2870 1942 in
2893 1890 3192 1946 canonibus
3213 1894 3432 1949 memini
3456 1913 3540 1951 me

1945 1977 2157 2048 aliquid
2189 1976 2407 2048 legisse,
2441 1976 2535 2031 sed
2569 1994 2598 2031 a
2630 1979 2867 2046 quodam
2900 1979 3162 2050 episcopo
3189 1983 3373 2040 audivi
3396 1986 3541 2054 quod

1943 2066 1998 2120 in
2027 2067 2264 2121 decretis
2298 2065 2528 2136 Eugenii
2567 2083 2722 2137 papa
2753 2067 2950 2138 legitur
2990 2069 3159 2125 altare
3203 2079 3406 2127 motum
3431 2075 3542 2144 (40)

1942 2154 2140 2209 iterum
2183 2155 2633 2211 consecrandum.
2682 2156 2762 2210 De
2806 2156 2889 2209 his
2938 2173 3062 2211 cum
3123 2158 3352 2216 domino
3399 2178 3542 2233 papa

1944 2244 2161 2300 Urbano
2192 2244 2400 2298 locutus
2431 2261 2573 2311 sum,
2606 2244 2997 2300 assistentibus
3039 2247 3366 2318 quibusdam
3417 2253 3541 2322 epi—

1943 2334 2152 2403 scopis.
2193 2331 2299 2386 Sed
2332 2346 2471 2402 papa
2502 2331 2715 2387 dicebat
2741 2348 2984 2387 mensam
3002 2334 3187 2390 altaris
3209 2346 3407 2393 motam
3428 2339 3541 2410 (41)

1943 2439 2043 2478 nec
2081 2421 2564 2492 reconciliandam,
2588 2435 2690 2477 nec
2718 2421 2910 2477 iterum
2959 2425 3405 2496 consecrandam,
3437 2443 3540 2484 nec

1540 2543 1782 2599 VARIE
1822 2545 2233 2602 LECTIONES.

291 2642 754 2718 “Benignitatem
786 2644 921 2714 ejus.
955 2646 1166 2699 Accusa
1198 2643 1350 2700 Edit.
1390 2642 1780 2715 benignitatem
1812 2643 1948 2712 ejus.
2001 2645 2198 2715 Ingere
2234 2651 2282 2697 te
2335 2649 2642 2714 opportune
2688 2641 2744 2696 in
2775 2651 3069 2715 conspectu
3121 2645 3258 2715 ejus.
3295 2647 3532 2706 Accusa.

1436 2794 1726 2850 JOANNIS
1770 2795 2050 2850 PICARDI
2095 2793 2325 2849 NOTzE.

297 2895 411 2964 (39)
451 2894 692 2969 Quando
711 2894 996 2969 respondi,
1030 2902 1152 2969 e_tc._
1175 2893 1314 2949 llinc
1360 2895 1595 2948 maxime
1643 2893 1817 2969 palam
1854 2893 1902 2956 Ο
1931 2891 2565 2969 chardinum__ex_emplar
2595 2906 2703 2969 quo
2733 2908 2883 2969 us_us_
2911 2895 2999 2969 est
3045 2895 3138 2951 Ivo
3175 2904 3309 2969 erat
3354 2898 3532 2969 ipsum

227 2974 310 3020 est
333 2967 658 3020 Anselmum
681 2966 735 3019 id
757 2964 1063 3036 argumenti
1087 2964 1221 3019 alias
1242 2973 1510 3031 tractasse,
1532 2973 1580 3018 et
1603 2965 1821 3036 quidem

231 3037 487 3090 fortassis
520 3037 679 3107 paulo
712 3045 834 3091 ante
867 3038 1105 3107 primum
1157 3052 1222 3089 ex
1271 3037 1475 3108 Anglia
1524 3037 1824 3090 discessum

227 3113 488 3178 (nemque
527 3124 669 3162 anno
720 3111 876 3173 1097,
919 3109 1064 3178 quod
1110 3108 1237 3160 alibi
1283 3108 1732 3176 observavimus),
1768 3115 1825 3161 ut

229 3179 575 3248 insequentia
597 3187 898 3233 monstrant
917 3179 1158 3232 Auselmi
1184 3179 1349 3232 verba
1383 3179 1631 3244 dicentis,
1658 3179 1826 3232 fuisse

233 3263 336 3303 tam
367 3250 508 3304 adeo
541 3250 761 3304 molesta
792 3257 1076 3321 gravatum
1108 3249 1491 3314 sollicitudine,
1525 3257 1582 3303 ut
1611 3250 1698 3303 vix
1721 3248 1824 3302 sibi

229 3322 562 3384 attenderet,
597 3337 660 3374 ac
690 3320 880 3391 procul
910 3320 1078 3374 dubio
1109 3329 1330 3390 propter
1360 3321 1543 3392 varios
1590 3335 1824 3392 angores

230 3407 539 3462 censusque
561 3407 669 3446 non
687 3394 834 3446 leves
855 3401 910 3447 et
931 3393 1179 3461 publicos
1194 3392 1264 3445 ab
1281 3391 1555 3446 Eadmero
1573 3391 1827 3460 pluribus

231 3471 518 3517 enarratos
547 3463 683 3517 Vita
713 3463 958 3532 ejusdem
989 3463 1083 3516 lib.
1119 3477 1174 3528 ιι,
1210 3478 1332 3532 cap.
1365 3464 1449 3529 12,
1489 3465 1571 3529 14,
1605 3466 1691 3528 15,
1722 3465 1782 3514 19
1809 3479 1821 3530 ;

231 3535 429 3603 quibus
463 3533 678 3602 quidem
710 3549 831 3588 cum
863 3549 970 3603 non
1001 3534 1188 3587 liceret
1226 3533 1454 3595 mederi,
1489 3549 1587 3602 per
1635 3541 1828 3586 contu-

232 3602 441 3658 macem
475 3603 751 3658 Guillelmi
783 3602 916 3658 Ruﬂi
948 3604 1251 3674 Anglorum
1271 3605 1415 3674 regis
1431 3603 1823 3674 pervicaciam,

231 3675 555 3746 gravissime
578 3677 874 3729 vexabatur
909 3679 1224 3728 Anselmus.
1268 3676 1434 3729 Porro
1481 3675 1533 3728 id
1583 3674 1829 3746 rescripti

233 3761 334 3816 pro
369 3746 578 3799 foribus
609 3747 850 3814 epistola
873 3746 1103 3815 appensi
1121 3748 1379 3800 hactenus
1401 3762 1487 3800 me
1510 3746 1664 3816 fugit.
1685 3745 1830 3814 quod

236 3828 414 3871 tamen
451 3817 670 3871 Baleum
702 3817 902 3872 vidisse
933 3817 1100 3886 liquet
1147 3833 1215 3870 ex
1263 3817 1364 3872 hoc
1407 3817 1578 3879 titulo,
1611 3824 1662 3870 et
1712 3833 1832 3871 ver-

234 3888 425 3942 borum
446 3887 810 3957 principio,de
841 3887 1080 3942 motione
1108 3887 1293 3942 altaris
1319 3907 1329 3942 :
1359 3888 1508 3955 Quod
1549 3888 1613 3942 de
1655 3888 1832 3943 altari

236 3960 411 4014 datur
442 3961 677 4023 occasio,
699 3967 804 4013 etc.
834 3959 942 4013 Sed
965 3964 1017 4012 et
1040 3960 1196 4026 hanc,
1213 3975 1371 4027 quam
1394 3966 1832 4014 commentemur

237 4030 544 4100 epistolam,
577 4029 777 4083 offendi
809 4029 949 4084 inter
976 4046 1085 4084 ms.
1129 4032 1277 4084 lvon.
1315 4031 1635 4092 Carnolens,
1669 4031 1828 4099 epist.

236 4101 528 4155 Beccensis
577 4101 934 4166 bibliotheca,
986 4102 1292 4169 adjunctam
1342 4101 1420 4154 illi
1470 4101 1593 4171 ipsi,
1627 4100 1682 4153 in
1729 4116 1834 4168 qua

236 4172 486 4226 eamdem
538 4172 756 4241 exponit
802 4172 1112 4227 materiam.
1163 4171 1454 4226 Anselmus
1515 4187 1649 4226 vero
1713 4186 1833 4224 cum

1930 2965 2107 3038 idque
2125 2963 2522 3038 amplissimum
2545 2970 2596 3017 et
2625 2962 3120 3038 locupletissimum
3153 2968 3222 3023 de
3239 2985 3346 3038 quo
3367 2962 3531 3025 joan-

1931 3033 2029 3108 nes
2062 3034 2341 3108 Moliuaus
2371 3033 2676 3108 Gaudensis
2707 3035 2759 3086 in
2791 3034 3123 3106 dedicatoria
3155 3033 3391 3108 epistola
3411 3044 3529 3096 Ivo-

1932 3106 2078 3160 niani
2128 3105 2365 3169 Dec-reti,
2400 3104 2491 3158 ubi
2543 3109 2764 3158 testatur
2814 3104 2935 3174 qua
2983 3104 3202 3163 exstant
3235 3111 3530 3166 Burchardi

1933 3178 2264 3232 collectanea
2293 3175 2531 3229 Colonia
2558 3192 2755 3229 excusa
2785 3176 2922 3230 1548
2954 3178 3042 3232 vix
3073 3188 3280 3234 sextam
3329 3184 3530 3238 arche-

1936 3248 2047 3321 typi
2077 3249 2338 3317 attingere
2371 3246 2694 3321 portionem,
2724 3247 2846 3300 licet
2875 3261 3356 3321 numerosuperet
3376 3253 3530 3308 libel-

1932 3317 2148 3377 lbrum;
2221 3325 2356 3380 erat,
2392 3319 2634 3389 inquam,
2667 3317 2804 3371 forte
2868 3319 3040 3374 codex
3088 3320 3181 3375 ille
3203 3317 3441 3389 auctior,
3476 3324 3531 3378 in

1936 3405 2040 3462 quo
2069 3388 2648 3462 Melderrseconcilium
2679 3389 2796 3462 vice
2827 3389 3008 3462 Iligini
3037 3406 3195 3461 papa
3241 3388 3526 3462 citabatur,

1935 3457 2021 3535 vel
2052 3459 2238 3535 Higini
2263 3457 2511 3512 Edictum
2535 3474 2561 3510 a
2581 3457 3130 3535 partibusttleldensis
3151 3464 3342 3532 synodi
3365 3457 3529 3535 rape;

1936 3529 2167 3605 tebatur.
2201 3530 2462 3605 Caeterum
2496 3545 2593 3605 per
2622 3529 3019 3605 altare_de_quo
3068 3529 3298 3604 Higinus
3346 3529 3525 3605 supra,

1937 3603 2260 3672 intelligitur
2288 3601 2462 3667 majus
2491 3601 2694 3661 altare;
2729 3601 3050 3671 principale,
3104 3601 3162 3658 ut
3191 3601 3527 3670 Anselrnus;

1940 3673 2290 3727 titulatorium
2336 3672 2604 3734 ecclesia,
2657 3679 2713 3726 ut
2755 3673 2992 3728 Joannes
3052 3675 3402 3731 Flaventinus
3459 3678 3530 3732 ad

1938 3744 2137 3798 dictum
2169 3760 2293 3812 cap.
2334 3743 2392 3798 Si
2421 3746 2660 3814 motum,
2698 3747 2887 3809 vocat;
2921 3760 3095 3814 eoque
3122 3757 3268 3802 moto
3299 3747 3531 3804 ecclesia

1939 3815 2134 3870 iterum
2178 3813 2542 3886 consecranda
2574 3822 2666 3886 est
2699 3830 2717 3886 :7
2762 3814 2943 3886 glossa
2988 3813 3209 3883 ibidem,
3240 3819 3532 3874 Anselmus

1941 3886 1993 3939 in
2025 3887 2126 3941 hac
2157 3885 2340 3955 epist,
2376 3887 2468 3939 Ivo
2499 3885 2658 3954 epist.
2698 3885 2784 3954 35,
2821 3886 2913 3956 qui
2945 3887 3011 3941 ad
3054 3889 3338 3959 quodlibet
3366 3891 3531 3946 altare

1941 3957 1994 4010 id
2024 3956 2290 4010 extendit.

1939 3957 1994 4011 id
2024 3956 2290 4011 extendit.

2012 4029 2122 4098 (41)
2143 4029 2383 4082 Mensam
2407 4026 2610 4081 altaris
2631 4029 2868 4100 motam,
2890 4043 2995 4083 nec
3022 4032 3528 4100 reconciliandam,

1941 4115 2042 4154 nec
2066 4102 2276 4153 iterum
2293 4097 2753 4163 consecrandam,
2774 4113 2877 4152 nec
2894 4100 2955 4152 in
2976 4101 3183 4167 altare,
3198 4110 3304 4157 etc.
3331 4097 3533 4158 Contra

1941 4170 2215 4224 Alexand.
2250 4169 2343 4235 Ill,
2379 4167 2471 4221 lib.
2506 4185 2562 4241 ut
2593 4167 3007 4241 Decr_etal.,rt_it.
3040 4172 3126 4234 40,
3161 4187 3289 4241 cap.
3331 4177 3380 4239 1,
3420 4191 3432 4226 :
3471 4174 3531 4228 Si

237 4243 383 4315 dicat
440 4259 500 4315 se
579 4237 796 4315 Urbano
851 4260 993 4313 papa
1034 4243 1440 4315 rnonnullisque
1490 4241 1911 4315 pontiﬁcibusD
1941 4242 2125 4315 altare
2147 4243 2363 4315 motum
2383 4239 2582 4315 fuerit,
2602 4237 3532 4315 autiapisillesolummodosuper-

237 4313 580 4368 audientibus
625 4314 899 4368 cardinem
949 4314 1114 4382 hujus
1161 4330 1332 4368 causa
1360 4313 1620 4378 vertisse,
1665 4313 1832 4367 claret

238 4401 296 4439 se
326 4383 615 4456 \Villelmo
645 4401 995 4455 responsasse
1025 4385 1080 4438 in
1106 4385 1354 4456 Angliam
1386 4394 1683 4452 revectum,
1718 4384 1828 4438 sci-

238 4456 360 4511 licet
391 4456 500 4510 sub
533 4455 692 4510 ﬁnem
724 4458 850 4510 anni
883 4457 1044 4509 1100.

308 4529 423 4595 (40)
456 4535 526 4580 1η
543 4527 782 4582 decretis
805 4528 1042 4596 Eugenii
1063 4543 1222 4598 papa:
1257 4527 1484 4596 legitur,
1503 4528 1690 4582 altare
1707 4544 1830 4584 mo-

243 4603 387 4662 tum,
422 4604 534 4652 etc.
572 4598 782 4653 Nomen
812 4614 968 4668 papa
1011 4597 1342 4652 subdititium
1383 4614 1502 4652 esse
1533 4604 1834 4668 coarguunt

241 4671 418 4739 primo
450 4669 676 4739 paucula
709 4686 828 4740 qua
858 4669 927 4724 de
957 4670 1245 4740 Eugeniol
1279 4676 1330 4722 et
1360 4670 1407 4722 II
1438 4669 1505 4722 ad
1555 4684 1654 4722 nos
1702 4685 1829 4738 per-

241 4749 529 4806 venerunt,
553 4741 684 4794 nihil
702 4741 768 4794 ad
788 4757 898 4794 rem
919 4741 1122 4794 habent
1146 4755 1158 4809 ;
1183 4740 1356 4794 altero
1375 4741 1520 4810 quod
1562 4741 1831 4810 Burchar-

241 4811 340 4865 dus
383 4811 481 4864 lib.
515 4829 551 4865 ιι
598 4813 834 4876 Decret.,
867 4827 988 4879 cap.
1024 4815 1109 4877 11,
1142 4809 1433 4864 Jarlaudus
1477 4809 1831 4881 ChrySOpoli-

245 4891 401 4936 tanus
431 4882 525 4936 lib.
560 4897 638 4935 xu
688 4899 799 4936 sua
843 4883 1129 4945 Candela;
1165 4884 1256 4940 Ivo
1301 4884 1515 4938 Carnot.
1550 4899 1606 4936 ιιι
1650 4888 1828 4950 part.,

245 4971 366 5024 cap.
405 4955 490 5021 13,
543 4969 837 5023 rursusque
882 4954 1172 5008 Pannonia
1219 4971 1254 5007 ιι
1301 4963 1439 5024 part.
1474 4961 1521 5008 et
1571 4954 1822 5008 Gratian.

245 5025 322 5078 De
364 5031 689 5088 consecrat.,
724 5025 962 5079 distinct.
1013 5029 1062 5090 1,
1092 5041 1210 5096 cap.
1242 5026 1304 5081 Si
1350 5029 1584 5088 motum,
1633 5025 1830 5096 lligino

245 5112 400 5166 papa
431 5096 668 5149 tribuant
695 5096 778 5148 his
805 5097 1026 5150 omnino
1057 5096 1237 5152 verbis
1271 5114 1283 5150 :
1309 5097 1365 5151 Si
1407 5099 1624 5150 motum
1655 5097 1831 5165 fuerit

246 5167 647 5231 altare,denuo
667 5172 1028 5223 consecretur
1060 5167 1322 5227 ecclesia,
1341 5168 1391 5222 si
1418 5169 1667 5239 parietes
1699 5183 1831 5220 mu-

250 5243 471 5306 tantur,
487 5242 543 5294 et
560 5255 675 5294 non
697 5240 896 5303 altare,
921 5239 1132 5293 salibus
1152 5243 1378 5294 tantum
1397 5238 1823 5292 exorcizentur.

244 5311 626 5382 Attamenlvo,
651 5310 749 5382 qui
771 5309 901 5382 locis
919 5309 1082 5364 modo
1103 5310 1331 5382 signatis
1365 5324 1432 5363 ex
1464 5308 1646 5382 Higini
1680 5324 1833 5378 papa

245 5380 620 5436 sanctionibus
649 5380 789 5435 hanc
817 5381 1020 5451 allegat
1057 5380 1383 5436 sententiam
1405 5381 1568 5451 epist.
1591 5383 1678 5451 32,
1703 5395 1832 5451 pro-

247 5452 390 5507 ducit
422 5468 490 5507 ex
521 5451 754 5506 concilio
793 5449 1080 5517 Meld'ensi,
1114 5453 1280 5507 relato
1328 5465 1360 5504 a
1403 5449 1734 5505 Burchardo.
1767 5450 1835 5504 Et

249 5523 463 5592 quidem
494 5537 763 5578 canonem
801 5521 868 5577 de
913 5537 1018 5593 quo
1063 5520 1578 5593 impraesentiarum,
1608 5527 1833 5593 antece-

247 5591 378 5650 dunt
405 5594 515 5652 duo
556 5593 756 5666 placita
800 5591 992 5665 synodi
1029 5592 1332 5658 Meldensi;
1365 5591 1658 5664 forsanque
1696 5591 1836 5648 Bur-

1939 4312 2172 4384 positus,
2187 4313 2284 4382 qui
2302 4311 2552 4384 sigillum
2569 4309 2846 4372 continet,
2868 4313 3214 4384 confractus,
3230 4309 3527 4370 autetiam

1938 4381 2277 4446 dimi-nutus,
2301 4382 2457 4454 debet
2487 4381 2668 4454 denuo
2699 4381 3061 4454 consecrari:
3079 4383 3172 4437 His
3201 4381 3525 4454 Vastipulatur

1936 4455 2091 4508 Joan.
2128 4454 2294 4505 Andr.
2326 4452 2508 4522 glossa
2536 4451 2591 4503 in
2624 4451 2767 4506 hunc
2804 4451 3191 4517 titulum,Joan.
3225 4455 3293 4509 de
3312 4451 3526 4511 Turre-

1932 4530 2193 4587 cremata,
2247 4531 2299 4576 et
2356 4522 2734 4576 Archidiacon.
2789 4523 3006 4593 in‘cap.
3062 4525 3121 4580 Si
3161 4527 3399 4592 motum,
3450 4527 3530 4582 De

1938 4610 2190 4650 consecr.
2231 4593 2464 4648 distinct.
2500 4596 2523 4646 1
2555 4611 2566 4655 ;
2603 4594 2934 4648 Astessanus
2962 4594 3063 4648 lib.
3102 4610 3158 4649 γι
3204 4613 3318 4652 sua
3362 4598 3527 4653 Sum-

1938 4683 2061 4733 ma,
2094 4666 2172 4719 tit.
2206 4665 2295 4737 29,
2327 4672 2379 4737 et
2408 4665 2516 4737 alii,
2549 4673 2857 4737 constanter
2883 4674 3194 4721 asserentes
3232 4668 3377 4737 quod
3407 4685 3528 4724 cum

1938 4737 2190 4807 superior
2219 4735 2399 4789 altaris
2428 4735 2629 4807 tabula,
2657 4735 2779 4807 sive
2808 4751 2995 4807 mensa
3025 4737 3078 4789 in
3115 4753 3223 4807 qua
3248 4735 3307 4793 tit
3336 4754 3531 4796 conse-

1939 4805 2122 4872 cratio,
2158 4811 2306 4861 mota
2354 4806 2529 4869 fuerit,
2581 4806 2666 4859 vel
2715 4805 2767 4857 in
2814 4821 2911 4859 sua
2955 4805 3144 4861 forma
3172 4818 3404 4876 mutata;
3438 4819 3531 4867 aut

1939 4879 2183 4954 lapidum
2194 4877 2480 4954 quispiam
2511 4892 2629 4930 eam
2662 4878 3078 4954 sustentantium
3102 4884 3156 4933 et
3199 4883 3530 4954 contingen-

1939 4947 2096 5018 tium,
2130 4947 2341 5004 illitisve
2374 4949 2426 5000 in
2459 4962 2565 5017 quo
2610 4947 2852 5018 reliquiae
2900 4951 3261 5017 continentur,
3292 4961 3345 5008 et
3390 4947 3530 5009 con-

1941 5021 2174 5076 secratio
2222 5027 2304 5074 est
2350 5019 2627 5088 impressa,
2673 5027 2848 5089 motus
2896 5020 3073 5089 fuerit,
3111 5021 3281 5078 altare
3345 5040 3531 5081 rursus

1941 5093 2056 5147 fore
2087 5091 2426 5164 sacrandumf
2451 5088 2743 5164 Bernard._,_
2763 5091 3021 5164 Papiens.
3049 5088 3388 5164 praepositus,
3421 5097 3520 5152 lib.

1939 5181 1998 5218 ιιι
2042 5162 2125 5217 sui
2172 5160 2633 5233 Breviarii‘paulo
2675 5160 2833 5216 aliter
2872 5160 3180 5233 clariusque
3238 5165 3533 5222 Alexandri

1938 5235 2196 5306 placitum
2219 5231 2522 5306 retulitsicr:
2550 5233 2744 5306 Altare
2766 5235 2946 5306 inquo
2984 5231 3180 5291 tabula
3209 5241 3302 5292 cui
3332 5255 3532 5295 conse-

1939 5304 2036 5363 cra
2045 5306 2212 5361 tionis
2226 5304 2536 5359 benedictio
2538 5304 2842 5429 fonti/Scal
2849 5304 2868 5360 ἰ
2879 5306 3195 5362 ministerio
3205 5307 3526 5378 adhibetur,

1939 5379 1991 5429 si
2031 5380 2185 5429 mota
2221 5377 2418 5429 fuerit.
2470 5391 2530 5429 ve
2601 5377 2912 5429 enormiter
2954 5380 3160 5429 tracta.
3209 5377 3369 5429 debet
3415 5395 3526 5429 non

1939 5379 1991 5433 si
2031 5380 2185 5433 mota
2219 5377 2418 5445 fuerit,
2470 5377 2556 5430 vel
2601 5377 2912 5431 enormiter
2951 5380 3161 5446 fracta,
3209 5377 3369 5433 debet
3415 5377 3530 5435 non

1939 5449 2225 5503 immerito
2257 5445 2578 5502 consecrari
2600 5465 2617 5507 :
2638 5462 2742 5502 nec
2771 5445 3042 5517 negamus
3057 5447 3194 5519 quin
3211 5449 3397 5504 oleum
3415 5466 3531 5505 non

1941 5522 2359 5586 consecratam,
2393 5521 2720 5575 consecrato
2744 5519 2922 5588 possit
2939 5519 3060 5575 oleo
3083 5520 3456 5576 commisceri.
