4036 6072
466 267 570 320 195
628 323 633 329 _

1023 261 1086 316 S.
1117 256 1427 316 ANSELMI
1457 253 1798 313 CANTUAR.
1832 253 2154 314 ARCHIEP.
2186 255 2339 313 OPP.
2371 256 2544 317 PARS
2575 254 2668 314 Ill.
2701 288 2770 301 —
2799 256 3176 317 EPISTOLJE.

3659 262 3766 322 196

463 386 700 459 amplius
724 386 780 440 in
826 384 1000 441 altare
1045 382 1425 454 reputandam.
1464 380 1574 435 Alii
1621 393 1748 435 vero
1797 377 2055 435 dicebant
2081 379 2136 439 A
2168 380 2424 452 portabit.
2470 381 2706 439 Felicem
2748 399 2858 451 me,
2906 385 3148 454 inquam,
3199 383 3247 440 si
3302 383 3620 442 meruissem
3676 385 3767 443 vel

465 485 668 532 tantum
699 473 1178 539 reconciliandam,
1211 470 1417 525 nullam
1458 469 1636 524 lamen
1680 469 2059 527 auctoritatem

468 566 842 622 ostendentes.
875 564 935 617 In
967 563 1067 616 hoc
1099 569 1277 616 autem
1307 574 1497 615 omnes
1526 557 1862 614 concordant
1893 555 2058 627 quod,

469 656 666 711 violato
713 651 1014 724 principali,
1062 658 1173 705 tota
1211 649 1440 706 ecclesia
1489 664 1616 704 cum
1659 646 1816 702 altari
1868 646 2059 700 iterum

469 743 837 800 consecranda
865 748 962 809 est,
995 755 1094 794 nec
1127 737 1360 795 ecclesia
1407 739 1777 792 consecranda
1815 744 1898 791 est
1943 736 2064 790 sine

469 831 878 889 consecratione
923 827 1128 894 altaris,
1163 834 1255 882 aut
1301 825 1642 897 principalis,
1692 834 1785 882 aut
1831 827 2061 897 alicujus

466 921 685 979 alterius
713 919 769 974 in
798 918 989 973 eadem
1020 915 1274 972 ecclesia.
1307 916 1367 970 In
1396 915 1480 970 his
1508 921 1686 971 autem
1715 931 1904 972 omnes
1923 933 2060 972 con-

465 1010 688 1068 cordant
729 1023 852 1064 cum
902 1006 1101 1077 quibus
1147 1005 1362 1060 locutus
1409 1021 1550 1074 sum,
1601 1013 1829 1076 excepta
1871 1006 2059 1060 altaris

461 1115 668 1156 mensa.
695 1100 830 1152 Item
860 1095 903 1150 si
933 1095 1116 1165 aliqua
1144 1110 1272 1165 pars
1320 1093 1566 1149 ecclesiae
1612 1094 1889 1150 destructa
1928 1093 2058 1150 reti-

461 1191 623 1257 citur,
659 1194 750 1242 aut
777 1199 919 1242 nova
949 1184 1018 1238 sit
1059 1183 1215 1238 altari
1259 1183 1490 1238 immoto
1537 1198 1683 1255 aqua
1733 1190 1938 1238 tantum
1987 1183 2056 1238 ab

464 1277 720 1347 episc0po
750 1273 1038 1328 benedicta
1067 1270 1465 1342 aspergendam
1497 1270 1700 1325 dicunt.
1746 1271 1903 1326 Ratio
1949 1287 2058 1326 au-

464 1373 571 1421 tem
603 1379 768 1434 quam
801 1378 832 1417 a
861 1377 948 1416 me
979 1360 1324 1430 quaesivistis,
1359 1360 1476 1414 haec
1505 1359 1637 1413 mihi
1665 1359 1878 1415 videtur
1894 1377 2061 1432 super

463 1455 588 1509 his:
624 1453 807 1506 Altare
834 1466 945 1505 non
975 1450 1038 1504 ﬁt
1066 1456 1291 1518 prepter
1335 1448 1648 1513 ecclesiam,
1681 1449 1779 1504 sed
1826 1451 2060 1506 ecclesia

462 1551 682 1614 propter
729 1539 930 1602 altare;
987 1545 1039 1592 et
1093 1537 1237 1603 ideo,
1289 1536 1490 1592 violato
1549 1537 1835 1608 principali
1897 1540 2058 1598 altari

459 1633 577 1702 jam
608 1645 717 1685 non
747 1628 964 1684 videtur
993 1643 1118 1682 esse
1159 1625 1388 1682 ecclesia
1421 1645 1433 1681 :
1468 1626 1595 1697 quia
1640 1642 1750 1682 non
1798 1635 1880 1681 est
1925 1629 2058 1683 illud

2164 485 2415 540 praesens
2451 471 2662 539 instrui,
2708 473 2799 528 vel
2847 481 3102 542 tanquam
3149 472 3438 528 familiaris
3480 473 3767 546 epistolam

2169 561 2446 631 suscipere
2475 561 2820 616 destinatam.
2855 563 2971 618 Hoc
3001 569 3182 618 autem
3211 563 3341 616 mihi
3364 563 3514 620 locus
3538 565 3763 634 invidet,

2169 663 2269 704 nec
2298 649 2456 704 aliter
2493 650 2835 705 salutationis
2881 651 3105 706 indulsit
3149 651 3415 722 obsequia
3461 653 3566 707 nisi
3611 653 3767 724 prius

2168 737 2318 792 orbis
2345 737 2627 793 dimidium
2659 739 3049 809 consultarem,
3081 748 3292 811 oportet
3323 741 3466 796 enim
3498 743 3667 798 maris
3712 749 3768 798 et

2168 825 2312 881 aeris
2343 827 2620 896 explorare
2653 827 2998 884 clementiam
3023 826 3087 856 ⁸⁵³
3113 829 3160 884 si
3182 845 3346 901 quem
3373 827 3436 856 “'
3452 829 3764 899 judicamus

2166 913 2222 968 in
2251 915 2449 986 Anglia
2492 916 2859 972 salutandum.
2890 917 3157 973 Caeterum
3204 918 3550 974 incommoda
3596 934 3766 990 sepa-

2168 1004 2389 1059 rationis
2419 1004 2697 1061 charitatis
2725 1005 2918 1078 copula
2959 1007 3299 1078 supplentur,
3326 1023 3447 1079 quin
3489 1008 3764 1064 neminem

2166 1093 2366 1162 patitur
2396 1110 2517 1150 esse
2548 1094 2704 1150 vobis
2733 1093 2795 1122 “‘
2824 1096 3127 1163 absentem,
3160 1098 3430 1153 neminem
3459 1112 3568 1153 non
3600 1096 3767 1154 fami-

2164 1181 2373 1237 liarem.
2407 1183 2486 1238 Ea
2514 1183 2650 1238 nihil
2681 1191 2767 1240 est
2797 1183 3046 1240 diffusius
3071 1200 3084 1254 ;
3114 1201 3214 1256 par
3237 1185 3381 1240 enim
3409 1185 3634 1242 latitudo
3681 1193 3763 1242 est

2167 1279 2221 1326 et
2248 1271 2531 1327 charitatis
2575 1281 2628 1328 et
2671 1273 2880 1328 mundi.
2914 1273 3158 1330 Charitas
3203 1274 3550 1346 amplectitur
3596 1275 3760 1347 quid-

2169 1359 2297 1430 quid
2345 1359 2611 1416 Oceanus.
2659 1361 2908 1416 Charitas
2955 1361 3010 1416 in
3051 1363 3294 1418 sacrario
3359 1363 3661 1419 dilectionis
3709 1370 3766 1419 et

2168 1448 2408 1504 amicum
2434 1449 2640 1522 colligit
2668 1450 2723 1504 in
2745 1451 2939 1512 Deum.
2963 1459 3016 1506 et
3036 1451 3312 1508 inimicum
3329 1460 3548 1523 propter
3565 1453 3762 1508 Deum.

2167 1537 2374 1594 Eadem
2405 1538 2633 1610 diligere
2663 1555 2772 1594 non
2802 1539 3022 1607 desinit,
3056 1555 3180 1596 cum
3209 1540 3366 1611 diligi
3389 1540 3667 1598 desinatur
3686 1539 3771 1596 “'.

2171 1624 2374 1680 Omnes
2401 1627 2569 1682 habet
2599 1635 2918 1697 praesentes,
2951 1644 3143 1685 omnes
3173 1628 3403 1694 afﬁnes;
3435 1629 3631 1700 quibus
3662 1645 3774 1686 non

461 1727 684 1791 propter
720 1718 865 1790 quod
912 1716 1147 1772 ecclesia
1195 1716 1522 1771 construitur
1569 1723 1622 1771 et
1684 1726 2055 1773 consecratur.
2092 1723 2146 1782 B
2175 1723 2351 1785 potest
2394 1716 2678 1787 obsequio,
2722 1717 2970 1772 subvenit
3027 1716 3240 1774 affectu.
3291 1719 3450 1773 Absit
3496 1719 3668 1792 igitur
3711 1727 3775 1776 ut

467 1808 814 1879 Quapropter
844 1822 969 1862 cum
1002 1805 1138 1859 illud
1167 1805 1221 1858 ﬁt
1251 1819 1478 1870 novum,
1510 1812 1655 1860 recte
1683 1805 1898 1860 videtur
1943 1823 2066 1862 cum

465 1914 530 1954 eo
560 1895 872 1953 consecrari
903 1911 1001 1966 per
1044 1894 1190 1966 quod
1239 1893 1435 1961 recipit
1477 1901 1535 1948 ut
1578 1893 1644 1947 sit
1691 1893 1946 1950 ecclesia.
1987 1898 2068 1951 De

464 1994 616 2042 moto
645 1985 795 2040 altari
827 1985 1026 2038 iterum
1061 1983 1434 2038 consecrando
1499 1983 1617 2038 haec
1672 1999 1888 2053 quoque
1933 1984 2067 2038 mihi

465 2075 604 2131 ratio
651 2075 910 2131 videtur:
961 2073 1134 2126 altare
1164 2073 1340 2129 vicem
1388 2071 1514 2126 fidei
1557 2071 1875 2128 Christianae
1923 2081 2070 2128 tenet

465 2172 541 2230 ut,
573 2163 713 2219 sicut
741 2177 852 2217 non
880 2161 982 2215 nisi
1011 2161 1065 2214 in
1097 2160 1254 2215 altari
1284 2159 1610 2216 sacriﬁcium
1653 2169 1895 2216 nostrum
1928 2161 2069 2217 offe-

468 2253 657 2319 rimus,
709 2253 784 2305 ita
832 2265 940 2305 non
983 2250 1091 2304 nisi
1136 2254 1290 2304 recta
1331 2248 1436 2304 ﬁde
1483 2250 1755 2305 sacriﬁcia
1801 2251 2068 2306 bonorum

466 2357 700 2413 operum
729 2338 1043 2406 offeramus,
1073 2340 1119 2393 si
1149 2346 1202 2394 et
1232 2339 1347 2394 Deo
1378 2339 1598 2409 placere
1625 2339 1896 2395 volumus.
1923 2341 2071 2398 Sicut

468 2431 634 2502 igitur
659 2429 796 2483 ﬁdes
827 2437 972 2484 mota
1003 2443 1035 2482 a
1065 2444 1162 2482 suo
1194 2427 1565 2498 fundamento,
1600 2429 1752 2499 quod
1791 2437 1871 2484 est
1917 2428 2072 2484 Chri-

469 2529 602 2586 stus,
637 2526 690 2574 et
719 2533 751 2574 a
779 2532 877 2572 sua
907 2517 1219 2583 stabilitate,
1247 2517 1358 2586 jam
1391 2533 1499 2572 non
1528 2525 1607 2572 est
1627 2515 1782 2583 fides,
1807 2518 1880 2573 ita
1896 2518 2070 2575 altare

467 2613 678 2664 motum
709 2623 738 2660 a
771 2621 869 2661 suo
897 2605 1249 2660 fundamento
1275 2606 1392 2674 jam
1435 2621 1545 2660 non
1591 2613 1675 2662 est
1709 2606 1912 2676 altare;
1949 2607 2067 2662 sive

470 2697 616 2769 quod
643 2697 710 2750 de
741 2695 931 2750 eadem
961 2694 1183 2747 materia
1215 2701 1415 2759 totum,
1448 2694 1563 2749 sive
1594 2694 1662 2749 de
1702 2695 1809 2750 alia
1853 2694 1944 2749 ﬁat
1980 2696 2068 2750 al-

467 2793 580 2841 tare
608 2800 811 2839 novum
843 2790 898 2837 et
926 2782 1072 2837 aliud
1105 2783 1255 2855 quod
1286 2783 1480 2849 fuerat,
1512 2783 1682 2838 altare
1707 2784 1924 2840 videtur
1944 2785 2066 2841 ideo

467 2871 928 2931 consecrandum.
981 2872 1207 2942 Propter
1249 2871 1390 2927 hanc
1435 2872 1700 2928 rationem
1762 2873 2066 2929 cavendum

470 2963 719 3020 existimo
774 2977 843 3016 ne
901 2961 1067 3015 altare
1120 2961 1476 3032 gestatorium
1547 2970 1897 3018 consecretur
1950 2964 2065 3020 sine

467 3051 840 3118 fundamento,
873 3049 1018 3120 quod
1049 3048 1204 3104 multi
1253 3049 1578 3119 custodiunt,
1603 3057 1655 3105 et
1704 3051 1818 3106 fere
1865 3051 2064 3122 ubique
2095 3079 2144 3142 α

469 3141 790 3207 custoditur,
825 3137 1072 3209 quamvis
1106 3140 1161 3192 in
1190 3139 1612 3206 Northmannia,
1643 3155 1764 3195 cum
1797 3139 2058 3211 ibieram,

469 3247 579 3287 non
606 3228 920 3294 servaretis,
953 3228 1051 3282 sed
1079 3227 1212 3282 nudi
1239 3228 1454 3298 lapides
1483 3245 1742 3299 nusquam
1771 3229 1915 3284 aﬁixi
1939 3247 2068 3286 con-

469 3326 830 3376 secrarentur.
862 3316 1020 3386 Quod
1043 3332 1148 3388 ego
1178 3333 1285 3372 non
1317 3317 1536 3386 damno,
1568 3334 1668 3373 nec
1687 3327 1866 3374 tamen
1886 3319 2067 3376 facere

469 3407 622 3465 volo.
664 3408 742 3462 Ex
771 3407 857 3460 his
888 3423 1012 3479 qua:
1041 3405 1151 3460 dixi
1181 3405 1426 3478 sequitur
1457 3407 1578 3479 quia
1609 3406 1650 3461 si
1685 3416 1791 3463 tota
1838 3409 2070 3465 ecclesia

463 3514 610 3555 nova
657 3496 770 3563 fiat,
802 3495 955 3550 altari
985 3495 1104 3550 sine
1154 3495 1445 3551 violatione
1489 3501 1766 3563 manente,
1800 3499 2065 3569 quoniam

468 3587 586 3644 sine
629 3585 1043 3641 consecratione
1093 3583 1278 3638 altaris
1318 3584 1548 3653 alicujus
1597 3587 1904 3642 consecrari
1956 3604 2064 3643 non

469 3674 651 3737 debet,
704 3679 796 3726 aut
842 3671 1012 3725 altare
1057 3670 1276 3741 aliquod
1325 3679 1408 3725 est
1452 3671 1528 3724 ibi
1573 3673 1966 3740 renovandum,
2007 3682 2065 3730 ut

467 3760 626 3817 simul
657 3775 777 3816 cum
828 3758 1057 3814 ecclesia
1098 3767 1467 3825 consecretur,
1500 3767 1588 3814 aut
1632 3777 1772 3833 aqua
1819 3763 1889 3816 ab
1937 3763 2060 3834 epi-

467 3865 633 3920 scopo
663 3849 732 3903 ad
761 3849 864 3902 hoc
896 3847 1184 3903 benedicta
1212 3847 1356 3903 intus
1387 3855 1440 3902 et
1469 3850 1707 3904 exterius
1746 3851 2062 3922 simpliciter

466 3945 812 4011 aspergatur.
844 3935 976 4004 Quae
1007 3935 1255 3991 facienda
1283 3936 1351 3992 de
1379 3937 1461 3991 his
1487 3937 1734 4006 dixerim,
1768 3955 1835 3993 ex
1871 3955 1968 3996 ore
2006 3949 2061 3998 et

466 4045 566 4083 usu
612 4024 846 4081 aliorum
893 4024 1090 4088 didici;
1134 4025 1398 4081 rationem
1447 4041 1578 4082 vero
1627 4028 1875 4083 eamdem
1918 4029 2056 4086 alios

464 4117 667 4172 habere
696 4130 802 4170 non
830 4129 993 4186 nego,
1018 4113 1113 4169 sed
1145 4131 1293 4186 egoa
1312 4116 1457 4170 nullo
1478 4116 1681 4187 accepi.
1709 4116 2058 4191 QuaprOpter

462 4207 610 4278 quod
640 4221 737 4276 per
764 4219 872 4273 me,
904 4203 989 4260 vel
1019 4219 1117 4274 per
1143 4203 1284 4260 alios
1325 4205 1518 4272 sentio,
1551 4205 1813 4262 sanctitati
1862 4218 2056 4266 vestrae

457 4295 760 4368 postulatus
809 4293 1131 4363 simpliciter
1169 4292 1409 4362 insinuo,
1442 4293 1616 4352 donec
1657 4296 1813 4354 vobis
1858 4299 2054 4356 certius

461 4392 554 4442 aut
580 4383 772 4440 melius
799 4379 1040 4455 pateﬁat.
1073 4381 1278 4437 Valete.

881 4545 1054 4613 424
1090 4543 1429 4600 EPISTOLA
1468 4545 1626 4602 CLX.

484 4649 818 4692 ωιῡκηειιτι
849 4649 1098 4690 EPISCOPI
1129 4648 1553 4690 CENOMANBNSIS
1582 4650 1656 4690 AD
1686 4651 2016 4697 ANSELMUM.

530 4741 928 4797 HiLnaaanrus
987 4740 1276 4813 episcopus
1339 4744 1625 4812 Ausawo,
1675 4745 2050 4805 Cantuariensi

458 4829 887 4900 archiepiscopo.
2019 4825 2030 4832 '

529 4919 811 4974 Familiare
854 4921 936 4974 est
983 4918 1217 4990 sapienti
1265 4921 1496 4980 tolerare
1539 4924 1890 4992 nescientem,
1925 4927 2053 4984 hinc

456 5016 540 5066 est
604 5009 754 5079 quod
809 5007 1150 5064 inscientiam
1178 5008 1240 5037 ⁶⁴⁹
1281 5027 1462 5067 meam
1524 5015 1740 5082 aperire
1804 5031 1912 5071 non
1979 5017 2050 5071 ti-

455 5113 579 5154 meo
607 5096 690 5164 '“,
724 5097 847 5170 quia
876 5103 991 5153 erat
1020 5112 1145 5153 cum
1174 5100 1420 5171 sapiente
1448 5101 1800 5175 colloquium.
1834 5106 1966 5160 Eam
1987 5103 2049 5135 “1

455 5187 511 5244 ni
540 5187 718 5257 fallor,
747 5195 800 5244 et
827 5185 1053 5244 scientia
1081 5196 1261 5247 vestra
1291 5189 1520 5261 erudiat,
1553 5199 1606 5248 et
1653 5193 1887 5250 charitas
1913 5211 2048 5266 sup-

2079 4439 2133 4500 D

2176 1803 2452 1874 publicum
2483 1805 2758 1861 charitatis
2790 1805 3110 1862 beneﬁcium
3142 1806 3311 1861 maris
3345 1806 3477 1862 mihi
3519 1808 3774 1865 ﬂuctibus

2176 1892 2470 1958 auferatur,
2505 1909 2629 1949 cum
2656 1894 2918 1966 scriptum
2946 1896 3021 1950 sit
3054 1914 3064 1950 :
3101 1897 3270 1968 Aqua:
3289 1898 3489 1953 multa
3516 1913 3631 1953 non
3666 1912 3773 1969 po-

2180 1986 2422 2038 tuerunt
2437 1982 2499 2010 ‘“
2522 1987 2860 2055 extinguere
2881 1985 3249 2042 charitatcm.
3274 1986 3455 2042 Facile
3472 1993 3552 2042 est
3566 1986 3707 2041 enim
3718 1993 3781 2042 ut

2177 2071 2377 2127 diversi
2429 2073 2668 2128 cultores
2709 2073 2909 2128 littoris
2955 2073 3194 2128 charitas
3241 2075 3414 2142 uniat,
3445 2091 3567 2145 qua:
3613 2090 3781 2131 unam

2176 2161 2568 2231 rempublicam
2601 2170 2797 2216 terram
2832 2161 2960 2218 fecit
3009 2171 3062 2217 et
3109 2161 3336 2220 caelum.
3373 2163 3549 2236 Hujus
3595 2163 3782 2237 itaque

2177 2248 2393 2316 ﬁducia,
2424 2250 2624 2318 injecta
2652 2258 2736 2306 est
2761 2249 2895 2306 mihi
2925 2251 3272 2322 praesumptio
3291 2251 3598 2322 inquirendi
3619 2261 3780 2325 atque

2178 2338 2489 2409 postulandi
2520 2339 2574 2392 id
2604 2339 2750 2410 quod
2781 2339 3085 2408 impensum
3134 2355 3244 2395 non
3293 2341 3496 2397 minuet
3537 2357 3778 2414 erogan-

2176 2435 2308 2484 tem.
2362 2427 2418 2482 Si
2465 2435 2722 2484 votorum
2753 2442 2967 2482 summa
3010 2428 3293 2499 quaeritur,
3345 2445 3579 2500 sequens
3626 2430 3779 2486 illam

2175 2515 2380 2588 pagina
2426 2516 2748 2571 declarabit.
2782 2516 3080 2586 Apulorum
3110 2514 3172 2545 ⁸⁸⁷
3209 2516 3568 2573 relationibus
3609 2518 3776 2575 didici

2175 2621 2272 2661 vos
2300 2606 2352 2658 in
2384 2605 2613 2660 concilio
2644 2605 2863 2659 Barensi
2894 2621 3202 2661 sermonem
3229 2606 3487 2662 habuisse
3531 2606 3598 2662 de
3647 2607 3773 2678 Spi-

2176 2693 2279 2748 ritu
2310 2701 2520 2759 sancto,
2555 2709 2717 2765 quem
2746 2694 3085 2749 calumniosa
3115 2694 3430 2749 Graecorum
3476 2695 3713 2751 versutia
3741 2710 3777 2751 a

2178 2782 2313 2837 Filio
2356 2782 2580 2838 minime
2625 2782 2932 2853 procedere
2977 2782 3265 2838 fabulatur.
3299 2782 3456 2852 Quod
3485 2783 3648 2856 igitur
3674 2785 3777 2838 ad-

2177 2887 2370 2928 versus
2402 2873 2542 2927 hanc
2571 2871 2789 2926 illorum
2819 2870 3149 2927 dementiam
3175 2871 3231 2925 in
3262 2871 3487 2943 praefato
3525 2873 3773 2944 promul-

2175 2960 2315 3032 gasti
2344 2959 2404 2986 ⁸⁸³
2436 2959 2702 3027 Concilio,
2734 2960 3009 3016 succincta
3041 2966 3269 3017 tractatu
3296 2959 3562 3032 deprecor
3595 2961 3773 3018 adno-

2177 3051 2298 3118 tari,
2333 3057 2384 3103 et
2426 3066 2547 3120 quae
2587 3047 2648 3076 “'
2694 3048 2796 3119 ipsi
2847 3048 3151 3104 Latinorum
3190 3049 3416 3104 Patrum
3461 3050 3776 3108 testimonia

2175 3153 2288 3193 non
2339 3138 2656 3209 suscipiunt.
2708 3138 2805 3192 His
2851 3137 3270 3194 auctoritatibus
3289 3153 3426 3209 opus
3467 3139 3771 3212 ﬂagitatum

2173 3227 2388 3282 munire
2417 3243 2526 3283 non
2560 3226 2796 3297 taedebit,
2831 3242 2966 3299 quas
3005 3227 3196 3283 Grazca
3240 3227 3529 3295 calliditas,
3550 3236 3602 3284 et
3645 3245 3770 3284 suas

2177 3317 2412 3372 fateatur
2459 3325 2510 3371 et
2552 3325 2794 3372 nostras.
2850 3318 3052 3389 Magna
3094 3315 3334 3388 quidem,
3386 3317 3546 3374 beate
3590 3319 3767 3386 Pater,

2175 3406 2408 3478 postulo,
2442 3405 2537 3460 sed
2570 3422 2689 3476 quae
2719 3405 2925 3476 pariter
2954 3413 3006 3460 et
3033 3405 3348 3476 suscipienti
3387 3406 3672 3477 proﬁciant
3717 3416 3773 3465 et

2174 3497 2342 3552 danti.
2402 3495 2614 3552 Nobilis
2667 3497 2811 3552 enim
2869 3495 3143 3567 possessio
3199 3503 3284 3551 est
3332 3496 3589 3565 scientiae,
3649 3514 3771 3569 quae

2173 3586 2460 3642 distributa
2490 3584 2716 3656 suscipit
2756 3585 3188 3648 incrementum;
3232 3592 3286 3640 et
3338 3600 3560 3641 avarum
3608 3585 3773 3641 dedi-

2173 3683 2340 3747 gnata
2381 3689 2783 3746 possessorem,
2815 3673 2920 3728 nisi
2967 3673 3293 3744 publicetur,
3340 3673 3594 3730 elabitur.
3626 3676 3774 3730 Con-

2171 3771 2354 3820 servet
2399 3763 2558 3818 nobis
2593 3762 2860 3819 Dominus
2904 3762 3247 3818 sanctitatem
3287 3767 3547 3834 vestram,
3582 3772 3634 3821 et
3678 3765 3767 3822 vi-

2170 3853 2332 3910 deant
2362 3868 2461 3911 vos
2490 3851 2632 3908 oculi
2661 3851 2768 3907 mei
2796 3858 3085 3921 antequam
3115 3850 3338 3908 moriar.

2682 3978 3017 4034 EPISTOLA
3056 3979 3241 4034 CLXI.

2608 4111 2854 4152 EIUSDEM
2883 4110 2956 4151 AD
2985 4111 3311 4153 ΑΝειζωιωι.

2235 4215 2624 4269 HILDEBBRTUS
2687 4213 2972 4284 episcOpus
3015 4213 3311 4284 Amanum,
3376 4211 3758 4273 Cantuariensi

2161 4303 2590 4374 archiepiscopo.

2235 4395 2302 4448 Et
2327 4393 2448 4448 dies
2477 4392 2634 4448 laetus
2662 4399 2716 4448 et
2743 4390 2919 4448 vultus
2947 4390 3220 4448 solemnes
3247 4406 3376 4448 cum
3402 4399 3494 4448 tuo
3534 4400 3763 4450 tractatu

2162 4482 2294 4537 mihi
2323 4482 2523 4552 pariter
2553 4488 2922 4538 accesserunt.
2957 4480 3316 4552 Susceperam
3345 4481 3497 4551 prius
3525 4481 3761 4538 benedi-

2161 4572 2398 4627 ctionem
2447 4578 2596 4625 tuam
2644 4586 2838 4625 servus
2885 4585 3012 4642 ego,
3056 4585 3244 4626 servus
3293 4577 3440 4638 tuus,
3473 4579 3525 4626 et
3570 4573 3660 4643 egi
3694 4569 3760 4598 “°

2161 4661 2368 4731 gratias
2397 4661 2514 4715 Deo
2544 4667 2595 4714 et
2625 4659 2722 4713 tibi
2751 4659 2982 4714 devotus
3012 4657 3236 4715 affectus
3262 4656 3324 4686 ⁶⁸¹
3352 4675 3525 4715 meus.
3559 4660 3760 4718 Huma-

2159 4767 2290 4805 num
2322 4749 2539 4821 quidem
2572 4747 2674 4803 fuit
2715 4748 3016 4803 subvenire
3061 4747 3310 4818 proximo
3352 4764 3458 4819 per
3495 4764 3756 4820 compas-

2160 4839 2330 4894 sionis
2357 4836 2629 4905 aﬂ‘ectum,
2661 4835 2760 4892 sed
2790 4836 3032 4892 divinum
3063 4835 3225 4892 fidem
3255 4837 3553 4894 defendere
3569 4838 3754 4895 catho-

2159 4927 2322 4984 licam
2364 4943 2464 4998 per
2510 4926 2901 4981 inbabitantem
2948 4926 3005 4979 in
3050 4928 3102 4980 te
3159 4925 3414 4996 Spiritum
3456 4933 3753 4984 sanctum:

2157 5025 2446 5088 utrumque
2475 5023 2653 5071 autem
2682 5022 2936 5086 operatus
2964 5022 3052 5070 est
3079 5030 3220 5070 unus
3249 5022 3410 5087 atque
3438 5016 3582 5072 idem
3620 5017 3755 5088 Spi-

2158 5107 2318 5174 ritus,
2351 5105 2542 5162 volens
2569 5104 2668 5160 tibi
2696 5104 2958 5162 virtutum
2985 5103 3281 5160 exuberare
3309 5105 3558 5177 gratiam,
3590 5122 3756 5178 quem

2158 5212 2272 5252 suae
2299 5194 2668 5270 processionis
2695 5210 2729 5251 a
2758 5193 2891 5251 Filio
2920 5192 3261 5252 defensorem
3299 5195 3655 5266 reservabat;
3688 5198 3754 5253 in

1753 5370 2000 5432 VARIE
2030 5373 2334 5434 LECTION
2339 5374 2442 5432 ES.

523 5513 666 5574 ⁶⁴ἀι.
707 5516 1013 5575 scientiam.
1055 5516 1199 5575 “’al.
1239 5516 1412 5574 timui.
1453 5519 1597 5578 “’al.
1629 5522 1789 5578 Eum.
1819 5523 1964 5583 ⁸⁸ἀι.
1997 5526 2350 5584 dementiam.
2383 5525 2528 5584 “’al.
2559 5523 2603 5580 si
2625 5521 2871 5584 quidem.
2909 5521 3052 5580 “‘al.
3075 5520 3257 5580 nobis.
3286 5520 3430 5582 Μαι.
3461 5521 3737 5582 deﬁnitur.

459 5586 606 5646 '“al.
638 5597 916 5660 poterunt.
951 5586 1100 5646 “"al.
1139 5591 1525 5663 Appulsorum.
1556 5591 1697 5652 “'al.
1728 5599 2137 5671 promulgastis.
2166 5598 2318 5658 “’al.
2355 5598 2502 5672 quia.
2530 5586 2674 5655 mal.
2716 5596 2848 5668 egit.
2877 5592 3022 5652 “‘al.
3054 5593 3297 5652 effectus.
