4036 6072
207 277 312 334 19⁵7

203 497 456 566 pientia,
487 508 591 552 nec
622 492 877 548 habitare
921 491 983 546 in
1033 505 1260 562 corpore
1290 488 1509 544 subdito
1540 488 1808 559 peccatis.

205 587 363 642 Unde
413 587 642 658 dignum
667 583 768 638 fuit
798 590 851 636 ut
881 581 1178 635 advocatus
1215 578 1458 635 veritatis
1500 576 1814 648 exemplum

207 676 581 748 praetenderet
608 671 909 744 religionis.
967 669 1111 724 Talis
1141 676 1425 738 prOpterea
1456 665 1816 736 pastoralibus

209 766 467 821 excubiis
512 761 872 834 congruebat,
906 759 996 813 cui
1025 757 1160 811 nihil
1204 756 1422 811 deesset
1465 756 1531 810 ad
1579 755 1816 826 plenitu-

208 855 399 910 dinem
425 853 673 923 justitiaz,
704 848 836 904 nihil
867 848 938 902 ad
969 846 1333 916 integritatem
1364 844 1640 899 doctrinae.
1674 845 1814 898 Bea-

206 952 328 998 tum
359 959 497 997 sane
528 949 719 1012 pectus
752 937 898 1010 quod
935 936 1188 991 virtutum
1227 937 1528 990 conventus
1563 948 1818 988 reveren-

208 1033 346 1087 dum
381 1031 490 1086 sibi
520 1029 802 1102 penetrale
824 1025 1188 1081 consecravit.
1225 1023 1352 1078 Inde
1377 1024 1521 1078 velut
1548 1040 1615 1077 ex
1642 1021 1818 1092 adytis

216 1121 411 1175 divina
429 1120 704 1191 prodeunt
719 1115 959 1179 oracula,
989 1113 1231 1184 nihilque
1249 1112 1393 1167 aliud
1416 1127 1572 1167 sacra
1593 1111 1737 1166 labia
1754 1109 1818 1138 ⁶⁶¹

211 1208 546 1281 proﬁtentur
603 1222 764 1276 quam
813 1203 1044 1259 caelestis
1092 1202 1443 1272 interpretem
1491 1199 1809 1257 voluntatis.

211 1299 426 1354 Eorum
460 1313 550 1352 me
579 1295 774 1366 saepius
803 1292 1190 1348 recordantem
1221 1299 1404 1360 stupor
1431 1289 1726 1360 opprimit;
1765 1297 1818 1344 et

202 1388 332 1442 dum
357 1384 583 1458 singula
604 1383 896 1454 diligenter
915 1381 1150 1444 intueor,
1171 1380 1349 1434 omnia
1368 1378 1592 1449 Spiritui
1632 1385 1817 1433 sancto

205 1474 482 1532 conﬁteor
533 1471 876 1537 ascribenda,
910 1485 1035 1525 cum
1067 1468 1355 1523 Psalmista
1394 1467 1577 1522 dicens
1609 1481 1620 1520 :
1653 1469 1691 1522 Α
1715 1468 1818 1522 Do-

203 1566 368 1620 mino
400 1567 630 1635 factum
677 1566 761 1619 est
811 1558 970 1616 istud
1020 1563 1075 1614 et
1124 1561 1209 1614 est
1258 1557 1515 1612 mirabile
1544 1557 1606 1610 in
1639 1555 1817 1612 oculis

203 1652 432 1710 nostris
475 1653 652 1721 (Psal.
685 1667 850 1719 cxvn,
883 1651 996 1718 23).
1034 1647 1216 1702 Vicem
1247 1646 1397 1709 mihi,
1427 1647 1589 1699 Pater
1617 1651 1815 1713 sancte,

201 1741 506 1813 rependes,
528 1741 572 1796 si
594 1748 803 1796 tuarum
821 1737 1136 1810 participem
1155 1751 1242 1791 me
1265 1733 1454 1790 feceris
1477 1732 1804 1789 orationum.
1837 1755 1892 1820 Β

201 1832 339 1887 Vale
353 1873 366 1884 .

718 1958 1062 2016 EPISTOLA
1092 1957 1299 2016 CLXII.

651 2125 901 2169 EIUSDEM
937 2129 1008 2166 AD
1048 2124 1368 2166 ANSELMUM.

271 2278 679 2335 HiLnenan'rus
735 2273 1026 2345 episcopus
1075 2270 1386 2335 ANSELHO,
1436 2264 1812 2321 Cantuariensi

203 2365 646 2436 archiepiscopo.

277 2454 586 2511 Flabellum
619 2452 716 2508 tibi
745 2450 890 2516 misi,
924 2463 1224 2521 congruum
1256 2445 1464 2502 scilicet
1491 2443 1814 2516 propulsan-

205 2546 291 2600 dis
325 2543 548 2599 muscis
577 2542 1014 2596 instrumentum.
1047 2540 1141 2592 Est
1170 2539 1331 2592 etiam
1363 2535 1507 2604 quod
1538 2535 1592 2588 in
1614 2550 1812 2588 munu-

209 2634 366 2690 scqu
411 2639 605 2688 nostro
650 2634 703 2684 te
739 2626 1089 2698 interpretari
1118 2631 1386 2696 Oporteat.
1422 2623 1652 2677 Attende
1681 2637 1812 2693 ergo

209 2722 407 2794 quibus
437 2720 642 2775 muscis
670 2717 1013 2773 immolantes
1043 2714 1274 2769 Domino
1320 2711 1634 2768 sacerdotes
1679 2726 1812 2781 gra-

209 2811 330 2866 vius
362 2808 711 2873 infestentur,
745 2806 942 2876 quibus
970 2805 1288 2872 frequenter
1327 2799 1690 2871 impediantur
1718 2815 1812 2854 sa-

209 2898 411 2954 lutaria
441 2896 634 2952 altaris
663 2894 857 2951 ofﬁcia.
899 2893 1043 2948 Mille
1073 2899 1197 2946 sunt
1225 2888 1618 2945 occursantium
1643 2891 1811 2957 phan-

210 2995 439 3044 tasmata
491 2985 916 3058 cogitationum,
965 2979 1115 3036 mille
1162 2978 1363 3033 diaboli
1412 2977 1810 3049 suggestiones,

211 3078 364 3137 mille
396 3076 703 3130 mortalium
737 3071 1060 3132 tentationes
1091 3069 1420 3134 animorum,
1447 3083 1566 3137 quae
1595 3065 1723 3120 dum
1755 3081 1815 3120 se

215 3164 641 3222 sacriﬁcantium
674 3160 945 3217 mentibus
975 3159 1199 3227 inopino
1227 3155 1288 3182 ⁸⁸³
1312 3157 1567 3227 ingerunt
1595 3155 1808 3224 illapsu,

212 3257 350 3310 dum
398 3269 490 3309 eas
521 3253 591 3306 ad
620 3252 730 3306 alia
779 3253 944 3320 atque
990 3247 1095 3302 alia
1142 3243 1434 3317 cogitanda
1477 3244 1808 3310 abstrahunt,

210 3345 345 3399 dum
399 3341 711 3398 bareticam
775 3337 1072 3394 moliuntur
1138 3335 1396 3389 inducere
1464 3333 1810 3403 pravitatem,

208 3433 346 3504 quid
377 3431 534 3487 aliud
563 3430 768 3485 faciunt
796 3442 956 3499 quam
989 3425 1136 3480 velut
1167 3424 1424 3495 quaedam
1472 3437 1674 3476 muscae
1717 3438 1811 3476 sa-

209 3522 516 3578 criﬁcantes
545 3517 731 3574 altaris
756 3516 1033 3570 ministros
1063 3514 1323 3568 infestant
1367 3515 1422 3566 et
1463 3510 1815 3581 impediunt?

208 3612 424 3666 Talium
455 3614 712 3680 portenta
737 3620 1050 3661 muscarum
1081 3601 1387 3673 patriarcha
1419 3607 1604 3654 noster
1626 3599 1814 3653 Abra-

211 3702 341 3755 ham
370 3695 743 3770 propulsanda
772 3691 1124 3765 przesignavit
1152 3706 1277 3746 cum
1306 3706 1336 3742 a
1369 3687 1652 3743 sacriﬁciis
1682 3703 1814 3742 aves

209 3787 462 3859 abegerit
489 3787 859 3852 incursantes;
893 3782 1154 3850 scriptum
1187 3786 1267 3833 est
1296 3777 1439 3832 enim
1467 3793 1478 3829 :
1513 3776 1816 3832 Descende-

211 3882 355 3933 runt
384 3877 636 3931 volucres
666 3888 834 3944 super
854 3871 1147 3936 cadavera,
1174 3871 1229 3923 et
1250 3866 1504 3936 abigebat
1534 3881 1628 3920 eas
1648 3866 1818 3920 Abra-

212 3968 364 4022 ham.
391 3966 535 4019 Dum
567 3963 736 4034 igitur
765 3959 1029 4016 destinato
1059 3957 1156 4012 tibi
1181 3954 1398 4010 flabello
1428 3953 1817 4008 descendentes

212 4071 376 4126 super
433 4051 699 4107 sacrificia
755 4064 971 4104 muscas
1027 4045 1312 4117 abegeris,
1373 4059 1405 4096 a
1461 4040 1817 4097 sacriﬁcantis

213 4150 400 4198 mente
432 4137 937 4211 supervenientium
958 4135 1206 4189 incursus
1228 4131 1607 4196 tentationum,
1629 4129 1817 4184 catho-

211 4233 334 4288 licae
370 4229 499 4284 fidei
550 4226 852 4284 ventilabro
900 4221 1176 4280 exturbari
1206 4219 1500 4292 oportebit.
1532 4220 1608 4272 Ita
1638 4218 1728 4272 fiet
1759 4223 1818 4272 ut

216 4319 364 4391 quod
388 4321 704 4388 susceptum
735 4321 821 4371 est
851 4314 920 4369 ad
951 4328 1128 4378 usum,
1154 4310 1434 4381 mysticum
1456 4306 1552 4361 tibi
1573 4306 1816 4377 praebeat

214 4409 574 4464 intellectum.
607 4406 675 4460 Et
706 4404 964 4476 quoniam
993 4400 1236 4473 praefatae
1267 4398 1516 4454 volucres
1541 4411 1704 4466 super
1733 4409 1814 4449 sa-

214 4498 421 4553 criticis.
477 4501 688 4550 tantum
743 4491 1092 4549 descendisse
1149 4490 1419 4560 leguntur,
1483 4499 1592 4540 non
1650 4482 1816 4539 etiam

215 4594 454 4657 coeptum
513 4581 872 4653 interrupisse
936 4579 1211 4644 ofﬁcium,
1258 4574 1568 4631 sacerdotes
1617 4571 1818 4626 Christi

218 4676 556 4732 tentationes
594 4687 730 4742 quas
763 4669 1042 4740 perferunt
1073 4668 1148 4723 ita
1177 4667 1439 4722 docentur
1486 4661 1726 4734 abigere,
1759 4667 1818 4714 ut

217 4782 247 4820 a
279 4761 643 4819 sacramentis
673 4759 858 4814 altaris
886 4759 1008 4812 talis
1032 4773 1126 4813 eos
1154 4756 1341 4827 lapsus
1371 4767 1481 4808 non
1509 4758 1672 4822 cogat
1715 4749 1818 4803 ab-

221 4855 454 4909 stinere.
498 4851 597 4905 Hic
625 4849 773 4904 enim
802 4847 1043 4902 defectus
1072 4844 1355 4900 infirmitas
1384 4849 1463 4896 est
1494 4855 1610 4909 quae
1640 4838 1816 4893 virtu-

219 4954 326 4999 tem
354 4939 614 5013 perﬁciat.
649 4952 756 4992 non
789 4953 916 5009 quae
943 4934 1158 4991 virtutis
1198 4947 1362 5004 opera
1388 4929 1444 4984 in
1471 4928 1682 4984 irritum
1711 4926 1816 4982 de-

220 5033 410 5091 ducat.

1476 273 1608 326 LIB.
1643 267 1736 338 III,
1771 269 1995 326 EPIST.
2045 267 2248 327 CLXV.

205 403 552 460 malevolam
577 399 1008 476 enim-animam
1049 416 1164 456 non
1197 403 1421 470 poterat
1447 398 1689 454 introire
1713 413 1812 453 ra-
1840 396 1897 458 A

3416 281 3520 340 198

2364 397 2706 456 EPISTOLA
2744 400 2957 458 CLXIII
2984 401 3065 459 “‘.

1993 519 2238 561 ANSELMI
2269 519 2343 560 AD
2371 521 2696 563 GELDUINUM
2725 524 2975 568 ABBATEM
3003 527 3443 576 AQUICINBNSEM.

1995 627 2317 693 ANSELMUS,
2368 643 2556 684 servus
2603 628 2860 686 Ecclesia
2903 632 3323 703 Cantuariensis,
3363 633 3519 690 (Ξει-

1924 728 2121 784 nemo,
2151 716 2452 772 reverendo
2497 717 2678 772 abbati
2705 719 3080 791 Aquicinensis
3125 724 3363 780 coenobii
3417 741 3517 781 sa-

1925 802 2113 860 lutem.

1997 893 2149 948 Unde
2187 893 2490 950 reverentia
2521 904 2701 950 vestra
2738 913 2824 952 me
2872 898 3166 968 consuluit,
3198 902 3393 972 paucis
3422 919 3514 958 re-

1927 981 2240 1052 spondebo.
2290 982 2538 1051 Quaeritis
2570 991 2746 1039 utrum
2779 987 2933 1042 vobis
2958 987 3119 1044 liceat
3157 990 3398 1046 decimas
3445 993 3514 1048 ad

1927 1070 2214 1126 ecclesiam
2256 1079 2490 1126 vestram
2543 1074 2880 1143 pertinentes
2925 1077 2994 1131 de
3040 1093 3206 1132 manu
3253 1079 3517 1136 laicorum

1926 1175 2019 1214 eas
2065 1159 2359 1214 tenentium
2409 1177 2615 1216 emere.
2684 1163 2830 1218 Licet
2879 1165 3061 1236 utique
3107 1167 3266 1221 vobis
3314 1183 3516 1224 secun-

1925 1247 2055 1301 dum
2109 1251 2517 1305 concessionem
2568 1252 2854 1321 apostolici
2901 1253 2970 1307 ab
3010 1254 3129 1310 aliis
3159 1253 3221 1282 ⁸⁸⁵
3249 1257 3516 1315 redimere

1927 1352 2264 1408 quaecunque
2292 1337 2664 1394 ecclesiastica
2711 1340 3002 1412 episcopali
3032 1343 3320 1400 donatione
3349 1346 3402 1400 in
3428 1348 3520 1418 jus

1927 1425 2176 1480 ecclesiae
2209 1431 2400 1481 vestrae
2429 1427 2786 1484 devenerunt.
2851 1430 2967 1486 Nec
2997 1441 3248 1502 quantum
3280 1433 3333 1487 in
3365 1436 3521 1490 vobis

1927 1521 2008 1568 est
2033 1515 2333 1570 concedere
2382 1515 2594 1571 debetis
2627 1521 2683 1570 ut
2713 1518 2907 1590 aliquis
2949 1519 3120 1575 laicus
3161 1521 3402 1578 decimas
3432 1524 3519 1580 vel

1927 1603 2186 1659 ecclesias
2211 1612 2301 1658 aut
2331 1606 2519 1660 altaria
2553 1606 2606 1659 in
2639 1607 2860 1662 feudum
2892 1609 2959 1662 de
2990 1609 3146 1665 vobis
3177 1616 3384 1666 teneat.
3439 1612 3522 1669 De

1927 1692 2030 1747 hoc
2061 1693 2202 1763 quod
2236 1694 2480 1764 quaeritis
2506 1693 2566 1722 °“
2600 1704 2778 1749 utrum
2811 1697 3173 1766 spernendum
3223 1714 3290 1753 an
3336 1701 3519 1756 susci-

1920 1781 2182 1852 piendum
2213 1782 2303 1852 sit,
2332 1785 2376 1837 si
2399 1784 2574 1854 quivis
2603 1782 2667 1813 ⁸⁸⁷
2696 1785 2975 1840 hominum
3005 1786 3206 1856 aliquid
3254 1787 3520 1846 ecclesia—

1921 1871 2135 1938 sticum,
2168 1871 2324 1925 vobis
2373 1872 2689 1938 scientibus,
2742 1873 2842 1928 sed
2892 1891 3067 1946 neque
3112 1877 3286 1932 verbo
3333 1894 3516 1950 neque

1922 1973 2158 2012 munere
2207 1975 2324 2013 rem
2368 1960 2726 2027 ordientibus,
2760 1961 2827 2015 ad
2857 1977 2995 2031 opus
3035 1963 3282 2020 ecclesiae
3322 1974 3515 2022 vestra:

1921 2047 2189 2102 redimere
2218 2049 2469 2116 voluerit,
2501 2050 2635 2103 mihi
2665 2049 2877 2106 videtur
2905 2051 3048 2121 quod
3087 2068 3186 2122 per
3226 2055 3514 2109 consilium

1921 2143 1972 2190 et
2003 2136 2354 2192 donationem
2387 2138 2630 2208 episcOpi
2660 2139 2803 2194 licite
2833 2139 2935 2194 hoc
2964 2139 3026 2168 ⁸⁸⁸
3054 2141 3332 2212 suscipere
3353 2153 3512 2213 pote-

1920 2225 2036 2279 stis.
2071 2226 2150 2279 De
2181 2225 2438 2296 depositis
2467 2235 2687 2298 propter
2715 2227 3063 2284 Simoniacun
3083 2230 3308 2296 crimen,
3343 2233 3511 2300 425

1920 2314 2064 2369 unde
2115 2330 2202 2368 me
2250 2315 2637 2384 consuluistis,
2688 2316 2902 2370 videtur
2951 2318 3083 2372 mihi
3131 2320 3277 2390 quod
3323 2320 3514 2375 nullus

1921 2403 2090 2457 abbas
2120 2418 2215 2456 sua
2246 2403 2564 2457 auctoritate
2613 2418 2706 2459 eos
2753 2412 2933 2474 potest
2971 2406 3266 2473 restituere,
3301 2409 3514 2464 etiamsi

1921 2492 1990 2546 ad
2038 2490 2416 2546 monachicum
2465 2491 2717 2548 ordinem
2765 2494 3016 2549 conversi
3072 2494 3290 2550 fuerint.
3351 2496 3513 2564 Quod

1921 2588 2099 2635 autem
2132 2579 2368 2652 quaeritis
2399 2579 2444 2634 si
2476 2581 2671 2651 quovis
2702 2580 2810 2637 alio
2840 2581 3065 2637 crimine
3110 2592 3305 2653 praeter
3330 2585 3513 2640 homi-

1921 2668 2125 2723 cidium
2156 2668 2337 2723 clerici
2383 2667 2633 2724 conversi
2676 2684 2707 2723 a
2755 2669 3062 2725 sacerdotio
3094 2670 3292 2726 debent
3318 2674 3509 2742 arceri,

1921 2756 2080 2811 facile
2128 2773 2266 2811 nunc
2317 2757 2676 2812 determinare
2734 2757 2924 2827 quibus
2977 2758 3288 2814 criminibus
3343 2763 3517 2818 arceri

1921 2843 2154 2899 debeant
2183 2861 2293 2899 non
2321 2861 2617 2916 praesumo,
2651 2862 2719 2900 ne
2748 2846 3127 2903 misericordia
3167 2865 3291 2920 quae
3333 2851 3517 2906 multis

1923 2934 2222 2988 rationibus
2251 2934 2306 2988 in
2339 2935 2532 2988 eadem
2562 2935 2719 3006 culpa
2749 2935 2869 2989 aliis
2899 2935 3248 3006 impenditur,
3270 2939 3390 2994 aliis
3419 2956 3516 2996 ne-

1922 3030 2100 3093 gatur,
2126 3039 2249 3078 mea
2278 3024 2546 3080 sententia
2576 3024 2660 3078 cui
2691 3023 2889 3080 debeat
2918 3024 3160 3096 impendi
3189 3026 3397 3083 obstrui
3428 3030 3514 3085 vi—

1843 3114 1892 3178 C,
1925 3113 2138 3178 deatur,
2171 3119 2263 3166 aut
2292 3112 2378 3167 cui
2407 3129 2511 3168 non
2546 3112 2707 3168 debet
2733 3113 3094 3183 impendatur.
3119 3113 3276 3183 Quod
3304 3117 3514 3173 certius

1915 3201 2191 3270 judicatur
2220 3201 2433 3272 quando
2493 3201 2560 3256 de
2615 3201 2896 3258 nominato
2924 3201 2986 3230 “’
3017 3203 3244 3260 crimine
3292 3206 3515 3276 publico

1924 3291 2009 3344 vel
2032 3290 2245 3344 occulto
2277 3298 2328 3344 et
2377 3290 2445 3344 de
2491 3297 2623 3344 nota
2670 3306 2899 3361 persona
2930 3293 3128 3363 agitur.
3171 3295 3338 3348 Porro
3369 3296 3516 3366 quod

1923 3379 1991 3433 de
2031 3378 2408 3434 ecclesiasticis
2451 3378 2613 3432 rebus
2657 3379 2812 3434 vobis
2855 3379 3180 3450 responderi
3233 3383 3517 3450 epistolari

1921 3467 2188 3523 brevitate
2237 3467 2473 3537 poscitis,
2525 3482 2628 3522 nec
2677 3473 2888 3538 tempus
2917 3483 3019 3524 nec
3044 3471 3513 3539 jopportunitatem

1921 3556 2099 3612 habeo
2130 3555 2505 3611 satisfaciendi
2539 3561 2732 3612 vestrae
2761 3555 3028 3626 petitioni,
3059 3570 3162 3613 nec
3210 3565 3339 3628 puto
3383 3559 3515 3616 bre-

1923 3646 2060 3701 viter
2090 3646 2192 3700 hoc
2221 3660 2380 3716 posse
2421 3643 2555 3700 ﬁeri.
2601 3644 3120 3701 Excommunicatos
3146 3663 3259 3703 non
3287 3647 3516 3705 consulo

1921 3742 1979 3789 ut
2007 3735 2308 3790 monachos
2339 3733 2568 3803 faciatis,
2599 3733 2700 3789 nisi
2729 3733 3010 3805 praemissa
3049 3735 3394 3794 absolutione
3434 3737 3519 3794 sui

1923 3823 2188 3895 episcopi.
2222 3822 2373 3879 Vale.

2418 3947 2758 4004 EPISTOLA
2795 3949 3025 4006 CLXIV.

1925 4075 2048 4131 Haec
2079 4078 2135 4131 et
2162 4077 2451 4148 sequentes
2483 4075 2730 4148 epistola:
2761 4074 3044 4148 habentur
3062 4077 3222 4148 infra
3240 4078 3302 4133 in
3327 4078 3505 4137 Ηὶειο-

2364 4145 2450 4200 ria
2481 4146 2758 4201 Novarum
2782 4146 3070 4202 Eadmeri.

1995 4265 2536 4326 Reverendissimo...
2581 4268 2853 4322 Ansemo
2892 4268 3301 4342 archiepiscopo
3336 4271 3516 4327 W01.-

1923 4373 2153 4424 STANUS,
2192 4356 2574 4428 Wigornensis
2605 4356 2915 4428 episcopus,
2948 4366 3054 4414 etc.

1846 4454 1903 4515 D
1994 4447 2169 4503 Novit
2195 4446 2481 4518 prudentia
2512 4453 2717 4516 vestra,
2750 4453 2860 4502 etc.

2429 4617 2766 4676 EPISTOLA
2804 4618 3009 4683 CLXV.

1997 4748 2302 4813 Ansamo,
2352 4744 2452 4800 Dei
2501 4741 2673 4814 gratia
2719 4742 3022 4814 Anglorum
3076 4746 3513 4821 archiepiscopo,

1926 4836 2106 4892 clerus
2135 4844 2187 4891 et
2212 4833 2444 4906 pepulus
2474 4831 2657 4902 oppidi
2676 4831 3033 4890 Wataferdiae
3061 4851 3184 4892 cum
3214 4853 3346 4910 rege
3367 4840 3517 4895 Mun-

1928 4940 2240 4990 cnaracuo,
2274 4930 2327 4977 et
2355 4921 2611 4993 episcopo
2641 4920 2968 4996 DOFNALDO,
3001 4932 3105 4982 etc.

1996 5016 2162 5071 Pater
2189 5020 2394 5083 sancte,
2425 5015 2540 5068 etc.

1524 5255 1754 5316 VARIE
1791 5251 2188 5312 LECTIONES
2202 5291 2214 5305 .

293 5475 361 5505 “'
389 5475 470 5533 al.
503 5473 692 5530 verba.
772 5469 833 5499 “'
865 5471 942 5527 al.
977 5467 1287 5541 inopinato._
1350 5461 1412 5541 ‘_“
1438 5465 1648 5541 Exstat
1678 5462 1741 5518 in
1761 5477 1867 5516 ms.
1893 5458 2250 5541 Bibliotheca
2275 5452 2704 5541 dquicinctiﬁa’,
2727 5455 2783 5541 et
2898 5448 3168 5541 mrLBibl.
3195 5450 3259 5541 ﬁ;
3285 5447 3517 5541 Μμνιξηὶ

232 5545 631 5605 Tomacensis.
709 5541 773 5570 ⁸⁸³
802 5543 878 5601 al.
931 5539 1058 5596 illis.

228 5621 495 5677 nuntiato.

1137 5537 1199 5568 “‘
1229 5539 1306 5594 al.
1339 5536 1409 5592 de
1437 5537 1539 5592 hoc
1567 5549 1784 5606 quoque
1811 5530 2078 5604 quaeritis.

2156 5525 2220 5559 ⁸⁸⁷
2248 5518 2340 5584 ηιξ
2378 5526 2518 5598 quis.
2594 5522 2657 5554 “'
2683 5518 2764 5582 al.
2795 5539 2970 5595 super
2993 5522 3120 5583 hoc.
3195 5518 3259 5558 "’
3287 5521 3367 5578 αιο
3415 5519 3520 5576 ἀθ-
