4036 6072
499 215 600 267 203

967 288 970 290 γ
1065 216 1123 271 S.
1156 213 1464 272 ANSELMI
1493 216 1849 274 CANTUAR.
1882 217 2201 290 ARCHIEP.
2234 222 2390 278 OPP.
2426 225 2623 282 PARS.
2657 226 2752 284 III.
2781 259 2854 270 —
2880 230 3255 288 EPISTOLIE.

3686 240 3791 297 204

487 334 580 402 let,
616 339 669 392 et
697 351 766 392 ne
796 336 1191 394 dedicationem
1220 341 1559 412 propriarum
1590 341 1848 397 duntaxat
1893 343 2078 399 eccle-
2108 347 2164 408 A
2193 347 2835 420 Angloruni,ANssLuus
2854 355 3311 430 archiepiscopus,
3330 357 3492 416 ﬁdele
3509 361 3791 418 servitium

493 426 695 480 siarum
729 426 945 497 publice
975 426 1196 495 faceret,
1227 428 1567 487 defenderet.
1611 432 1842 488 Exstant
1891 433 2092 505 quippe

496 514 632 568 etin
659 523 841 570 nostra
872 516 1093 572 dioecesi
1134 517 1340 585 altaria,
1392 527 1445 574 et
1494 519 1738 590 quadam
1788 521 1951 576 etiam
1994 539 2091 578 ec-

493 603 675 658 clesia
704 605 758 658 in
791 606 860 659 iis
907 605 1115 661 scilicet
1163 607 1334 673 villis,
1381 625 1515 680 quas
1562 609 1854 681 Stigandus
1896 615 2090 668 vestra

497 693 828 748 excellentia
857 693 1244 763 praedecessor,
1279 695 1424 751 haud
1457 701 1641 752 tamen
1665 697 1791 766 jure
1820 699 2090 756 ecclesia-

493 781 644 836 stica
673 782 1024 849 liareditatis,
1056 783 1147 837 sed
1181 800 1244 838 ex
1271 784 1414 840 dono
1455 786 1774 854 possederat
1819 787 2092 846 sacularis

491 869 794 941 potestatis,
831 869 1028 925 nostris
1057 878 1109 926 et
1135 875 1498 929 antecessoris
1527 874 1696 931 nostri
1725 877 2088 948 temporibus,

495 958 653 1012 nobis
700 959 1035 1028 inconsultis,
1069 977 1169 1016 nec
1195 970 1355 1018 antea
1400 978 1504 1020 nec
1551 969 1744 1035 postea
1790 966 2087 1039 quidquam

497 1048 622 1103 inde
665 1048 1138 1118 calumniantibus,
1171 1058 1354 1121 utpote
1403 1053 1542 1108 hanc
1587 1053 1884 1124 specialem
1930 1065 2087 1126 pote-

498 1145 688 1192 statem
721 1138 968 1206 ejusdem
1007 1139 1415 1211 metropolitani
1461 1141 1699 1214 episcopi
1743 1159 1865 1198 esse
1907 1145 2089 1201 scien-

499 1227 663 1282 tibus.
705 1226 978 1281 ludicium
1013 1233 1188 1282 tamen
1219 1227 1349 1284 hinc
1395 1229 1682 1302 agitatum,
1732 1238 1826 1287 aut
1873 1235 1976 1288 hoc
2020 1250 2090 1290 ex

490 1318 615 1385 jure
648 1316 750 1370 sibi
780 1316 1108 1372 vindicatum
1156 1316 1446 1387 aliquando
1492 1319 1715 1376 minime
1762 1320 2086 1390 audivimus,

495 1405 588 1460 sed
618 1404 761 1475 quod
787 1405 841 1459 in
871 1413 1055 1460 nostra
1083 1404 1304 1460 diacesi
1333 1423 1455 1462 eum
1485 1407 1681 1464 fecisse
1711 1409 1882 1466 libere
1910 1426 2088 1483 agno-

495 1495 694 1561 vimus,
742 1494 798 1547 in
845 1493 1072 1548 aliorum
1137 1494 1300 1548 etiam
1350 1495 1526 1552 facere
1571 1513 1733 1568 posse
1776 1499 2079 1555 credimus.

492 1584 650 1649 Ecce,
684 1587 941 1652 quantum
973 1582 1098 1637 inde
1145 1583 1422 1640 reminisci
1471 1593 1560 1640 aut
1605 1586 1746 1642 scire
1789 1588 2085 1659 potuimus,

490 1673 792 1744 prudentia
821 1679 1015 1727 vestra
1044 1671 1424 1727 intimavimus.
1464 1673 1587 1729 Jam
1617 1675 1744 1746 quid
1777 1677 2085 1732 faciendum

491 1762 580 1828 sit,
616 1761 734 1832 ipsa
763 1757 1084 1816 consideret.
1119 1760 1307 1816 Valeat
1334 1763 1630 1832 paternitas
1661 1772 1857 1834 vestra,
1889 1773 1940 1820 et
1971 1774 2086 1822 oret

488 1867 590 1923 pro
621 1849 798 1906 nobis.

979 1937 1315 1994 EPISTULA
1352 1939 1423 1996 1v
1461 1940 1594 2012 (43).

805 2051 1048 2092 ΑΝεΕωιι
1085 2051 1156 2090 ΔΙ)
1194 2052 1513 2095 ΡΑεωιΑιωί
1565 2054 1763 2098 ΡΑΡᾹΠ.

555 2133 791 2190 Domino
833 2133 1152 2202 reverendo,
1204 2142 1257 2189 et
1306 2135 1449 2191 Patri
1477 2136 1777 2209 diligendo,
1809 2138 2085 2196 PAscmt

488 2239 700 2279 summo
744 2221 1010 2295 pontiﬁci,
1042 2224 1350 2279 Asssuws
1394 2241 1582 2281 servus
1627 2226 1890 2282 Ecclesia
1936 2227 2082 2282 Can-

485 2311 794 2378 tuariensis,
820 2312 1063 2367 debitam
1092 2312 1508 2385 subjectionem,
1533 2321 1586 2370 et
1613 2314 1923 2372 orationum
1952 2316 2083 2372 assi-

489 2401 749 2457 duitatem
763 2441 776 2456 .

557 2492 849 2562 Postquam
879 2497 1164 2546 revocatus
1205 2491 1275 2546 ad
1317 2492 1690 2564 episcOpatum
1714 2493 1850 2550 redii
1877 2493 1931 2548 in
1962 2497 2078 2550 An-

483 2580 669 2652 gliam,
705 2579 919 2634 ostendi
957 2581 1175 2634 decreta
1223 2581 1526 2651 apostolica
1573 2599 1692 2652 qua
1732 2583 1788 2638 in
1835 2583 2079 2640 Romano

480 2668 714 2726 concilio
743 2684 990 2737 prasens
1019 2667 1222 2735 audivi,
1256 2685 1322 2724 ne
1353 2671 1557 2725 scilicet
1599 2671 1792 2742 aliquis
1821 2672 1886 2727 de
1918 2690 2079 2728 manu

478 2757 630 2830 regis
661 2766 752 2812 aut
782 2757 1009 2826 alicujus
1039 2757 1160 2811 laici
1191 2757 1544 2813 ecclesiarum
1594 2760 1935 2816 investituras
1980 2778 2077 2818 ac-

474 2847 700 2917 ciperet,
725 2855 778 2900 ut
811 2862 905 2916 per
934 2848 1036 2901 hoc
1068 2848 1185 2915 ejus
1215 2848 1379 2902 homo
1409 2845 1578 2916 ﬁeret,
1611 2865 1712 2903 nec
1738 2848 1932 2920 aliquis
1964 2852 2078 2906 hac

478 2935 967 3006 transgredientem
1015 2950 1336 2991 consecrare
1382 2945 1753 3006 prasumeret.
1787 2936 1942 3006 Quod
1974 2956 2075 2994 au-

477 3023 686 3079 dientes
717 3041 812 3079 rex
843 3031 895 3078 et
922 3025 1196 3094 principes
1226 3024 1364 3092 ejus,
1399 3025 1500 3096 ipsi
1530 3026 1690 3080 etiam
1736 3028 1976 3098 episcopi
2025 3036 2079 3083 et

479 3113 571 3167 alii
637 3113 861 3168 minoris
925 3113 1166 3178 ordinis,
1214 3121 1320 3167 tam
1365 3116 1600 3184 graviter
1647 3126 1972 3186 acceperunt
2021 3126 2077 3172 ut

477 3209 782 3256 assererent
811 3219 870 3256 se
898 3202 1046 3256 nullo
1077 3202 1241 3257 modo
1274 3203 1396 3259 huic
1440 3205 1523 3258 rei
1571 3219 1853 3258 assensum
1887 3206 2078 3276 prabi-

477 3299 650 3356 turos,
685 3300 736 3345 et
765 3307 852 3346 me
891 3291 960 3346 de
1002 3307 1172 3362 regno
1216 3291 1393 3362 potius
1435 3308 1599 3363 quam
1646 3293 1750 3348 hoc
1798 3303 2080 3350 servarent

478 3381 814 3450 expulsuros,
858 3387 909 3434 et
960 3396 991 3434 a
1034 3380 1277 3434 Romana
1321 3381 1560 3436 Ecclesia
1608 3397 1668 3437 se
1714 3381 2074 3439 discessuros.

478 3470 652 3535 Unde,
683 3469 986 3524 reverende
1023 3470 1197 3531 Pater,
1229 3478 1467 3523 vestrum
1510 3469 1640 3539 petii
1671 3487 1766 3540 per
1795 3470 2077 3541 epistolam

481 3567 719 3613 nostram
774 3558 1099 3625 consilium,
1145 3573 1305 3626 quam
1349 3558 1470 3611 misi
1524 3559 1832 3613 celsitudini
1875 3567 2080 3615 vestra

482 3662 578 3718 per
627 3645 979 3700 Guillelmum
1029 3646 1174 3716 regis
1216 3646 1480 3714 legatum.
1528 3646 1634 3701 Sed
1677 3649 1932 3718 quoniam
1989 3663 2081 3702 re-

479 3733 669 3803 sponsi
698 3735 861 3788 vestri
900 3734 1106 3787 litteras
1155 3749 1258 3788 non
1303 3734 1509 3803 accepi,
1543 3735 1719 3789 adhuc
1747 3752 1844 3806 per
1871 3737 2080 3807 legatos

482 3827 701 3877 nostros
729 3838 866 3891 quos
896 3821 1048 3876 mitto
1078 3837 1200 3877 cum
1229 3821 1569 3877 charissimis
1596 3824 1849 3878 fratribus
1888 3834 1938 3880 et
1979 3841 2078 3881 co-

483 3912 756 3982 episcopis
787 3911 1002 3977 nostris,
1038 3911 1127 3980 qui
1155 3926 1251 3981 pro
1282 3911 1467 3967 eadem
1500 3928 1560 3966 re
1590 3921 1822 3967 vestram
1869 3913 2078 3969 sancti-

478 4008 650 4056 tatem
681 4000 897 4068 adeunt,
916 4001 1030 4068 jam
1060 4001 1284 4070 petitum
1316 4001 1512 4056 iterum
1542 4001 1764 4072 supplex
1795 4019 1894 4074 per
1919 4003 2078 4059 char-

482 4101 597 4147 tam
653 4089 999 4144 sublimitatis
1065 4097 1264 4145 vestra
1324 4099 1527 4145 certum
1575 4099 1702 4161 peto
1748 4091 2069 4148 consilium.

484 4181 718 4238 Oramus
747 4178 1038 4234 Dominum
1067 4187 1310 4234 nostrum
1344 4180 1530 4235 Jesum
1575 4179 1862 4248 Christum,
1896 4190 1954 4236 ut
1981 4198 2078 4238 vos

481 4275 767 4326 conservet
795 4267 862 4321 ad
894 4267 1106 4322 laudem
1140 4275 1193 4323 et
1218 4268 1450 4340 gloriam
1479 4269 1714 4324 nominis
1739 4269 1821 4324 sui
1851 4277 1904 4326 et
1932 4269 2076 4325 utili-

479 4367 642 4415 tatem
671 4357 936 4413 Ecclesia
966 4373 1097 4412 sua.

1061 4453 1396 4510 EPISTOLA
1437 4455 1501 4509 V.

637 4569 883 4608 ANSELMI
921 4567 995 4607 AD
1035 4567 1321 4607 HBNRICUM
1359 4567 1547 4607 REGE!
1590 4566 1912 4610 ΑΝθιοιιωι.

549 4652 800 4708 Glorioso
841 4651 1062 4706 domino
1099 4665 1198 4706 suo
1234 4651 1522 4720 ﬂammeo,
1567 4651 1737 4724 gratia
1785 4653 1912 4724 Dei,
1952 4656 2067 4726 regi

2200 443 2250 491 et
2281 437 2471 494 ﬁdeles
2502 441 2797 500 orationes.

2273 525 2469 584 Precor
2497 546 2615 599 vos,
2650 532 2723 586 mi
2761 533 3078 591 charissima
3114 535 3375 603 domine,
3414 546 3472 594 ut
3513 538 3789 598 dominum

2200 620 2252 668 et
2279 630 2465 687 regem
2507 626 2560 673 et
2595 625 2826 676 tutorem
2857 623 3115 680 Ecclesia
3146 625 3241 680 Dei
3272 626 3425 682 vobis
3463 632 3789 700 commissa,

2199 711 2256 758 ut
2284 705 2512 761 audiatis
2553 708 2756 765 intente
2799 711 3070 782 planctum
3112 713 3264 768 istius
3304 718 3554 772 monachi
3583 719 3652 774 de
3681 721 3791 775 Mi-

2197 793 2352 862 celei,
2385 802 2440 849 et
2479 797 2780 852 secundum
2823 800 2968 870 quod
3005 801 3322 874 intelligetis
3364 821 3462 860 vos
3499 807 3693 865 decere
3739 817 3794 866 et

2198 883 2452 940 Ecclesia
2481 885 2758 956 expedire,
2790 889 2983 944 sentiat
3022 889 3226 963 regiam
3267 901 3319 947 et
3354 903 3640 963 paternam
3686 913 3792 954 ve-

2197 979 2362 1028 stram
2408 973 2824 1032 subventionem
2874 985 2928 1032 et
2980 980 3425 1038 consolationem.
3474 984 3592 1057 Ego
3635 1002 3787 1055 vero,

2197 1059 2539 1117 ﬁdelissimus
2569 1066 2767 1121 anima
2797 1074 2998 1122 vestra
3027 1076 3080 1124 et
3108 1070 3354 1140 corporis
3381 1073 3566 1144 vestri,
3597 1083 3650 1130 et
3677 1078 3790 1133 veri

2197 1149 2421 1206 honoris
2453 1153 2633 1221 vestri,
2665 1155 2890 1211 consulo
2941 1156 3094 1214 vobis
3122 1165 3174 1212 et
3200 1159 3430 1218 obsecro
3462 1178 3549 1231 ne,
3582 1180 3789 1237 propo-

2197 1239 2374 1294 nendo
2404 1241 2659 1296 Ecclesiis
2689 1244 2785 1298 Dei
2813 1261 3073 1316 personas
3117 1248 3303 1320 quales
3344 1265 3454 1306 non
3497 1251 3709 1309 debetis
3736 1261 3792 1312 et

2195 1328 2352 1383 aliter
2379 1345 2542 1400 quam
2577 1331 2810 1399 debetis,
2845 1340 2900 1390 et
2928 1335 3154 1391 consilio
3199 1339 3506 1394 secundum
3555 1358 3789 1412 quorum

2195 1416 2481 1474 consilium
2525 1435 2632 1474 non
2675 1421 2901 1491 debetis,
2933 1425 3232 1495 attrahatis,
3265 1427 3409 1498 quod
3437 1429 3602 1486 absit!
3653 1432 3790 1490 iram

2195 1506 2298 1562 Dei
2326 1522 2491 1577 super
2510 1524 2628 1564 vos.
2648 1511 2859 1565 Certum
2881 1511 3026 1568 enim
3048 1520 3129 1568 est
3149 1514 3277 1586 quia
3299 1515 3416 1585 jam
3438 1517 3492 1572 in
3518 1519 3791 1592 aliquibus

2192 1594 2350 1666 pravi
2398 1604 2451 1650 et
2496 1597 2766 1666 inﬁdeles,
2816 1609 3079 1672 quantum
3130 1602 3200 1656 ad
3242 1606 3485 1660 animam
3531 1617 3786 1682 vestram,

2195 1684 2518 1753 consiliarii,
2566 1687 2722 1742 aliter
2760 1694 2922 1760 quam
2969 1699 3238 1760 oporteret
3282 1694 3442 1750 vobis
3480 1699 3782 1756 consulue-

2193 1780 2334 1827 runt.
2383 1772 2741 1846 Omnipotens
2785 1779 2938 1833 Deus
2979 1780 3062 1835 sic
3105 1781 3262 1836 vobis
3299 1782 3391 1838 det
3429 1802 3620 1858 regere
3661 1806 3784 1859 qua

2190 1861 2352 1916 vobis
2380 1864 2649 1920 commisit
2677 1873 2733 1921 ut
2762 1865 2880 1937 ipse
2909 1884 3007 1924 vos
3033 1878 3190 1941 regat
3231 1877 3286 1926 et
3331 1872 3403 1928 ab
3447 1876 3596 1931 omni
3641 1878 3786 1936 malo

2191 1956 2425 2006 tueatur.

2738 2070 3083 2130 EPISTOLA
3131 2076 3219 2132 VI.

2524 2181 2766 2222 ANSBLMI
2793 2184 2867 2224 AD
2896 2186 3225 2232 PASCHALEI
3255 2192 3455 2235 ΡΑΡΑΜ.

2259 2259 2494 2316 Domino
2541 2265 2861 2334 reverenda,
2907 2274 2960 2321 et
3002 2269 3144 2325 Patri
3185 2272 3482 2346 diligendo,
3516 2276 3788 2334 PASCHALI

2189 2363 2401 2405 summo
2432 2351 2700 2421 pontiﬁci,
2734 2357 3038 2414 ANSELMUS
3067 2376 3254 2417 servus
3273 2363 3533 2420 Ecclesia
3553 2366 3787 2422 Cantua-

2188 2437 2401 2508 riensis,
2433 2439 2673 2496 debitam
2705 2443 3116 2519 subjectionem,
3139 2457 3190 2504 et
3220 2451 3522 2508 orationum
3549 2455 3786 2510 assidui-

2190 2534 2346 2581 tatem
2359 2569 2369 2581 .

2258 2615 2470 2684 Quanto
2502 2619 2684 2677 studio
2713 2638 2866 2678 mens
2896 2641 3018 2680 mea
3039 2627 3184 2683 sedis
3205 2631 3518 2700 apostolica
3537 2648 3782 2689 reveren-

2187 2704 2314 2758 tiam
2351 2713 2404 2760 et
2446 2707 2811 2766 obedientiam
2865 2730 2970 2784 pro
3020 2732 3118 2771 sua
3165 2719 3520 2788 possibilitate
3566 2722 3780 2793 ample-

2185 2798 2380 2862 ctatur,
2411 2798 2684 2852 testantur
2714 2801 2898 2857 multa
2939 2811 2993 2858 ct
3035 2806 3375 2875 gravissima
3404 2809 3779 2867 tribulationes

2185 2882 2370 2938 cordis
2402 2885 2508 2939 mei
2541 2887 2639 2941 soli
2662 2888 2778 2943 Deo
2809 2899 2862 2945 et
2891 2893 3021 2945 mihi
3047 2902 3207 2961 nota,
3233 2911 3369 2966 quas
3399 2898 3467 2952 ab
3489 2899 3640 2954 initio
3669 2900 3783 2971 epi-

2185 2981 2435 3041 scopatus
2464 2975 2631 3043 429
2664 2977 2768 3032 mei
2801 2995 2897 3048 per
2927 2989 3158 3052 quatuor
3186 3000 3354 3040 annos
3391 2986 3449 3040 in
3479 2988 3696 3060 Anglia,
3727 3004 3784 3056 ei

2107 3074 2160 3138 ο
2183 3075 2283 3129 per
2314 3060 2589 3116 biennium
2637 3062 2692 3115 in
2734 3063 2927 3118 exsilio
2972 3081 3166 3136 passus
3195 3085 3333 3136 sum,
3365 3071 3491 3140 quia
3533 3073 3779 3141 ejusdem

2185 3148 2330 3202 sedis
2361 3150 2746 3218 subjectionem
2775 3151 3050 3226 abnegare
3074 3155 3242 3210 nolui.
3277 3159 3325 3210 Α
3349 3173 3454 3227 qua
3482 3158 3781 3217 intentione

2185 3252 2344 3307 spero
2381 3237 2435 3292 in
2466 3239 2579 3294 Deo
2603 3239 2731 3308 quia
2761 3241 2898 3294 nihil
2927 3249 3008 3296 est
3037 3244 3182 3314 quod
3213 3261 3299 3300 me
3340 3249 3611 3305 retrahere
3640 3266 3778 3320 pos-

2185 3325 2269 3380 sit.
2302 3325 2640 3398 Quapropter
2665 3327 2720 3382 in
2750 3338 3008 3399 quantum
3033 3332 3164 3386 mihi
3183 3335 3437 3404 possibile
3464 3345 3562 3405 est,
3586 3354 3778 3396 omnes

2186 3420 2337 3469 actus
2377 3429 2531 3469 meos
2573 3415 2822 3484 ejusdem
2867 3419 3201 3474 auctoritatis
3242 3421 3586 3493 dispositioni
3640 3427 3778 3483 diri-

2186 3502 2394 3574 gendos
2422 3511 2475 3558 et
2503 3502 2595 3557 ubi
2625 3518 2763 3574 opus
2784 3512 2867 3558 est
2893 3507 3246 3580 corrigendos
3268 3512 3392 3566 volo
3413 3516 3776 3573 committere.

2188 3590 2428 3658 Qualiter
2465 3608 2594 3663 ergo
2637 3593 2734 3646 sim
2781 3594 2848 3648 ad
2886 3611 3128 3665 prasens
3174 3599 3228 3652 in
3267 3601 3495 3674 Anglia,
3535 3603 3780 3662 breviter

2186 3680 2384 3748 scribo,
2419 3681 2546 3750 quia
2574 3681 2834 3737 latoribus
2868 3686 3208 3754 prasentium
3249 3689 3467 3759 plenius
3506 3693 3612 3749 hoc
3651 3696 3779 3752 viva

2187 3784 2320 3824 voce
2357 3768 2774 3840 signiﬁcandum
2813 3772 3055 3842 dimitto,
3101 3784 3388 3847 postquam
3432 3791 3715 3838 revocatus
3742 3799 3778 3841 ο.

2186 3873 2316 3929 rege
2344 3857 2555 3930 Anglia
2603 3860 2696 3930 qui
2734 3877 2877 3917 nunc
2923 3871 3036 3932 est,
3086 3864 3156 3920 ad
3203 3866 3584 3940 episcopatum
3614 3873 3774 3944 redii,

2187 3945 2387 4002 oﬂendi
2419 3949 2632 4003 decreta
2661 3950 2958 4022 apostolica
3006 3969 3127 4024 qua
3167 3954 3225 4009 in
3270 3956 3516 4016 Romano
3546 3962 3776 4020 concilio

2187 4051 2426 4106 prasens
2473 4037 2677 4103 audivi,
2721 4054 2790 4094 ne
2826 4039 3032 4096 scilicet
3077 4041 3244 4098 laicus
3287 4043 3634 4105 investituras
3676 4067 3774 4108 ec-

2184 4123 2474 4194 clesiarum
2503 4125 2676 4190 daret.
2709 4142 2884 4199 neque
2912 4128 3113 4200 aliquis
3151 4131 3219 4186 de
3259 4149 3425 4190 manu
3467 4136 3585 4206 ejus
3625 4141 3774 4196 acci-

2183 4219 2358 4281 peret,
2387 4216 2480 4266 aut
2506 4228 2605 4283 pro
2634 4215 2738 4269 hoc
2765 4215 2929 4271 homo
2959 4216 3074 4286 ejus
3101 4215 3270 4286 ﬁeret,
3299 4236 3402 4276 nec
3427 4223 3627 4295 aliquis
3655 4227 3776 4285 hac

2180 4308 2594 4370 prasumentem
2639 4311 3010 4368 consecraret;
3045 4308 3140 4378 qui
3170 4323 3298 4364 vero
3346 4311 3461 4367 hac
3499 4320 3774 4389 transgre-

2103 4433 2153 4493 Ο
2181 4389 2423 4459 deretur,
2467 4393 3010 4450 excommunicationi
3047 4395 3221 4452 sancti
3261 4399 3477 4456 concilii
3514 4403 3775 4473 subjace-

2181 4485 2278 4533 ret.
2347 4477 2508 4548 Quod
2570 4481 2852 4537 audientes
2889 4498 2989 4537 rex
3055 4490 3109 4539 et
3171 4486 3449 4558 principes
3484 4491 3620 4561 ejus,
3666 4493 3771 4565 ipsi

2177 4566 2340 4621 etiam
2382 4568 2640 4640 episcOpi,
2675 4579 2873 4640 quanta
2910 4572 3057 4627 mala
3104 4573 3229 4630 hinc
3268 4591 3608 4650 processum,
3641 4582 3771 4653 quid

2176 4657 2374 4726 potius
2417 4673 2478 4712 se
2523 4658 2764 4714 facturos
2812 4676 2972 4732 quam
3012 4663 3128 4718 hac
3170 4663 3385 4720 decreta
3423 4677 3769 4742 suscepturas

2010 4753 2238 4810 ΝΟΤιΕ.

549 4846 662 4916 (4⁷3)
700 4847 851 4901 Hanc
893 4845 1180 4915 epistolam
1224 4845 1291 4900 cl.
1327 4847 1388 4902 V.
1423 4847 1688 4904 Henricus
1717 4849 1984 4905 Warthon
2013 4851 2067 4905 in

479 4918 698 4992 Anglia
729 4933 897 4992 sacra
927 4928 1071 4992 tonio
1102 4917 1332 4992 ll,_pag.i
1353 4921 1474 4992 1778,
1505 4920 1654 4974 dedit
1682 4937 1804 4975 cum
1833 4923 1933 4977 hac
1955 4923 2070 4992 epi-

475 4991 686 5064 graplie
710 5008 728 5064 :_
742 4989 992 5064 Epistoio
1007 4989 1271 5064 Amelmi
1285 4989 1479 5064 uitiato
1491 4993 1551 5064 in
1565 4993 1810 5064 editione
1824 4989 2066 5064 Operam

475 5059 730 5115 Anselmi
763 5061 998 5113 Parisiis
1034 5075 1186 5113 anno
1213 5062 1347 5114 1675
1378 5079 1411 5115 α
1437 5062 1685 5118 Gabriele
1717 5059 2063 5121 Gerb'eronio

471 5131 771 5196 adornata,
791 5147 865 5185 ex
881 5132 1066 5184 codice
1082 5146 1187 5184 ms.
1205 5135 1419 5188 vetusto
1438 5133 2060 5190 bibliotfiechamber-

474 5201 664 5277 thana
694 5204 1000 5277 restituta._
1028 5202 1185 5255 Hanc
1231 5202 1634 5277 inscriptionem
1674 5213 1730 5259 ut
1783 5207 1912 5277 legi,
1955 5222 2060 5261 non

508 5271 622 5324 otui
672 5287 782 5326 non
819 5272 1003 5326 mirari
1033 5288 1298 5326 summam
1338 5271 1438 5328 viii
1485 5276 1677 5329 eruditi
1720 5271 2058 5332 oscilaritiam

508 5287 622 5324 ouii
672 5287 782 5326 non
819 5288 1003 5326 mirari
1033 5288 1298 5326 summam
1338 5290 1438 5328 viri
1485 5287 1677 5329 eruditi
1720 5287 2057 5332 oscitantiam

465 5287 612 5417 {nam
646 5343 842 5417 malam
876 5343 1034 5397 ﬁdem
1068 5343 1330 5417 suspicari
1351 5346 1611 5417 prohibet
1651 5347 1736 5401 vel
1789 5349 1904 5417 ipse
1933 5348 2057 5402 libri

460 5414 540 5467 sui
574 5414 755 5490 titulus
785 5430 911 5490 quo,
934 5429 1042 5469 non
1073 5415 1308 5470 obscure
1333 5414 2056 5490 ⁸ῙειιριωήΑηριὶαητῖ,ςίιενατη

456 5486 728 5561 exstitisse
757 5485 823 5540 ad
862 5501 1059 5561 annum
1109 5501 1276 5554 usque
1324 5487 1480 5556 1540,
1533 5485 1655 5561 hoc'
1678 5497 1763 5561 est
1816 5491 2055 5561 quandiu

452 5555 703 5612 Romano
749 5556 990 5628 pontiﬁci
1040 5565 1291 5626 tanquam
1335 5555 1472 5614 vero
1505 5574 1572 5614 ac
1602 5555 1846 5633 legitimo
1885 5561 2053 5632 capiti

2176 4851 2697 4937 adhasit).‘Sane'si
2719 4869 2827 4937 non
2856 4854 3227 4937 perfunctorie
3255 4863 3311 4916 et
3338 4860 3474 4937 forte
3503 4865 3765 4937 praecipiti

2174 4923 2332 5007 oculo
2349 4923 2670 5007 Gerberonii
2691 4923 2980 5007 editionem
2997 4931 3396 5007 perlustrasset,
3417 4923 3566 4990 illa‘m
3589 4923 3767 5007 ipsam

2172 4994 2455 5077 epistolam
2487 5011 2650 5077 quam
2691 4997 2977 5077 restituere
2997 4994 3078 5056 ’δε
3119 4994 3409 5077 arbitratus
3445 5014 3530 5061 est
3570 4994 3765 5077 piiram

2213 5074 2377 5147 utam,
2432 5067 2648 5147 qualem
2686 5067 2820 5147 ipse
2858 5070 3001 5139 typis
3042 5073 3338 5147 mandavit,
3370 5067 3676 5146 reperisset,
3733 5098 3767 5138 ι

2193 5135 2505 5223 ξθώρςοηίρ
2536 5135 2746 5223 εεόίιιιῐὶ]¹
2767 5139 2860 5223 lib.
2881 5135 2972 5223 'i'v‘,
3004 5143 3161 5223 epist.
3276 5135 3406 5223 pag.
3430 5135 3561 5203 .428.
3597 5135 3767 5223 Igitur

2168 5207 2304 5288 duas
2344 5210 2640 5291 aiiselmus
2683 5209 2751 5263 ad
2806 5207 3118 5291 Paschalem
3165 5207 3409 5285 ejusdem
3452 5207 3760 5291 arguni'enti

2167 5279 2386 5357 scripsit
2411 5281 2674 5357 epistolas
2696 5298 2708 5332 :
2730 5296 2895 5357 unam
2911 5298 3032 5352 qua
3051 5285 3146 5339 lib.
3172 5279 3231 5340 iii
3260 5295 3457 5342 exstat.
3482 5279 3630 5345 nimi.
3656 5296 3726 5349 t7
3742 5311 3757 5357 ;

2165 5349 2387 5436 eliciam
2435 5352 2576 5436 inter
2603 5367 2776 5407 novas
2804 5352 2910 5436 lib.‘
2928 5349 3008 5436 iv,
3038 5357 3198 5426 epist.
3231 5359 3285 5424 ι,
3314 5375 3478 5436 quam
3507 5362 3553 5415 si
3584 5349 3750 5436 legis;

2163 5427 2242 5501 set
2261 5422 2618 5501 Whartqnns,
2641 5422 2832 5501 procul
2851 5423 3044 5501 _dubio
3072 5422 3197 5501 _non_
3231 5422 3546 5501 recudisset,
3585 5422 3760 5493 milito

2163 5439 2242 5474 set
2270 5439 2593 5478 wnartonns
2681 5439 2832 5478 rocut
2879 5439 3044 5483 dumo
3088 5443 3197 5484 non
3231 5439 3546 5501 recudisset,
3585 5439 3758 5493 multo

2160 5490 2340 5548 minus
2381 5492 2542 5550 mala
2586 5439 2710 5551 ﬁdei
2740 5493 3136 5555 Gerberonium
3179 5499 3561 5560 insimulasset.
3592 5506 3758 5564 Mn-

2156 5575 2326 5618 una.
