4036 6072
180 84 183 87 ν
196 82 379 93 ——-

210 211 321 271 ωε

1549 212 1678 269 LIB.
1708 212 1802 281 IV,
1836 209 2055 273 Ειηετ.
2087 209 2185 267 IX.

3413 218 3519 273 206

209 334 668 405 acclameverunt,
699 352 901 410 gravor
926 338 1141 407 dicere;
1175 337 1353 395 dicant
1383 336 1552 412 legati
1580 352 1811 409 praesen-
1842 336 1897 401 Α
1925 334 2133 390 satione
2160 340 2214 390 et
2237 331 2619 391 benevolentia
2646 332 2888 405 confido,
2919 335 3181 410 quoniam
3222 336 3514 410 religioso-

214 430 299 481 tes
323 425 419 500 qui
449 423 751 480 audierunt.
780 427 1023 483 Tandem
1056 428 1109 482 in
1141 444 1227 483 me
1256 427 1498 485 conversi
1525 443 1631 483 uno
1661 443 1818 483 sensu

210 515 419 587 pariter
445 530 635 571 omnes
684 513 1095 574 afﬁrmaverunt
1139 532 1227 573 me
1268 532 1430 588 posse
1475 517 1817 593 exstinguere

211 618 388 659 omne
419 604 643 671 malum,
676 605 820 675 quod
851 621 915 660 ex
950 605 1038 660 his
1053 604 1284 662 decretis
1297 606 1617 676 processerit
1641 620 1815 670 ;asse-

216 700 431 758 verant,
465 693 509 747 si
539 692 794 765 precibus
824 693 1200 765 episcoporum
1230 710 1387 750 meas
1415 694 1607 751 vellem
1656 710 1817 750 asso-

214 781 393 848 ciare,
425 789 692 854 quatenus
721 782 1030 838 celsitudini
1073 791 1276 840 vestra:
1324 783 1565 854 placeret
1608 783 1816 854 praedi-

214 878 364 925 ctam
391 870 710 925 sententiam
758 871 1031 947 mitigare.
1064 870 1227 943 Quod
1274 871 1321 926 si
1367 871 1547 928 facere
1590 888 1815 929 recusa-

219 975 363 1026 rem,
397 974 557 1014 omne
584 959 788 1015 malum
818 960 966 1032 quod
991 960 1120 1015 inde
1164 960 1428 1029 eveniret,
1455 961 1587 1016 mihi
1631 961 1818 1032 impu-

220 1047 447 1103 tandum
491 1049 609 1105 sine
657 1048 767 1104 ulla
810 1065 933 1106 mea
979 1050 1331 1107 excusatione
1371 1050 1699 1119 judicarent.
1738 1052 1821 1107 Ne

217 1138 391 1208 igitur
441 1137 647 1211 aliquid
702 1138 891 1194 videar
946 1146 1313 1206 contemnere,
1368 1147 1459 1194 aut
1518 1154 1641 1196 meo
1696 1140 1819 1195 solo

218 1242 396 1283 sensu
423 1228 511 1283 vel
554 1227 778 1300 propria
828 1227 1103 1284 voluntate
1144 1227 1445 1301 quidquam
1494 1227 1691 1296 facere,
1723 1245 1821 1283 nec

216 1317 345 1372 illos
393 1316 572 1372 audeo
619 1332 730 1371 non
777 1317 995 1383 audire,
1026 1331 1127 1371 nec
1173 1316 1241 1372 de
1291 1325 1479 1373 vestrm
1525 1319 1823 1373 sanctitatis

218 1405 586 1477 dispositione
625 1404 970 1476 aliquatenus
1016 1405 1141 1460 volo
1188 1405 1356 1461 exire.
1388 1406 1615 1463 Servata
1660 1407 1825 1480 igitur

216 1494 370 1567 apud
402 1510 490 1549 me
522 1494 825 1550 reverentia
853 1501 905 1549 et
943 1493 1256 1549 obedientia
1300 1495 1449 1550 sedis
1492 1496 1822 1568 apostolicae,

215 1598 418 1656 precor
448 1591 524 1650 ut,
558 1591 817 1653 quantum
848 1582 1085 1654 dignitas
1115 1591 1294 1639 vestra
1323 1586 1616 1640 secundum
1648 1586 1823 1641 Deum

217 1672 513 1744 permittit,
544 1671 790 1743 petitioni
820 1672 1115 1741 praedictae,

217 1769 445 1834 ponent,
475 1762 629 1831 juxta
682 1760 1007 1833 sapientiam
1050 1768 1310 1828 vestram,
1344 1763 1824 1837 condescendatis;

217 1860 275 1906 et
306 1851 442 1923 quid
468 1866 559 1906 me
582 1849 819 1920 iubeatis
848 1849 903 1903 in
934 1852 1035 1906 hac
1087 1866 1146 1904 re
1193 1850 1393 1920 facere,
1427 1852 1703 1923 quidquid
1735 1856 1828 1911 fu-

218 1948 406 1994 turum
435 1940 526 2007 sit,
559 1955 658 2010 per
686 1937 897 2012 legatos
928 1946 1224 2009 praesentes
1262 1949 1465 1994 certum
1511 1958 1598 1997 me
1651 1942 1825 1999 facia-

219 2029 313 2084 tis.
360 2027 597 2084 Oramus
644 2027 1070 2097 omnipotentem
1120 2028 1289 2084 Dcum
1339 2037 1397 2083 ut
1446 2031 1826 2101 paternitatem

220 2117 318 2173 diu
348 2116 659 2172 incolumen
703 2114 760 2170 in
804 2115 1020 2188 integra
1058 2117 1413 2188 prosperitate
1456 2119 1527 2174 ad
1570 2119 1830 2179 Ecclesiae

219 2221 339 2264 sua
367 2204 539 2261 robur
567 2212 621 2261 et
649 2204 1075 2261 consolationem
1105 2214 1410 2262 conservet.

773 2354 1118 2412 EPISTOLA
1147 2356 1244 2412 VII
1257 2396 1271 2411 .

277 2469 528 2513 ansam
555 2468 630 2510 an
655 2468 1015 2511 curuatum:
1043 2468 1348 2510 wmromz
1375 2454 1631 2513 macrum
1660 2471 1785 2513 apr-

903 2540 1126 2581 SOOPUI
1138 2566 1152 2580 .

300 2629 605 2683 Meamne
667 2623 1131 2695 archiepiscopus,
1182 2624 1380 2680 dilecto
1445 2625 1689 2682 dilectori
1731 2642 1829 2684 suo

225 2717 560 2773 Garamum
588 2715 761 2770 electo
789 2717 1050 2786 episcopo
1077 2712 1405 2781 Wintoniae,
1437 2714 1695 2771 salutem.

302 2805 557 2861 laudate
586 2803 722 2858 mihi
744 2803 791 2857 si
821 2803 875 2856 in
905 2802 1165 2873 proximis
1196 2802 1447 2871 Quatuor
1493 2805 1830 2875 temporibus

228 2894 447 2950 venturi
476 2892 608 2948 estis
634 2892 705 2947 ad
735 2906 824 2946 me
852 2906 955 2963 pro
983 2890 1307 2958 sacerdotio,
1341 2899 1394 2946 et
1418 2890 1466 2946 si
1494 2892 1549 2945 in
1574 2894 1823 2964 sequenti

229 2984 323 3039 die
351 2990 475 3053 post
513 2972 883 3051 acceptionem
929 2979 1216 3036 sacerdotii
1257 2980 1424 3035 vultis
1471 2982 1829 3037 consecratio-

1926 440 2048 480 rum
2077 429 2157 479 est
2196 423 2265 478 ad
2310 423 2627 497 religionem
2667 424 2910 480 volentes
2954 425 3219 496 prolicere
3258 427 3515 495 libenter,

1924 529 2046 567 cum
2076 512 2448 585 opportunitas
2475 529 2531 569 se
2558 514 2793 582 exhibet,
2828 514 3105 582 instruere,
3128 532 3322 587 precor
3352 525 3407 572 ut
3437 518 3515 585 ei,

1925 609 2182 673 quantum
2221 602 2378 658 vobis
2417 611 2779 673 opportunum
2819 606 2939 673 erit,
2988 605 3317 676 concedatis,
3375 608 3520 663 sicut

1924 691 2179 763 postulat,
2208 689 2266 745 in
2292 694 2470 747 vestro
2498 692 2908 749 conversatione
2932 709 3233 750 remanere.

2500 860 2837 919 EPISTOLA
2876 861 2975 919 IX.

2059 990 2306 1035 ANSRLII
2334 994 2410 1033 ΔΙ)
2439 992 2756 1039 ΒΑΙιΒιῙΙΝΠΠ
2785 992 2972 1036 REGE!
3002 993 3371 1037 HIBIUSALBI.

1998 1090 2298 1161 BALDUINO,
2331 1092 2503 1164 gratia
2546 1090 2666 1159 Dei,
2698 1091 2812 1163 regi
2864 1092 3225 1161 Hierusalem,
3257 1094 3519 1150 charissi-

1926 1194 2019 1234 mo
2049 1179 2631 1247 domino,ANsar.uus,
2652 1196 2840 1235 servus
2870 1181 3128 1237 Ecclesiae
3158 1181 3521 1239 Cantuaricn-

1930 1267 2005 1323 sis
2030 1282 2130 1338 per
2156 1283 2387 1340 regnum
2420 1277 2686 1324 terrenum
2719 1268 2788 1324 ad
2814 1269 3031 1324 coeleste
3061 1270 3367 1325 sublimari.

2000 1357 2321 1413 Benedictus
2348 1358 2492 1413 Deus
2516 1358 2569 1412 in
2603 1357 2762 1413 donis
2794 1358 2925 1425 suis,
2956 1366 3009 1413 ct
3036 1366 3252 1414 sanctus
3296 1360 3351 1415 in
3399 1377 3523 1417 om-

1930 1444 2091 1500 nibus
2138 1446 2394 1516 operibus
2432 1446 2542 1501 suis
2590 1448 2767 1516 (Psal.
2809 1462 2995 1518 cxuv,
3031 1449 3141 1519 18),
3176 1450 3265 1520 qui
3315 1465 3414 1505 vos
3455 1452 3527 1505 ad

1931 1534 2077 1607 regis
2105 1534 2424 1607 dignitatem
2457 1550 2560 1591 sua
2588 1536 2763 1607 gratia
2793 1535 2845 1591 in
2876 1536 2969 1591 illa
3002 1544 3137 1591 terra
3166 1538 3425 1594 exaltavit
3471 1540 3526 1594 in

1932 1639 2040 1694 qua
2095 1624 2213 1693 ipse
2263 1624 2527 1679 Dominus
2581 1632 2766 1680 noster
2817 1626 2973 1680 Iesus
3027 1625 3269 1681 Christus
3321 1644 3421 1697 per
3470 1643 3529 1683 se

1437 1673 1448 1683 .
1661 1676 1671 1685 .
1937 1672 2039 1694 τη
2096 1672 2211 1693 τη
2263 1672 2526 1679 -ς--η---ς
2583 1672 2755 1680 -νυ-ν-
2818 1672 2972 1680 -τηυ
3033 1672 3269 1681 unum-
3322 1672 3410 1697 ιω.
3471 1672 3529 1683 νυ

1329 1672 1813 1783 ν-(Ϋξᾼιέξδίξῗθ
1847 1692 1901 1761 Β
1933 1712 2112 1781 ipsum
2176 1711 2502 1783 principium
2551 1713 2935 1768 Christianitati
2989 1714 3283 1783 seminans,
3334 1717 3529 1772 Eccle-

1933 1800 2070 1855 siam
2099 1816 2274 1869 suam,
2305 1809 2364 1855 ut
2396 1801 2524 1856 inde
2569 1817 2669 1871 per
2694 1809 2863 1858 totum
2894 1802 3079 1858 orbem
3111 1812 3525 1878 propagaretur,

1934 1904 2133 1943 novatn
2173 1889 2455 1959 plantavit,
2501 1906 2661 1959 quam
2707 1899 2931 1961 propter
2970 1901 3195 1961 peccata
3253 1893 3526 1949 hominum

1928 1977 2136 2047 judicio
2177 1978 2275 2033 Dei
2305 1978 2373 2033 ab
2404 1977 2713 2034 inﬁdelibus
2742 1981 2833 2035 diu
2865 1980 3069 2036 ibidem
3099 1996 3377 2051 opressam
3426 1998 3530 2039 sua

1934 2066 2316 2123 misericordia
2364 2068 2564 2122 nostris
2605 2068 2939 2139 temporibus
2982 2069 3309 2127 mirabiliter
3371 2087 3528 2127 resu-

1935 2155 2165 2210 scitavit.
2212 2156 2332 2227 Ego
2371 2156 2572 2227 itaque,
2608 2171 2818 2213 memor
2860 2174 3079 2230 magnae
3126 2160 3435 2216 dilectionis
3478 2170 3532 2217 et

1934 2242 2319 2299 beneficiorum
2349 2260 2470 2316 qua:
2498 2246 2554 2299 in
2580 2254 2736 2315 patre
2775 2254 2828 2302 et
2868 2254 3040 2302 matre
3086 2255 3269 2304 vestra
3311 2256 3363 2305 et
3409 2248 3533 2304 ﬁliis

1936 2346 2125 2387 eorum
2157 2347 2289 2403 erga
2319 2348 2406 2387 me
2430 2349 2583 2388 suam
2613 2342 2889 2404 expertus,
2911 2336 3219 2405 exprimere
3248 2336 3533 2393 scribendo

1935 2435 2152 2493 nequeo
2201 2429 2462 2492 quantum
2525 2422 2595 2477 de
2660 2423 2839 2495 gratia
2902 2424 3002 2479 Dei
3069 2440 3232 2498 quam
3272 2425 3328 2481 in
3366 2424 3534 2482 fratre

1935 2516 2114 2565 vestro
2157 2516 2212 2564 et
2254 2509 2429 2577 vobis,
2460 2509 2717 2582 eligendo
2762 2526 2862 2567 vos
2896 2513 2968 2566 ad
3012 2512 3160 2568 illam
3211 2514 3533 2586 dignitatem

1936 2597 2193 2665 ostendit,
2225 2598 2464 2669 gaudeo,
2498 2603 2553 2653 et
2580 2608 2780 2670 quanto
2808 2598 3006 2656 affectu
3035 2609 3094 2656 ut
3121 2617 3220 2658 vos
3247 2603 3339 2674 qui
3380 2602 3532 2658 fratri

1935 2686 2288 2755 successistis,
2322 2702 2430 2742 non
2461 2695 2567 2742 tam
2595 2688 2753 2743 vobis
2794 2705 2959 2760 quam
2993 2690 3105 2746 Deo
3146 2706 3377 2763 regnare
3415 2697 3534 2746 stu-

1936 2775 2133 2843 deatis,
2202 2775 2472 2831 desidero.
2544 2776 2717 2845 Unde,
2776 2778 2850 2831 mi
2916 2779 3229 2835 charissima
3292 2780 3532 2849 domine,

1936 2863 2148 2919 etiarnsi
2177 2879 2300 2920 mea
2323 2865 2693 2921 exhortatione
2713 2882 2821 2922 non
2850 2868 3059 2938 egentis
3087 2876 3268 2923 tamen
3297 2885 3367 2925 ex
3405 2885 3534 2924 cor-

1937 2952 2023 3008 dis
2051 2953 2402 3023 abundantia,
2449 2962 2513 3009 ut
2555 2952 2900 3011 fidelissimus
2939 2957 3146 3012 amicus
3187 2973 3383 3028 precor
3416 2974 3533 3027 vos,

230 3042 372 3129 nem.
389 3042 761 3141 episcopalem
791 3070 1065 3140 accipere.
1097 3068 1325 3139 Oportet
1377 3068 1522 3124 enim
1580 3086 1670 3126 me
1727 3072 1831 3126 hoc
1858 3045 1908 3110 δ
1938 3057 2157 3141 Ἒοξλθ9ν
2183 3042 2428 3141 “fec”:
2460 3051 2523 3141 et,
2550 3044 2723 3099 Deum
2778 3060 2880 3100 ⁰¹’⁰
2935 3054 3199 3141 ίῖυθίξθηυδ
3224 3046 3357 3141 Λ⁸¹ξδ
3385 3047 3537 3141 ,1⁸8⁸

228 3160 516 3232 praescire,
574 3159 705 3230 quia
762 3159 809 3213 si
863 3166 989 3213 tunc
1054 3157 1515 3213 consecrationem
1591 3159 1836 3229 episcopi

233 3248 542 3319 suscepturi
598 3248 729 3303 estis
774 3247 990 3303 veniam
1020 3254 1145 3301 tunc
1173 3246 1541 3315 Cantuariam,
1588 3255 1641 3303 et
1694 3247 1838 3303 invi-

237 3337 370 3394 tabo
426 3337 714 3407 episc0pos
749 3335 841 3406 qui
881 3350 1094 3390 mecum
1125 3334 1250 3402 sint,
1305 3336 1376 3391 ad
1432 3336 1536 3391 tale
1573 3350 1729 3406 opus,
1779 3344 1837 3391 ut

234 3427 416 3494 decet,
473 3426 803 3480 faciendum.
853 3425 910 3480 Si
969 3431 1149 3478 autem
1208 3424 1582 3479 sacerdotium
1630 3432 1834 3479 tantum

229 3516 502 3588 praedicto
533 3523 778 3585 tempore
805 3512 967 3568 vultis
992 3511 1263 3581 accipere,
1308 3528 1415 3568 non
1443 3514 1662 3568 veniam
1712 3521 1839 3569 tunc

231 3604 614 3671 Cantuariam,
646 3602 775 3674 quia
804 3600 1109 3670 ubicunque
1143 3600 1294 3656 fuero
1342 3601 1477 3655 illud
1530 3601 1713 3658 facere
1741 3618 1839 3672 po-

229 3702 375 3750 tero.
434 3692 548 3747 Ubi
603 3698 783 3748 autem
840 3698 964 3745 tunc
1018 3704 1132 3758 ero,
1190 3689 1342 3760 prius
1369 3690 1620 3746 charitati
1648 3699 1838 3748 vestrae

229 3780 554 3838 notiﬁcabo.

768 3913 1116 3971 EPISTOLA
1183 3914 1304 3969 VIII

558 4026 802 4068 ANSELUI
830 4028 907 4069 AD
943 4027 1207 4067 JOANNBI
1252 4025 1516 4068 ΡΒΙΟΒΒΙ.

299 4112 604 4173 Ansauus
633 4125 826 4165 servus
874 4109 1133 4166 Ecclesiae
1189 4108 1608 4177 Cantuariensis,
1663 4108 1838 4166 amico

227 4214 328 4255 suo
353 4200 586 4267 10mm,
615 4198 792 4270 priori
821 4198 1222 4254 canonicorum
1254 4198 1322 4253 de
1351 4206 1536 4254 monte
1567 4198 1624 4254 S.
1649 4198 1834 4270 Eligii,

228 4297 284 4345 et
341 4287 763 4362 congregationi
819 4287 923 4344 sub
985 4286 1079 4344 illo
1144 4288 1264 4344 Deo
1343 4287 1622 4354 servienti,
1692 4286 1837 4343 salu-

233 4386 364 4434 tem.

307 4463 552 4538 Clericus
579 4464 678 4523 iste
692 4465 907 4533 natione
927 4463 1156 4537 Anglus,
1175 4464 1394 4521 nomine
1420 4464 1829 4521 Northmannus

232 4554 303 4612 de
334 4555 574 4627 quadarn
603 4554 829 4611 ecclesia
848 4555 908 4609 in
934 4570 1041 4626 qua
1086 4554 1297 4610 noviter
1342 4562 1467 4608 sunt
1513 4553 1834 4626 congregati

232 4642 422 4699 clerici
468 4643 563 4716 qui
609 4642 936 4716 regulariter
977 4650 1156 4699 vestro
1193 4658 1348 4698 more
1390 4642 1574 4699 vivere
1624 4641 1832 4711 volunt,

228 4732 381 4789 venit
409 4732 482 4788 ad
509 4747 608 4789 vos
635 4732 950 4788 desiderans
976 4730 1255 4787 vobiscum
1293 4731 1570 4803 aliquanto
1615 4739 1833 4801 tempo-

227 4836 311 4889 re,
377 4822 579 4892 quanto
634 4820 792 4877 vobis
841 4819 1128 4891 placuerit,
1188 4820 1518 4889 conversari,
1570 4828 1836 4890 quatenus

225 4917 412 4966 vestro
466 4908 659 4965 ordine
712 4917 768 4964 et
828 4908 1027 4964 vestris
1092 4908 1571 4964 consuetudinibus
1641 4908 1832 4963 instrui

228 4997 409 5070 possit
436 4997 495 5052 in
521 4995 737 5063 servitio
764 4997 865 5054 Dei
887 4998 958 5053 ad
986 5012 1142 5061 suam
1170 5006 1225 5052 et
1249 4997 1483 5053 aliorum
1519 4997 1827 5053 utilitatem.

227 5086 334 5157 Qui
366 5086 629 5160 quoniam
657 5094 840 5143 noster
867 5086 1153 5142 familiaris
1179 5093 1281 5155 est,
1312 5102 1380 5142 ne
1408 5085 1605 5159 aliquis
1645 5085 1829 5157 suspi-

227 5183 382 5233 cetur
408 5191 536 5232 eum
585 5176 693 5232 alia
738 5189 905 5231 causa
946 5174 1302 5248 peregrinari,
1332 5182 1491 5248 rogat
1534 5174 1832 5231 litterarum

228 5273 544 5321 nostrarum
570 5264 882 5321 testimonio
926 5263 1215 5333 uotiﬁcari,
1247 5270 1299 5320 et
1332 5272 1516 5320 nostra
1561 5264 1751 5321 notitia
1778 5270 1834 5320 et

225 5370 394 5426 prece
441 5354 593 5424 apud
637 5369 737 5411 vos
775 5354 846 5409 ad
889 5354 996 5409 hoc
1043 5353 1192 5426 quod
1235 5352 1512 5408 desiderat
1556 5354 1827 5425 adjuvari.

226 5440 496 5512 Quamvis
538 5456 672 5515 ergo
718 5442 788 5498 de
833 5448 1016 5499 vestra
1057 5440 1330 5514 religione
1367 5441 1503 5496 nihil
1559 5442 1660 5496 nisi
1713 5442 1829 5497 sola

226 5530 526 5589 dilectione
550 5530 863 5601 meruimus,
894 5538 1081 5589 tamen
1109 5529 1235 5604 quia
1263 5530 1332 5586 de
1373 5537 1549 5587 vestra
1592 5546 1827 5587 conver-

1943 3130 2043 3186 Dei
2071 3130 2305 3186 vivendo
2342 3130 2677 3188 voluntatem
2719 3142 2953 3189 vestram
2991 3134 3256 3190 voluntati
3300 3134 3400 3191 Dei
3439 3152 3540 3205 per

1944 3218 2127 3275 omnia
2171 3218 2433 3274 subdatis.
2479 3220 2630 3275 Tunc
2666 3220 2811 3276 enim
2844 3238 2972 3278 vere
3022 3223 3263 3295 regnatis
3307 3225 3379 3279 ad
3434 3239 3540 3280 ve—

1945 3315 2113 3363 stram
2142 3308 2446 3375 utilitatem,
2480 3308 2527 3361 si
2554 3309 2795 3381 regnatis
2822 3310 3115 3365 secundum
3145 3312 3241 3366 Dei
3281 3312 3537 3367 volunta-

1946 3404 2073 3452 tem.
2096 3396 2178 3451 Ne
2207 3396 2404 3467 putetis
2430 3396 2605 3465 vobis,
2625 3398 2762 3452 sicut
2791 3398 2947 3452 multi
2978 3399 3105 3453 mali
3131 3415 3290 3470 reges
3319 3399 3535 3469 faciunt,

1946 3484 2247 3540 Ecclesium
2288 3485 2386 3540 Dei
2430 3485 2582 3556 quasi
2627 3486 2848 3541 domino
2891 3488 2964 3541 ad
3016 3487 3359 3542 serviendum
3420 3504 3541 3545 esse

1946 3573 2148 3641 datam,
2180 3574 2274 3628 sed
2304 3574 2448 3630 sicut
2475 3574 2743 3630 advocato
2765 3583 2818 3629 et
2837 3574 3108 3631 defensori
3125 3592 3245 3632 esse
3268 3592 3542 3634 commen-

1947 3663 2147 3718 datam.
2180 3664 2325 3718 Nihil
2355 3665 2532 3736 rnagis
2552 3664 2728 3737 diligit
2760 3665 2909 3720 Deus
2938 3665 2992 3719 in
3024 3667 3125 3721 hoc
3156 3667 3361 3722 mundo
3377 3683 3540 3738 quam

1945 3751 2248 3807 libertatem
2275 3753 2530 3808 Ecclesiae
2561 3770 2693 3809 suae.
2727 3753 2831 3822 Qui
2862 3752 2913 3809 ei
2941 3755 3128 3810 volunt
3156 3771 3264 3810 non
3287 3764 3393 3811 tam
3418 3774 3541 3827 pro-

1945 3841 2108 3897 desse
2136 3856 2297 3913 quam
2328 3842 2614 3911 dominari,
2644 3843 2837 3913 procul
2870 3843 3035 3899 dubio
3084 3845 3196 3899 Deo
3244 3846 3545 3915 probantur

1946 3930 2244 3985 adversari.
2286 3930 2537 3986 Liberam
2581 3930 2695 3985 vult
2727 3948 2845 3987 esse
2888 3933 3031 3987 Deus
3068 3949 3324 4001 sponsam
3365 3951 3538 4003 suam,

1945 4033 2053 4074 non
2085 4019 2358 4074 ancillam.
2391 4018 2496 4089 Qui
2529 4035 2648 4073 eam
2682 4019 2819 4074 sicut
2842 4019 2939 4074 ﬁlii
2977 4029 3202 4077 matrem
3237 4030 3464 4078 tractant
3492 4032 3545 4079 et

1944 4106 2230 4175 honorant,
2261 4122 2387 4163 vere
2416 4123 2472 4162 se
2501 4106 2643 4163 ﬁlios
2682 4108 2802 4177 ejus
2840 4117 2893 4163 et
2930 4107 3071 4163 ﬁlios
3108 4110 3204 4165 Dei
3253 4127 3369 4167 esse
3405 4128 3540 4181 pro-

1945 4194 2096 4251 bant.
2132 4194 2235 4263 Qui
2265 4210 2394 4249 vero
2426 4194 2505 4248 illi
2553 4194 2703 4266 quasi
2750 4196 2982 4252 subdita:
3030 4197 3398 4267 dominantur,
3432 4215 3543 4254 non

1943 4282 2105 4352 ﬁlios,
2137 4284 2236 4339 sed
2256 4284 2463 4339 alienos
2490 4299 2550 4340 se
2580 4283 2802 4352 faciunt,
2835 4292 2888 4340 et
2921 4286 3045 4341 ideo
3069 4288 3213 4354 juste
3243 4288 3314 4342 ab
3357 4288 3539 4343 haere-

1859 4404 1919 4468 D
1948 4373 2114 4428 ditate
2143 4379 2197 4428 et
2238 4373 2366 4429 dote
2407 4373 2487 4427 illi
2533 4374 2800 4444 promissa
2845 4374 3277 4430 ethredantur.
3308 4375 3539 4441 Qualem

1947 4462 2095 4517 illam
2150 4462 2485 4519 constituetis
2539 4463 2595 4517 in
2649 4478 2821 4535 regno
2871 4471 3071 4531 vestro,
3132 4464 3187 4518 in
3239 4465 3342 4522 hac
3397 4481 3541 4521 nova

1941 4551 2349 4607 resuscitatione
2393 4552 2554 4608 talem
2601 4552 2752 4607 illam
2799 4552 2891 4607 diu
2934 4555 3103 4622 430
3150 4555 3443 4626 suscipient
3489 4564 3542 4611 et

1942 4640 2235 4695 servabunt
2277 4640 2334 4694 in
2372 4640 2549 4696 futura
2590 4640 2957 4712 generatione.
3010 4640 3171 4710 Quod
3213 4651 3394 4699 autem
3432 4660 3539 4716 ego

1941 4729 2099 4785 vobis
2124 4729 2459 4800 persuadere
2491 4729 2759 4798 desidero,
2783 4745 2879 4784 oro
2909 4730 3083 4784 Deum
3111 4732 3537 4802 omnipotentem

1940 4826 1999 4874 ut
2025 4819 2144 4890 ipse
2179 4818 2508 4888 persuadeat
2559 4825 2613 4873 et
2656 4818 2734 4872 sic
2774 4833 2873 4874 vos
2921 4818 2977 4872 in
3022 4818 3113 4875 via
3154 4822 3536 4879 mandatorum

1938 4923 2159 4962 suorum
2189 4907 2438 4974 deducat,
2475 4914 2523 4963 et
2552 4908 2624 4961 ad
2665 4904 2898 4978 gloriam
2941 4908 3095 4979 regni
3137 4910 3375 4966 caelestis
3405 4928 3536 4983 per-

1941 4996 2127 5052 ducat.
2166 4998 2354 5051 Amen.
2402 4995 2708 5050 Remerium
2758 4996 2988 5051 latorem
3033 4999 3407 5069 praesentium,
3442 5003 3538 5073 qui

1938 5101 1997 5142 se
2044 5085 2111 5141 de
2156 5092 2336 5140 vestra
2379 5084 2645 5140 nutritura
2690 5100 2813 5139 esse
2878 5088 3179 5157 cognoscit,
3230 5089 3534 5145 celsitudini

1938 5181 2131 5230 vestrae
2160 5174 2506 5229 commendo.
2539 5173 2608 5227 Et
2637 5173 2764 5243 quia
2792 5189 3008 5229 mecum
3048 5175 3140 5230 diu
3188 5187 3536 5233 conversatus

1940 5263 2010 5319 de
2040 5262 2202 5319 domo
2231 5270 2434 5331 nostra,
2465 5261 2557 5318 ubi
2586 5277 2645 5317 se
2672 5277 2770 5318 sua
2795 5265 3113 5319 strenuitate
3140 5273 3191 5320 et
3222 5266 3381 5321 bonis
3410 5283 3533 5322 mo-

1938 5351 2089 5407 ribus
2114 5351 2276 5407 valde
2316 5351 2607 5406 amabilem
2656 5349 2804 5421 fecit,
2835 5350 2906 5405 ad
2957 5367 3055 5408 vos
3097 5354 3284 5424 vadit;
3319 5371 3532 5425 precor,

1937 5448 1996 5496 ut
2040 5441 2333 5496 Dominum
2379 5440 2657 5510 dilectum,
2699 5448 2962 5513 quatenus
3002 5442 3153 5511 apud
3199 5458 3300 5498 vos
3341 5442 3536 5499 melius

1938 5529 2018 5586 illi
2047 5530 2136 5600 sit,
2163 5538 2391 5602 propter
2417 5545 2659 5586 amorem
2688 5537 2949 5586 nostrum.
2983 5529 3175 5585 Valde.
