4036 6072
512 256 616 313 207

1053 375 1388 432 EPISTOLA
1429 375 1502 430 X.

504 488 745 529 ANSELMI
775 489 845 528 AD
872 488 1192 528 ANHELITBM
1230 486 1565 528 ΑΒΒΑΤΙΒΒΛΙ
1595 484 1836 532 EJUSQUB
1863 483 2097 526 SANCTI-

1145 559 1443 599 MONlALES.

576 646 876 698 Ausawus
905 641 1360 712 archiepiscopus,
1390 640 1514 696 ﬁliae
1550 639 1904 707 charissimae,
1935 637 2097 694 dom-

508 749 591 787 nze
645 731 930 786 abbatissae
964 733 1236 785 ANHELITI
1264 739 1317 786 et
1345 728 1858 794 sanctimonialibus,
1891 727 1989 782 sub
2035 743 2101 782 ea

507 821 722 876 Christo
759 818 1164 887 famulantibus,
1195 819 1421 874 salutem
1450 828 1505 875 et
1530 817 1980 874 benedictionem.

579 911 634 965 Si
662 925 758 964 vos
786 907 1012 962 multum
1041 922 1149 962 non
1175 923 1439 975 amarem,
1467 908 1693 962 multum
1719 922 1818 962 vos
1843 906 2098 976 increpa-

505 1015 638 1065 rem,
671 998 797 1068 quia
822 1005 1114 1069 postquam
1161 1012 1259 1052 vos
1301 997 1433 1068 ipsa:
1460 996 1530 1052 ad
1574 1011 1660 1051 me
1705 994 1947 1050 nuntium
1996 1009 2097 1047 ve-

504 1096 670 1143 strum
728 1085 974 1152 misistis,
1023 1094 1076 1140 et
1128 1085 1196 1140 de
1250 1086 1344 1141 illo
1390 1094 1601 1140 mortuo
1659 1100 1817 1154 quem
1877 1082 2097 1154 quidam

507 1175 704 1232 volunt
731 1190 830 1246 pro
859 1182 1046 1230 sancto
1078 1174 1260 1229 haberi
1286 1174 1415 1245 quid
1442 1173 1598 1229 vobis
1626 1173 1934 1229 faciendum
1961 1178 2100 1226 esset

507 1274 744 1322 nostrum
798 1263 1083 1318 consilium
1149 1263 1470 1334 requisistis,
1523 1262 1581 1317 in
1636 1261 1866 1318 consilio
1917 1267 2098 1315 nostro

507 1371 618 1410 non
663 1353 900 1420 stetistis,
948 1352 1045 1406 sed
1092 1351 1312 1422 insuper
1353 1359 1625 1422 praecepto
1672 1358 1855 1405 nostro
1898 1348 2098 1404 inobe-

509 1444 720 1499 dientes
769 1441 1038 1496 exstititis.
1089 1439 1436 1509 Quapropter
1495 1439 1763 1494 mandans
1842 1437 2098 1509 praecipio

506 1533 662 1589 vobis
710 1538 785 1598 ut,
830 1531 872 1583 si
918 1545 951 1584 a
996 1529 1182 1583 divino
1230 1527 1412 1583 ofﬁcio
1457 1528 1712 1598 suspendi
1759 1544 1867 1582 non
1913 1526 2095 1592 vultis,

507 1636 723 1678 omnem
754 1619 951 1672 amodo
983 1618 1246 1672 honorem
1285 1616 1460 1671 cuivis
1506 1624 1690 1671 sancto
1731 1615 1972 1670 debitum
2020 1613 2097 1667 illi

504 1719 716 1767 mortuo
762 1706 1030 1774 auferatis,
1078 1706 1201 1761 etei
1247 1723 1345 1761 nec
1373 1706 1700 1761 oblationem
1736 1702 2098 1771 faciatisﬂnec

508 1801 707 1855 factam
735 1797 805 1850 ad
845 1812 981 1866 opus
1026 1803 1270 1848 vestrum
1321 1794 1646 1863 suscipiatis.
1680 1793 1872 1848 Filium
1915 1800 2097 1846 autem

504 1891 622 1960 ejus
649 1887 740 1957 qui
768 1886 837 1940 ad
867 1884 1106 1939 tumbam
1137 1883 1306 1953 ipsius
1333 1883 1610 1939 decumbit
1645 1891 1699 1938 et
1743 1882 1817 1937 ibi
1862 1888 2100 1936 moratur

504 1995 534 2033 a
563 1977 690 2032 villa
720 1973 994 2043 depellite,
1025 1989 1124 2027 nec
1153 1971 1201 2026 ei
1229 1972 1460 2042 amplius
1486 1972 1727 2045 aliquam
1756 1969 1890 2025 inibi
1918 1969 2094 2025 facul-

509 2075 670 2122 tatem
699 2062 953 2119 manendi
982 2061 1287 2131 relinquite.
1327 2061 1526 2116 Valete.

1064 2173 1413 2229 EPISTULA
1438 2173 1536 2228 XI.

549 2291 790 2334 ANSELMI
818 2289 892 2329 AD
917 2287 1307 2327 HlLDBBBRTUM
1335 2285 1790 2326 CENOMANBNSEM
1817 2284 2044 2325 81³1800-

1158 2359 1270 2398 pun
1299 2344 1433 2412 (44).

573 2453 872 2503 Axsawus
900 2459 1086 2498 servus
1131 2441 1395 2495 Ecclesia}
1443 2439 1863 2507 Cantuariensis,
1894 2440 2093 2493 HiLna-

503 2553 680 2594 auaro
727 2534 968 2599 domino,
1000 2539 1052 2585 et
1096 2530 1397 2585 reverendo
1445 2529 1774 2598 coepiscOpo
1821 2529 2090 2583 Cenoma-

499 2627 671 2693 nensi,
695 2624 921 2679 salutem
954 2620 1309 2689 temporalem
1337 2627 1388 2672 et
1414 2627 1694 2673 aeternam.

571 2716 783 2770 Littera:
814 2719 1007 2765 vestrae
1037 2707 1334 2762 sanctitatis
1362 2707 1521 2761 valde
1547 2722 1634 2762 me
1671 2705 1826 2761 vobis
1871 2705 2088 2761 debito-

499 2822 612 2860 rem
667 2802 918 2868 reddunt,
950 2813 1058 2852 non
1106 2798 1233 2868 quia
1311 2811 1397 2850 me
1457 2811 1615 2865 supra
1670 2811 1757 2850 me
1806 2795 2086 2862 extollunt,

502 2894 603 2948 sed
634 2891 888 2963 quoniam
916 2889 1237 2940 immensam
1259 2883 1565 2939 dilectionis
1593 2900 1721 2956 erga
1749 2900 1835 2939 me
1862 2884 2088 2938 sinceri-

502 2991 667 3038 tatem
700 2977 1021 3034 ostendunt.
1057 2975 1114 3028 Si
1145 2974 1292 3028 enim
1324 2980 1546 3043 prOpter
1573 2973 1745 3026 Deum
1775 2980 1831 3026 ut
1860 2973 1932 3026 illi
1962 2973 2088 3042 pla-

498 3087 717 3128 ceamus
743 3065 1010 3131 inimicos,
1044 3063 1209 3116 multo
1251 3061 1426 3132 magis
1470 3077 1537 3115 ne
1586 3060 1663 3115 illi
1709 3061 2090 3130 displiceamus

499 3161 725 3232 diligere
753 3155 1018 3211 debemus
1044 3153 1268 3206 amicos.
1301 3149 1646 3220 Quapropter
1674 3149 1715 3203 si
1748 3159 1838 3204 aut
1883 3150 2082 3204 nullam

499 3259 590 3304 aut
617 3248 879 3302 minorem
909 3241 1256 3296 dilectionem
1302 3238 1459 3293 vobis
1506 3238 1701 3306 tribuo,
1730 3239 1986 3308 injustum
2033 3241 2086 3293 in

499 3354 622 3393 mea
649 3332 980 3391 conscientia
1014 3346 1100 3384 me
1141 3327 1348 3398 judico.
1381 3327 1528 3382 Sicut
1573 3327 1742 3399 igitur
1781 3328 1918 3382 hanc
1961 3329 2089 3384 volo

498 3429 671 3484 vitare
723 3421 1062 3494 injustitiam,
1120 3419 1195 3471 sic
1250 3425 1486 3472 vestram
1538 3417 1790 3486 amplecti
1840 3417 2090 3474 desidero

499 3515 812 3572 amicitiam.
849 3513 1040 3565 Fateor
1062 3507 1224 3562 etiam
1253 3506 1376 3575 quia
1405 3506 1450 3558 si
1491 3505 1620 3558 mihi
1667 3515 1810 3560 esset
1830 3507 2088 3575 possibile

500 3619 598 3658 vos
626 3602 694 3655 ad
719 3599 943 3667 duplum
973 3610 1134 3665 quam
1167 3608 1252 3646 me
1282 3591 1524 3661 diligatis
1551 3591 1804 3646 deberem
1835 3592 2085 3665 diligere,

502 3692 625 3763 quia
655 3705 750 3744 vos
782 3703 866 3740 me
894 3681 1234 3753 przevenistis
1262 3695 1448 3734 amore
1475 3679 1617 3750 quod
1647 3680 1918 3748 probastis
1961 3697 2087 3736 mu-

501 3795 648 3834 nere.
680 3778 838 3842 Nam,
869 3771 1121 3843 quoniam
1153 3768 1477 3822 immeritum
1516 3767 1796 3838 dilexistis,
1827 3785 1935 3824 non
1979 3772 2088 3825 mi-

502 3886 605 3923 nus
632 3867 806 3920 debeo
834 3859 1156 3930 rependere,
1189 3864 1243 3911 et
1267 3855 1406 3910 sicut
1441 3855 1580 3909 datis
1626 3859 1931 3928 exemplum
1978 3868 2090 3915 tan-

502 3955 744 4012 tumdem
775 3951 943 4023 gratis
967 3947 1140 4002 debeo
1169 3944 1499 4016 impendere.
1532 3942 1821 4014 Quoniam,
1853 3947 1895 4001 si
1923 3948 2091 4019 signi-

503 4043 709 4100 ﬁcastis
738 4038 895 4095 vobis
926 4036 1138 4107 placere
1165 4034 1268 4088 hoc
1298 4031 1442 4102 quod
1469 4031 1536 4086 de
1575 4035 1848 4103 opusculis
1892 4036 2091 4090 nostris

503 4133 734 4199 vidistis,
765 4125 1129 4199 praesuminus
1158 4121 1312 4178 vobis
1338 4119 1551 4177 mittere
1582 4124 1856 4194 quaedam,
1881 4135 2094 4197 quaa,ut

500 4231 652 4296 puto,
683 4217 918 4276 nondum
948 4214 1173 4271 vidistis.

1048 4303 1384 4360 EPISTOLA
1414 4304 1537 4360 XII.

606 4411 846 4456 ANSELMI
875 4410 945 4450 8D
974 4409 1298 4448 HATEILDRM
1340 4409 1584 4449 RRGINAH
1619 4407 1942 4449 ΑΝσιοιιυιῐ.

571 4498 816 4556 Dominae
847 4503 901 4550 et
958 4492 1082 4547 ﬁlize
1165 4492 1498 4548 charissimae
1553 4493 1830 4546 MATHILDI
1879 4491 2086 4564 regine

500 4590 823 4661 Anglorum,
855 4587 1157 4638 Assamus
1187 4581 1628 4652 archiepiscopus
1659 4581 1977 4648 Cantuariie,
2022 4580 2091 4636 ﬁ-

501 4679 651 4734 deles
699 4674 991 4738 orationes,
1026 4679 1078 4727 et
1121 4670 1282 4725 ﬁdele
1327 4670 1626 4736 servitium,
1657 4679 1710 4726 et
1757 4669 2092 4726 benedictio-

499 4783 626 4822 nem
658 4765 758 4819 Dei
787 4771 834 4818 et
866 4777 1042 4816 suam.

574 4853 785 4909 Gratias
817 4865 923 4922 ago
956 4851 1071 4904 Deo
1103 4856 1156 4903 et
1185 4849 1502 4905 celsitudini
1553 4856 1750 4902 vestrae
1791 4862 1893 4917 pro
1947 4847 2093 4904 bona

499 4945 802 5005 voluntate,
838 4953 998 5011 quam
1033 4953 1163 5009 erga
1195 4955 1280 4992 me
1311 4938 1526 4994 habetis
1556 4945 1608 4992 et
1637 4952 1765 5007 erga
1796 4936 2091 4991 Ecclesiam

499 5033 619 5100 Dei,
655 5039 709 5086 et
740 5045 837 5085 oro
859 5029 1030 5082 Deum
1055 5027 1508 5095 omnipotentem,
1532 5034 1590 5080 ut
1611 5026 1662 5079 in
1684 5041 1780 5079 sua
1797 5024 2089 5080 dilectione

496 5131 733 5176 vestram
766 5123 962 5187 augeat
991 5114 1360 5184 devotionern,
1394 5123 1447 5170 et
1477 5115 1555 5168 sic
1583 5129 1682 5168 vos
1711 5111 1766 5166 in
1795 5113 1898 5168 hoc
1928 5112 2090 5167 faciat

493 5222 844 5281 perseverare
875 5213 928 5258 ut
958 5211 1214 5259 mternam
1246 5203 1314 5256 ab
1344 5218 1410 5257 eo
1458 5201 1730 5272 recipiatis
1777 5201 2089 5258 retributio-

490 5313 638 5354 nem.
673 5296 785 5352 Oro
817 5294 983 5350 etiam
1016 5299 1074 5346 ut
1104 5291 1184 5348 sic
1214 5293 1376 5348 faciat
1405 5298 1642 5348 vestram
1678 5289 1876 5346 bonam
1901 5290 2084 5347 inten-

1073 250 1134 306 s.
1165 245 1470 306 ANSELMI
1501 245 1850 304 CANTUAR.
1881 222 2092 302 Aacm

2202 285 2210 298 .
2240 242 2394 300 OPP.
2425 243 2597 300 PARS
2622 244 2716 300 III.
2745 275 2816 286 —
2843 245 3228 305 EPISTOLE.

2113 4437 2172 4501 D

3684 252 3789 306 208

2118 371 2173 431 Α
2206 369 2407 426 tionem
2438 369 2702 442 proﬁcere
2733 379 2996 442 quatenus
3023 389 3125 445 per
3153 389 3250 430 vos
3264 388 3366 430 cor
3387 373 3608 430 Domini
3627 372 3795 429 nostri

2205 459 2352 531 regis
2381 468 2586 515 avertat
2615 475 2649 516 a
2677 461 2920 517 consiliis
2947 462 3271 534 principium
3303 479 3427 536 qua
3445 463 3719 534 reprobat,
3743 470 3798 518 et

2206 549 2430 604 consilio
2478 565 2584 604 suo
2632 551 2778 620 quod
2825 551 2879 606 in
2943 559 3208 607 aeternum
3272 561 3475 620 manet,
3521 551 3798 608 adhaerere

2209 638 2393 694 faciat.
2431 638 2878 695 Consolationem
2946 649 3000 696 et
3063 641 3500 698 exhortationem
3565 650 3799 699 vestram

2207 735 2484 798 gratanter
2512 727 2653 783 sicut
2680 744 2708 782 a
2739 728 2958 784 domina
2988 737 3044 784 et
3073 730 3372 786 secundum
3402 731 3574 786 Deum
3623 730 3802 785 amica

2205 817 2432 885 accipio,
2465 817 2590 888 quia
2616 817 2683 872 de
2713 818 2814 872 Dei
2843 817 3292 874 dilectioneillam
3315 820 3609 891 procedere
3635 819 3796 875 intel-

2206 904 2340 978 ligo.
2374 906 2433 961 Si
2464 905 2593 976 quid
2623 905 2800 978 placet
2830 915 3024 964 vestra:
3047 908 3321 964 dilectioni
3353 909 3483 963 mihi
3511 908 3796 975 mandare,

2206 993 2366 1049 latori
2396 995 2744 1065 praesentium
2776 995 2912 1052 sicut
2939 997 3068 1051 mihi
3100 997 3202 1068 ipsi
3252 998 3372 1054 viva
3424 1013 3558 1054 voce
3599 1012 3796 1053 secure

2208 1083 2432 1153 potestis
2480 1083 2754 1141 intimare.
2803 1083 3160 1156 Omnipotens
3207 1086 3354 1142 Deus
3399 1102 3588 1143 omnes
3637 1090 3797 1142 actus

2207 1179 2422 1228 vestros
2446 1173 2664 1246 dirigat,
2698 1182 2752 1230 et
2779 1190 2875 1231 vos
2903 1175 2973 1229 ab
3002 1175 3150 1230 omni
3181 1176 3324 1231 malo
3355 1176 3648 1232 custodiat.

2730 1277 3068 1333 EPISTOLA
3113 1279 3266 1333 XIII.

2356 1380 2597 1421 ΑΝδΒωιι
2625 1381 2696 1420 ΑΙ)
2727 1382 3024 1423 ΒΟΒΒΒἸἭΜ
3055 1383 3298 1423 ΟΟΜΠἙΜ
3330 1382 3646 1423 FLANDRIE.

2278 1455 2532 1521 Domino,
2593 1463 2647 1510 et
2700 1455 2756 1509 in
2815 1457 2929 1511 Deo
2999 1456 3216 1524 dilecto,
3275 1457 3538 1512 Roaaaro
3613 1455 3798 1513 comiti

2207 1545 2494 1611 Flandriaa,
2529 1547 2856 1612 ANsaLuus,
2883 1561 3073 1600 servus
3106 1544 3368 1602 Ecclesia:
3387 1545 3800 1603 Cantuariensis

2205 1632 2394 1688 ﬁdeles
2425 1633 2700 1687 orationes
2729 1649 2851 1688 cum
2882 1633 3127 1690 servitio.

2126 1727 2180 1787 Β
2279 1721 2474 1776 Audivi
2505 1721 2625 1792 quia
2657 1723 2921 1792 quosdam
2961 1723 3030 1779 de
3077 1724 3270 1780 vestris
3317 1723 3612 1780 abbatibus
3657 1741 3795 1780 con-

2205 1811 2444 1866 cessistis
2473 1811 2710 1882 regulari
2739 1811 3006 1868 electione
3035 1813 3300 1881 ordinari,
3335 1818 3393 1868 ut
3419 1814 3796 1870 investituram

2203 1899 2272 1955 de
2301 1916 2463 1954 manu
2494 1908 2669 1956 vestra
2709 1916 2818 1955 non
2867 1901 3195 1972 acciperent.
3230 1902 3382 1959 Unde
3429 1903 3638 1975 gratias
3685 1918 3795 1975 ago

2205 1989 2323 2044 Deo
2354 1989 2508 2058 cujus
2535 1989 2712 2060 gratia
2742 2005 2837 2045 cor
2863 1998 3098 2045 vestrum
3129 1991 3198 2046 ad
3229 1993 3330 2047 hoc
3356 1991 3500 2064 quod
3533 1991 3633 2046 sibi
3665 1992 3792 2062 pla-

2203 2084 2289 2133 cet
2319 2077 2598 2144 direxerit,
2631 2085 2684 2133 et
2711 2078 2925 2150 gaudeo
2950 2095 3052 2150 pro
3081 2079 3236 2135 vobis
3259 2080 3383 2150 quia
3404 2080 3797 2138 ecclesiasticis

2205 2165 2464 2221 institutis
2495 2166 2564 2220 ad
2598 2166 2920 2222 Christianae
2949 2167 3232 2240 religionis
3255 2169 3568 2240 profectum
3597 2169 3797 2225 valen-

2203 2255 2350 2309 tibus
2399 2255 2518 2310 sine
2563 2255 2993 2312 contradictione
3053 2257 3266 2312 favetis.
3302 2259 3436 2312 Cum
3490 2258 3634 2313 enim
3691 2259 3797 2316 hoc

2203 2342 2398 2408 facitis,
2432 2359 2539 2398 non
2568 2343 2795 2410 homini,
2827 2344 2926 2400 sed
2952 2346 3068 2400 Deo
3097 2345 3348 2414 obeditis,
3381 2354 3434 2401 et
3462 2361 3562 2402 vos
3603 2363 3793 2402 verum

2203 2439 2255 2486 et
2284 2430 2500 2487 ﬁdelem
2531 2431 2699 2487 ﬁlium
2729 2432 2988 2489 Ecclesia:
3017 2433 3117 2488 Dei
3147 2442 3200 2489 et
3219 2450 3406 2490 verum
3425 2435 3790 2490 Christianum

2201 2521 2484 2577 ostenditis
2512 2529 2564 2576 et
2593 2536 2690 2576 vos
2721 2538 2842 2576 esse
2871 2522 2939 2577 de
2968 2523 3158 2578 ovibus
3183 2523 3343 2578 beato
3365 2525 3524 2580 Petro
3543 2525 3790 2594 apostolo

2201 2609 2616 2675 commendatis,
2649 2611 2733 2666 cui
2764 2611 2912 2666 Deus
2941 2611 3124 2666 claves
3154 2611 3304 2667 dedit
3330 2613 3484 2684 regni
3525 2613 3787 2670 ccelorum

2200 2700 2534 2753 monstratis.
2581 2699 2800 2754 Certum
2849 2700 3051 2770 quippe
3091 2709 3179 2755 est
3220 2703 3473 2772 quoniam
3529 2703 3622 2774 qui
3680 2718 3788 2759 non

2199 2787 2382 2843 obedit
2412 2789 2639 2843 Romani
2683 2787 2952 2859 pontiﬁcis
2998 2789 3456 2859 ordinationibus,
3491 2808 3613 2863 quae
3656 2790 3790 2847 ﬁunt

2198 2885 2424 2947 propter
2455 2877 2740 2949 religionis
2770 2877 3090 2933 Christianae
3117 2879 3443 2949 custodiam,
3466 2879 3790 2936 inobediens

2197 2974 2278 3020 est
2307 2965 2554 3036 apostolo
2599 2967 2756 3021 Petro
2813 2967 2965 3036 cujus
3020 2966 3256 3023 vicarius
3303 2976 3401 3037 est,
3432 2984 3534 3024 nec
3585 2977 3666 3025 est
3721 2969 3790 3026 de

2119 3084 2168 3148 Ο
2198 3071 2368 3126 grege
2398 3055 2490 3110 illo
2521 3055 2610 3126 qui
2641 3055 2691 3110 ei
2721 3070 2754 3110 a
2780 3055 2898 3110 Deo
2928 3055 3251 3111 commissus
3291 3065 3391 3112 est.
3425 3055 3642 3126 Quaerat
3686 3058 3791 3130 igi-

2202 3151 2283 3198 tur
2311 3143 2402 3199 ille
2432 3143 2567 3198 alias
2598 3144 2755 3216 regni
2798 3143 3063 3200 ctelorum
3111 3153 3318 3215 portas,
3351 3147 3477 3216 quia
3523 3163 3623 3218 per
3668 3147 3790 3202 illas

2204 3247 2311 3286 non
2340 3232 2562 3287 intrabit
2593 3248 2822 3302 quarum
2852 3233 3032 3290 claves
3058 3235 3248 3289 Petrus
3277 3235 3554 3307 apostolus
3591 3243 3784 3308 portat.

2201 3321 2459 3376 Gaudens
2489 3321 2673 3394 itaque
2702 3322 2910 3393 gratias
2939 3338 3046 3395 ago
3085 3323 3260 3390 vobis,
3299 3332 3352 3379 et
3399 3340 3496 3380 oro
3541 3333 3599 3380 ut
3642 3326 3788 3380 Deus

2199 3410 2463 3466 retribuat
2493 3409 2668 3480 vobis,
2704 3411 2826 3481 quia
2856 3411 3058 3467 bonum
3087 3413 3393 3484 exemplum
3422 3414 3540 3469 aliis
3578 3413 3784 3486 princi-

2198 3500 2363 3570 pibus
2391 3499 2552 3567 datis,
2585 3508 2638 3555 et
2665 3516 2858 3556 omnes
2887 3517 3082 3557 servos
3111 3501 3212 3557 Dei
3241 3504 3344 3558 hoc
3375 3503 3536 3559 modo
3559 3511 3786 3559 utorent

2201 3605 2297 3660 pro
2328 3589 2486 3644 vobis
2515 3588 2756 3644 invitatis
2785 3593 2840 3644 et
2868 3591 3039 3644 Deum
3069 3589 3137 3644 ad
3167 3605 3404 3646 amorem
3437 3599 3490 3648 et
3527 3593 3784 3648 auxilium

2197 3687 2439 3732 vestrum
2474 3677 2526 3732 in
2561 3678 2752 3734 vestris
2779 3680 3017 3750 negotiis
3046 3679 3326 3735 invocatis.
3361 3681 3574 3747 Precor,
3614 3681 3783 3739 obse-

2199 3781 2312 3835 cro,
2343 3782 2559 3833 moneo,
2591 3767 2838 3834 consulo,
2871 3775 2930 3822 ut
2968 3767 3180 3823 ﬁdelius
3226 3769 3423 3824 animae
3460 3774 3674 3839 vestra,
3711 3771 3786 3826 mi

2199 3856 2438 3923 domine,
2472 3865 2524 3910 et
2554 3865 2611 3910 ut
2639 3856 2695 3910 in
2724 3858 2842 3912 Deo
2872 3873 2995 3913 vere
3027 3856 3242 3926 dilecte,
3268 3867 3324 3913 ut
3353 3875 3626 3932 nunquam
3646 3860 3786 3916 aesti-

2199 3945 2357 3999 metis
2378 3952 2571 4000 vestra:
2589 3945 2925 4000 celsitudinis
2947 3945 3114 4001 minui
3135 3946 3475 4019 dignitatem,
3503 3949 3548 4004 si
3571 3965 3788 4020 sponsa

2205 4034 2303 4089 Dei
2334 4039 2390 4089 et
2419 4033 2606 4088 matris
2634 4043 2827 4090 vestrae
2857 4034 3113 4091 Ecclesiae
3160 4037 3356 4091 amatis
3403 4042 3459 4093 et
3502 4037 3792 4094 defenditis

2200 4123 2506 4179 libertatem
2534 4137 2547 4192 ;
2579 4139 2681 4178 nec
2705 4123 2904 4194 putetis
2931 4141 3029 4180 vos
3059 4125 3357 4196 humiliari,
3389 4126 3435 4182 si
3464 4142 3583 4182 eam
3631 4127 3790 4184 exal-

2201 4213 2344 4279 tatis,
2375 4227 2477 4269 nec
2507 4213 2745 4268 credatis
2776 4229 2872 4269 vos
2904 4213 3196 4282 debilitari,
3229 4216 3276 4270 si
3323 4231 3442 4271 eam
3491 4217 3787 4278 roboratis.

2201 4302 2410 4368 Videte,
2461 4302 2880 4374 cireumspicite,
2930 4303 3180 4375 exempla
3219 4311 3343 4360 sunt
3388 4304 3445 4360 in
3492 4312 3792 4379 promptu;

2203 4390 2546 4446 considerate
2603 4391 2873 4463 principes
2902 4393 2991 4464 qui
3019 4391 3174 4448 illam
3213 4392 3543 4466 impugnant
3571 4403 3626 4450 et
3653 4412 3794 4452 con-

2201 4479 2436 4545 culcant,
2469 4479 2539 4534 ad
2570 4479 2699 4549 quid
2724 4479 3033 4551 proﬁciunt,
3056 4481 3122 4536 ad
3147 4481 3274 4552 quid
3293 4483 3630 4539 deveniunt?
3650 4485 3798 4542 Satis

2202 4576 2368 4640 patet,
2401 4584 2510 4624 non
2557 4577 2683 4640 eget
2727 4569 2892 4626 dictu.
2943 4571 3101 4626 Certe
3133 4571 3224 4644 qui
3269 4571 3420 4626 illam
3461 4572 3794 4644 gloriﬁcant,

2204 4673 2313 4715 cun
2346 4658 2438 4712 illa
2468 4665 2516 4712 et
2548 4658 2602 4712 in
2651 4658 2745 4713 illa
2787 4657 3251 4730 gloriﬁcabuntur.
3281 4660 3426 4716 Inter
3462 4677 3600 4733 quos
3645 4663 3797 4718 Deus

2205 4763 2306 4804 vos
2337 4755 2390 4802 et
2419 4746 2712 4819 conjugem
2742 4755 2982 4804 vestram
3011 4755 3063 4803 et
3093 4748 3303 4820 prolem
3329 4757 3569 4806 vestram
3587 4751 3642 4806 in
3655 4767 3794 4824 prie-

2205 4838 2346 4892 senti
2375 4843 2431 4891 et
2457 4835 2512 4890 in
2541 4835 2717 4891 futura
2747 4836 2856 4893 vita
2885 4845 3222 4893 annumeret.
3253 4841 3446 4896 Amen.

2635 4930 2742 4995 43
2762 4931 2795 4994 ι
2834 4926 3170 4983 EPISTOLA
3193 4927 3345 4984 XIV.

2202 5035 2439 5076 ANSELHI
2467 5033 2537 5072 AD
2569 5032 2853 5084 ROGBRUI,
2887 5032 3181 5071 ROBERTUI
3208 5032 3484 5080 ALIOSQUE
3511 5033 3782 5076 ABBATRS.

2272 5113 2598 5176 Amemus,
2631 5106 2807 5181 gratia
2830 5106 2949 5168 Dei.
2984 5105 3421 5176 archiepiscOpus
3447 5106 3796 5164 Cantuarien-

2201 5201 2298 5268 sis,
2333 5200 2563 5253 Rocaao
2591 5196 2798 5266 abbati,
2820 5204 2870 5251 et
2891 5196 3153 5252 Roaaaro
3169 5193 3280 5250 ﬁlio
3301 5194 3520 5250 comitis
3541 5195 3792 5268 Hugonis

2200 5295 2254 5344 et
2281 5288 2401 5343 aliis
2430 5285 2720 5342 monachis
2748 5285 2817 5342 de
2848 5282 3173 5340 monasterio
3201 5281 3385 5339 Sancti
3414 5281 3644 5339 Ebrulﬁ.

2031 5387 2261 5446 ΝΟΤΛΕ.

562 5518 672 5592 (ιι)
705 5513 1002 5588 Responsio
1033 5519 1114 5570 est
1143 5511 1213 5569 ad
1241 5511 1540 5585 Epistulam
1573 5514 1670 5568 161
1698 5511 1797 5570 lib.
1823 5527 1884 5568 m
1913 5521 1967 5571 et
1995 5513 2064 5570 ad
2097 5513 2390 5588 epistolam
2423 5512 2545 5568 162.
