4036 6072
232 284 348 339 209

1518 291 1647 347 LIB.
1687 290 1788 346 IV.
1831 289 2058 350 EPIST.
2094 293 2265 353 XVII.

3430 303 3537 360 210

306 408 485 466 Nimis
514 411 700 483 palam
727 420 829 484 est,
855 430 954 470 nec
983 414 1310 471 dissimulari
1340 416 1607 473 ullatenus
1643 425 1821 488 potest
1854 416 1911 478 A
1939 426 2116 476 vestro
2145 429 2198 477 et
2224 422 2450 482 aliorum
2481 430 2861 505 episcOporum
2890 438 2981 511 qui
3010 437 3066 493 in
3094 438 3324 495 concilio
3344 438 3533 496 adfue-
3608 508 3621 513 ἤ

229 500 511 568 quomodo
539 501 767 575 ingressi
787 504 918 560 estis
946 505 1255 562 coenobium
1305 507 1488 565 Sancti
1524 507 1822 576 Edmundi,

225 594 283 641 et
311 604 421 659 qua
445 588 702 647 violentia
730 601 1048 665 extorquere
1072 594 1342 651 conamini
1372 596 1689 652 electionem
1712 596 1825 650 fra-

226 674 405 731 tribus
432 678 676 750 ejusdem
697 680 958 738 Ecclesiae
1005 692 1058 739 et
1111 700 1388 740 assensum
1443 692 1637 740 vestrae
1690 684 1827 741 inor-

223 764 432 823 diaetae
479 769 789 825 voluntatis.
845 770 1004 841 Quod
1061 790 1224 844 quam
1280 773 1600 848 irreligiose,
1660 791 1821 846 quam

219 863 419 911 contra
448 860 826 914 monachicum
874 863 1234 932 propositum,
1258 872 1310 919 et
1339 872 1524 919 contra
1574 864 1821 936 regulam

218 946 394 1000 sancti
426 947 720 1017 Benedicti,
753 966 916 1020 quam
957 953 1187 1021 professi
1218 953 1363 1021 estis,
1391 961 1443 1007 et
1498 960 1683 1007 contra
1738 969 1821 1008 sa-

216 1049 372 1088 cram
409 1035 744 1107 Scripturam
762 1055 883 1110 quae
917 1040 1096 1096 dicet:
1154 1042 1323 1099 Nemo
1353 1040 1662 1097 sibisumit
1711 1041 1811 1099 ho-

217 1138 442 1188 norem,
473 1125 570 1181 sed
598 1129 695 1198 qui
716 1132 949 1184 vocatur
976 1147 1011 1185 a
1034 1132 1141 1186 Deo
1164 1130 1410 1201 (Hebr-.v,
1435 1132 1513 1201 ι),
1547 1139 1599 1187 et
1632 1138 1818 1186 contra

213 1211 401 1282 ipsum
433 1214 605 1269 Deum
628 1215 858 1286 faciatis,
891 1217 1041 1274 videt
1070 1220 1186 1291 ipse
1223 1220 1367 1275 Deus
1413 1220 1501 1290 qni
1562 1220 1818 1275 discernit

213 1299 359 1355 inter
386 1311 660 1372 pastorem
690 1313 740 1359 et
774 1305 961 1376 lupum
991 1322 1264 1377 rapacem.
1298 1309 1364 1364 Et
1392 1309 1611 1379 quidem
1643 1308 1814 1363 domi-

212 1406 349 1443 num
395 1407 575 1446 meum
605 1409 795 1466 regem
841 1395 1134 1466 prohibere
1161 1413 1370 1468 nequeo
1401 1398 1527 1469 quin
1558 1414 1656 1453 vos
1679 1414 1814 1454 con-

210 1478 584 1551 stituatsuper
614 1490 841 1553 terrena,
873 1486 969 1540 sed
998 1502 1164 1557 super
1186 1486 1395 1542 animas
1422 1495 1645 1557 propter
1683 1502 1816 1557 quas

212 1566 394 1623 abbas
422 1577 471 1624 et
494 1570 691 1626 dicitur
718 1580 770 1627 et
801 1574 1158 1643 constituitur,
1190 1591 1350 1631 nemo
1406 1583 1583 1645 potest
1629 1592 1815 1646 quem.

211 1672 384 1726 quam
418 1658 758 1729 constituere,
790 1662 892 1716 nisi
923 1663 1120 1733 quibus
1140 1665 1284 1719 Deus
1314 1664 1463 1719 dedit
1491 1672 1812 1734 potestatem

212 1743 429 1817 ligandi
460 1755 620 1817 atque
641 1749 908 1805 solvendi.
942 1753 1002 1806 In
1032 1767 1152 1807 meo
1182 1753 1417 1822 primatu
1446 1760 1499 1807 et
1546 1752 1815 1822 archiepi-

211 1842 447 1904 scopatu
476 1844 555 1891 est
584 1837 679 1892 illa
706 1839 969 1909 Ecclesia,
1020 1848 1073 1896 et
1117 1842 1336 1912 proprie
1374 1842 1642 1912 pertinent
1698 1842 1816 1911 ejus

210 1924 654 1981 consecrationes
692 1927 763 1981 ad
791 1928 1257 2000 archiepiscopum
1289 1930 1611 1999 Cantuariaa,
1653 1945 1814 2002 quem

210 2026 306 2066 me
333 2027 453 2067 esse
478 2029 586 2068 non
616 2015 895 2088 ignoratis.
910 2018 1061 2072 Nihil
1091 2018 1257 2090 igitur
1283 2034 1469 2075 eorum
1500 2035 1620 2089 quae
1641 2019 1711 2073 ad
1730 2034 1817 2073 me

209 2099 490 2170 pertinent
519 2102 679 2157 alicui
708 2114 945 2160 vestrum
977 2124 1214 2177 unquam
1253 2108 1491 2163 concessi
1536 2116 1626 2163 aut
1691 2124 1817 2163 con-

211 2188 389 2249 cedo;
424 2189 536 2246 imo
565 2207 660 2247 oro
690 2193 864 2248 Deum
895 2203 945 2250 et
976 2196 1232 2265 conabor,
1249 2204 1505 2267 quantum
1524 2197 1817 2267 adjuvante

213 2276 335 2332 Deo
358 2286 574 2348 potero,
606 2289 663 2335 ut
692 2283 836 2337 Deus
857 2292 1135 2340 convertat
1162 2301 1256 2340 cor
1284 2285 1489 2341 domini
1530 2285 1635 2341 mei
1672 2285 1819 2357 regis

214 2366 289 2420 ad
308 2368 414 2421 hoc
443 2369 589 2438 quod
620 2370 732 2425 Deo
748 2372 927 2441 magis
946 2373 1202 2443 placet,et
1230 2375 1425 2429 animae
1448 2374 1565 2445 ejus
1578 2374 1812 2445 expedit;

212 2462 268 2509 et
305 2455 468 2511 faciet
494 2472 619 2513 eum
647 2461 919 2535 corrigere
957 2464 1252 2518 secundum
1270 2464 1601 2519 voluntatem
1642 2479 1814 2529 suam,

214 2543 261 2597 si
293 2545 427 2613 quid
457 2556 642 2603 contra
673 2565 793 2604 eam
847 2551 995 2606 facit.
1029 2551 1315 2607 Christiani
1342 2553 1469 2607 estis
1500 2552 1601 2607 sub
1657 2550 1816 2607 Chri-

215 2632 395 2687 stiana
425 2634 568 2706 lege,
600 2646 652 2693 et
681 2639 781 2693 sud
813 2642 1111 2696 monastica
1138 2642 1478 2712 professione
1508 2657 1605 2696 vos
1636 2640 1819 2695 vivere

209 2719 566 2790 profitemini.
600 2725 655 2781 Si
686 2734 871 2782 contra
895 2730 998 2783 hoc
1026 2729 1221 2796 facitis,
1239 2745 1339 2785 nec
1363 2729 1693 2785 Christianos
1718 2744 1817 2783 nec

212 2811 522 2868 monachos
542 2830 640 2869 vos
668 2831 785 2870 esse
814 2826 999 2886 aperte
1025 2817 1143 2887 ipso
1165 2834 1329 2888 opere
1370 2818 1633 2873 fatemini.
1680 2818 1814 2873 Cer-

212 2898 485 2955 tissimum
516 2911 695 2958 autem
727 2912 806 2960 est
836 2906 963 2976 quia
991 2906 1033 2961 si
1066 2906 1121 2960 in
1148 2907 1249 2962 hoc
1273 2907 1648 2977 perseveretis,
1690 2923 1815 2963 con-

211 2991 296 3038 tra
342 2986 664 3055 praedictam
729 2990 1121 3060 professionem
1181 2991 1376 3047 facitis.
1406 2988 1607 3048 Moneo
1651 2993 1818 3066 igitur

208 3088 335 3141 vos,
368 3082 427 3128 ut
456 3075 786 3133 Christianos
812 3088 864 3134 et
893 3082 1207 3149 monachos,
1240 3089 1502 3151 quatenus
1544 3098 1642 3137 vos
1690 3082 1815 3152 plus

208 3162 359 3218 Deus
375 3163 564 3220 timere
594 3182 754 3236 quam
796 3168 1070 3223 hominem
1126 3170 1440 3237 ostendatis,
1497 3178 1550 3226 et
1596 3170 1667 3225 ab
1722 3170 1812 3225 in-

206 3259 397 3322 carpta
439 3255 790 3323 perversitate
836 3265 1142 3312 constanter
1206 3258 1492 3313 desistatis.
1550 3258 1712 3327 Quod
1765 3261 1809 3315 si

206 3342 391 3413 magis
422 3343 695 3399 adversari
723 3345 837 3400 Deo
890 3346 1054 3400 vultis
1111 3362 1274 3417 quam
1324 3347 1652 3416 hominibus,
1706 3364 1809 3403 an-

205 3430 398 3487 nuntio
430 3432 587 3487 vobis
614 3434 740 3503 quia
771 3435 913 3489 Deus
955 3436 1332 3490 adversabitur
1376 3436 1662 3491 animabus
1714 3452 1809 3492 ve-

206 3520 351 3574 stris.
386 3520 534 3576 Deus
562 3522 647 3577 cui
680 3522 905 3579 dicitur:
944 3525 1058 3580 Tibi
1087 3526 1393 3582 derelictus
1420 3531 1504 3581 est
1549 3542 1802 3599 pauper;

204 3608 460 3682 orphano
478 3615 544 3666 tu
570 3613 685 3668 eri:
704 3612 932 3685 adjutor
963 3614 1135 3682 (Psal.
1165 3616 1351 3684 x,14),
1385 3613 1501 3684 ipse
1543 3613 1727 3669 videat
1755 3623 1808 3670 et

203 3699 494 3768 intueatur,
542 3702 586 3754 si
645 3717 779 3772 quas
832 3701 1202 3759 tribulationes
1257 3703 1512 3758 fratribus
1560 3703 1804 3774 ejusdem

207 3789 469 3845 Ecclesia:
499 3789 756 3860 deinceps
783 3791 1035 3846 feceritis.

763 3897 1101 3954 EPISTOLA
1130 3899 1250 3955 XV.

203 4009 451 4051 ΔΝειυιι
470 4010 545 4051 ΑΙ)
563 4011 866 4052 (ἓΕΒΑΒῠυΠ
886 4012 1285 4054 EBORACENSKH
1302 4011 1798 4057 Αιιοιιικριεοορσυ.

271 4098 601 4160 Λικιειιιιιιιε,
632 4094 894 4152 Ecclesiae
923 4096 1335 4153 Cantuariensis
1364 4113 1579 4166 servus,
1637 4114 1802 4154 reve-

202 4187 381 4242 rendo
413 4184 827 4256 archiepiscopo
858 4185 1130 4241 Germano
1161 4186 1518 4254 Eboracensi,
1547 4187 1799 4242 salutem.

274 4276 432 4332 Sciat
450 4274 688 4331 charitas
716 4281 903 4330 vestra
932 4275 1059 4348 quia
1087 4275 1296 4331 litteras
1326 4275 1446 4330 illas
1476 4291 1613 4347 quas
1663 4292 1803 4349 que-

203 4371 345 4427 ritur
372 4371 485 4444 legi
515 4378 569 4427 et
598 4371 906 4439 transcribi,
946 4387 1049 4429 nec
1088 4388 1193 4446 ego
1214 4373 1378 4429 alicui
1435 4373 1672 4441 ostendi,
1702 4390 1805 4431 nec

1934 517 2059 564 runt
2087 513 2458 584 approbentur
2479 520 2707 589 judicio.

2464 614 2806 676 EPISTOLA
2852 621 3000 680 XVI.

2415 726 2657 769 ANSBLMI
2684 732 2756 771 AD
2783 734 3035 777 EUNDEM.

2002 805 2323 877 Amemus,
2348 826 2537 866 servus
2579 815 2834 871 Ecclesiae
2882 818 3305 893 Cantuariensis,
3372 840 3516 879 reve

1928 894 2098 950 rendo
2120 897 2529 971 archiepiscopo
2564 901 2832 961 Gstunno
2870 908 3221 979 Eboracensi,
3273 912 3523 968 salutem.

2001 984 2177 1040 Laetor
2202 986 2273 1042 de
2292 996 2474 1043 vestro
2502 991 2645 1047 bono
2675 1001 2728 1047 et
2754 995 3006 1068 religiose
3036 1000 3214 1056 studio
3237 1001 3383 1057 circa
3420 1002 3505 1058 cle

1927 1074 2162 1129 ricorum
2220 1084 2521 1133 vestrorum
2591 1081 2986 1155 integritatem.
3050 1088 3131 1142 Ad
3161 1104 3226 1145 ea
3273 1106 3409 1146 vero
3450 1091 3518 1147 de

1927 1163 2122 1234 quibus
2163 1173 2342 1221 vestra
2387 1168 2676 1237 prudentia
2712 1181 2959 1228 nostrum
3016 1177 3152 1247 petit
3208 1180 3520 1235 consilium:

1923 1252 2232 1324 respondeo
2276 1254 2403 1325 quia
2459 1257 2529 1311 de
2584 1258 2652 1313 iis
2697 1275 2819 1331 quae
2848 1262 2902 1316 in
2950 1265 3181 1321 concilio
3236 1275 3419 1323 nostro
3472 1276 3525 1333 et

1922 1342 2368 1412 coepiscoporum
2390 1351 2702 1402 nostrorum
2732 1352 3007 1406 communi
3037 1369 3305 1409 consensu
3326 1363 3526 1419 statuta

1922 1437 2067 1496 sunt,
2122 1431 2257 1486 nihil
2305 1432 2657 1490 relaxandum
2703 1439 2946 1495 consulo.
2999 1441 3079 1495 De
3118 1441 3184 1497 iis
3230 1448 3411 1498 autem
3455 1445 3524 1502 de

1923 1519 2119 1589 quibus
2144 1521 2200 1574 in
2229 1522 2422 1578 eodem
2452 1524 2682 1581 concilio
2711 1543 2820 1582 non
2851 1530 3215 1599 tractavimus,
3238 1547 3348 1587 non
3377 1533 3519 1589 enim

1921 1606 2080 1662 simul
2124 1610 2307 1665 omnia
2364 1614 2670 1668 necessaria
2706 1617 3001 1686 potuimus,
3047 1626 3105 1673 ut
3153 1620 3222 1674 de
3250 1620 3522 1680 ablatione

1921 1696 2335 1765 praebendamm
2367 1709 2491 1757 ante
2518 1701 2662 1757 idem
2705 1704 2994 1760 concilium
3051 1708 3411 1776 venditarum,
3471 1720 3526 1767 et

1841 1767 1894 1828 Β
1924 1785 1993 1840 de
2022 1785 2569 1859 similibus,quoniam
2600 1807 2708 1847 non
2737 1794 2910 1849 solum
2944 1795 3009 1849 ad
3027 1811 3207 1850 meam
3219 1805 3273 1851 et
3286 1805 3520 1853 vestram

1919 1890 2233 1946 personam,
2266 1885 2321 1933 et
2349 1878 2611 1934 ecclesias
2640 1889 2850 1937 nostras
2877 1884 3165 1952 pertinent,
3208 1887 3304 1941 sed
3353 1888 3517 1941 etiam

1922 1964 1990 2019 ad
2021 1963 2218 2020 multas
2241 1967 2497 2022 ecclesias
2525 1977 2578 2023 et
2606 1984 2883 2041 personas,
2916 1979 2969 2026 et
2999 1973 3052 2026 in
3082 1974 3148 2029 iis
3208 1974 3363 2030 multi
3420 1975 3519 2030 dis-

1921 2055 2174 2123 sentiunt,
2236 2056 2564 2112 conveniens
2610 2057 2746 2113 mihi
2799 2060 3014 2116 videtur
3053 2071 3109 2116 ut
3162 2062 3217 2117 in
3273 2064 3522 2135 proxima

1921 2143 2218 2199 Nativitate
2248 2145 2464 2200 Domini
2491 2153 2678 2202 nostro
2706 2155 2762 2203 et
2801 2150 3243 2222 coepiscOporum
3301 2161 3518 2208 nostro-

1921 2248 2040 2287 rum
2078 2234 2349 2288 communi
2379 2235 2606 2291 consilio
2637 2236 2752 2292 Deo
2779 2237 3013 2294 dictante
3054 2241 3374 2296 sententiam
3412 2257 3517 2297 cer-

1922 2326 2036 2376 tam
2064 2328 2379 2377 statuamus.

2458 2394 2793 2452 EPISTOLA
2830 2397 3004 2453 XVII.

2031 2504 2279 2546 HUGONIS
2306 2504 2536 2547 ABBATIS
2566 2508 2963 2550 CLUNIACENSIS
2991 2510 3063 2551 AD
3091 2512 3406 2554 ANSELIIUM.

1996 2588 2322 2644 Dulcissimo
2351 2605 2416 2645 ac
2447 2591 2767 2659 venerabili,
2804 2593 2993 2650 merito
3046 2597 3281 2652 amando
3338 2614 3513 2654 vene-

1924 2679 2204 2749 randoque
2236 2679 2381 2733 Patri
2432 2680 2654 2736 domino
2684 2684 2976 2751 Ansanuo,
3035 2693 3233 2741 sanetae
3290 2687 3520 2744 Cantua-

1924 2768 2119 2822 riensis
2142 2768 2399 2825 Ecclesiae
2428 2785 2642 2826 summo
2664 2769 2925 2841 pontiﬁci,
2965 2772 3133 2829 frater
3160 2775 3319 2830 HUGO
3350 2776 3521 2832 abbas

1925 2857 2313 2926 Cluniacensis,
2374 2874 2497 2913 cum
2527 2874 2622 2914 suo
2650 2860 2851 2929 pusillo
2879 2877 3070 2934 grege,
3129 2865 3275 2934 quod
3318 2880 3505 2936 praepa

1921 2946 2061 3001 ravit
2090 2946 2234 3001 Deus
2254 2945 2607 3018 diligentibus
2634 2964 2694 3003 se
2723 2949 2778 3003 in
2798 2950 3042 3007 veritate.
3547 2978 3553 3018 ε

1994 3033 2285 3104 Quoniam,
2317 3035 2400 3091 vir
2427 3037 2780 3107 sanctissime,
2824 3038 3044 3096 difﬁcile
3071 3048 3151 3097 est
3178 3049 3363 3113 optata
3416 3058 3518 3101 nos

1842 3122 1893 3187 C,
1922 3124 1992 3178 ad
2018 3123 2253 3178 invicem
2281 3124 2463 3179 satiari
2489 3127 2798 3196 praesentia,
2831 3127 2921 3184 vel
2951 3137 3133 3185 mutua
3163 3138 3215 3185 et
3253 3130 3517 3201 frequenti

1921 3211 2210 3268 collatione
2265 3214 2433 3268 corda
2470 3222 2653 3270 nostra
2700 3216 2982 3285 delectari,
3042 3218 3245 3274 bonum
3293 3220 3522 3275 arbitra-

1917 3316 2059 3370 mur,
2100 3301 2144 3355 si
2200 3302 2390 3357 saltem
2447 3302 2660 3358 litterali
2709 3304 3016 3361 visitatione
3062 3305 3274 3362 animos
3303 3315 3515 3364 nostros

1916 3406 2016 3460 pro
2063 3397 2305 3460 tempore
2347 3407 2654 3462 pascamus.
2704 3391 2836 3462 Quis
2872 3394 3014 3448 enim
3062 3402 3170 3449 tam
3211 3395 3512 3467 gloriosum

1917 3486 2135 3551 tamque
2155 3480 2497 3551 spiritualem
2525 3479 2733 3536 habens
2759 3482 2815 3535 in
2846 3481 3057 3539 Christo
3094 3484 3350 3552 amicum,
3385 3499 3513 3555 qua'

1917 3573 2025 3629 lem
2055 3585 2156 3627 vos
2187 3568 2367 3624 divina
2396 3568 2556 3625 nobis
2568 3570 2833 3625 concessit
2858 3572 3165 3643 gratia,non
3182 3573 3512 3629 omnimodis

1916 3668 2066 3734 Optet
2121 3658 2484 3715 saluberrima
2540 3658 2687 3713 illius
2741 3661 3120 3717 recordatione
3172 3663 3403 3718 recreari
3457 3670 3511 3719 et

1913 3748 2143 3806 relevari
2167 3756 2353 3804 sancta
2401 3748 2811 3804 renuntiatione.
2872 3750 3024 3805 Prius
3075 3751 3293 3821 quidem
3342 3768 3507 3824 quam

1915 3840 2114 3895 faciem
2168 3845 2401 3894 vestram
2453 3837 2779 3906 videremus,
2829 3838 2923 3894 ille
2977 3840 3325 3896 suavissimus
3370 3842 3509 3897 odor

1911 3929 2070 3984 bonae
2098 3927 2281 3995 fama,
2313 3942 2470 3981 aures
2496 3934 2716 3981 nostras
2758 3927 3131 3995 reverberans,
3158 3930 3273 3999 jam
3329 3930 3506 3986 dulce

1912 4018 2040 4073 dine
2067 4032 2162 4071 sua
2189 4022 2432 4071 nostrum
2456 4015 2764 4070 interiorem
2786 4015 3060 4071 hominem
3090 4017 3495 4090 impinguabat.

1912 4108 1991 4162 At
2017 4113 2306 4177 postquam
2334 4110 2573 4159 vestram
2603 4103 2831 4158 hilarem
2883 4105 3227 4174 praesentiam
3282 4122 3503 4163 cernere

1911 4197 2027 4252 Deo
2055 4194 2271 4249 volente
2291 4191 2603 4259 meruimus,
2635 4206 2745 4246 non
2773 4199 2853 4246 est
2887 4192 3048 4248 facile
3091 4193 3236 4249 dictu
3276 4195 3504 4265 qualiter

1913 4293 2056 4343 totus
2078 4282 2237 4339 vobis
2265 4280 2911 4351 adhmsimus,vestroque
2940 4281 3087 4337 cordi
3116 4283 3267 4353 quasi
3287 4291 3501 4354 partem

1910 4373 2079 4430 nostri
2109 4369 2397 4427 univimus.
2421 4370 2622 4426 Verum
2658 4384 2766 4425 non
2795 4371 2913 4426 hac
2965 4376 3152 4426 nostra
3206 4380 3345 4440 sunt,
3407 4373 3504 4427 sed

202 4459 327 4516 dedi
358 4460 448 4516 vel
477 4460 621 4527 misi,
649 4476 752 4517 nec
780 4460 975 4532 aliquis
1004 4478 1099 4533 per
1126 4478 1353 4530 me,nec
1378 4461 1495 4519 scio
1523 4464 1800 4534 quomodo
1829 4476 1882 4537 1)
1916 4463 2060 4519 illius
2090 4460 2180 4532 qui
2208 4459 2377 4531 spirat
2399 4459 2493 4514 ubi
2531 4457 2656 4515 vult
2705 4460 2887 4529 (Joan.
2920 4474 3002 4529 ιιι,
3026 4459 3101 4530 8).
3161 4461 3270 4532 Ipsi
3298 4461 3504 4533 gratias

202 4548 408 4606 factum
436 4549 509 4604 sit
535 4550 685 4621 quod
704 4549 901 4620 aliquis
930 4566 1022 4606 eas
1050 4554 1108 4605 ut
1160 4551 1645 4607 transcriberentur
1700 4553 1795 4607 ba—

199 4637 354 4701 buit;
388 4646 442 4692 et
469 4654 595 4695 cum
624 4640 728 4695 hoc
756 4638 864 4712 legi
895 4639 950 4694 in
980 4638 1171 4695 litteris
1198 4639 1394 4696 vestris
1420 4640 1622 4695 factum
1652 4656 1797 4704 esse.

200 4727 339 4783 mihi
368 4727 672 4798 displicuit.
708 4728 773 4784 Et
803 4728 1052 4799 quamvis
1081 4735 1263 4783 vestra
1312 4729 1611 4799 prudentia
1667 4728 1803 4784 nihil

202 4817 517 4888 suspicetur
526 4817 594 4872 de
605 4833 693 4872 me
711 4818 861 4888 quod
871 4817 1337 4884 dedeceat,meum
1357 4826 1535 4874 tamen
1551 4826 1633 4873 est
1644 4816 1783 4875 conﬁ
1794 4845 1813 4857 -

203 4906 304 4964 teri
329 4915 388 4962 et
415 4921 681 4972 asserere,
695 4905 825 4978 quia
844 4921 954 4962 non
975 4922 1101 4962 amo
1129 4906 1513 4963 contumeliam
1534 4916 1801 4976 vestram,

205 5005 300 5051 aut
346 4994 582 5066 alicujus
626 4994 1085 5066 coepiscoporum
1131 5011 1400 5063 meorum,
1448 5011 1550 5052 nec
1586 5012 1808 5070 quoquo

201 5085 373 5142 modo
402 5099 498 5140 res
533 5099 595 5140 ae
623 5084 824 5141 habeat
872 5084 942 5139 de
990 5083 1181 5140 litteris
1216 5083 1346 5153 illis,
1392 5085 1668 5141 mendacit
1713 5102 1811 5142 vos

209 5172 531 5245 arguendos
557 5173 844 5229 existimo.
876 5173 1010 5229 Cum
1042 5180 1230 5229 autem
1260 5173 1457 5246 loquar
1473 5174 1648 5241 vobis,
1683 5191 1809 5230 cum

208 5263 255 5317 si
286 5262 420 5333 quid
449 5262 695 5318 rescribo
721 5276 831 5318 non
887 5259 1103 5327 sufﬁcit,
1152 5261 1273 5318 viva
1317 5278 1457 5317 voce
1500 5278 1664 5333 spero
1719 5280 1809 5320 me

207 5350 613 5407 satisfacturum
641 5365 782 5419 esse,
797 5349 923 5422 quia
950 5366 1052 5405 nec
1080 5365 1187 5423 ego
1216 5350 1275 5405 in
1303 5350 1407 5405 hac
1434 5366 1495 5406 re
1524 5352 1813 5423 culpabilis

203 5456 355 5508 sum,
388 5455 493 5495 nec
517 5454 548 5494 a
578 5438 771 5512 legatis
798 5439 999 5495 nostris
1015 5437 1200 5509 aliqua
1220 5438 1462 5495 immissa
1491 5447 1571 5507 est
1583 5440 1807 5497 falsitas.

206 5526 467 5601 Capitula
479 5528 693 5584 concilii
710 5527 1051 5584 solummodo
1067 5527 1241 5597 mitto,
1266 5527 1395 5601 quia
1423 5529 1812 5585 sententiarum

208 5633 405 5676 eorum
442 5617 820 5690 expositiones
845 5617 987 5673 nulli
1027 5615 1154 5674 volo
1202 5617 1585 5688 transcribere,
1641 5618 1815 5676 donec

1905 4553 2142 4627 agimus,
2174 4550 2354 4621 ipsum
2385 4564 2675 4604 exoramus
2703 4556 2762 4604 ut
2812 4564 2949 4620 quos
2972 4548 3048 4604 ita
3072 4549 3259 4619 junxit
3308 4550 3364 4604 in
3402 4551 3506 4605 hac

1907 4643 2039 4708 vita,
2070 4655 2181 4695 non
2210 4635 2486 4708 permittat
2513 4638 2754 4710 separari
2793 4638 2850 4692 in
2903 4638 3108 4694 caelesti
3139 4638 3334 4711 gloria.
3384 4640 3511 4694 Per-

1910 4730 2202 4805 pendimus
2238 4729 2370 4785 satis
2413 4744 2515 4785 vos
2562 4728 2760 4784 multas
2801 4737 2855 4786 et
2901 4745 3099 4802 graves
3138 4738 3429 4803 postquam
3475 4746 3509 4785 a

1911 4820 2070 4878 nobis
2099 4818 2421 4887 discessistis
2454 4818 2737 4890 pertulisse
2764 4818 3086 4876 anxietates.
3118 4820 3187 4876 Et
3215 4820 3262 4875 si
3318 4819 3515 4877 volun-

1914 4918 1996 4966 tas
2021 4914 2164 4964 esset
2188 4907 2384 4962 summi
2415 4906 2769 4977 dispositoris,
2802 4908 3005 4963 scimus
3042 4925 3142 4965 vos
3171 4909 3517 4966 desiderasse

1916 4998 2086 5053 multo
2138 4995 2315 5067 magis
2350 5010 2473 5050 cum
2505 4996 2674 5050 Maria
2728 4996 2918 5052 sedere
2946 4997 3017 5052 ad
3062 4997 3235 5068 pedes
3292 4997 3515 5054 Domini

1917 5087 2074 5157 (Luc.
2106 5101 2160 5152 ι,
2196 5086 2282 5155 39)
2306 5083 2530 5156 ejusque
2554 5083 2763 5139 vultum
2792 5085 3339 5156 contemplari,quam
3360 5086 3515 5142 labo-

1916 5191 2039 5233 rare
2067 5173 2428 5229 ministrando
2483 5189 2606 5228 cum
2660 5173 2872 5229 Martha
2921 5175 3101 5245 (ibid.,
3133 5176 3245 5245 40).
3295 5176 3517 5231 Verum-

1918 5274 2100 5320 tamen
2129 5263 2256 5333 quia
2283 5261 2773 5332 potestashominis
2803 5278 2913 5317 non
2944 5270 3027 5318 est
3056 5263 3111 5318 in
3139 5279 3303 5320 manu
3318 5264 3515 5335 ipsius,

1921 5353 2046 5409 date
2072 5368 2296 5407 manum
2327 5351 2591 5408 voluntati
2620 5350 2787 5419 illius,
2819 5352 2904 5407 cui
2933 5361 3015 5408 est
3043 5369 3172 5408 cura
3221 5354 3291 5410 de
3338 5355 3531 5423 vobis,.

1921 5441 2120 5512 quique
2147 5441 2267 5496 luce
2295 5441 2497 5496 clarius
2527 5440 2679 5496 novit
2734 5440 2861 5511 quid
2888 5441 2959 5496 sit
3012 5442 3169 5497 vobis
3223 5442 3515 5498 salubrius.

1924 5532 1984 5587 In
2012 5546 2076 5586 eo
2108 5537 2273 5586 totam
2305 5545 2459 5601 spem
2489 5538 2722 5585 vestram
2755 5531 3019 5600 reponite,
3053 5531 3122 5586 ab
3178 5531 3297 5601 ipso
3343 5532 3519 5586 virtu-

1927 5627 2035 5677 tem
2068 5627 2123 5676 et
2151 5617 2612 5693 perseverantiam
2647 5617 2871 5687 quaerite
2892 5625 3150 5693 quantum
3183 5618 3296 5673 ﬁeri
3325 5625 3521 5689 potest,
