  <div class='ocr_page' id='page_1' title='image "/cluster/home/n/w/nwhite01/storage/ocr_20150623/159/hvd.32044054760178/111.png"; bbox 0 0 4036 6072; ppageno 0'>
   <div class='ocr_carea' id='block_1_1' title="bbox 496 317 596 372">
    <p class='ocr_par' dir='ltr' id='par_1_1' title="bbox 496 317 596 372">
     <span class='ocr_line' id='line_1_1' title="bbox 496 317 596 372; baseline 0.01 -1"><span class='ocrx_word' id='word_1_1' title='bbox 496 317 596 372; x_wconf 77' lang='grc'><strong>211</strong></span> 
     </span>
    </p>
   </div>
   <div class='ocr_carea' id='block_1_2' title="bbox 491 442 2170 516">
    <p class='ocr_par' dir='ltr' id='par_1_2' title="bbox 491 442 2170 516">
     <span class='ocr_line' id='line_1_2' title="bbox 491 442 2170 516; baseline 0.005 -20"><span class='ocrx_word' id='word_1_2' title='bbox 491 444 705 512; x_wconf 87' lang='lat' dir='ltr'>patiens</span> <span class='ocrx_word' id='word_1_3' title='bbox 733 442 801 499; x_wconf 90' lang='lat' dir='ltr'>ad</span> <span class='ocrx_word' id='word_1_4' title='bbox 822 444 1024 500; x_wconf 86' lang='lat' dir='ltr'>omnia.</span> <span class='ocrx_word' id='word_1_5' title='bbox 1056 445 1210 501; x_wconf 80' lang='lat' dir='ltr'>Adsit</span> <span class='ocrx_word' id='word_1_6' title='bbox 1229 445 1386 500; x_wconf 82' lang='lat' dir='ltr'>vobis</span> <span class='ocrx_word' id='word_1_7' title='bbox 1414 445 1505 500; x_wconf 91' lang='lat' dir='ltr'>ille</span> <span class='ocrx_word' id='word_1_8' title='bbox 1548 444 1637 515; x_wconf 85' lang='lat' dir='ltr'>qui</span> <span class='ocrx_word' id='word_1_9' title='bbox 1666 445 1799 500; x_wconf 87' lang='lat' dir='ltr'>nulli</span> <span class='ocrx_word' id='word_1_10' title='bbox 1848 459 2086 516; x_wconf 85' lang='lat' dir='ltr'>unquam</span> <span class='ocrx_word' id='word_1_11' title='bbox 2114 442 2170 504; x_wconf 82' lang='lat' dir='ltr'><strong>A</strong></span> 
     </span>
    </p>
   </div>
   <div class='ocr_carea' id='block_1_3' title="bbox 498 531 2085 606">
    <p class='ocr_par' dir='ltr' id='par_1_3' title="bbox 498 531 2085 606">
     <span class='ocr_line' id='line_1_3' title="bbox 498 531 2085 606; baseline 0.002 -21"><span class='ocrx_word' id='word_1_12' title='bbox 498 531 669 586; x_wconf 86' lang='lat' dir='ltr'>defuit</span> <span class='ocrx_word' id='word_1_13' title='bbox 698 533 753 586; x_wconf 94' lang='lat' dir='ltr'>in</span> <span class='ocrx_word' id='word_1_14' title='bbox 782 534 901 603; x_wconf 90' lang='lat' dir='ltr'>ipso</span> <span class='ocrx_word' id='word_1_15' title='bbox 932 535 1187 603; x_wconf 80' lang='lat' dir='ltr'>speranti.</span> <span class='ocrx_word' id='word_1_16' title='bbox 1222 534 1327 589; x_wconf 85' lang='lat' dir='ltr'>Sed</span> <span class='ocrx_word' id='word_1_17' title='bbox 1358 550 1453 589; x_wconf 92' lang='lat' dir='ltr'>cur</span> <span class='ocrx_word' id='word_1_18' title='bbox 1481 551 1579 591; x_wconf 90' lang='lat' dir='ltr'>nos</span> <span class='ocrx_word' id='word_1_19' title='bbox 1623 535 1857 605; x_wconf 79' lang='lat' dir='ltr'>imperiti</span> <span class='ocrx_word' id='word_1_20' title='bbox 1888 551 2085 606; x_wconf 88' lang='lat' dir='ltr'>aquam</span> 
     </span>
    </p>
   </div>
   <div class='ocr_carea' id='block_1_4' title="bbox 497 619 2089 694">
    <p class='ocr_par' dir='ltr' id='par_1_4' title="bbox 497 619 2089 694">
     <span class='ocr_line' id='line_1_4' title="bbox 497 619 2089 694; baseline 0.003 -21"><span class='ocrx_word' id='word_1_21' title='bbox 497 619 551 673; x_wconf 91' lang='lat' dir='ltr'>in</span> <span class='ocrx_word' id='word_1_22' title='bbox 584 637 732 675; x_wconf 90' lang='lat' dir='ltr'>mare</span> <span class='ocrx_word' id='word_1_23' title='bbox 760 622 1073 689; x_wconf 82' lang='lat' dir='ltr'>deferimus,</span> <span class='ocrx_word' id='word_1_24' title='bbox 1107 623 1236 675; x_wconf 90' lang='lat' dir='ltr'>dum</span> <span class='ocrx_word' id='word_1_25' title='bbox 1266 623 1607 679; x_wconf 84' lang='lat' dir='ltr'>sanctitatem</span> <span class='ocrx_word' id='word_1_26' title='bbox 1644 632 1876 680; x_wconf 75' lang='lat' dir='ltr'>vestram</span> <span class='ocrx_word' id='word_1_27' title='bbox 1935 622 2089 694; x_wconf 89' lang='lat' dir='ltr'>quasi</span> 
     </span>
    </p>
   </div>
   <div class='ocr_carea' id='block_1_5' title="bbox 502 706 2091 779">
    <p class='ocr_par' dir='ltr' id='par_1_5' title="bbox 502 706 2091 779">
     <span class='ocr_line' id='line_1_5' title="bbox 502 706 2091 779; baseline 0.002 -19"><span class='ocrx_word' id='word_1_28' title='bbox 502 706 700 760; x_wconf 90' lang='lat' dir='ltr'>docere</span> <span class='ocrx_word' id='word_1_29' title='bbox 755 709 1177 775; x_wconf 75' lang='lat' dir='ltr'>praesumimus?</span> <span class='ocrx_word' id='word_1_30' title='bbox 1208 708 1333 763; x_wconf 90' lang='lat' dir='ltr'>Non</span> <span class='ocrx_word' id='word_1_31' title='bbox 1378 709 1656 778; x_wconf 85' lang='lat' dir='ltr'>docemus,</span> <span class='ocrx_word' id='word_1_32' title='bbox 1717 711 1811 764; x_wconf 88' lang='lat' dir='ltr'>sed</span> <span class='ocrx_word' id='word_1_33' title='bbox 1858 725 2091 779; x_wconf 69' lang='lat' dir='ltr'>praecor-</span> 
     </span>
    </p>
   </div>
   <div class='ocr_carea' id='block_1_6' title="bbox 503 793 2091 863">
    <p class='ocr_par' dir='ltr' id='par_1_6' title="bbox 503 793 2091 863">
     <span class='ocr_line' id='line_1_6' title="bbox 503 793 2091 863; baseline 0.004 -16"><span class='ocrx_word' id='word_1_34' title='bbox 503 793 701 848; x_wconf 87' lang='lat' dir='ltr'>dialem</span> <span class='ocrx_word' id='word_1_35' title='bbox 745 794 981 850; x_wconf 90' lang='lat' dir='ltr'>amicum</span> <span class='ocrx_word' id='word_1_36' title='bbox 1037 804 1279 851; x_wconf 89' lang='lat' dir='ltr'>nostrum</span> <span class='ocrx_word' id='word_1_37' title='bbox 1326 798 1592 854; x_wconf 89' lang='lat' dir='ltr'>consolari</span> <span class='ocrx_word' id='word_1_38' title='bbox 1647 798 1927 863; x_wconf 87' lang='lat' dir='ltr'>volumus;</span> <span class='ocrx_word' id='word_1_39' title='bbox 1986 799 2091 853; x_wconf 89' lang='lat' dir='ltr'>hoc</span> 
     </span>
    </p>
   </div>
   <div class='ocr_carea' id='block_1_7' title="bbox 504 885 2093 957">
    <p class='ocr_par' dir='ltr' id='par_1_7' title="bbox 504 885 2093 957">
     <span class='ocr_line' id='line_1_7' title="bbox 504 885 2093 957; baseline 0.004 -23"><span class='ocrx_word' id='word_1_40' title='bbox 504 890 707 936; x_wconf 89' lang='lat' dir='ltr'>tantum</span> <span class='ocrx_word' id='word_1_41' title='bbox 737 899 928 939; x_wconf 90' lang='lat' dir='ltr'>secure</span> <span class='ocrx_word' id='word_1_42' title='bbox 953 885 1234 954; x_wconf 78' lang='lat' dir='ltr'>addentes,</span> <span class='ocrx_word' id='word_1_43' title='bbox 1292 886 1419 957; x_wconf 91' lang='lat' dir='ltr'>quia</span> <span class='ocrx_word' id='word_1_44' title='bbox 1472 888 1667 942; x_wconf 90' lang='lat' dir='ltr'>domus</span> <span class='ocrx_word' id='word_1_45' title='bbox 1721 886 2093 943; x_wconf 88' lang='lat' dir='ltr'>Cluniacensis</span> 
     </span>
    </p>
   </div>
   <div class='ocr_carea' id='block_1_8' title="bbox 502 970 2093 1033">
    <p class='ocr_par' dir='ltr' id='par_1_8' title="bbox 502 970 2093 1033">
     <span class='ocr_line' id='line_1_8' title="bbox 502 970 2093 1033; baseline 0.004 -10"><span class='ocrx_word' id='word_1_46' title='bbox 502 970 701 1025; x_wconf 91' lang='lat' dir='ltr'>ancilla</span> <span class='ocrx_word' id='word_1_47' title='bbox 729 980 905 1027; x_wconf 85' lang='lat' dir='ltr'>vestra</span> <span class='ocrx_word' id='word_1_48' title='bbox 933 972 986 1027; x_wconf 90' lang='lat' dir='ltr'>in</span> <span class='ocrx_word' id='word_1_49' title='bbox 1018 973 1128 1028; x_wconf 86' lang='lat' dir='ltr'>vita</span> <span class='ocrx_word' id='word_1_50' title='bbox 1171 982 1224 1029; x_wconf 88' lang='lat' dir='ltr'>et</span> <span class='ocrx_word' id='word_1_51' title='bbox 1277 983 1451 1030; x_wconf 89' lang='lat' dir='ltr'>morte</span> <span class='ocrx_word' id='word_1_52' title='bbox 1505 984 1696 1032; x_wconf 69' lang='lat' dir='ltr'>vestrm</span> <span class='ocrx_word' id='word_1_53' title='bbox 1752 991 1865 1033; x_wconf 92' lang='lat' dir='ltr'>non</span> <span class='ocrx_word' id='word_1_54' title='bbox 1920 976 2093 1032; x_wconf 84' lang='lat' dir='ltr'>deerit</span> 
     </span>
    </p>
   </div>
   <div class='ocr_carea' id='block_1_9' title="bbox 502 1059 2092 1127">
    <p class='ocr_par' dir='ltr' id='par_1_9' title="bbox 502 1059 2092 1127">
     <span class='ocr_line' id='line_1_9' title="bbox 502 1059 2092 1127; baseline 0.005 -14"><span class='ocrx_word' id='word_1_55' title='bbox 502 1059 766 1127; x_wconf 74' lang='lat' dir='ltr'>servituti,</span> <span class='ocrx_word' id='word_1_56' title='bbox 798 1061 994 1115; x_wconf 90' lang='lat' dir='ltr'>Filium</span> <span class='ocrx_word' id='word_1_57' title='bbox 1024 1071 1204 1117; x_wconf 91' lang='lat' dir='ltr'>autem</span> <span class='ocrx_word' id='word_1_58' title='bbox 1234 1071 1476 1119; x_wconf 87' lang='lat' dir='ltr'>nostrum</span> <span class='ocrx_word' id='word_1_59' title='bbox 1510 1066 1770 1120; x_wconf 91' lang='lat' dir='ltr'>domnum</span> <span class='ocrx_word' id='word_1_60' title='bbox 1800 1065 2092 1121; x_wconf 87' lang='lat' dir='ltr'>Gofridum</span> 
     </span>
    </p>
   </div>
   <div class='ocr_carea' id='block_1_10' title="bbox 503 1148 2090 1225">
    <p class='ocr_par' dir='ltr' id='par_1_10' title="bbox 503 1148 2090 1225">
     <span class='ocr_line' id='line_1_10' title="bbox 503 1148 2090 1225; baseline 0.006 -24"><span class='ocrx_word' id='word_1_61' title='bbox 503 1148 788 1202; x_wconf 89' lang='lat' dir='ltr'>sacristam</span> <span class='ocrx_word' id='word_1_62' title='bbox 818 1150 888 1204; x_wconf 90' lang='lat' dir='ltr'>ad</span> <span class='ocrx_word' id='word_1_63' title='bbox 897 1151 1456 1219; x_wconf 89' lang='lat' dir='ltr'>partesillas,sicutab</span> <span class='ocrx_word' id='word_1_64' title='bbox 1484 1153 1607 1224; x_wconf 90' lang='lat' dir='ltr'>ipso</span> <span class='ocrx_word' id='word_1_65' title='bbox 1633 1154 1827 1210; x_wconf 91' lang='lat' dir='ltr'>melius</span> <span class='ocrx_word' id='word_1_66' title='bbox 1842 1155 2090 1225; x_wconf 87' lang='lat' dir='ltr'>audietis,</span> 
     </span>
    </p>
   </div>
   <div class='ocr_carea' id='block_1_11' title="bbox 502 1235 2095 1312">
    <p class='ocr_par' dir='ltr' id='par_1_11' title="bbox 502 1235 2095 1312">
     <span class='ocr_line' id='line_1_11' title="bbox 502 1235 2095 1312; baseline 0.005 -20"><span class='ocrx_word' id='word_1_67' title='bbox 502 1235 833 1292; x_wconf 87' lang='lat' dir='ltr'>destinantes</span> <span class='ocrx_word' id='word_1_68' title='bbox 860 1246 1056 1294; x_wconf 67' lang='lat' dir='ltr'>vestrae</span> <span class='ocrx_word' id='word_1_69' title='bbox 1083 1242 1469 1296; x_wconf 86' lang='lat' dir='ltr'>commendare</span> <span class='ocrx_word' id='word_1_70' title='bbox 1522 1244 1830 1312; x_wconf 87' lang='lat' dir='ltr'>paternitati</span> <span class='ocrx_word' id='word_1_71' title='bbox 1875 1260 2095 1301; x_wconf 85' lang='lat' dir='ltr'>necesse</span> 
     </span>
    </p>
   </div>
   <div class='ocr_carea' id='block_1_12' title="bbox 499 1326 2095 1405">
    <p class='ocr_par' dir='ltr' id='par_1_12' title="bbox 499 1326 2095 1405">
     <span class='ocr_line' id='line_1_12' title="bbox 499 1326 2095 1405; baseline 0.006 -26"><span class='ocrx_word' id='word_1_72' title='bbox 499 1341 609 1380; x_wconf 92' lang='lat' dir='ltr'>non</span> <span class='ocrx_word' id='word_1_73' title='bbox 639 1326 981 1405; x_wconf 84' lang='lat' dir='ltr'>arbitrantur,</span> <span class='ocrx_word' id='word_1_74' title='bbox 1012 1327 1267 1397; x_wconf 90' lang='lat' dir='ltr'>quoniam</span> <span class='ocrx_word' id='word_1_75' title='bbox 1297 1346 1420 1383; x_wconf 91' lang='lat' dir='ltr'>cum</span> <span class='ocrx_word' id='word_1_76' title='bbox 1447 1332 1615 1399; x_wconf 84' lang='lat'>432</span> <span class='ocrx_word' id='word_1_77' title='bbox 1650 1332 1866 1405; x_wconf 86' lang='lat' dir='ltr'>magnis</span> <span class='ocrx_word' id='word_1_78' title='bbox 1894 1334 2095 1405; x_wconf 58' lang='lat' dir='ltr'>sapius</span> 
     </span>
    </p>
   </div>
   <div class='ocr_carea' id='block_1_13' title="bbox 502 1403 2093 1485">
    <p class='ocr_par' dir='ltr' id='par_1_13' title="bbox 502 1403 2093 1485">
     <span class='ocr_line' id='line_1_13' title="bbox 502 1403 2093 1485; baseline 0.007 -17"><span class='ocrx_word' id='word_1_79' title='bbox 502 1403 716 1470; x_wconf 84' lang='lat' dir='ltr'>referre</span> <span class='ocrx_word' id='word_1_80' title='bbox 739 1416 878 1470; x_wconf 87' lang='lat' dir='ltr'>solet</span> <span class='ocrx_word' id='word_1_81' title='bbox 908 1421 1125 1485; x_wconf 75' lang='lat' dir='ltr'>quantae</span> <span class='ocrx_word' id='word_1_82' title='bbox 1154 1417 1437 1475; x_wconf 88' lang='lat' dir='ltr'>charitatis</span> <span class='ocrx_word' id='word_1_83' title='bbox 1477 1403 1766 1477; x_wconf 85' lang='lat' dir='ltr'>consilium</span> <span class='ocrx_word' id='word_1_84' title='bbox 1795 1403 2093 1478; x_wconf 80' lang='lat' dir='ltr'>auxilium-</span> 
     </span>
    </p>
   </div>
   <div class='ocr_carea' id='block_1_14' title="bbox 502 1502 2092 1583">
    <p class='ocr_par' dir='ltr' id='par_1_14' title="bbox 502 1502 2092 1583">
     <span class='ocr_line' id='line_1_14' title="bbox 502 1502 2092 1583; baseline 0.008 -27"><span class='ocrx_word' id='word_1_85' title='bbox 502 1518 607 1573; x_wconf 92' lang='lat' dir='ltr'>que</span> <span class='ocrx_word' id='word_1_86' title='bbox 634 1503 683 1557; x_wconf 90' lang='lat' dir='ltr'>ei</span> <span class='ocrx_word' id='word_1_87' title='bbox 708 1502 763 1557; x_wconf 91' lang='lat' dir='ltr'>in</span> <span class='ocrx_word' id='word_1_88' title='bbox 793 1504 1064 1573; x_wconf 66' lang='lat' dir='ltr'>prmterito</span> <span class='ocrx_word' id='word_1_89' title='bbox 1093 1520 1236 1561; x_wconf 88' lang='lat' dir='ltr'>anno</span> <span class='ocrx_word' id='word_1_90' title='bbox 1267 1507 1592 1564; x_wconf 87' lang='lat' dir='ltr'>contulistis.</span> <span class='ocrx_word' id='word_1_91' title='bbox 1612 1510 1727 1565; x_wconf 89' lang='lat' dir='ltr'>Nec</span> <span class='ocrx_word' id='word_1_92' title='bbox 1747 1511 1923 1567; x_wconf 89' lang='lat' dir='ltr'>solum</span> <span class='ocrx_word' id='word_1_93' title='bbox 1953 1513 2092 1583; x_wconf 88' lang='lat' dir='ltr'>ipse,</span> 
     </span>
    </p>
   </div>
   <div class='ocr_carea' id='block_1_15' title="bbox 499 1592 2095 1666">
    <p class='ocr_par' dir='ltr' id='par_1_15' title="bbox 499 1592 2095 1666">
     <span class='ocr_line' id='line_1_15' title="bbox 499 1592 2095 1666; baseline 0.009 -21"><span class='ocrx_word' id='word_1_94' title='bbox 499 1592 595 1646; x_wconf 87' lang='lat' dir='ltr'>sed</span> <span class='ocrx_word' id='word_1_95' title='bbox 616 1595 670 1646; x_wconf 89' lang='lat' dir='ltr'>et</span> <span class='ocrx_word' id='word_1_96' title='bbox 698 1607 888 1647; x_wconf 89' lang='lat' dir='ltr'>omnes</span> <span class='ocrx_word' id='word_1_97' title='bbox 918 1593 1115 1649; x_wconf 81' lang='lat' dir='ltr'>fratres</span> <span class='ocrx_word' id='word_1_98' title='bbox 1145 1596 1314 1650; x_wconf 81' lang='lat' dir='ltr'>nostri</span> <span class='ocrx_word' id='word_1_99' title='bbox 1343 1612 1443 1666; x_wconf 89' lang='lat' dir='ltr'>per</span> <span class='ocrx_word' id='word_1_100' title='bbox 1476 1602 1711 1654; x_wconf 81' lang='lat' dir='ltr'>vestram</span> <span class='ocrx_word' id='word_1_101' title='bbox 1761 1608 2095 1659; x_wconf 85' lang='lat' dir='ltr'>transeuntes</span> 
     </span>
    </p>
   </div>
   <div class='ocr_carea' id='block_1_16' title="bbox 496 1680 2094 1760">
    <p class='ocr_par' dir='ltr' id='par_1_16' title="bbox 496 1680 2094 1760">
     <span class='ocr_line' id='line_1_16' title="bbox 496 1680 2094 1760; baseline 0.01 -28"><span class='ocrx_word' id='word_1_102' title='bbox 496 1680 864 1750; x_wconf 66' lang='lat' dir='ltr'>praesentiam,</span> <span class='ocrx_word' id='word_1_103' title='bbox 894 1680 1182 1752; x_wconf 85' lang='lat' dir='ltr'>plurimam</span> <span class='ocrx_word' id='word_1_104' title='bbox 1214 1694 1415 1742; x_wconf 65' lang='lat' dir='ltr'>vestrm</span> <span class='ocrx_word' id='word_1_105' title='bbox 1441 1688 1738 1743; x_wconf 85' lang='lat' dir='ltr'>sanctitatis</span> <span class='ocrx_word' id='word_1_106' title='bbox 1792 1693 2094 1760; x_wconf 66' lang='lat' dir='ltr'>praedicant</span> 
     </span>
    </p>
   </div>
   <div class='ocr_carea' id='block_1_17' title="bbox 1003 299 3277 377">
    <p class='ocr_par' dir='ltr' id='par_1_17' title="bbox 1003 299 3277 377">
     <span class='ocr_line' id='line_1_17' title="bbox 1003 299 3277 377; baseline -0.003 -1"><span class='ocrx_word' id='word_1_107' title='bbox 1003 319 1068 376; x_wconf 92' lang='lat' dir='ltr'>S.</span> <span class='ocrx_word' id='word_1_108' title='bbox 1113 320 1419 377; x_wconf 76' lang='lat' dir='ltr'>ANSELMI</span> <span class='ocrx_word' id='word_1_109' title='bbox 1455 318 1807 375; x_wconf 79' lang='lat' dir='ltr'>CANTUAR.</span> <span class='ocrx_word' id='word_1_110' title='bbox 1855 299 2186 373; x_wconf 61' lang='lat' dir='ltr'>ARCHIEP.</span> <span class='ocrx_word' id='word_1_111' title='bbox 2234 315 2394 372; x_wconf 80' lang='lat' dir='ltr'>OPP.</span> <span class='ocrx_word' id='word_1_112' title='bbox 2436 313 2623 371; x_wconf 83' lang='lat' dir='ltr'>PARS</span> <span class='ocrx_word' id='word_1_113' title='bbox 2659 314 2756 371; x_wconf 87' lang='grc' dir='ltr'><strong>ΙΙΙ.</strong></span> <span class='ocrx_word' id='word_1_114' title='bbox 2794 346 2866 359; x_wconf 90' lang='lat'><strong>--</strong></span> <span class='ocrx_word' id='word_1_115' title='bbox 2900 314 3277 373; x_wconf 74' lang='lat' dir='ltr'>EPISTOLE.</span> 
     </span>
    </p>
   </div>
   <div class='ocr_carea' id='block_1_18' title="bbox 3686 315 3793 373">
    <p class='ocr_par' dir='ltr' id='par_1_18' title="bbox 3686 315 3793 373">
     <span class='ocr_line' id='line_1_18' title="bbox 3686 315 3793 373; baseline -0.019 -1"><span class='ocrx_word' id='word_1_116' title='bbox 3686 315 3793 373; x_wconf 75' lang='grc'>212</span> 
     </span>
    </p>
   </div>
   <div class='ocr_carea' id='block_1_19' title="bbox 2721 440 3249 499">
    <p class='ocr_par' dir='ltr' id='par_1_19' title="bbox 2721 440 3249 499">
     <span class='ocr_line' id='line_1_19' title="bbox 2721 440 3249 499; baseline -0.006 -1"><span class='ocrx_word' id='word_1_117' title='bbox 2721 440 3066 499; x_wconf 83' lang='lat' dir='ltr'>EPISTOLA</span> <span class='ocrx_word' id='word_1_118' title='bbox 3092 441 3249 497; x_wconf 84' lang='lat' dir='ltr'>XIX.</span> 
     </span>
    </p>
   </div>
   <div class='ocr_carea' id='block_1_20' title="bbox 2391 554 3601 598">
    <p class='ocr_par' dir='ltr' id='par_1_20' title="bbox 2391 554 3601 598">
     <span class='ocr_line' id='line_1_20' title="bbox 2391 554 3601 598; baseline -0.002 -2"><span class='ocrx_word' id='word_1_119' title='bbox 2391 554 2634 598; x_wconf 70' lang='lat' dir='ltr'>ANSELMI</span> <span class='ocrx_word' id='word_1_120' title='bbox 2654 556 2726 597; x_wconf 77' lang='lat' dir='ltr'>AD</span> <span class='ocrx_word' id='word_1_121' title='bbox 2758 557 2964 597; x_wconf 70' lang='lat' dir='ltr'>DlACUM</span> <span class='ocrx_word' id='word_1_122' title='bbox 2991 556 3039 598; x_wconf 77' lang='grc' dir='ltr'>ε.</span> <span class='ocrx_word' id='word_1_123' title='bbox 3070 556 3260 597; x_wconf 72' lang='grc' dir='ltr'>ιΑοοΒι</span> <span class='ocrx_word' id='word_1_124' title='bbox 3290 554 3601 596; x_wconf 65' lang='grc' dir='ltr'>ενιεοοιθωί</span> 
     </span>
    </p>
   </div>
   <div class='ocr_carea' id='block_1_21' title="bbox 2274 638 3793 710">
    <p class='ocr_par' dir='ltr' id='par_1_21' title="bbox 2274 638 3793 710">
     <span class='ocr_line' id='line_1_21' title="bbox 2274 638 3793 710; baseline -0.002 -16"><span class='ocrx_word' id='word_1_125' title='bbox 2274 638 2455 694; x_wconf 78' lang='lat' dir='ltr'>DIACO</span> <span class='ocrx_word' id='word_1_126' title='bbox 2483 641 2782 696; x_wconf 82' lang='lat' dir='ltr'>reverendo</span> <span class='ocrx_word' id='word_1_127' title='bbox 2801 640 2984 696; x_wconf 87' lang='lat' dir='ltr'>Sancti</span> <span class='ocrx_word' id='word_1_128' title='bbox 3000 638 3186 694; x_wconf 86' lang='lat' dir='ltr'>Jacobi</span> <span class='ocrx_word' id='word_1_129' title='bbox 3203 638 3459 710; x_wconf 88' lang='lat' dir='ltr'>episcopo</span> <span class='ocrx_word' id='word_1_130' title='bbox 3470 639 3793 705; x_wconf 75' lang='lat' dir='ltr'>ANBBLMUS,</span> 
     </span>
    </p>
   </div>
   <div class='ocr_carea' id='block_1_22' title="bbox 2196 725 3789 800">
    <p class='ocr_par' dir='ltr' id='par_1_22' title="bbox 2196 725 3789 800">
     <span class='ocr_line' id='line_1_22' title="bbox 2196 725 3789 800; baseline -0.003 -17"><span class='ocrx_word' id='word_1_131' title='bbox 2196 744 2381 783; x_wconf 89' lang='lat' dir='ltr'>servus</span> <span class='ocrx_word' id='word_1_132' title='bbox 2420 728 2676 783; x_wconf 62' lang='lat' dir='ltr'>Ecclesiae</span> <span class='ocrx_word' id='word_1_133' title='bbox 2706 727 3326 800; x_wconf 67' lang='lat' dir='ltr'>Cantuariensis,gratim</span> <span class='ocrx_word' id='word_1_134' title='bbox 3354 741 3603 798; x_wconf 67' lang='lat' dir='ltr'>superum</span> <span class='ocrx_word' id='word_1_135' title='bbox 3625 725 3789 780; x_wconf 81' lang='lat' dir='ltr'>auxi-</span> 
     </span>
    </p>
   </div>
   <div class='ocr_carea' id='block_1_23' title="bbox 2197 815 2890 873">
    <p class='ocr_par' dir='ltr' id='par_1_23' title="bbox 2197 815 2890 873">
     <span class='ocr_line' id='line_1_23' title="bbox 2197 815 2890 873; baseline -0.001 -2"><span class='ocrx_word' id='word_1_136' title='bbox 2197 815 2326 871; x_wconf 89' lang='lat' dir='ltr'>lium</span> <span class='ocrx_word' id='word_1_137' title='bbox 2356 824 2406 872; x_wconf 90' lang='lat' dir='ltr'>et</span> <span class='ocrx_word' id='word_1_138' title='bbox 2436 817 2890 873; x_wconf 89' lang='lat' dir='ltr'>consolationem.</span> 
     </span>
    </p>
   </div>
   <div class='ocr_carea' id='block_1_24' title="bbox 2270 904 3793 976">
    <p class='ocr_par' dir='ltr' id='par_1_24' title="bbox 2270 904 3793 976">
     <span class='ocr_line' id='line_1_24' title="bbox 2270 904 3793 976; baseline -0.001 -15"><span class='ocrx_word' id='word_1_139' title='bbox 2270 907 2401 961; x_wconf 90' lang='lat' dir='ltr'>Cum</span> <span class='ocrx_word' id='word_1_140' title='bbox 2432 922 2647 975; x_wconf 88' lang='lat' dir='ltr'>semper</span> <span class='ocrx_word' id='word_1_141' title='bbox 2677 922 2776 961; x_wconf 91' lang='lat' dir='ltr'>nos</span> <span class='ocrx_word' id='word_1_142' title='bbox 2819 904 3109 961; x_wconf 83' lang='lat' dir='ltr'>Christiani</span> <span class='ocrx_word' id='word_1_143' title='bbox 3157 904 3395 961; x_wconf 78' lang='lat' dir='ltr'>invicem</span> <span class='ocrx_word' id='word_1_144' title='bbox 3443 905 3793 976; x_wconf 86' lang='lat' dir='ltr'>congaudere</span> 
     </span>
    </p>
   </div>
   <div class='ocr_carea' id='block_1_25' title="bbox 2200 993 3790 1066">
    <p class='ocr_par' dir='ltr' id='par_1_25' title="bbox 2200 993 3790 1066">
     <span class='ocr_line' id='line_1_25' title="bbox 2200 993 3790 1066; baseline -0.001 -17"><span class='ocrx_word' id='word_1_145' title='bbox 2200 994 2493 1050; x_wconf 90' lang='lat' dir='ltr'>debeamus</span> <span class='ocrx_word' id='word_1_146' title='bbox 2545 1004 2598 1049; x_wconf 91' lang='lat' dir='ltr'>et</span> <span class='ocrx_word' id='word_1_147' title='bbox 2653 996 2964 1064; x_wconf 88' lang='lat' dir='ltr'>condolere,</span> <span class='ocrx_word' id='word_1_148' title='bbox 2996 1003 3123 1051; x_wconf 90' lang='lat' dir='ltr'>tunc</span> <span class='ocrx_word' id='word_1_149' title='bbox 3168 996 3356 1066; x_wconf 82' lang='lat' dir='ltr'>utique</span> <span class='ocrx_word' id='word_1_150' title='bbox 3385 993 3624 1049; x_wconf 85' lang='lat' dir='ltr'>maxime</span> <span class='ocrx_word' id='word_1_151' title='bbox 3668 1010 3790 1049; x_wconf 91' lang='lat' dir='ltr'>cum</span> 
     </span>
    </p>
   </div>
   <div class='ocr_carea' id='block_1_26' title="bbox 2197 1083 3795 1156">
    <p class='ocr_par' dir='ltr' id='par_1_26' title="bbox 2197 1083 3795 1156">
     <span class='ocr_line' id='line_1_26' title="bbox 2197 1083 3795 1156; baseline -0.001 -18"><span class='ocrx_word' id='word_1_152' title='bbox 2197 1083 2608 1156; x_wconf 89' lang='lat' dir='ltr'>prosperitatem</span> <span class='ocrx_word' id='word_1_153' title='bbox 2689 1091 2742 1139; x_wconf 90' lang='lat' dir='ltr'>et</span> <span class='ocrx_word' id='word_1_154' title='bbox 2813 1084 3197 1140; x_wconf 86' lang='lat' dir='ltr'>exaltationem</span> <span class='ocrx_word' id='word_1_155' title='bbox 3254 1083 3671 1140; x_wconf 89' lang='lat' dir='ltr'>Christianitatis</span> <span class='ocrx_word' id='word_1_156' title='bbox 3738 1089 3795 1138; x_wconf 91' lang='lat' dir='ltr'>et</span> 
     </span>
    </p>
   </div>
   <div class='ocr_carea' id='block_1_27' title="bbox 2198 1172 3798 1245">
    <p class='ocr_par' dir='ltr' id='par_1_27' title="bbox 2198 1172 3798 1245">
     <span class='ocr_line' id='line_1_27' title="bbox 2198 1172 3798 1245; baseline -0.001 -17"><span class='ocrx_word' id='word_1_157' title='bbox 2198 1172 2574 1228; x_wconf 87' lang='lat' dir='ltr'>adversitatem</span> <span class='ocrx_word' id='word_1_158' title='bbox 2594 1174 2663 1228; x_wconf 90' lang='lat' dir='ltr'>ad</span> <span class='ocrx_word' id='word_1_159' title='bbox 2677 1174 2930 1243; x_wconf 84' lang='lat' dir='ltr'>ejusdem</span> <span class='ocrx_word' id='word_1_160' title='bbox 2949 1174 3377 1230; x_wconf 88' lang='lat' dir='ltr'>humiliationem</span> <span class='ocrx_word' id='word_1_161' title='bbox 3417 1172 3798 1245; x_wconf 81' lang='lat' dir='ltr'>cognoscimus</span> 
     </span>
    </p>
   </div>
   <div class='ocr_carea' id='block_1_28' title="bbox 2199 1262 3797 1334">
    <p class='ocr_par' dir='ltr' id='par_1_28' title="bbox 2199 1262 3797 1334">
     <span class='ocr_line' id='line_1_28' title="bbox 2199 1262 3797 1334; baseline 0 -18"><span class='ocrx_word' id='word_1_162' title='bbox 2199 1262 2487 1333; x_wconf 87' lang='lat' dir='ltr'>pertinere;</span> <span class='ocrx_word' id='word_1_163' title='bbox 2546 1262 2710 1318; x_wconf 77' lang='lat' dir='ltr'>vestri</span> <span class='ocrx_word' id='word_1_164' title='bbox 2762 1263 2941 1334; x_wconf 83' lang='lat' dir='ltr'>itaque</span> <span class='ocrx_word' id='word_1_165' title='bbox 2989 1264 3197 1319; x_wconf 87' lang='lat' dir='ltr'>timoris</span> <span class='ocrx_word' id='word_1_166' title='bbox 3255 1271 3416 1333; x_wconf 91' lang='lat' dir='ltr'>atque</span> <span class='ocrx_word' id='word_1_167' title='bbox 3465 1262 3672 1318; x_wconf 91' lang='lat' dir='ltr'>doloris</span> <span class='ocrx_word' id='word_1_168' title='bbox 3728 1277 3797 1316; x_wconf 80' lang='lat' dir='ltr'>ex</span> 
     </span>
    </p>
   </div>
   <div class='ocr_carea' id='block_1_29' title="bbox 2199 1350 3796 1423">
    <p class='ocr_par' dir='ltr' id='par_1_29' title="bbox 2199 1350 3796 1423">
     <span class='ocr_line' id='line_1_29' title="bbox 2199 1350 3796 1423; baseline -0.001 -18"><span class='ocrx_word' id='word_1_169' title='bbox 2199 1351 2389 1407; x_wconf 83' lang='lat' dir='ltr'>litteris</span> <span class='ocrx_word' id='word_1_170' title='bbox 2420 1352 2606 1407; x_wconf 83' lang='lat' dir='ltr'>vestris</span> <span class='ocrx_word' id='word_1_171' title='bbox 2646 1368 2862 1407; x_wconf 88' lang='lat' dir='ltr'>causam</span> <span class='ocrx_word' id='word_1_172' title='bbox 2911 1360 3320 1423; x_wconf 83' lang='lat' dir='ltr'>cognoscentes,</span> <span class='ocrx_word' id='word_1_173' title='bbox 3372 1352 3519 1407; x_wconf 92' lang='lat' dir='ltr'>unde</span> <span class='ocrx_word' id='word_1_174' title='bbox 3574 1350 3796 1419; x_wconf 86' lang='lat' dir='ltr'>timetis,</span> 
     </span>
    </p>
   </div>
   <div class='ocr_carea' id='block_1_30' title="bbox 2198 1439 3797 1513">
    <p class='ocr_par' dir='ltr' id='par_1_30' title="bbox 2198 1439 3797 1513">
     <span class='ocr_line' id='line_1_30' title="bbox 2198 1439 3797 1513; baseline -0.001 -19"><span class='ocrx_word' id='word_1_175' title='bbox 2198 1440 2326 1495; x_wconf 92' lang='lat' dir='ltr'>inde</span> <span class='ocrx_word' id='word_1_176' title='bbox 2367 1439 2636 1510; x_wconf 89' lang='lat' dir='ltr'>timemus,</span> <span class='ocrx_word' id='word_1_177' title='bbox 2691 1447 2745 1496; x_wconf 91' lang='lat' dir='ltr'>et</span> <span class='ocrx_word' id='word_1_178' title='bbox 2795 1442 2942 1512; x_wconf 87' lang='lat' dir='ltr'>quod</span> <span class='ocrx_word' id='word_1_179' title='bbox 2990 1441 3203 1507; x_wconf 78' lang='lat' dir='ltr'>doletis,</span> <span class='ocrx_word' id='word_1_180' title='bbox 3268 1441 3471 1513; x_wconf 88' lang='lat' dir='ltr'>pariter</span> <span class='ocrx_word' id='word_1_181' title='bbox 3530 1440 3797 1496; x_wconf 88' lang='lat' dir='ltr'>dolemus.</span> 
     </span>
    </p>
   </div>
   <div class='ocr_carea' id='block_1_31' title="bbox 2201 1528 3800 1598">
    <p class='ocr_par' dir='ltr' id='par_1_31' title="bbox 2201 1528 3800 1598">
     <span class='ocr_line' id='line_1_31' title="bbox 2201 1528 3800 1598; baseline -0.001 -15"><span class='ocrx_word' id='word_1_182' title='bbox 2201 1528 2338 1598; x_wconf 86' lang='lat' dir='ltr'>Quia</span> <span class='ocrx_word' id='word_1_183' title='bbox 2366 1529 2563 1584; x_wconf 89' lang='lat' dir='ltr'>milites</span> <span class='ocrx_word' id='word_1_184' title='bbox 2591 1538 2805 1585; x_wconf 91' lang='lat' dir='ltr'>nostros</span> <span class='ocrx_word' id='word_1_185' title='bbox 2834 1533 3022 1586; x_wconf 87' lang='lat' dir='ltr'>contra</span> <span class='ocrx_word' id='word_1_186' title='bbox 3052 1530 3378 1586; x_wconf 88' lang='lat' dir='ltr'>Sarracenos</span> <span class='ocrx_word' id='word_1_187' title='bbox 3434 1530 3503 1584; x_wconf 89' lang='lat' dir='ltr'>ad</span> <span class='ocrx_word' id='word_1_188' title='bbox 3560 1535 3800 1585; x_wconf 88' lang='lat' dir='ltr'>vestrum</span> 
     </span>
    </p>
   </div>
   <div class='ocr_carea' id='block_1_32' title="bbox 2200 1617 3800 1687">
    <p class='ocr_par' dir='ltr' id='par_1_32' title="bbox 2200 1617 3800 1687">
     <span class='ocr_line' id='line_1_32' title="bbox 2200 1617 3800 1687; baseline 0 -15"><span class='ocrx_word' id='word_1_189' title='bbox 2200 1618 2460 1673; x_wconf 85' lang='lat' dir='ltr'>auxilium</span> <span class='ocrx_word' id='word_1_190' title='bbox 2540 1619 2873 1674; x_wconf 88' lang='lat' dir='ltr'>commoneri</span> <span class='ocrx_word' id='word_1_191' title='bbox 2973 1619 3312 1687; x_wconf 87' lang='lat' dir='ltr'>desideratis,</span> <span class='ocrx_word' id='word_1_192' title='bbox 3385 1617 3625 1673; x_wconf 81' lang='lat' dir='ltr'>libenter</span> <span class='ocrx_word' id='word_1_193' title='bbox 3701 1633 3800 1687; x_wconf 89' lang='lat' dir='ltr'>pro</span> 
     </span>
    </p>
   </div>
   <div class='ocr_carea' id='block_1_33' title="bbox 2198 1705 3797 1778">
    <p class='ocr_par' dir='ltr' id='par_1_33' title="bbox 2198 1705 3797 1778">
     <span class='ocr_line' id='line_1_33' title="bbox 2198 1705 3797 1778; baseline -0.001 -16"><span class='ocrx_word' id='word_1_194' title='bbox 2198 1707 2601 1778; x_wconf 87' lang='lat' dir='ltr'>opportunitate</span> <span class='ocrx_word' id='word_1_195' title='bbox 2631 1716 2817 1763; x_wconf 87' lang='lat' dir='ltr'>nostra</span> <span class='ocrx_word' id='word_1_196' title='bbox 2845 1724 2937 1764; x_wconf 91' lang='lat' dir='ltr'>eos</span> <span class='ocrx_word' id='word_1_197' title='bbox 2966 1707 3456 1775; x_wconf 88' lang='lat' dir='ltr'>commonebimus,</span> <span class='ocrx_word' id='word_1_198' title='bbox 3491 1715 3542 1762; x_wconf 93' lang='lat' dir='ltr'>et</span> <span class='ocrx_word' id='word_1_199' title='bbox 3572 1708 3642 1761; x_wconf 90' lang='lat' dir='ltr'>ad</span> <span class='ocrx_word' id='word_1_200' title='bbox 3670 1705 3797 1760; x_wconf 86' lang='lat' dir='ltr'>sub-</span> 
     </span>
    </p>
   </div>
   <div class='ocr_carea' id='block_1_34' title="bbox 494 1769 2086 1859">
    <p class='ocr_par' dir='ltr' id='par_1_34' title="bbox 494 1769 2083 1855">
     <span class='ocr_line' id='line_1_34' title="bbox 494 1769 2083 1855; baseline 0.009 -33"><span class='ocrx_word' id='word_1_201' title='bbox 494 1769 824 1824; x_wconf 87' lang='lat' dir='ltr'>charitatem.</span> <span class='ocrx_word' id='word_1_202' title='bbox 857 1770 1033 1841; x_wconf 89' lang='lat' dir='ltr'>Super</span> <span class='ocrx_word' id='word_1_203' title='bbox 1061 1772 1275 1842; x_wconf 88' lang='lat' dir='ltr'>quibus,</span> <span class='ocrx_word' id='word_1_204' title='bbox 1309 1784 1540 1845; x_wconf 88' lang='lat' dir='ltr'>quantas</span> <span class='ocrx_word' id='word_1_205' title='bbox 1567 1778 1931 1847; x_wconf 71' lang='lat' dir='ltr'>praevalemus</span> <span class='ocrx_word' id='word_1_206' title='bbox 1958 1797 2083 1855; x_wconf 87' lang='lat' dir='ltr'>gra-</span> 
     </span>
    </p>
   </div>
   <div class='ocr_carea' id='block_1_35' title="bbox 2201 1769 3796 1859">
    <p class='ocr_par' dir='ltr' id='par_1_35' title="bbox 2201 1796 3796 1854">
     <span class='ocr_line' id='line_1_35' title="bbox 2201 1796 3796 1854; baseline -0.001 -4"><span class='ocrx_word' id='word_1_207' title='bbox 2201 1798 2501 1851; x_wconf 86' lang='lat' dir='ltr'>ventionem</span> <span class='ocrx_word' id='word_1_208' title='bbox 2529 1796 2954 1853; x_wconf 88' lang='lat' dir='ltr'>Christianorum</span> <span class='ocrx_word' id='word_1_209' title='bbox 2980 1796 3463 1854; x_wconf 89' lang='lat' dir='ltr'>commovebimus.</span> <span class='ocrx_word' id='word_1_210' title='bbox 3484 1796 3591 1851; x_wconf 88' lang='lat' dir='ltr'>Sed</span> <span class='ocrx_word' id='word_1_211' title='bbox 3623 1811 3796 1850; x_wconf 88' lang='lat' dir='ltr'>nove-</span> 
     </span>
    </p>
   </div>
   <div class='ocr_carea' id='block_1_36' title="bbox 494 1856 2083 1938">
    <p class='ocr_par' dir='ltr' id='par_1_36' title="bbox 494 1856 2083 1938">
     <span class='ocr_line' id='line_1_36' title="bbox 494 1856 2083 1938; baseline 0.009 -27"><span class='ocrx_word' id='word_1_212' title='bbox 494 1856 597 1912; x_wconf 90' lang='lat' dir='ltr'>tias</span> <span class='ocrx_word' id='word_1_213' title='bbox 624 1859 991 1928; x_wconf 85' lang='lat' dir='ltr'>persolventes</span> <span class='ocrx_word' id='word_1_214' title='bbox 1027 1861 1309 1917; x_wconf 88' lang='lat' dir='ltr'>humiliter</span> <span class='ocrx_word' id='word_1_215' title='bbox 1328 1865 1560 1934; x_wconf 91' lang='lat' dir='ltr'>petimus</span> <span class='ocrx_word' id='word_1_216' title='bbox 1581 1875 1639 1921; x_wconf 90' lang='lat' dir='ltr'>ut</span> <span class='ocrx_word' id='word_1_217' title='bbox 1682 1884 1779 1938; x_wconf 91' lang='lat' dir='ltr'>per</span> <span class='ocrx_word' id='word_1_218' title='bbox 1817 1869 1961 1925; x_wconf 89' lang='lat' dir='ltr'>hunc</span> <span class='ocrx_word' id='word_1_219' title='bbox 2014 1873 2083 1925; x_wconf 90' lang='lat' dir='ltr'>ad</span> 
     </span>
    </p>
   </div>
   <div class='ocr_carea' id='block_1_37' title="bbox 497 1956 2087 2025">
    <p class='ocr_par' dir='ltr' id='par_1_37' title="bbox 497 1956 2087 2025">
     <span class='ocr_line' id='line_1_37' title="bbox 497 1956 2087 2025; baseline 0.011 -27"><span class='ocrx_word' id='word_1_220' title='bbox 497 1961 596 2000; x_wconf 89' lang='lat' dir='ltr'>nos</span> <span class='ocrx_word' id='word_1_221' title='bbox 613 1956 939 2002; x_wconf 89' lang='lat' dir='ltr'>remeantem</span> <span class='ocrx_word' id='word_1_222' title='bbox 971 1957 1204 2004; x_wconf 85' lang='lat' dir='ltr'>vestrum</span> <span class='ocrx_word' id='word_1_223' title='bbox 1237 1962 1732 2025; x_wconf 87' lang='lat' dir='ltr'>csse,vestrumque</span> <span class='ocrx_word' id='word_1_224' title='bbox 1761 1958 2087 2021; x_wconf 84' lang='lat' dir='ltr'>velle.nobis</span> 
     </span>
    </p>
   </div>
   <div class='ocr_carea' id='block_1_38' title="bbox 495 2034 2086 2120">
    <p class='ocr_par' dir='ltr' id='par_1_38' title="bbox 495 2034 2086 2120">
     <span class='ocr_line' id='line_1_38' title="bbox 495 2034 2086 2120; baseline 0.011 -32"><span class='ocrx_word' id='word_1_225' title='bbox 495 2034 775 2091; x_wconf 86' lang='lat' dir='ltr'>insinuare</span> <span class='ocrx_word' id='word_1_226' title='bbox 790 2036 1110 2109; x_wconf 82' lang='lat' dir='ltr'>dignemini,</span> <span class='ocrx_word' id='word_1_227' title='bbox 1144 2048 1202 2094; x_wconf 92' lang='lat' dir='ltr'>ut</span> <span class='ocrx_word' id='word_1_228' title='bbox 1220 2042 1466 2113; x_wconf 88' lang='lat' dir='ltr'>gaudere</span> <span class='ocrx_word' id='word_1_229' title='bbox 1502 2044 1770 2115; x_wconf 89' lang='lat' dir='ltr'>possimus</span> <span class='ocrx_word' id='word_1_230' title='bbox 1796 2064 1922 2102; x_wconf 88' lang='lat' dir='ltr'>cum</span> <span class='ocrx_word' id='word_1_231' title='bbox 1943 2065 2086 2120; x_wconf 89' lang='lat' dir='ltr'>gau-</span> 
     </span>
    </p>
   </div>
   <div class='ocr_carea' id='block_1_39' title="bbox 497 2124 2088 2203">
    <p class='ocr_par' dir='ltr' id='par_1_39' title="bbox 497 2124 2088 2203">
     <span class='ocr_line' id='line_1_39' title="bbox 497 2124 2088 2203; baseline 0.011 -25"><span class='ocrx_word' id='word_1_232' title='bbox 497 2124 657 2179; x_wconf 90' lang='lat' dir='ltr'>dente</span> <span class='ocrx_word' id='word_1_233' title='bbox 688 2132 741 2180; x_wconf 93' lang='lat' dir='ltr'>et</span> <span class='ocrx_word' id='word_1_234' title='bbox 770 2142 889 2181; x_wconf 91' lang='lat' dir='ltr'>cum</span> <span class='ocrx_word' id='word_1_235' title='bbox 921 2127 1160 2195; x_wconf 88' lang='lat' dir='ltr'>dolente,</span> <span class='ocrx_word' id='word_1_236' title='bbox 1183 2130 1331 2200; x_wconf 89' lang='lat' dir='ltr'>quod</span> <span class='ocrx_word' id='word_1_237' title='bbox 1351 2131 1694 2203; x_wconf 89' lang='lat' dir='ltr'>omnipotens</span> <span class='ocrx_word' id='word_1_238' title='bbox 1722 2136 1865 2192; x_wconf 88' lang='lat' dir='ltr'>Deus</span> <span class='ocrx_word' id='word_1_239' title='bbox 1881 2147 2088 2195; x_wconf 89' lang='lat' dir='ltr'>avertat</span> 
     </span>
    </p>
   </div>
   <div class='ocr_carea' id='block_1_40' title="bbox 495 2213 2087 2299">
    <p class='ocr_par' dir='ltr' id='par_1_40' title="bbox 495 2213 2087 2299">
     <span class='ocr_line' id='line_1_40' title="bbox 495 2213 2087 2299; baseline 0.011 -33"><span class='ocrx_word' id='word_1_240' title='bbox 495 2227 527 2266; x_wconf 88' lang='lat' dir='ltr'>a</span> <span class='ocrx_word' id='word_1_241' title='bbox 564 2213 741 2281; x_wconf 84' lang='lat' dir='ltr'>vobis,</span> <span class='ocrx_word' id='word_1_242' title='bbox 774 2222 832 2269; x_wconf 90' lang='lat' dir='ltr'>ut</span> <span class='ocrx_word' id='word_1_243' title='bbox 874 2213 969 2270; x_wconf 83' lang='lat' dir='ltr'>filii</span> <span class='ocrx_word' id='word_1_244' title='bbox 1024 2218 1429 2274; x_wconf 88' lang='lat' dir='ltr'>condoleamus.</span> <span class='ocrx_word' id='word_1_245' title='bbox 1463 2221 1653 2279; x_wconf 86' lang='lat' dir='ltr'>Gratia</span> <span class='ocrx_word' id='word_1_246' title='bbox 1705 2225 1807 2280; x_wconf 88' lang='lat' dir='ltr'>Dei</span> <span class='ocrx_word' id='word_1_247' title='bbox 1862 2234 1918 2282; x_wconf 91' lang='lat' dir='ltr'>et</span> <span class='ocrx_word' id='word_1_248' title='bbox 1979 2243 2087 2299; x_wconf 76' lang='lat' dir='ltr'>pax</span> 
     </span>
    </p>
   </div>
   <div class='ocr_carea' id='block_1_41' title="bbox 494 2301 2088 2376">
    <p class='ocr_par' dir='ltr' id='par_1_41' title="bbox 494 2301 2088 2376">
     <span class='ocr_line' id='line_1_41' title="bbox 494 2301 2088 2376; baseline 0.011 -19"><span class='ocrx_word' id='word_1_249' title='bbox 494 2301 793 2370; x_wconf 85' lang='lat' dir='ltr'>vobiscum,</span> <span class='ocrx_word' id='word_1_250' title='bbox 825 2308 983 2374; x_wconf 90' lang='lat' dir='ltr'>pater</span> <span class='ocrx_word' id='word_1_251' title='bbox 1010 2304 1267 2376; x_wconf 83' lang='lat' dir='ltr'>gloriose.</span> <span class='ocrx_word' id='word_1_252' title='bbox 1304 2308 1575 2366; x_wconf 85' lang='lat' dir='ltr'>Memento</span> <span class='ocrx_word' id='word_1_253' title='bbox 1606 2313 1773 2370; x_wconf 87' lang='lat' dir='ltr'>nostri</span> <span class='ocrx_word' id='word_1_254' title='bbox 1816 2313 1871 2369; x_wconf 90' lang='lat' dir='ltr'>in</span> <span class='ocrx_word' id='word_1_255' title='bbox 1892 2318 2088 2374; x_wconf 83' lang='lat' dir='ltr'>sanctis</span> 
     </span>
    </p>
   </div>
   <div class='ocr_carea' id='block_1_42' title="bbox 497 2390 1073 2448">
    <p class='ocr_par' dir='ltr' id='par_1_42' title="bbox 497 2390 1073 2448">
     <span class='ocr_line' id='line_1_42' title="bbox 497 2390 1073 2448; baseline 0.002 -2"><span class='ocrx_word' id='word_1_256' title='bbox 497 2390 834 2446; x_wconf 77' lang='lat' dir='ltr'>orationibus</span> <span class='ocrx_word' id='word_1_257' title='bbox 863 2393 1073 2448; x_wconf 87' lang='lat' dir='ltr'>vestris.</span> 
     </span>
    </p>
   </div>
   <div class='ocr_carea' id='block_1_43' title="bbox 1002 2492 1570 2552">
    <p class='ocr_par' dir='ltr' id='par_1_43' title="bbox 1002 2492 1570 2552">
     <span class='ocr_line' id='line_1_43' title="bbox 1002 2492 1570 2552; baseline 0.011 -6"><span class='ocrx_word' id='word_1_258' title='bbox 1002 2492 1343 2550; x_wconf 81' lang='lat' dir='ltr'>EPISTOLA</span> <span class='ocrx_word' id='word_1_259' title='bbox 1371 2497 1570 2552; x_wconf 83' lang='lat' dir='ltr'>XVIII.</span> 
     </span>
    </p>
   </div>
   <div class='ocr_carea' id='block_1_44' title="bbox 488 2600 2082 2664">
    <p class='ocr_par' dir='ltr' id='par_1_44' title="bbox 488 2600 2082 2664">
     <span class='ocr_line' id='line_1_44' title="bbox 488 2600 2082 2664; baseline 0.01 -29"><span class='ocrx_word' id='word_1_260' title='bbox 488 2602 803 2637; x_wconf 71' lang='lat' dir='ltr'>ANSELMIAD</span> <span class='ocrx_word' id='word_1_261' title='bbox 816 2603 1069 2639; x_wconf 68' lang='lat' dir='ltr'>HUGONEM</span> <span class='ocrx_word' id='word_1_262' title='bbox 1086 2605 1485 2643; x_wconf 68' lang='lat' dir='ltr'>LUGDUNENSEH</span> <span class='ocrx_word' id='word_1_263' title='bbox 1503 2600 2082 2664; x_wconf 55' lang='lat' dir='ltr'>ancniariscoruuﬁfi).</span> 
     </span>
    </p>
   </div>
   <div class='ocr_carea' id='block_1_45' title="bbox 556 2692 2080 2774">
    <p class='ocr_par' dir='ltr' id='par_1_45' title="bbox 556 2692 2080 2774">
     <span class='ocr_line' id='line_1_45' title="bbox 556 2692 2080 2774; baseline 0.012 -26"><span class='ocrx_word' id='word_1_264' title='bbox 556 2692 788 2749; x_wconf 90' lang='lat' dir='ltr'>Domino</span> <span class='ocrx_word' id='word_1_265' title='bbox 813 2697 1137 2762; x_wconf 87' lang='lat' dir='ltr'>reverendo,</span> <span class='ocrx_word' id='word_1_266' title='bbox 1173 2701 1226 2753; x_wconf 89' lang='lat' dir='ltr'>et</span> <span class='ocrx_word' id='word_1_267' title='bbox 1246 2699 1394 2755; x_wconf 86' lang='lat' dir='ltr'>Patri</span> <span class='ocrx_word' id='word_1_268' title='bbox 1425 2700 1961 2774; x_wconf 75' lang='lat' dir='ltr'>diligendo,Hucom</span> <span class='ocrx_word' id='word_1_269' title='bbox 1981 2725 2080 2765; x_wconf 84' lang='lat' dir='ltr'>ve-</span> 
     </span>
    </p>
   </div>
   <div class='ocr_carea' id='block_1_46' title="bbox 485 2782 2078 2860">
    <p class='ocr_par' dir='ltr' id='par_1_46' title="bbox 485 2782 2078 2860">
     <span class='ocr_line' id='line_1_46' title="bbox 485 2782 2078 2860; baseline 0.011 -24"><span class='ocrx_word' id='word_1_270' title='bbox 485 2782 717 2837; x_wconf 85' lang='lat' dir='ltr'>nerabili</span> <span class='ocrx_word' id='word_1_271' title='bbox 743 2784 959 2854; x_wconf 89' lang='lat' dir='ltr'>primati</span> <span class='ocrx_word' id='word_1_272' title='bbox 977 2786 1653 2860; x_wconf 73' lang='lat' dir='ltr'>Lugdunensi,A1stLMus</span> <span class='ocrx_word' id='word_1_273' title='bbox 1670 2808 1860 2850; x_wconf 89' lang='lat' dir='ltr'>servus</span> <span class='ocrx_word' id='word_1_274' title='bbox 1881 2796 2078 2854; x_wconf 88' lang='lat' dir='ltr'>Eccle-</span> 
     </span>
    </p>
   </div>
   <div class='ocr_carea' id='block_1_47' title="bbox 482 2870 2075 2960">
    <p class='ocr_par' dir='ltr' id='par_1_47' title="bbox 482 2870 2075 2960">
     <span class='ocr_line' id='line_1_47' title="bbox 482 2870 2075 2960; baseline 0.011 -34"><span class='ocrx_word' id='word_1_275' title='bbox 482 2870 577 2926; x_wconf 70' lang='lat' dir='ltr'>siae</span> <span class='ocrx_word' id='word_1_276' title='bbox 624 2872 1050 2943; x_wconf 88' lang='lat' dir='ltr'>Cantuariensis,</span> <span class='ocrx_word' id='word_1_277' title='bbox 1101 2878 1250 2948; x_wconf 91' lang='lat' dir='ltr'>quod</span> <span class='ocrx_word' id='word_1_278' title='bbox 1305 2893 1515 2949; x_wconf 86' lang='lat' dir='ltr'>servus,</span> <span class='ocrx_word' id='word_1_279' title='bbox 1541 2882 1687 2951; x_wconf 89' lang='lat' dir='ltr'>quod</span> <span class='ocrx_word' id='word_1_280' title='bbox 1734 2881 1893 2954; x_wconf 88' lang='lat' dir='ltr'>ﬁlius,</span> <span class='ocrx_word' id='word_1_281' title='bbox 1925 2888 2075 2960; x_wconf 89' lang='lat' dir='ltr'>quod</span> 
     </span>
    </p>
   </div>
   <div class='ocr_carea' id='block_1_48' title="bbox 474 2966 794 3019">
    <p class='ocr_par' dir='ltr' id='par_1_48' title="bbox 474 2966 794 3019">
     <span class='ocr_line' id='line_1_48' title="bbox 474 2966 794 3019; baseline 0.006 -2"><span class='ocrx_word' id='word_1_282' title='bbox 474 2966 620 3018; x_wconf 85' lang='lat' dir='ltr'>totus</span> <span class='ocrx_word' id='word_1_283' title='bbox 647 2978 794 3019; x_wconf 92' lang='lat' dir='ltr'>suus.</span> 
     </span>
    </p>
   </div>
   <div class='ocr_carea' id='block_1_49' title="bbox 553 3050 2071 3139">
    <p class='ocr_par' dir='ltr' id='par_1_49' title="bbox 553 3050 2071 3139">
     <span class='ocr_line' id='line_1_49' title="bbox 553 3050 2071 3139; baseline 0.011 -34"><span class='ocrx_word' id='word_1_284' title='bbox 553 3050 858 3108; x_wconf 88' lang='lat' dir='ltr'>Gaudendo</span> <span class='ocrx_word' id='word_1_285' title='bbox 887 3054 1093 3126; x_wconf 83' lang='lat' dir='ltr'>gratias</span> <span class='ocrx_word' id='word_1_286' title='bbox 1113 3056 1324 3129; x_wconf 87' lang='lat' dir='ltr'>agimus</span> <span class='ocrx_word' id='word_1_287' title='bbox 1353 3058 1487 3125; x_wconf 91' lang='lat' dir='ltr'>Deo,</span> <span class='ocrx_word' id='word_1_288' title='bbox 1521 3067 1573 3115; x_wconf 88' lang='lat' dir='ltr'>et</span> <span class='ocrx_word' id='word_1_289' title='bbox 1623 3062 1823 3132; x_wconf 85' lang='lat' dir='ltr'>gratias</span> <span class='ocrx_word' id='word_1_290' title='bbox 1853 3067 2071 3139; x_wconf 86' lang='lat' dir='ltr'>agendo</span> 
     </span>
    </p>
   </div>
   <div class='ocr_carea' id='block_1_50' title="bbox 2191 1884 3790 1959">
    <p class='ocr_par' dir='ltr' id='par_1_50' title="bbox 2191 1884 3790 1959">
     <span class='ocr_line' id='line_1_50' title="bbox 2191 1884 3790 1959; baseline -0.001 -21"><span class='ocrx_word' id='word_1_291' title='bbox 2191 1885 2260 1939; x_wconf 92' lang='lat' dir='ltr'>rit</span> <span class='ocrx_word' id='word_1_292' title='bbox 2289 1886 2543 1940; x_wconf 88' lang='lat' dir='ltr'>sanctitas</span> <span class='ocrx_word' id='word_1_293' title='bbox 2572 1894 2749 1941; x_wconf 88' lang='lat' dir='ltr'>vestra</span> <span class='ocrx_word' id='word_1_294' title='bbox 2780 1887 2905 1957; x_wconf 87' lang='lat' dir='ltr'>quia</span> <span class='ocrx_word' id='word_1_295' title='bbox 2922 1903 3155 1959; x_wconf 89' lang='lat' dir='ltr'>regnum</span> <span class='ocrx_word' id='word_1_296' title='bbox 3188 1886 3494 1959; x_wconf 82' lang='lat' dir='ltr'>Anglorum</span> <span class='ocrx_word' id='word_1_297' title='bbox 3522 1884 3790 1940; x_wconf 87' lang='lat' dir='ltr'>bellorum</span> 
     </span>
    </p>
   </div>
   <div class='ocr_carea' id='block_1_51' title="bbox 2194 1975 3791 2047">
    <p class='ocr_par' dir='ltr' id='par_1_51' title="bbox 2194 1975 3791 2047">
     <span class='ocr_line' id='line_1_51' title="bbox 2194 1975 3791 2047; baseline 0.001 -19"><span class='ocrx_word' id='word_1_298' title='bbox 2194 1982 2381 2030; x_wconf 90' lang='lat' dir='ltr'>contra</span> <span class='ocrx_word' id='word_1_299' title='bbox 2411 1991 2468 2030; x_wconf 91' lang='lat' dir='ltr'>se</span> <span class='ocrx_word' id='word_1_300' title='bbox 2492 1976 2730 2046; x_wconf 90' lang='lat' dir='ltr'>undique</span> <span class='ocrx_word' id='word_1_301' title='bbox 2750 1977 3088 2047; x_wconf 89' lang='lat' dir='ltr'>surgentium</span> <span class='ocrx_word' id='word_1_302' title='bbox 3120 1975 3307 2030; x_wconf 89' lang='lat' dir='ltr'>nuntio</span> <span class='ocrx_word' id='word_1_303' title='bbox 3339 1976 3450 2031; x_wconf 90' lang='lat' dir='ltr'>fere</span> <span class='ocrx_word' id='word_1_304' title='bbox 3472 1975 3791 2045; x_wconf 89' lang='lat' dir='ltr'>quotidiano</span> 
     </span>
    </p>
   </div>
   <div class='ocr_carea' id='block_1_52' title="bbox 2194 2063 3793 2136">
    <p class='ocr_par' dir='ltr' id='par_1_52' title="bbox 2194 2063 3793 2136">
     <span class='ocr_line' id='line_1_52' title="bbox 2194 2063 3793 2136; baseline 0 -19"><span class='ocrx_word' id='word_1_305' title='bbox 2194 2071 2588 2131; x_wconf 90' lang='lat' dir='ltr'>commovetur,</span> <span class='ocrx_word' id='word_1_306' title='bbox 2621 2064 2761 2119; x_wconf 91' lang='lat' dir='ltr'>unde</span> <span class='ocrx_word' id='word_1_307' title='bbox 2809 2065 2937 2119; x_wconf 87' lang='lat' dir='ltr'>satis</span> <span class='ocrx_word' id='word_1_308' title='bbox 2985 2081 3178 2120; x_wconf 90' lang='lat' dir='ltr'>vereor</span> <span class='ocrx_word' id='word_1_309' title='bbox 3230 2080 3300 2119; x_wconf 91' lang='lat' dir='ltr'>ne</span> <span class='ocrx_word' id='word_1_310' title='bbox 3357 2063 3633 2136; x_wconf 87' lang='lat' dir='ltr'>contingat</span> <span class='ocrx_word' id='word_1_311' title='bbox 3691 2078 3793 2117; x_wconf 91' lang='lat' dir='ltr'>nos</span> 
     </span>
    </p>
   </div>
   <div class='ocr_carea' id='block_1_53' title="bbox 2195 2150 3793 2223">
    <p class='ocr_par' dir='ltr' id='par_1_53' title="bbox 2195 2150 3793 2223">
     <span class='ocr_line' id='line_1_53' title="bbox 2195 2150 3793 2223; baseline 0 -16"><span class='ocrx_word' id='word_1_312' title='bbox 2195 2168 2291 2222; x_wconf 91' lang='lat' dir='ltr'>pro</span> <span class='ocrx_word' id='word_1_313' title='bbox 2309 2152 2461 2207; x_wconf 90' lang='lat' dir='ltr'>vobis</span> <span class='ocrx_word' id='word_1_314' title='bbox 2489 2152 2666 2207; x_wconf 91' lang='lat' dir='ltr'>minus</span> <span class='ocrx_word' id='word_1_315' title='bbox 2694 2154 2973 2223; x_wconf 80' lang='lat' dir='ltr'>prodesse,</span> <span class='ocrx_word' id='word_1_316' title='bbox 3022 2156 3150 2223; x_wconf 87' lang='lat' dir='ltr'>quia</span> <span class='ocrx_word' id='word_1_317' title='bbox 3194 2152 3353 2208; x_wconf 92' lang='lat' dir='ltr'>nobis</span> <span class='ocrx_word' id='word_1_318' title='bbox 3399 2152 3582 2207; x_wconf 88' lang='lat' dir='ltr'>hostes</span> <span class='ocrx_word' id='word_1_319' title='bbox 3637 2150 3793 2207; x_wconf 85' lang='lat' dir='ltr'>time-</span> 
     </span>
    </p>
   </div>
   <div class='ocr_carea' id='block_1_54' title="bbox 2196 2240 3793 2312">
    <p class='ocr_par' dir='ltr' id='par_1_54' title="bbox 2196 2240 3793 2312">
     <span class='ocr_line' id='line_1_54' title="bbox 2196 2240 3793 2312; baseline 0.001 -18"><span class='ocrx_word' id='word_1_320' title='bbox 2196 2256 2312 2295; x_wconf 91' lang='lat' dir='ltr'>mus</span> <span class='ocrx_word' id='word_1_321' title='bbox 2341 2240 2553 2296; x_wconf 89' lang='lat' dir='ltr'>obesse.</span> <span class='ocrx_word' id='word_1_322' title='bbox 2585 2243 2722 2296; x_wconf 91' lang='lat' dir='ltr'>Nam</span> <span class='ocrx_word' id='word_1_323' title='bbox 2754 2243 2884 2296; x_wconf 91' lang='lat' dir='ltr'>dum</span> <span class='ocrx_word' id='word_1_324' title='bbox 2916 2242 3139 2312; x_wconf 87' lang='lat' dir='ltr'>quisque</span> <span class='ocrx_word' id='word_1_325' title='bbox 3184 2249 3335 2297; x_wconf 90' lang='lat' dir='ltr'>curat</span> <span class='ocrx_word' id='word_1_326' title='bbox 3389 2241 3521 2296; x_wconf 91' lang='lat' dir='ltr'>tueri</span> <span class='ocrx_word' id='word_1_327' title='bbox 3570 2240 3793 2311; x_wconf 89' lang='lat' dir='ltr'>propria</span> 
     </span>
    </p>
   </div>
   <div class='ocr_carea' id='block_1_55' title="bbox 2198 2329 3792 2400">
    <p class='ocr_par' dir='ltr' id='par_1_55' title="bbox 2198 2329 3792 2400">
     <span class='ocr_line' id='line_1_55' title="bbox 2198 2329 3792 2400; baseline 0.001 -18"><span class='ocrx_word' id='word_1_328' title='bbox 2198 2330 2379 2384; x_wconf 86' lang='lat' dir='ltr'>minus</span> <span class='ocrx_word' id='word_1_329' title='bbox 2405 2338 2585 2400; x_wconf 90' lang='lat' dir='ltr'>potest</span> <span class='ocrx_word' id='word_1_330' title='bbox 2608 2346 2795 2386; x_wconf 89' lang='lat' dir='ltr'>curare</span> <span class='ocrx_word' id='word_1_331' title='bbox 2830 2330 3157 2385; x_wconf 90' lang='lat' dir='ltr'>communia.</span> <span class='ocrx_word' id='word_1_332' title='bbox 3204 2329 3536 2386; x_wconf 90' lang='lat' dir='ltr'>Conabimur</span> <span class='ocrx_word' id='word_1_333' title='bbox 3584 2337 3792 2398; x_wconf 88' lang='lat' dir='ltr'>tamen,</span> 
     </span>
    </p>
   </div>
   <div class='ocr_carea' id='block_1_56' title="bbox 2200 2416 3786 2486">
    <p class='ocr_par' dir='ltr' id='par_1_56' title="bbox 2200 2416 3786 2486">
     <span class='ocr_line' id='line_1_56' title="bbox 2200 2416 3786 2486; baseline 0.001 -15"><span class='ocrx_word' id='word_1_334' title='bbox 2200 2417 2315 2472; x_wconf 89' lang='lat' dir='ltr'>Deo</span> <span class='ocrx_word' id='word_1_335' title='bbox 2378 2425 2665 2484; x_wconf 91' lang='lat' dir='ltr'>annuente,</span> <span class='ocrx_word' id='word_1_336' title='bbox 2722 2417 2827 2473; x_wconf 89' lang='lat' dir='ltr'>hoc</span> <span class='ocrx_word' id='word_1_337' title='bbox 2864 2416 3071 2473; x_wconf 76' lang='lat' dir='ltr'>eﬁicere</span> <span class='ocrx_word' id='word_1_338' title='bbox 3125 2417 3428 2473; x_wconf 87' lang='lat' dir='ltr'>orationum</span> <span class='ocrx_word' id='word_1_339' title='bbox 3475 2416 3786 2486; x_wconf 89' lang='lat' dir='ltr'>devotione,</span> 
     </span>
    </p>
   </div>
   <div class='ocr_carea' id='block_1_57' title="bbox 2199 2505 3797 2576">
    <p class='ocr_par' dir='ltr' id='par_1_57' title="bbox 2199 2505 3797 2576">
     <span class='ocr_line' id='line_1_57' title="bbox 2199 2505 3797 2576; baseline 0.001 -17"><span class='ocrx_word' id='word_1_340' title='bbox 2199 2506 2348 2575; x_wconf 88' lang='lat' dir='ltr'>quod</span> <span class='ocrx_word' id='word_1_341' title='bbox 2378 2522 2487 2561; x_wconf 92' lang='lat' dir='ltr'>non</span> <span class='ocrx_word' id='word_1_342' title='bbox 2525 2506 2767 2561; x_wconf 88' lang='lat' dir='ltr'>valemus</span> <span class='ocrx_word' id='word_1_343' title='bbox 2810 2506 3040 2561; x_wconf 90' lang='lat' dir='ltr'>militum</span> <span class='ocrx_word' id='word_1_344' title='bbox 3097 2506 3433 2561; x_wconf 88' lang='lat' dir='ltr'>collectione.</span> <span class='ocrx_word' id='word_1_345' title='bbox 3494 2505 3797 2576; x_wconf 89' lang='lat' dir='ltr'>Speramus</span> 
     </span>
    </p>
   </div>
   <div class='ocr_carea' id='block_1_58' title="bbox 2196 2593 3796 2665">
    <p class='ocr_par' dir='ltr' id='par_1_58' title="bbox 2196 2593 3796 2665">
     <span class='ocr_line' id='line_1_58' title="bbox 2196 2593 3796 2665; baseline 0 -18"><span class='ocrx_word' id='word_1_346' title='bbox 2196 2601 2377 2649; x_wconf 91' lang='lat' dir='ltr'>autem</span> <span class='ocrx_word' id='word_1_347' title='bbox 2400 2594 2453 2647; x_wconf 90' lang='lat' dir='ltr'>in</span> <span class='ocrx_word' id='word_1_348' title='bbox 2484 2593 2856 2650; x_wconf 90' lang='lat' dir='ltr'>misericordia</span> <span class='ocrx_word' id='word_1_349' title='bbox 2884 2594 2979 2650; x_wconf 91' lang='lat' dir='ltr'>Dei</span> <span class='ocrx_word' id='word_1_350' title='bbox 3012 2594 3137 2665; x_wconf 88' lang='lat' dir='ltr'>quia</span> <span class='ocrx_word' id='word_1_351' title='bbox 3168 2610 3274 2650; x_wconf 90' lang='lat' dir='ltr'>non</span> <span class='ocrx_word' id='word_1_352' title='bbox 3304 2594 3568 2664; x_wconf 85' lang='lat' dir='ltr'>relinquet</span> <span class='ocrx_word' id='word_1_353' title='bbox 3584 2593 3796 2665; x_wconf 89' lang='lat' dir='ltr'>virgam</span> 
     </span>
    </p>
   </div>
   <div class='ocr_carea' id='block_1_59' title="bbox 2193 2681 3794 2754">
    <p class='ocr_par' dir='ltr' id='par_1_59' title="bbox 2193 2681 3794 2754">
     <span class='ocr_line' id='line_1_59' title="bbox 2193 2681 3794 2754; baseline -0.001 -17"><span class='ocrx_word' id='word_1_354' title='bbox 2193 2691 2534 2753; x_wconf 90' lang='lat' dir='ltr'>peccatorum</span> <span class='ocrx_word' id='word_1_355' title='bbox 2559 2698 2721 2753; x_wconf 92' lang='lat' dir='ltr'>super</span> <span class='ocrx_word' id='word_1_356' title='bbox 2748 2691 2944 2739; x_wconf 91' lang='lat' dir='ltr'>sortem</span> <span class='ocrx_word' id='word_1_357' title='bbox 2971 2685 3240 2753; x_wconf 89' lang='lat' dir='ltr'>justorum</span> <span class='ocrx_word' id='word_1_358' title='bbox 3271 2684 3449 2754; x_wconf 73' lang='grc' dir='ltr'>(Ρεαι.</span> <span class='ocrx_word' id='word_1_359' title='bbox 3494 2698 3684 2749; x_wconf 77' lang='lat' dir='ltr'>cxxxv,</span> <span class='ocrx_word' id='word_1_360' title='bbox 3719 2681 3794 2751; x_wconf 88' lang='lat'>3),</span> 
     </span>
    </p>
   </div>
   <div class='ocr_carea' id='block_1_60' title="bbox 2192 2770 3785 2841">
    <p class='ocr_par' dir='ltr' id='par_1_60' title="bbox 2192 2770 3785 2841">
     <span class='ocr_line' id='line_1_60' title="bbox 2192 2770 3785 2841; baseline 0 -16"><span class='ocrx_word' id='word_1_361' title='bbox 2192 2786 2366 2841; x_wconf 92' lang='lat' dir='ltr'>neque</span> <span class='ocrx_word' id='word_1_362' title='bbox 2397 2772 2571 2826; x_wconf 87' lang='lat' dir='ltr'>tradet</span> <span class='ocrx_word' id='word_1_363' title='bbox 2608 2770 2797 2826; x_wconf 88' lang='lat' dir='ltr'>bestiis</span> <span class='ocrx_word' id='word_1_364' title='bbox 2839 2771 3049 2826; x_wconf 91' lang='lat' dir='ltr'>animas</span> <span class='ocrx_word' id='word_1_365' title='bbox 3096 2770 3408 2827; x_wconf 85' lang='lat' dir='ltr'>conﬁtentes</span> <span class='ocrx_word' id='word_1_366' title='bbox 3450 2771 3555 2825; x_wconf 89' lang='lat' dir='ltr'>sibi</span> <span class='ocrx_word' id='word_1_367' title='bbox 3601 2770 3785 2840; x_wconf 75' lang='lat' dir='ltr'>(Psat.</span> 
     </span>
    </p>
   </div>
   <div class='ocr_carea' id='block_1_61' title="bbox 2189 2859 3795 2931">
    <p class='ocr_par' dir='ltr' id='par_1_61' title="bbox 2189 2859 3795 2931">
     <span class='ocr_line' id='line_1_61' title="bbox 2189 2859 3795 2931; baseline -0.001 -17"><span class='ocrx_word' id='word_1_368' title='bbox 2189 2874 2376 2927; x_wconf 83' lang='lat' dir='ltr'>Lxxm,</span> <span class='ocrx_word' id='word_1_369' title='bbox 2411 2861 2519 2929; x_wconf 82' lang='grc'>19).</span> <span class='ocrx_word' id='word_1_370' title='bbox 2544 2859 2898 2930; x_wconf 90' lang='lat' dir='ltr'>Omnipotens</span> <span class='ocrx_word' id='word_1_371' title='bbox 2926 2860 3072 2915; x_wconf 91' lang='lat' dir='ltr'>Deus</span> <span class='ocrx_word' id='word_1_372' title='bbox 3101 2860 3317 2931; x_wconf 89' lang='lat' dir='ltr'>adjutor</span> <span class='ocrx_word' id='word_1_373' title='bbox 3358 2860 3412 2914; x_wconf 90' lang='lat' dir='ltr'>in</span> <span class='ocrx_word' id='word_1_374' title='bbox 3468 2859 3795 2931; x_wconf 87' lang='lat' dir='ltr'>opportuni-</span> 
     </span>
    </p>
   </div>
   <div class='ocr_carea' id='block_1_62' title="bbox 2185 2947 3795 3020">
    <p class='ocr_par' dir='ltr' id='par_1_62' title="bbox 2185 2947 3795 3020">
     <span class='ocr_line' id='line_1_62' title="bbox 2185 2947 3795 3020; baseline 0.001 -18"><span class='ocrx_word' id='word_1_375' title='bbox 2185 2948 2406 3015; x_wconf 90' lang='lat' dir='ltr'>tatibus,</span> <span class='ocrx_word' id='word_1_376' title='bbox 2440 2948 2497 3003; x_wconf 89' lang='lat' dir='ltr'>in</span> <span class='ocrx_word' id='word_1_377' title='bbox 2531 2948 2876 3004; x_wconf 89' lang='lat' dir='ltr'>tribulatione</span> <span class='ocrx_word' id='word_1_378' title='bbox 2906 2949 3083 3013; x_wconf 85' lang='lat' dir='ltr'>(Psal.</span> <span class='ocrx_word' id='word_1_379' title='bbox 3119 2963 3192 3017; x_wconf 79' lang='grc' dir='ltr'>ιχ,</span> <span class='ocrx_word' id='word_1_380' title='bbox 3227 2949 3336 3020; x_wconf 88' lang='grc'>10),</span> <span class='ocrx_word' id='word_1_381' title='bbox 3369 2947 3655 3003; x_wconf 89' lang='lat' dir='ltr'>subveniat</span> <span class='ocrx_word' id='word_1_382' title='bbox 3697 2963 3795 3003; x_wconf 87' lang='lat' dir='ltr'>vo-</span> 
     </span>
    </p>
   </div>
   <div class='ocr_carea' id='block_1_63' title="bbox 2179 3034 3788 3093">
    <p class='ocr_par' dir='ltr' id='par_1_63' title="bbox 2179 3034 3788 3093">
     <span class='ocr_line' id='line_1_63' title="bbox 2179 3034 3788 3093; baseline 0.001 -3"><span class='ocrx_word' id='word_1_383' title='bbox 2179 3035 2265 3090; x_wconf 91' lang='lat' dir='ltr'>bis</span> <span class='ocrx_word' id='word_1_384' title='bbox 2328 3037 2625 3093; x_wconf 89' lang='lat' dir='ltr'>secundum</span> <span class='ocrx_word' id='word_1_385' title='bbox 2688 3037 3063 3093; x_wconf 84' lang='lat' dir='ltr'>necessitatem</span> <span class='ocrx_word' id='word_1_386' title='bbox 3141 3045 3333 3092; x_wconf 64' lang='lat' dir='ltr'>vestrm</span> <span class='ocrx_word' id='word_1_387' title='bbox 3406 3034 3788 3092; x_wconf 53' lang='lat' dir='ltr'>tribulationis.</span> 
     </span>
    </p>
   </div>
   <div class='ocr_carea' id='block_1_64' title="bbox 478 3125 2375 3217">
    <p class='ocr_par' dir='ltr' id='par_1_64' title="bbox 478 3125 2375 3217">
     <span class='ocr_line' id='line_1_64' title="bbox 478 3125 2375 3217; baseline 0.014 -25"><span class='ocrx_word' id='word_1_388' title='bbox 478 3140 782 3211; x_wconf 83' lang='lat' dir='ltr'>gaudemus</span> <span class='ocrx_word' id='word_1_389' title='bbox 811 3125 936 3213; x_wconf 90' lang='lat' dir='ltr'>quia</span> <span class='ocrx_word' id='word_1_390' title='bbox 973 3125 1171 3215; x_wconf 36' lang='lat' dir='ltr'>pietasv</span> <span class='ocrx_word' id='word_1_391' title='bbox 1200 3145 1386 3203; x_wconf 90' lang='lat' dir='ltr'>divina</span> <span class='ocrx_word' id='word_1_392' title='bbox 1440 3125 1690 3206; x_wconf 67' lang='lat' dir='ltr'>vestrum</span> <span class='ocrx_word' id='word_1_393' title='bbox 1746 3125 2073 3212; x_wconf 70' lang='lat' dir='ltr'>desiderium</span> <span class='ocrx_word' id='word_1_394' title='bbox 2096 3152 2146 3217; x_wconf 78' lang='grc' dir='ltr'>Ο</span> <span class='ocrx_word' id='word_1_395' title='bbox 2176 3125 2375 3181; x_wconf 64' lang='lat' dir='ltr'><strong>Amen“</strong></span> 
     </span>
    </p>
   </div>
   <div class='ocr_carea' id='block_1_65' title="bbox 478 3224 2072 3312">
    <p class='ocr_par' dir='ltr' id='par_1_65' title="bbox 478 3224 2072 3312">
     <span class='ocr_line' id='line_1_65' title="bbox 478 3224 2072 3312; baseline 0.012 -33"><span class='ocrx_word' id='word_1_396' title='bbox 478 3224 730 3280; x_wconf 88' lang='lat' dir='ltr'>visitandi</span> <span class='ocrx_word' id='word_1_397' title='bbox 770 3226 951 3282; x_wconf 89' lang='lat' dir='ltr'>locum</span> <span class='ocrx_word' id='word_1_398' title='bbox 979 3229 1032 3283; x_wconf 92' lang='lat' dir='ltr'>in</span> <span class='ocrx_word' id='word_1_399' title='bbox 1062 3246 1168 3300; x_wconf 91' lang='lat' dir='ltr'>quo</span> <span class='ocrx_word' id='word_1_400' title='bbox 1197 3231 1341 3287; x_wconf 88' lang='lat' dir='ltr'>salus</span> <span class='ocrx_word' id='word_1_401' title='bbox 1383 3241 1567 3290; x_wconf 89' lang='lat' dir='ltr'>nostra</span> <span class='ocrx_word' id='word_1_402' title='bbox 1622 3248 1915 3309; x_wconf 79' lang='lat' dir='ltr'>procurata</span> <span class='ocrx_word' id='word_1_403' title='bbox 1970 3251 2072 3312; x_wconf 87' lang='lat' dir='ltr'>est,</span> 
     </span>
    </p>
   </div>
   <div class='ocr_carea' id='block_1_66' title="bbox 483 3314 2076 3388">
    <p class='ocr_par' dir='ltr' id='par_1_66' title="bbox 483 3314 2076 3388">
     <span class='ocr_line' id='line_1_66' title="bbox 483 3314 2076 3388; baseline 0.013 -21"><span class='ocrx_word' id='word_1_404' title='bbox 483 3314 993 3385; x_wconf 88' lang='lat' dir='ltr'>adimplevit,etnos</span> <span class='ocrx_word' id='word_1_405' title='bbox 1022 3320 1091 3374; x_wconf 92' lang='lat' dir='ltr'>de</span> <span class='ocrx_word' id='word_1_406' title='bbox 1119 3321 1298 3376; x_wconf 89' lang='lat' dir='ltr'>reditu</span> <span class='ocrx_word' id='word_1_407' title='bbox 1322 3332 1502 3380; x_wconf 90' lang='lat' dir='ltr'>vestro</span> <span class='ocrx_word' id='word_1_408' title='bbox 1533 3333 1584 3381; x_wconf 92' lang='lat' dir='ltr'>et</span> <span class='ocrx_word' id='word_1_409' title='bbox 1613 3328 1681 3383; x_wconf 92' lang='lat' dir='ltr'>de</span> <span class='ocrx_word' id='word_1_410' title='bbox 1709 3329 1879 3386; x_wconf 91' lang='lat' dir='ltr'>salute</span> <span class='ocrx_word' id='word_1_411' title='bbox 1916 3331 2076 3388; x_wconf 92' lang='lat' dir='ltr'>vobis</span> 
     </span>
    </p>
   </div>
   <div class='ocr_carea' id='block_1_67' title="bbox 478 3402 2078 3486">
    <p class='ocr_par' dir='ltr' id='par_1_67' title="bbox 478 3402 2078 3486">
     <span class='ocr_line' id='line_1_67' title="bbox 478 3402 2078 3486; baseline 0.013 -28"><span class='ocrx_word' id='word_1_412' title='bbox 478 3402 724 3459; x_wconf 89' lang='lat' dir='ltr'>restituta</span> <span class='ocrx_word' id='word_1_413' title='bbox 776 3404 1087 3463; x_wconf 68' lang='lat' dir='ltr'>laetiﬁcavit.</span> <span class='ocrx_word' id='word_1_414' title='bbox 1121 3409 1346 3467; x_wconf 88' lang='lat' dir='ltr'>Gratias</span> <span class='ocrx_word' id='word_1_415' title='bbox 1397 3429 1614 3486; x_wconf 91' lang='lat' dir='ltr'>quoque</span> <span class='ocrx_word' id='word_1_416' title='bbox 1651 3416 1831 3474; x_wconf 84' lang='lat' dir='ltr'>refero</span> <span class='ocrx_word' id='word_1_417' title='bbox 1885 3430 2078 3478; x_wconf 61' lang='lat' dir='ltr'>vestra:</span> 
     </span>
    </p>
   </div>
   <div class='ocr_carea' id='block_1_68' title="bbox 479 3492 2079 3571">
    <p class='ocr_par' dir='ltr' id='par_1_68' title="bbox 479 3492 2079 3571">
     <span class='ocr_line' id='line_1_68' title="bbox 479 3492 2079 3571; baseline 0.013 -26"><span class='ocrx_word' id='word_1_418' title='bbox 479 3492 817 3562; x_wconf 89' lang='lat' dir='ltr'>paternitati,</span> <span class='ocrx_word' id='word_1_419' title='bbox 869 3511 979 3552; x_wconf 90' lang='lat' dir='ltr'>non</span> <span class='ocrx_word' id='word_1_420' title='bbox 1030 3498 1209 3554; x_wconf 89' lang='lat' dir='ltr'>solum</span> <span class='ocrx_word' id='word_1_421' title='bbox 1264 3516 1364 3571; x_wconf 91' lang='lat' dir='ltr'>pro</span> <span class='ocrx_word' id='word_1_422' title='bbox 1411 3503 1746 3561; x_wconf 89' lang='lat' dir='ltr'>multimodis</span> <span class='ocrx_word' id='word_1_423' title='bbox 1803 3507 2079 3565; x_wconf 86' lang='lat' dir='ltr'>beneﬁciis</span> 
     </span>
    </p>
   </div>
   <div class='ocr_carea' id='block_1_69' title="bbox 484 3576 2077 3658">
    <p class='ocr_par' dir='ltr' id='par_1_69' title="bbox 484 3576 2077 3658">
     <span class='ocr_line' id='line_1_69' title="bbox 484 3576 2077 3658; baseline 0.013 -29"><span class='ocrx_word' id='word_1_424' title='bbox 484 3576 618 3631; x_wconf 87' lang='lat' dir='ltr'>mihi</span> <span class='ocrx_word' id='word_1_425' title='bbox 646 3579 926 3648; x_wconf 90' lang='lat' dir='ltr'>impensis,</span> <span class='ocrx_word' id='word_1_426' title='bbox 960 3596 1154 3637; x_wconf 89' lang='lat' dir='ltr'>verum</span> <span class='ocrx_word' id='word_1_427' title='bbox 1185 3584 1345 3640; x_wconf 90' lang='lat' dir='ltr'>etiam</span> <span class='ocrx_word' id='word_1_428' title='bbox 1389 3603 1488 3658; x_wconf 88' lang='lat' dir='ltr'>pro</span> <span class='ocrx_word' id='word_1_429' title='bbox 1548 3589 1879 3649; x_wconf 82' lang='lat' dir='ltr'>indeficienti</span> <span class='ocrx_word' id='word_1_430' title='bbox 1932 3595 2077 3650; x_wconf 89' lang='lat' dir='ltr'>bona</span> 
     </span>
    </p>
   </div>
   <div class='ocr_carea' id='block_1_70' title="bbox 486 3665 2081 3741">
    <p class='ocr_par' dir='ltr' id='par_1_70' title="bbox 486 3665 2081 3741">
     <span class='ocr_line' id='line_1_70' title="bbox 486 3665 2081 3741; baseline 0.013 -21"><span class='ocrx_word' id='word_1_431' title='bbox 486 3665 781 3735; x_wconf 87' lang='lat' dir='ltr'>voluntate,</span> <span class='ocrx_word' id='word_1_432' title='bbox 815 3684 935 3738; x_wconf 54' lang='lat' dir='ltr'>quae</span> <span class='ocrx_word' id='word_1_433' title='bbox 965 3685 1055 3725; x_wconf 92' lang='lat' dir='ltr'>me</span> <span class='ocrx_word' id='word_1_434' title='bbox 1108 3679 1333 3741; x_wconf 89' lang='lat' dir='ltr'>paterna</span> <span class='ocrx_word' id='word_1_435' title='bbox 1375 3676 1740 3734; x_wconf 89' lang='lat' dir='ltr'>sollicitudine</span> <span class='ocrx_word' id='word_1_436' title='bbox 1797 3690 1852 3736; x_wconf 91' lang='lat' dir='ltr'>et</span> <span class='ocrx_word' id='word_1_437' title='bbox 1892 3682 2081 3740; x_wconf 89' lang='lat' dir='ltr'>litteris</span> 
     </span>
    </p>
   </div>
   <div class='ocr_carea' id='block_1_71' title="bbox 485 3753 2082 3844">
    <p class='ocr_par' dir='ltr' id='par_1_71' title="bbox 485 3753 2082 3844">
     <span class='ocr_line' id='line_1_71' title="bbox 485 3753 2082 3844; baseline 0.015 -39"><span class='ocrx_word' id='word_1_438' title='bbox 485 3753 596 3844; x_wconf 83' lang='lat' dir='ltr'>suis</span> <span class='ocrx_word' id='word_1_439' title='bbox 624 3754 842 3811; x_wconf 81' lang='lat' dir='ltr'>visitare</span> <span class='ocrx_word' id='word_1_440' title='bbox 871 3765 922 3811; x_wconf 92' lang='lat' dir='ltr'>et</span> <span class='ocrx_word' id='word_1_441' title='bbox 943 3758 1014 3813; x_wconf 90' lang='lat' dir='ltr'>ad</span> <span class='ocrx_word' id='word_1_442' title='bbox 1034 3760 1225 3815; x_wconf 91' lang='lat' dir='ltr'>eadem</span> <span class='ocrx_word' id='word_1_443' title='bbox 1249 3760 1514 3819; x_wconf 84' lang='lat' dir='ltr'>beneﬁcia</span> <span class='ocrx_word' id='word_1_444' title='bbox 1542 3770 1858 3839; x_wconf 87' lang='lat' dir='ltr'>repetenda,</span> <span class='ocrx_word' id='word_1_445' title='bbox 1878 3770 1923 3826; x_wconf 90' lang='lat' dir='ltr'>si</span> <span class='ocrx_word' id='word_1_446' title='bbox 1948 3788 2082 3844; x_wconf 91' lang='lat' dir='ltr'>opus</span> 
     </span>
    </p>
   </div>
   <div class='ocr_carea' id='block_1_72' title="bbox 486 3840 2081 3928">
    <p class='ocr_par' dir='ltr' id='par_1_72' title="bbox 486 3840 2081 3928">
     <span class='ocr_line' id='line_1_72' title="bbox 486 3840 2081 3928; baseline 0.014 -34"><span class='ocrx_word' id='word_1_447' title='bbox 486 3840 572 3906; x_wconf 86' lang='lat' dir='ltr'>sit,</span> <span class='ocrx_word' id='word_1_448' title='bbox 605 3856 716 3897; x_wconf 90' lang='lat' dir='ltr'>non</span> <span class='ocrx_word' id='word_1_449' title='bbox 745 3852 917 3900; x_wconf 90' lang='lat' dir='ltr'>cessat</span> <span class='ocrx_word' id='word_1_450' title='bbox 934 3844 1169 3902; x_wconf 81' lang='lat' dir='ltr'>visitare.</span> <span class='ocrx_word' id='word_1_451' title='bbox 1204 3848 1412 3917; x_wconf 87' lang='lat' dir='ltr'>Quibus</span> <span class='ocrx_word' id='word_1_452' title='bbox 1459 3852 1614 3909; x_wconf 87' lang='lat' dir='ltr'>bonis</span> <span class='ocrx_word' id='word_1_453' title='bbox 1643 3858 1905 3928; x_wconf 87' lang='lat' dir='ltr'>quoniam</span> <span class='ocrx_word' id='word_1_454' title='bbox 1949 3840 2081 3917; x_wconf 82' lang='lat' dir='ltr'>nihil</span> 
     </span>
    </p>
   </div>
   <div class='ocr_carea' id='block_1_73' title="bbox 489 3933 2082 4018">
    <p class='ocr_par' dir='ltr' id='par_1_73' title="bbox 489 3933 2082 4018">
     <span class='ocr_line' id='line_1_73' title="bbox 489 3933 2082 4018; baseline 0.014 -33"><span class='ocrx_word' id='word_1_455' title='bbox 489 3944 597 4004; x_wconf 82' lang='lat' dir='ltr'>ego</span> <span class='ocrx_word' id='word_1_456' title='bbox 626 3933 870 4005; x_wconf 88' lang='lat' dir='ltr'>cogitare</span> <span class='ocrx_word' id='word_1_457' title='bbox 894 3950 1036 4007; x_wconf 89' lang='lat' dir='ltr'>queo</span> <span class='ocrx_word' id='word_1_458' title='bbox 1057 3938 1203 4006; x_wconf 89' lang='lat' dir='ltr'>quod</span> <span class='ocrx_word' id='word_1_459' title='bbox 1232 3939 1435 4009; x_wconf 90' lang='lat' dir='ltr'>possim</span> <span class='ocrx_word' id='word_1_460' title='bbox 1464 3951 2082 4018; x_wconf 88' lang='lat' dir='ltr'>recompensare,Deum</span> 
     </span>
    </p>
   </div>
   <div class='ocr_carea' id='block_1_74' title="bbox 491 4021 2083 4110">
    <p class='ocr_par' dir='ltr' id='par_1_74' title="bbox 491 4021 2083 4110">
     <span class='ocr_line' id='line_1_74' title="bbox 491 4021 2083 4110; baseline 0.014 -35"><span class='ocrx_word' id='word_1_461' title='bbox 491 4021 918 4110; x_wconf 88' lang='lat' dir='ltr'>omnipotentem</span> <span class='ocrx_word' id='word_1_462' title='bbox 952 4040 1051 4094; x_wconf 90' lang='lat' dir='ltr'>pro</span> <span class='ocrx_word' id='word_1_463' title='bbox 1081 4028 1235 4098; x_wconf 89' lang='lat' dir='ltr'>cujus</span> <span class='ocrx_word' id='word_1_464' title='bbox 1282 4045 1467 4089; x_wconf 84' lang='lat' dir='ltr'>amore</span> <span class='ocrx_word' id='word_1_465' title='bbox 1495 4033 1599 4090; x_wconf 88' lang='lat' dir='ltr'>hoc</span> <span class='ocrx_word' id='word_1_466' title='bbox 1656 4034 1848 4108; x_wconf 88' lang='lat' dir='ltr'>facitis,</span> <span class='ocrx_word' id='word_1_467' title='bbox 1884 4049 2083 4110; x_wconf 90' lang='lat' dir='ltr'>quanto</span> 
     </span>
    </p>
   </div>
   <div class='ocr_carea' id='block_1_75' title="bbox 491 4109 2083 4196">
    <p class='ocr_par' dir='ltr' id='par_1_75' title="bbox 491 4109 2083 4196">
     <span class='ocr_line' id='line_1_75' title="bbox 491 4109 2083 4196; baseline 0.014 -32"><span class='ocrx_word' id='word_1_468' title='bbox 491 4109 687 4166; x_wconf 79' lang='lat' dir='ltr'>aﬂ&#39;ectu</span> <span class='ocrx_word' id='word_1_469' title='bbox 720 4127 935 4182; x_wconf 89' lang='lat' dir='ltr'>possum</span> <span class='ocrx_word' id='word_1_470' title='bbox 964 4128 1081 4184; x_wconf 92' lang='lat' dir='ltr'>oro,</span> <span class='ocrx_word' id='word_1_471' title='bbox 1112 4124 1171 4171; x_wconf 89' lang='lat' dir='ltr'>ut</span> <span class='ocrx_word' id='word_1_472' title='bbox 1199 4117 1318 4187; x_wconf 87' lang='lat' dir='ltr'>ipse</span> <span class='ocrx_word' id='word_1_473' title='bbox 1347 4121 1502 4177; x_wconf 90' lang='lat' dir='ltr'>vobis</span> <span class='ocrx_word' id='word_1_474' title='bbox 1535 4124 1796 4196; x_wconf 83' lang='lat' dir='ltr'>dignetur</span> <span class='ocrx_word' id='word_1_475' title='bbox 1823 4109 2083 4185; x_wconf 84' lang='lat' dir='ltr'>remune-</span> 
     </span>
    </p>
   </div>
   <div class='ocr_carea' id='block_1_76' title="bbox 491 4202 2086 4285">
    <p class='ocr_par' dir='ltr' id='par_1_76' title="bbox 491 4202 2086 4285">
     <span class='ocr_line' id='line_1_76' title="bbox 491 4202 2086 4285; baseline 0.013 -30"><span class='ocrx_word' id='word_1_476' title='bbox 491 4214 637 4256; x_wconf 89' lang='lat' dir='ltr'>rare.</span> <span class='ocrx_word' id='word_1_477' title='bbox 666 4202 919 4258; x_wconf 86' lang='lat' dir='ltr'>Nostrum</span> <span class='ocrx_word' id='word_1_478' title='bbox 949 4220 1067 4260; x_wconf 90' lang='lat' dir='ltr'>esse</span> <span class='ocrx_word' id='word_1_479' title='bbox 1124 4207 1284 4278; x_wconf 91' lang='lat' dir='ltr'>quale</span> <span class='ocrx_word' id='word_1_480' title='bbox 1338 4209 1407 4265; x_wconf 89' lang='lat' dir='ltr'>sit</span> <span class='ocrx_word' id='word_1_481' title='bbox 1462 4212 1519 4266; x_wconf 91' lang='lat' dir='ltr'>in</span> <span class='ocrx_word' id='word_1_482' title='bbox 1576 4214 1792 4285; x_wconf 82' lang='lat' dir='ltr'>Anglia,</span> <span class='ocrx_word' id='word_1_483' title='bbox 1852 4219 2086 4275; x_wconf 90' lang='lat' dir='ltr'>charitas</span> 
     </span>
    </p>
   </div>
   <div class='ocr_carea' id='block_1_77' title="bbox 497 4290 2085 4375">
    <p class='ocr_par' dir='ltr' id='par_1_77' title="bbox 497 4290 2085 4375">
     <span class='ocr_line' id='line_1_77' title="bbox 497 4290 2085 4375; baseline 0.013 -31"><span class='ocrx_word' id='word_1_484' title='bbox 497 4297 676 4344; x_wconf 84' lang='lat' dir='ltr'>vestra</span> <span class='ocrx_word' id='word_1_485' title='bbox 730 4290 1070 4348; x_wconf 88' lang='lat' dir='ltr'>desiderabat</span> <span class='ocrx_word' id='word_1_486' title='bbox 1119 4310 1217 4365; x_wconf 89' lang='lat' dir='ltr'>per</span> <span class='ocrx_word' id='word_1_487' title='bbox 1270 4299 1528 4369; x_wconf 88' lang='lat' dir='ltr'>scriptum</span> <span class='ocrx_word' id='word_1_488' title='bbox 1593 4316 1943 4375; x_wconf 86' lang='lat' dir='ltr'>cognoscere,</span> <span class='ocrx_word' id='word_1_489' title='bbox 1988 4309 2085 4364; x_wconf 91' lang='lat' dir='ltr'>sed</span> 
     </span>
    </p>
   </div>
   <div class='ocr_carea' id='block_1_78' title="bbox 493 4378 2086 4466">
    <p class='ocr_par' dir='ltr' id='par_1_78' title="bbox 493 4378 2086 4466">
     <span class='ocr_line' id='line_1_78' title="bbox 493 4378 2086 4466; baseline 0.013 -33"><span class='ocrx_word' id='word_1_490' title='bbox 493 4378 703 4449; x_wconf 83' lang='lat' dir='ltr'>legatus</span> <span class='ocrx_word' id='word_1_491' title='bbox 730 4388 906 4436; x_wconf 86' lang='lat' dir='ltr'>vester</span> <span class='ocrx_word' id='word_1_492' title='bbox 928 4381 1304 4452; x_wconf 88' lang='lat' dir='ltr'>pleniusvobis</span> <span class='ocrx_word' id='word_1_493' title='bbox 1333 4387 1459 4442; x_wconf 84' lang='lat' dir='ltr'>viva</span> <span class='ocrx_word' id='word_1_494' title='bbox 1487 4404 1621 4445; x_wconf 89' lang='lat' dir='ltr'>voce</span> <span class='ocrx_word' id='word_1_495' title='bbox 1649 4406 1811 4463; x_wconf 87' lang='lat' dir='ltr'>quam</span> <span class='ocrx_word' id='word_1_496' title='bbox 1830 4409 1932 4466; x_wconf 88' lang='lat' dir='ltr'>ego</span> <span class='ocrx_word' id='word_1_497' title='bbox 1948 4397 2086 4452; x_wconf 87' lang='lat' dir='ltr'>scri-</span> 
     </span>
    </p>
   </div>
   <div class='ocr_carea' id='block_1_79' title="bbox 2726 3208 3233 3278">
    <p class='ocr_par' dir='ltr' id='par_1_79' title="bbox 2726 3208 3233 3278">
     <span class='ocr_line' id='line_1_79' title="bbox 2726 3208 3233 3278; baseline -0.004 -1"><span class='ocrx_word' id='word_1_498' title='bbox 2726 3208 3073 3278; x_wconf 81' lang='lat' dir='ltr'>EPISTOLA</span> <span class='ocrx_word' id='word_1_499' title='bbox 3103 3221 3233 3277; x_wconf 80' lang='lat' dir='ltr'>xx.</span> 
     </span>
    </p>
   </div>
   <div class='ocr_carea' id='block_1_80' title="bbox 2378 3332 3619 3377">
    <p class='ocr_par' dir='ltr' id='par_1_80' title="bbox 2378 3332 3619 3377">
     <span class='ocr_line' id='line_1_80' title="bbox 2378 3332 3619 3377; baseline 0.002 -3"><span class='ocrx_word' id='word_1_500' title='bbox 2378 3332 2622 3376; x_wconf 66' lang='lat' dir='ltr'>ANSELIII</span> <span class='ocrx_word' id='word_1_501' title='bbox 2645 3334 2716 3375; x_wconf 75' lang='lat' dir='ltr'>AD</span> <span class='ocrx_word' id='word_1_502' title='bbox 2744 3334 3099 3375; x_wconf 72' lang='lat' dir='ltr'>GUILLELMUM</span> <span class='ocrx_word' id='word_1_503' title='bbox 3129 3333 3619 3377; x_wconf 66' lang='lat' dir='ltr'>ROTHOHAGBNSEI</span> 
     </span>
    </p>
   </div>
   <div class='ocr_carea' id='block_1_81' title="bbox 2735 3405 3232 3447">
    <p class='ocr_par' dir='ltr' id='par_1_81' title="bbox 2735 3405 3232 3447">
     <span class='ocr_line' id='line_1_81' title="bbox 2735 3405 3232 3447; baseline 0.002 -3"><span class='ocrx_word' id='word_1_504' title='bbox 2735 3405 3232 3447; x_wconf 68' lang='grc' dir='ltr'>Αιιοωιςριδοοιιυκ.</span> 
     </span>
    </p>
   </div>
   <div class='ocr_carea' id='block_1_82' title="bbox 2254 3505 3786 3579">
    <p class='ocr_par' dir='ltr' id='par_1_82' title="bbox 2254 3505 3786 3579">
     <span class='ocr_line' id='line_1_82' title="bbox 2254 3505 3786 3579; baseline 0 -17"><span class='ocrx_word' id='word_1_505' title='bbox 2254 3505 2487 3563; x_wconf 86' lang='lat' dir='ltr'>Dom&#39;mo</span> <span class='ocrx_word' id='word_1_506' title='bbox 2507 3516 2559 3562; x_wconf 89' lang='lat' dir='ltr'>et</span> <span class='ocrx_word' id='word_1_507' title='bbox 2590 3506 2729 3562; x_wconf 88' lang='lat' dir='ltr'>Patri</span> <span class='ocrx_word' id='word_1_508' title='bbox 2756 3506 3105 3575; x_wconf 72' lang='lat' dir='ltr'>GuxLLaLuo,</span> <span class='ocrx_word' id='word_1_509' title='bbox 3148 3508 3446 3564; x_wconf 80' lang='lat' dir='ltr'>reverenda</span> <span class='ocrx_word' id='word_1_510' title='bbox 3513 3509 3786 3579; x_wconf 85' lang='lat' dir='ltr'>archiepi-</span> 
     </span>
    </p>
   </div>
   <div class='ocr_carea' id='block_1_83' title="bbox 2182 3595 3790 3668">
    <p class='ocr_par' dir='ltr' id='par_1_83' title="bbox 2182 3595 3790 3668">
     <span class='ocr_line' id='line_1_83' title="bbox 2182 3595 3790 3668; baseline 0.002 -19"><span class='ocrx_word' id='word_1_511' title='bbox 2182 3610 2350 3664; x_wconf 90' lang='lat' dir='ltr'>scopo</span> <span class='ocrx_word' id='word_1_512' title='bbox 2416 3596 2863 3668; x_wconf 81' lang='lat' dir='ltr'>Rothomageasi,</span> <span class='ocrx_word' id='word_1_513' title='bbox 2906 3598 3198 3651; x_wconf 72' lang='lat' dir='ltr'>Assatuus</span> <span class='ocrx_word' id='word_1_514' title='bbox 3263 3612 3450 3652; x_wconf 86' lang='lat' dir='ltr'>servus</span> <span class='ocrx_word' id='word_1_515' title='bbox 3528 3595 3790 3653; x_wconf 66' lang='lat' dir='ltr'>Ecclesiae</span> 
     </span>
    </p>
   </div>
   <div class='ocr_carea' id='block_1_84' title="bbox 2188 3683 2883 3754">
    <p class='ocr_par' dir='ltr' id='par_1_84' title="bbox 2188 3683 2883 3754">
     <span class='ocr_line' id='line_1_84' title="bbox 2188 3683 2883 3754; baseline 0.001 -17"><span class='ocrx_word' id='word_1_516' title='bbox 2188 3683 2602 3754; x_wconf 89' lang='lat' dir='ltr'>Cantuariensis,</span> <span class='ocrx_word' id='word_1_517' title='bbox 2632 3684 2883 3739; x_wconf 89' lang='lat' dir='ltr'>salutem.</span> 
     </span>
    </p>
   </div>
   <div class='ocr_carea' id='block_1_85' title="bbox 2261 3781 3790 3854">
    <p class='ocr_par' dir='ltr' id='par_1_85' title="bbox 2261 3781 3790 3854">
     <span class='ocr_line' id='line_1_85' title="bbox 2261 3781 3790 3854; baseline 0.002 -17"><span class='ocrx_word' id='word_1_518' title='bbox 2261 3781 2450 3838; x_wconf 86' lang='lat' dir='ltr'>Clamo</span> <span class='ocrx_word' id='word_1_519' title='bbox 2480 3790 2533 3837; x_wconf 90' lang='lat' dir='ltr'>et</span> <span class='ocrx_word' id='word_1_520' title='bbox 2562 3798 2760 3854; x_wconf 89' lang='lat' dir='ltr'>queror</span> <span class='ocrx_word' id='word_1_521' title='bbox 2789 3783 2858 3837; x_wconf 92' lang='lat' dir='ltr'>ad</span> <span class='ocrx_word' id='word_1_522' title='bbox 2888 3798 3005 3851; x_wconf 90' lang='lat' dir='ltr'>vos,</span> <span class='ocrx_word' id='word_1_523' title='bbox 3039 3790 3093 3839; x_wconf 88' lang='lat' dir='ltr'>et</span> <span class='ocrx_word' id='word_1_524' title='bbox 3120 3784 3191 3839; x_wconf 89' lang='lat' dir='ltr'>ad</span> <span class='ocrx_word' id='word_1_525' title='bbox 3221 3798 3319 3840; x_wconf 87' lang='lat' dir='ltr'>vos</span> <span class='ocrx_word' id='word_1_526' title='bbox 3364 3790 3418 3840; x_wconf 90' lang='lat' dir='ltr'>et</span> <span class='ocrx_word' id='word_1_527' title='bbox 3472 3785 3542 3840; x_wconf 95' lang='lat' dir='ltr'>ad</span> <span class='ocrx_word' id='word_1_528' title='bbox 3600 3799 3790 3841; x_wconf 88' lang='lat' dir='ltr'>omnes</span> 
     </span>
    </p>
   </div>
   <div class='ocr_carea' id='block_1_86' title="bbox 2188 3869 3785 3941">
    <p class='ocr_par' dir='ltr' id='par_1_86' title="bbox 2188 3869 3785 3941">
     <span class='ocr_line' id='line_1_86' title="bbox 2188 3869 3785 3941; baseline 0.001 -16"><span class='ocrx_word' id='word_1_529' title='bbox 2188 3869 2474 3941; x_wconf 88' lang='lat' dir='ltr'>episcopos</span> <span class='ocrx_word' id='word_1_530' title='bbox 2500 3879 2551 3927; x_wconf 90' lang='lat' dir='ltr'>et</span> <span class='ocrx_word' id='word_1_531' title='bbox 2580 3871 2805 3926; x_wconf 89' lang='lat' dir='ltr'>abbates</span> <span class='ocrx_word' id='word_1_532' title='bbox 2828 3880 2883 3927; x_wconf 91' lang='lat' dir='ltr'>et</span> <span class='ocrx_word' id='word_1_533' title='bbox 2911 3879 3078 3929; x_wconf 89' lang='lat' dir='ltr'>totam</span> <span class='ocrx_word' id='word_1_534' title='bbox 3111 3871 3415 3928; x_wconf 78' lang='lat' dir='ltr'>Ecclesium</span> <span class='ocrx_word' id='word_1_535' title='bbox 3445 3873 3785 3928; x_wconf 83' lang='lat' dir='ltr'>Northman-</span> 
     </span>
    </p>
   </div>
   <div class='ocr_carea' id='block_1_87' title="bbox 2190 3958 3784 4034">
    <p class='ocr_par' dir='ltr' id='par_1_87' title="bbox 2190 3958 3784 4034">
     <span class='ocr_line' id='line_1_87' title="bbox 2190 3958 3784 4034; baseline 0.001 -21"><span class='ocrx_word' id='word_1_536' title='bbox 2190 3958 2295 4014; x_wconf 71' lang='lat' dir='ltr'>nia:</span> <span class='ocrx_word' id='word_1_537' title='bbox 2319 3974 2419 4029; x_wconf 89' lang='lat' dir='ltr'>pro</span> <span class='ocrx_word' id='word_1_538' title='bbox 2450 3976 2537 4016; x_wconf 91' lang='lat' dir='ltr'>me</span> <span class='ocrx_word' id='word_1_539' title='bbox 2565 3966 2619 4015; x_wconf 89' lang='lat' dir='ltr'>et</span> <span class='ocrx_word' id='word_1_540' title='bbox 2662 3975 2762 4029; x_wconf 91' lang='lat' dir='ltr'>pro</span> <span class='ocrx_word' id='word_1_541' title='bbox 2818 3961 3244 4034; x_wconf 87' lang='lat' dir='ltr'>congregatione</span> <span class='ocrx_word' id='word_1_542' title='bbox 3300 3961 3546 4019; x_wconf 59' lang='lat' dir='ltr'>ecclesia</span> <span class='ocrx_word' id='word_1_543' title='bbox 3601 3961 3784 4018; x_wconf 89' lang='lat' dir='ltr'>Sancti</span> 
     </span>
    </p>
   </div>
   <div class='ocr_carea' id='block_1_88' title="bbox 2193 4046 3792 4121">
    <p class='ocr_par' dir='ltr' id='par_1_88' title="bbox 2193 4046 3792 4121">
     <span class='ocr_line' id='line_1_88' title="bbox 2193 4046 3792 4121; baseline 0.002 -20"><span class='ocrx_word' id='word_1_544' title='bbox 2193 4047 2609 4119; x_wconf 66' lang='lat' dir='ltr'>Edmundiqum</span> <span class='ocrx_word' id='word_1_545' title='bbox 2638 4056 2717 4103; x_wconf 91' lang='lat' dir='ltr'>est</span> <span class='ocrx_word' id='word_1_546' title='bbox 2746 4047 2799 4103; x_wconf 91' lang='lat' dir='ltr'>in</span> <span class='ocrx_word' id='word_1_547' title='bbox 2835 4049 3053 4121; x_wconf 83' lang='lat' dir='ltr'>Anglia,</span> <span class='ocrx_word' id='word_1_548' title='bbox 3097 4050 3165 4105; x_wconf 91' lang='lat' dir='ltr'>de</span> <span class='ocrx_word' id='word_1_549' title='bbox 3222 4046 3419 4107; x_wconf 90' lang='lat' dir='ltr'>abbate</span> <span class='ocrx_word' id='word_1_550' title='bbox 3477 4050 3792 4106; x_wconf 86' lang='lat' dir='ltr'>monasterii</span> 
     </span>
    </p>
   </div>
   <div class='ocr_carea' id='block_1_89' title="bbox 2194 4136 3792 4209">
    <p class='ocr_par' dir='ltr' id='par_1_89' title="bbox 2194 4136 3792 4209">
     <span class='ocr_line' id='line_1_89' title="bbox 2194 4136 3792 4209; baseline 0.001 -16"><span class='ocrx_word' id='word_1_551' title='bbox 2194 4136 2375 4193; x_wconf 89' lang='lat' dir='ltr'>Sancti</span> <span class='ocrx_word' id='word_1_552' title='bbox 2394 4137 2599 4192; x_wconf 82' lang='lat' dir='ltr'>Ebrulfi</span> <span class='ocrx_word' id='word_1_553' title='bbox 2628 4138 2773 4208; x_wconf 89' lang='lat' dir='ltr'>quod</span> <span class='ocrx_word' id='word_1_554' title='bbox 2802 4146 2883 4193; x_wconf 89' lang='lat' dir='ltr'>est</span> <span class='ocrx_word' id='word_1_555' title='bbox 2913 4138 2967 4192; x_wconf 91' lang='lat' dir='ltr'>in</span> <span class='ocrx_word' id='word_1_556' title='bbox 2999 4139 3413 4209; x_wconf 86' lang='lat' dir='ltr'>Northmannia,</span> <span class='ocrx_word' id='word_1_557' title='bbox 3468 4149 3520 4196; x_wconf 92' lang='lat' dir='ltr'>et</span> <span class='ocrx_word' id='word_1_558' title='bbox 3557 4149 3792 4195; x_wconf 87' lang='lat' dir='ltr'>vestram</span> 
     </span>
    </p>
   </div>
   <div class='ocr_carea' id='block_1_90' title="bbox 2195 4226 3796 4298">
    <p class='ocr_par' dir='ltr' id='par_1_90' title="bbox 2195 4226 3796 4298">
     <span class='ocr_line' id='line_1_90' title="bbox 2195 4226 3796 4298; baseline 0.003 -18"><span class='ocrx_word' id='word_1_559' title='bbox 2195 4233 2322 4296; x_wconf 87' lang='lat' dir='ltr'>peto</span> <span class='ocrx_word' id='word_1_560' title='bbox 2332 4226 2615 4297; x_wconf 89' lang='lat' dir='ltr'>justitiam.</span> <span class='ocrx_word' id='word_1_561' title='bbox 2640 4227 2863 4297; x_wconf 85' lang='lat' dir='ltr'>Injuria,</span> <span class='ocrx_word' id='word_1_562' title='bbox 2898 4243 3059 4298; x_wconf 88' lang='lat' dir='ltr'>quam</span> <span class='ocrx_word' id='word_1_563' title='bbox 3081 4227 3238 4283; x_wconf 88' lang='lat' dir='ltr'>nobis</span> <span class='ocrx_word' id='word_1_564' title='bbox 3276 4229 3439 4284; x_wconf 90' lang='lat' dir='ltr'>nimis</span> <span class='ocrx_word' id='word_1_565' title='bbox 3490 4228 3796 4285; x_wconf 88' lang='lat' dir='ltr'>inordinate</span> 
     </span>
    </p>
   </div>
   <div class='ocr_carea' id='block_1_91' title="bbox 2196 4313 3794 4388">
    <p class='ocr_par' dir='ltr' id='par_1_91' title="bbox 2196 4313 3794 4388">
     <span class='ocr_line' id='line_1_91' title="bbox 2196 4313 3794 4388; baseline 0.003 -20"><span class='ocrx_word' id='word_1_566' title='bbox 2196 4313 2322 4369; x_wconf 86' lang='lat' dir='ltr'>fecit</span> <span class='ocrx_word' id='word_1_567' title='bbox 2349 4314 2404 4370; x_wconf 92' lang='lat' dir='ltr'>in</span> <span class='ocrx_word' id='word_1_568' title='bbox 2435 4314 2653 4387; x_wconf 83' lang='lat' dir='ltr'>Anglia,</span> <span class='ocrx_word' id='word_1_569' title='bbox 2684 4323 2882 4386; x_wconf 60' lang='lat' dir='ltr'>praeter</span> <span class='ocrx_word' id='word_1_570' title='bbox 2912 4317 3227 4386; x_wconf 91' lang='lat' dir='ltr'>opinionem</span> <span class='ocrx_word' id='word_1_571' title='bbox 3259 4334 3423 4388; x_wconf 90' lang='lat' dir='ltr'>quam</span> <span class='ocrx_word' id='word_1_572' title='bbox 3455 4319 3524 4373; x_wconf 91' lang='lat' dir='ltr'>de</span> <span class='ocrx_word' id='word_1_573' title='bbox 3573 4318 3667 4374; x_wconf 90' lang='lat' dir='ltr'>illo</span> <span class='ocrx_word' id='word_1_574' title='bbox 3697 4318 3794 4372; x_wconf 86' lang='lat' dir='ltr'>ba-</span> 
     </span>
    </p>
   </div>
   <div class='ocr_carea' id='block_1_92' title="bbox 2198 4402 3797 4476">
    <p class='ocr_par' dir='ltr' id='par_1_92' title="bbox 2198 4402 3797 4476">
     <span class='ocr_line' id='line_1_92' title="bbox 2198 4402 3797 4476; baseline 0.004 -19"><span class='ocrx_word' id='word_1_575' title='bbox 2198 4402 2482 4473; x_wconf 89' lang='lat' dir='ltr'>bebamus,</span> <span class='ocrx_word' id='word_1_576' title='bbox 2515 4404 2631 4460; x_wconf 59' lang='lat' dir='ltr'>haec</span> <span class='ocrx_word' id='word_1_577' title='bbox 2651 4413 2750 4460; x_wconf 89' lang='lat' dir='ltr'>est.</span> <span class='ocrx_word' id='word_1_578' title='bbox 2782 4405 3045 4460; x_wconf 84' lang='lat' dir='ltr'>Juvenem</span> <span class='ocrx_word' id='word_1_579' title='bbox 3076 4407 3367 4476; x_wconf 90' lang='lat' dir='ltr'>quemdam</span> <span class='ocrx_word' id='word_1_580' title='bbox 3397 4405 3567 4461; x_wconf 85' lang='lat' dir='ltr'>filium</span> <span class='ocrx_word' id='word_1_581' title='bbox 3583 4406 3797 4463; x_wconf 89' lang='lat' dir='ltr'>comitis</span> 
     </span>
    </p>
   </div>
   <div class='ocr_carea' id='block_1_93' title="bbox 497 4467 3795 4574">
    <p class='ocr_par' dir='ltr' id='par_1_93' title="bbox 497 4467 3795 4574">
     <span class='ocr_line' id='line_1_93' title="bbox 497 4467 3795 4574; baseline 0.007 -51"><span class='ocrx_word' id='word_1_582' title='bbox 497 4467 681 4574; x_wconf 58' lang='lat' dir='ltr'>bendi:</span> <span class='ocrx_word' id='word_1_583' title='bbox 721 4470 918 4538; x_wconf 89' lang='lat' dir='ltr'>poterit</span> <span class='ocrx_word' id='word_1_584' title='bbox 975 4474 1276 4574; x_wconf 68' lang='lat' dir='ltr'>ostendere.</span> <span class='ocrx_word' id='word_1_585' title='bbox 1336 4476 1452 4574; x_wconf 79' lang='lat' dir='ltr'>Hoc</span> <span class='ocrx_word' id='word_1_586' title='bbox 1496 4486 1704 4574; x_wconf 84' lang='lat' dir='ltr'>tantum</span> <span class='ocrx_word' id='word_1_587' title='bbox 1762 4481 1884 4539; x_wconf 89' lang='lat' dir='ltr'>dico</span> <span class='ocrx_word' id='word_1_588' title='bbox 1938 4485 2083 4557; x_wconf 90' lang='lat' dir='ltr'>quia,</span> <span class='ocrx_word' id='word_1_589' title='bbox 2118 4508 2171 4574; x_wconf 73' lang='grc' dir='ltr'>Ι)</span> <span class='ocrx_word' id='word_1_590' title='bbox 2202 4488 2446 4560; x_wconf 86' lang='lat' dir='ltr'>Hugonis</span> <span class='ocrx_word' id='word_1_591' title='bbox 2470 4467 2562 4544; x_wconf 32' lang='lat' dir='ltr'>&#39;de</span> <span class='ocrx_word' id='word_1_592' title='bbox 2603 4488 2808 4557; x_wconf 88' lang='lat' dir='ltr'>Cestre,</span> <span class='ocrx_word' id='word_1_593' title='bbox 2856 4488 3018 4543; x_wconf 90' lang='lat' dir='ltr'>nimis</span> <span class='ocrx_word' id='word_1_594' title='bbox 3073 4467 3347 4547; x_wconf 72' lang='lat' dir='ltr'>carentem</span> <span class='ocrx_word' id='word_1_595' title='bbox 3402 4490 3690 4562; x_wconf 86' lang='lat' dir='ltr'>prudentia</span> <span class='ocrx_word' id='word_1_596' title='bbox 3738 4500 3795 4547; x_wconf 85' lang='lat' dir='ltr'>et</span> 
     </span>
    </p>
   </div>
   <div class='ocr_carea' id='block_1_94' title="bbox 500 4556 2093 4642">
    <p class='ocr_par' dir='ltr' id='par_1_94' title="bbox 500 4556 2093 4642">
     <span class='ocr_line' id='line_1_94' title="bbox 500 4556 2093 4642; baseline 0.013 -32"><span class='ocrx_word' id='word_1_597' title='bbox 500 4556 718 4626; x_wconf 88' lang='lat' dir='ltr'>quando</span> <span class='ocrx_word' id='word_1_598' title='bbox 773 4572 934 4627; x_wconf 89' lang='lat' dir='ltr'>spero</span> <span class='ocrx_word' id='word_1_599' title='bbox 990 4576 1141 4615; x_wconf 87' lang='lat' dir='ltr'>meas</span> <span class='ocrx_word' id='word_1_600' title='bbox 1198 4563 1545 4621; x_wconf 88' lang='lat' dir='ltr'>adversitates</span> <span class='ocrx_word' id='word_1_601' title='bbox 1609 4568 1910 4642; x_wconf 87' lang='lat' dir='ltr'>mitescere,</span> <span class='ocrx_word' id='word_1_602' title='bbox 1965 4582 2093 4632; x_wconf 89' lang='lat' dir='ltr'>tunc</span> 
     </span>
    </p>
   </div>
   <div class='ocr_carea' id='block_1_95' title="bbox 498 4645 2092 4720">
    <p class='ocr_par' dir='ltr' id='par_1_95' title="bbox 498 4645 2092 4720">
     <span class='ocr_line' id='line_1_95' title="bbox 498 4645 2092 4720; baseline 0.014 -23"><span class='ocrx_word' id='word_1_603' title='bbox 498 4645 674 4716; x_wconf 77' lang='lat' dir='ltr'>magis</span> <span class='ocrx_word' id='word_1_604' title='bbox 702 4646 876 4702; x_wconf 90' lang='lat' dir='ltr'>sentio</span> <span class='ocrx_word' id='word_1_605' title='bbox 921 4662 1014 4702; x_wconf 88' lang='lat' dir='ltr'>eas</span> <span class='ocrx_word' id='word_1_606' title='bbox 1067 4651 1443 4707; x_wconf 84' lang='lat' dir='ltr'>exardescere.</span> <span class='ocrx_word' id='word_1_607' title='bbox 1498 4654 1629 4711; x_wconf 84' lang='lat' dir='ltr'>Tota</span> <span class='ocrx_word' id='word_1_608' title='bbox 1675 4659 1823 4714; x_wconf 90' lang='lat' dir='ltr'>enim</span> <span class='ocrx_word' id='word_1_609' title='bbox 1869 4677 1953 4718; x_wconf 93' lang='lat' dir='ltr'>me</span> <span class='ocrx_word' id='word_1_610' title='bbox 2008 4663 2092 4720; x_wconf 88' lang='lat' dir='ltr'>vis</span> 
     </span>
    </p>
   </div>
   <div class='ocr_carea' id='block_1_96' title="bbox 499 4732 2093 4824">
    <p class='ocr_par' dir='ltr' id='par_1_96' title="bbox 499 4732 2093 4824">
     <span class='ocr_line' id='line_1_96' title="bbox 499 4732 2093 4824; baseline 0.014 -37"><span class='ocrx_word' id='word_1_611' title='bbox 499 4732 735 4824; x_wconf 64' lang='lat' dir='ltr'>Angliaa,</span> <span class='ocrx_word' id='word_1_612' title='bbox 758 4749 881 4824; x_wconf 80' lang='lat' dir='ltr'>cum</span> <span class='ocrx_word' id='word_1_613' title='bbox 909 4735 1057 4824; x_wconf 86' lang='lat' dir='ltr'>solus</span> <span class='ocrx_word' id='word_1_614' title='bbox 1085 4736 1160 4791; x_wconf 90' lang='lat' dir='ltr'>ibi</span> <span class='ocrx_word' id='word_1_615' title='bbox 1197 4739 1320 4808; x_wconf 90' lang='lat' dir='ltr'>sim,</span> <span class='ocrx_word' id='word_1_616' title='bbox 1340 4741 1559 4798; x_wconf 89' lang='lat' dir='ltr'>molitur</span> <span class='ocrx_word' id='word_1_617' title='bbox 1602 4747 1932 4820; x_wconf 85' lang='lat' dir='ltr'>subvertere,</span> <span class='ocrx_word' id='word_1_618' title='bbox 1966 4753 2093 4824; x_wconf 89' lang='lat' dir='ltr'>quia</span> 
     </span>
    </p>
   </div>
   <div class='ocr_carea' id='block_1_97' title="bbox 498 4820 2091 4898">
    <p class='ocr_par' dir='ltr' id='par_1_97' title="bbox 498 4820 2091 4898">
     <span class='ocr_line' id='line_1_97' title="bbox 498 4820 2091 4898; baseline 0.013 -22"><span class='ocrx_word' id='word_1_619' title='bbox 498 4836 589 4877; x_wconf 88' lang='lat' dir='ltr'>me</span> <span class='ocrx_word' id='word_1_620' title='bbox 625 4821 697 4877; x_wconf 90' lang='lat' dir='ltr'>ad</span> <span class='ocrx_word' id='word_1_621' title='bbox 726 4820 1036 4878; x_wconf 90' lang='lat' dir='ltr'>obedientia</span> <span class='ocrx_word' id='word_1_622' title='bbox 1063 4825 1208 4881; x_wconf 91' lang='lat' dir='ltr'>sedis</span> <span class='ocrx_word' id='word_1_623' title='bbox 1236 4830 1549 4898; x_wconf 63' lang='lat' dir='ltr'>apostolica</span> <span class='ocrx_word' id='word_1_624' title='bbox 1574 4849 1682 4890; x_wconf 92' lang='lat' dir='ltr'>non</span> <span class='ocrx_word' id='word_1_625' title='bbox 1729 4837 1872 4893; x_wconf 89' lang='lat' dir='ltr'>valet</span> <span class='ocrx_word' id='word_1_626' title='bbox 1929 4820 2091 4897; x_wconf 75' lang='lat' dir='ltr'>aver-</span> 
     </span>
    </p>
   </div>
   <div class='ocr_carea' id='block_1_98' title="bbox 499 4911 2092 4999">
    <p class='ocr_par' dir='ltr' id='par_1_98' title="bbox 499 4911 2092 4999">
     <span class='ocr_line' id='line_1_98' title="bbox 499 4911 2092 4999; baseline 0.013 -34"><span class='ocrx_word' id='word_1_627' title='bbox 499 4917 643 4973; x_wconf 90' lang='lat' dir='ltr'>tere;</span> <span class='ocrx_word' id='word_1_628' title='bbox 678 4911 746 4965; x_wconf 89' lang='lat' dir='ltr'>ad</span> <span class='ocrx_word' id='word_1_629' title='bbox 794 4912 941 4982; x_wconf 89' lang='lat' dir='ltr'>quod</span> <span class='ocrx_word' id='word_1_630' title='bbox 970 4912 1133 4968; x_wconf 91' lang='lat' dir='ltr'>etiam</span> <span class='ocrx_word' id='word_1_631' title='bbox 1188 4914 1290 4985; x_wconf 90' lang='lat' dir='ltr'>ipsi</span> <span class='ocrx_word' id='word_1_632' title='bbox 1350 4919 1588 4993; x_wconf 86' lang='lat' dir='ltr'>episcopi</span> <span class='ocrx_word' id='word_1_633' title='bbox 1647 4940 1769 4979; x_wconf 90' lang='lat' dir='ltr'>cum</span> <span class='ocrx_word' id='word_1_634' title='bbox 1821 4942 1955 4999; x_wconf 85' lang='lat' dir='ltr'>rege</span> <span class='ocrx_word' id='word_1_635' title='bbox 2014 4930 2092 4986; x_wconf 91' lang='lat' dir='ltr'>sic</span> 
     </span>
    </p>
   </div>
   <div class='ocr_carea' id='block_1_99' title="bbox 498 5000 2089 5081">
    <p class='ocr_par' dir='ltr' id='par_1_99' title="bbox 498 5000 2089 5081">
     <span class='ocr_line' id='line_1_99' title="bbox 498 5000 2089 5081; baseline 0.013 -27"><span class='ocrx_word' id='word_1_636' title='bbox 498 5005 729 5055; x_wconf 64' lang='lat' dir='ltr'>astuant</span> <span class='ocrx_word' id='word_1_637' title='bbox 751 5007 809 5055; x_wconf 91' lang='lat' dir='ltr'>ut</span> <span class='ocrx_word' id='word_1_638' title='bbox 836 5000 999 5056; x_wconf 89' lang='lat' dir='ltr'>etiam</span> <span class='ocrx_word' id='word_1_639' title='bbox 1017 5005 1449 5064; x_wconf 87' lang='lat' dir='ltr'>consecrationes</span> <span class='ocrx_word' id='word_1_640' title='bbox 1477 5026 1599 5081; x_wconf 63' lang='lat' dir='ltr'>quae</span> <span class='ocrx_word' id='word_1_641' title='bbox 1635 5014 1849 5069; x_wconf 89' lang='lat' dir='ltr'>nonnisi</span> <span class='ocrx_word' id='word_1_642' title='bbox 1879 5018 1950 5072; x_wconf 90' lang='lat' dir='ltr'>ad</span> <span class='ocrx_word' id='word_1_643' title='bbox 1998 5034 2089 5075; x_wconf 89' lang='lat' dir='ltr'>me</span> 
     </span>
    </p>
   </div>
   <div class='ocr_carea' id='block_1_100' title="bbox 497 5087 2090 5175">
    <p class='ocr_par' dir='ltr' id='par_1_100' title="bbox 497 5087 2090 5175">
     <span class='ocr_line' id='line_1_100' title="bbox 497 5087 2090 5175; baseline 0.014 -34"><span class='ocrx_word' id='word_1_644' title='bbox 497 5087 788 5160; x_wconf 88' lang='lat' dir='ltr'>pertinent,</span> <span class='ocrx_word' id='word_1_645' title='bbox 820 5089 864 5144; x_wconf 90' lang='lat' dir='ltr'>si</span> <span class='ocrx_word' id='word_1_646' title='bbox 894 5090 969 5175; x_wconf 81' lang='lat' dir='ltr'>sit</span> <span class='ocrx_word' id='word_1_647' title='bbox 1017 5092 1107 5162; x_wconf 87' lang='lat' dir='ltr'>qui</span> <span class='ocrx_word' id='word_1_648' title='bbox 1158 5094 1287 5151; x_wconf 85' lang='lat' dir='ltr'>velit</span> <span class='ocrx_word' id='word_1_649' title='bbox 1315 5097 1578 5168; x_wconf 88' lang='lat' dir='ltr'>accipere,</span> <span class='ocrx_word' id='word_1_650' title='bbox 1607 5101 1709 5173; x_wconf 87' lang='lat' dir='ltr'>ipsi</span> <span class='ocrx_word' id='word_1_651' title='bbox 1765 5120 2090 5175; x_wconf 64' lang='lat' dir='ltr'>praesumere</span> 
     </span>
    </p>
   </div>
   <div class='ocr_carea' id='block_1_101' title="bbox 496 5174 2090 5248">
    <p class='ocr_par' dir='ltr' id='par_1_101' title="bbox 496 5174 2090 5248">
     <span class='ocr_line' id='line_1_101' title="bbox 496 5174 2090 5248; baseline 0.012 -20"><span class='ocrx_word' id='word_1_652' title='bbox 496 5188 606 5229; x_wconf 89' lang='lat' dir='ltr'>non</span> <span class='ocrx_word' id='word_1_653' title='bbox 636 5177 895 5230; x_wconf 87' lang='lat' dir='ltr'>metuant.</span> <span class='ocrx_word' id='word_1_654' title='bbox 940 5174 1296 5248; x_wconf 89' lang='lat' dir='ltr'>Omnipotens</span> <span class='ocrx_word' id='word_1_655' title='bbox 1344 5179 1607 5239; x_wconf 92' lang='lat' dir='ltr'>Dominus</span> <span class='ocrx_word' id='word_1_656' title='bbox 1649 5174 1880 5243; x_wconf 81' lang='lat' dir='ltr'>vestram</span> <span class='ocrx_word' id='word_1_657' title='bbox 1933 5191 2090 5248; x_wconf 90' lang='lat' dir='ltr'>nobis</span> 
     </span>
    </p>
   </div>
   <div class='ocr_carea' id='block_1_102' title="bbox 494 5261 2084 5338">
    <p class='ocr_par' dir='ltr' id='par_1_102' title="bbox 494 5261 2084 5338">
     <span class='ocr_line' id='line_1_102' title="bbox 494 5261 2084 5338; baseline 0.012 -22"><span class='ocrx_word' id='word_1_658' title='bbox 494 5261 872 5335; x_wconf 88' lang='lat' dir='ltr'>paternitatem</span> <span class='ocrx_word' id='word_1_659' title='bbox 902 5262 957 5320; x_wconf 90' lang='lat' dir='ltr'>in</span> <span class='ocrx_word' id='word_1_660' title='bbox 985 5265 1163 5338; x_wconf 83' lang='lat' dir='ltr'>gratia</span> <span class='ocrx_word' id='word_1_661' title='bbox 1189 5283 1288 5325; x_wconf 83' lang='lat' dir='ltr'>sua</span> <span class='ocrx_word' id='word_1_662' title='bbox 1315 5267 1408 5326; x_wconf 91' lang='lat' dir='ltr'>diu</span> <span class='ocrx_word' id='word_1_663' title='bbox 1436 5283 1715 5329; x_wconf 87' lang='lat' dir='ltr'>conservet</span> <span class='ocrx_word' id='word_1_664' title='bbox 1734 5276 2084 5335; x_wconf 90' lang='lat' dir='ltr'>incolumem.</span> 
     </span>
    </p>
   </div>
   <div class='ocr_carea' id='block_1_103' title="bbox 488 5351 682 5407">
    <p class='ocr_par' dir='ltr' id='par_1_103' title="bbox 488 5351 682 5407">
     <span class='ocr_line' id='line_1_103' title="bbox 488 5351 682 5407; baseline -0.015 0"><span class='ocrx_word' id='word_1_665' title='bbox 488 5351 682 5407; x_wconf 81' lang='lat' dir='ltr'>Amen.</span> 
     </span>
    </p>
   </div>
   <div class='ocr_carea' id='block_1_104' title="bbox 2198 4576 3793 4650">
    <p class='ocr_par' dir='ltr' id='par_1_104' title="bbox 2198 4576 3793 4650">
     <span class='ocr_line' id='line_1_104' title="bbox 2198 4576 3793 4650; baseline 0.001 -18"><span class='ocrx_word' id='word_1_666' title='bbox 2198 4577 2428 4633; x_wconf 86' lang='lat' dir='ltr'>utilitate</span> <span class='ocrx_word' id='word_1_667' title='bbox 2482 4586 2535 4633; x_wconf 91' lang='lat' dir='ltr'>et</span> <span class='ocrx_word' id='word_1_668' title='bbox 2581 4577 2863 4632; x_wconf 89' lang='lat' dir='ltr'>virtutibus</span> <span class='ocrx_word' id='word_1_669' title='bbox 2910 4578 2980 4632; x_wconf 90' lang='lat' dir='ltr'>ad</span> <span class='ocrx_word' id='word_1_670' title='bbox 3009 4576 3222 4633; x_wconf 89' lang='lat' dir='ltr'>abbatis</span> <span class='ocrx_word' id='word_1_671' title='bbox 3242 4578 3632 4650; x_wconf 83' lang='lat' dir='ltr'>pertinentibus</span> <span class='ocrx_word' id='word_1_672' title='bbox 3656 4595 3793 4650; x_wconf 86' lang='lat' dir='ltr'>per-</span> 
     </span>
    </p>
   </div>
   <div class='ocr_carea' id='block_1_105' title="bbox 2198 4666 3795 4739">
    <p class='ocr_par' dir='ltr' id='par_1_105' title="bbox 2198 4666 3795 4739">
     <span class='ocr_line' id='line_1_105' title="bbox 2198 4666 3795 4739; baseline 0.001 -19"><span class='ocrx_word' id='word_1_673' title='bbox 2198 4681 2408 4733; x_wconf 89' lang='lat' dir='ltr'>sonam,</span> <span class='ocrx_word' id='word_1_674' title='bbox 2429 4682 2528 4736; x_wconf 88' lang='lat' dir='ltr'>per</span> <span class='ocrx_word' id='word_1_675' title='bbox 2553 4672 2870 4736; x_wconf 89' lang='lat' dir='ltr'>potestatem</span> <span class='ocrx_word' id='word_1_676' title='bbox 2898 4666 3108 4738; x_wconf 87' lang='lat' dir='ltr'>regiam</span> <span class='ocrx_word' id='word_1_677' title='bbox 3140 4667 3361 4739; x_wconf 89' lang='lat' dir='ltr'>ingessit</span> <span class='ocrx_word' id='word_1_678' title='bbox 3391 4669 3447 4722; x_wconf 92' lang='lat' dir='ltr'>in</span> <span class='ocrx_word' id='word_1_679' title='bbox 3502 4667 3795 4723; x_wconf 85' lang='lat' dir='ltr'>ecclesiam</span> 
     </span>
    </p>
   </div>
   <div class='ocr_carea' id='block_1_106' title="bbox 2199 4754 3793 4827">
    <p class='ocr_par' dir='ltr' id='par_1_106' title="bbox 2199 4754 3793 4827">
     <span class='ocr_line' id='line_1_106' title="bbox 2199 4754 3793 4827; baseline 0.001 -17"><span class='ocrx_word' id='word_1_680' title='bbox 2199 4754 2378 4810; x_wconf 91' lang='lat' dir='ltr'>Sancti</span> <span class='ocrx_word' id='word_1_681' title='bbox 2406 4754 2677 4809; x_wconf 84' lang='lat' dir='ltr'>Edmundi</span> <span class='ocrx_word' id='word_1_682' title='bbox 2707 4770 2830 4809; x_wconf 92' lang='lat' dir='ltr'>cum</span> <span class='ocrx_word' id='word_1_683' title='bbox 2861 4754 3043 4823; x_wconf 85' lang='lat' dir='ltr'>armis,</span> <span class='ocrx_word' id='word_1_684' title='bbox 3082 4757 3383 4824; x_wconf 85' lang='lat' dir='ltr'>monachis,</span> <span class='ocrx_word' id='word_1_685' title='bbox 3428 4765 3688 4827; x_wconf 90' lang='lat' dir='ltr'>quantum</span> <span class='ocrx_word' id='word_1_686' title='bbox 3734 4756 3793 4811; x_wconf 89' lang='lat' dir='ltr'>in</span> 
     </span>
    </p>
   </div>
   <div class='ocr_carea' id='block_1_107' title="bbox 2197 4842 3790 4912">
    <p class='ocr_par' dir='ltr' id='par_1_107' title="bbox 2197 4842 3790 4912">
     <span class='ocr_line' id='line_1_107' title="bbox 2197 4842 3790 4912; baseline 0.001 -15"><span class='ocrx_word' id='word_1_687' title='bbox 2197 4842 2329 4912; x_wconf 86' lang='lat' dir='ltr'>ipsis</span> <span class='ocrx_word' id='word_1_688' title='bbox 2349 4850 2480 4910; x_wconf 87' lang='lat' dir='ltr'>erat,</span> <span class='ocrx_word' id='word_1_689' title='bbox 2500 4842 2888 4910; x_wconf 89' lang='lat' dir='ltr'>recusantibus,</span> <span class='ocrx_word' id='word_1_690' title='bbox 2920 4850 2975 4897; x_wconf 87' lang='lat' dir='ltr'>et</span> <span class='ocrx_word' id='word_1_691' title='bbox 2993 4844 3508 4911; x_wconf 89' lang='lat' dir='ltr'>contradicentibus,</span> <span class='ocrx_word' id='word_1_692' title='bbox 3556 4854 3609 4901; x_wconf 89' lang='lat' dir='ltr'>et</span> <span class='ocrx_word' id='word_1_693' title='bbox 3663 4860 3790 4900; x_wconf 87' lang='lat' dir='ltr'>om-</span> 
     </span>
    </p>
   </div>
   <div class='ocr_carea' id='block_1_108' title="bbox 2198 4927 3794 4999">
    <p class='ocr_par' dir='ltr' id='par_1_108' title="bbox 2198 4927 3794 4999">
     <span class='ocr_line' id='line_1_108' title="bbox 2198 4927 3794 4999; baseline 0.004 -18"><span class='ocrx_word' id='word_1_694' title='bbox 2198 4927 2326 4982; x_wconf 92' lang='lat' dir='ltr'>nino</span> <span class='ocrx_word' id='word_1_695' title='bbox 2396 4927 2511 4982; x_wconf 90' lang='lat' dir='ltr'>sine</span> <span class='ocrx_word' id='word_1_696' title='bbox 2572 4934 2756 4982; x_wconf 89' lang='lat' dir='ltr'>nostra</span> <span class='ocrx_word' id='word_1_697' title='bbox 2804 4927 3172 4995; x_wconf 89' lang='lat' dir='ltr'>concessione,</span> <span class='ocrx_word' id='word_1_698' title='bbox 3211 4929 3281 4983; x_wconf 82' lang='lat' dir='ltr'>ad</span> <span class='ocrx_word' id='word_1_699' title='bbox 3335 4944 3493 4998; x_wconf 86' lang='lat' dir='ltr'>quem</span> <span class='ocrx_word' id='word_1_700' title='bbox 3523 4928 3794 4999; x_wconf 83' lang='lat' dir='ltr'>pertinent</span> 
     </span>
    </p>
   </div>
   <div class='ocr_carea' id='block_1_109' title="bbox 2195 5013 3782 5085">
    <p class='ocr_par' dir='ltr' id='par_1_109' title="bbox 2195 5013 3782 5085">
     <span class='ocr_line' id='line_1_109' title="bbox 2195 5013 3782 5085; baseline 0 -14"><span class='ocrx_word' id='word_1_701' title='bbox 2195 5030 2383 5071; x_wconf 91' lang='lat' dir='ltr'>omnes</span> <span class='ocrx_word' id='word_1_702' title='bbox 2407 5015 2653 5085; x_wconf 90' lang='lat' dir='ltr'>ejusdem</span> <span class='ocrx_word' id='word_1_703' title='bbox 2694 5013 2937 5071; x_wconf 65' lang='lat' dir='ltr'>ecclesiae</span> <span class='ocrx_word' id='word_1_704' title='bbox 2965 5016 3414 5072; x_wconf 86' lang='lat' dir='ltr'>consecrationes.</span> <span class='ocrx_word' id='word_1_705' title='bbox 3445 5016 3549 5085; x_wconf 86' lang='lat' dir='ltr'>Qui</span> <span class='ocrx_word' id='word_1_706' title='bbox 3576 5017 3655 5071; x_wconf 87' lang='lat' dir='ltr'>&#39;ibi</span> <span class='ocrx_word' id='word_1_707' title='bbox 3687 5016 3782 5072; x_wconf 80' lang='lat' dir='ltr'>ni-</span> 
     </span>
    </p>
   </div>
   <div class='ocr_carea' id='block_1_110' title="bbox 2197 5102 3790 5174">
    <p class='ocr_par' dir='ltr' id='par_1_110' title="bbox 2197 5102 3790 5174">
     <span class='ocr_line' id='line_1_110' title="bbox 2197 5102 3790 5174; baseline 0.003 -16"><span class='ocrx_word' id='word_1_708' title='bbox 2197 5102 2323 5159; x_wconf 89' lang='lat' dir='ltr'>titur</span> <span class='ocrx_word' id='word_1_709' title='bbox 2360 5109 2680 5174; x_wconf 81' lang='lat' dir='ltr'>extorquere</span> <span class='ocrx_word' id='word_1_710' title='bbox 2720 5103 2788 5157; x_wconf 82' lang='lat' dir='ltr'>ab</span> <span class='ocrx_word' id='word_1_711' title='bbox 2815 5104 2947 5174; x_wconf 90' lang='lat' dir='ltr'>ipsis</span> <span class='ocrx_word' id='word_1_712' title='bbox 2989 5105 3270 5160; x_wconf 90' lang='lat' dir='ltr'>monachis</span> <span class='ocrx_word' id='word_1_713' title='bbox 3324 5105 3694 5161; x_wconf 89' lang='lat' dir='ltr'>obedientiam</span> <span class='ocrx_word' id='word_1_714' title='bbox 3735 5113 3790 5162; x_wconf 83' lang='lat' dir='ltr'>et</span> 
     </span>
    </p>
   </div>
   <div class='ocr_carea' id='block_1_111' title="bbox 2194 5193 3789 5262">
    <p class='ocr_par' dir='ltr' id='par_1_111' title="bbox 2194 5193 3789 5262">
     <span class='ocr_line' id='line_1_111' title="bbox 2194 5193 3789 5262; baseline 0.002 -15"><span class='ocrx_word' id='word_1_715' title='bbox 2194 5193 2593 5262; x_wconf 88' lang='lat' dir='ltr'>electionem,et</span> <span class='ocrx_word' id='word_1_716' title='bbox 2616 5200 2674 5248; x_wconf 90' lang='lat' dir='ltr'>ut</span> <span class='ocrx_word' id='word_1_717' title='bbox 2696 5193 2903 5248; x_wconf 89' lang='lat' dir='ltr'>animas</span> <span class='ocrx_word' id='word_1_718' title='bbox 2929 5209 3053 5248; x_wconf 88' lang='lat' dir='ltr'>suas</span> <span class='ocrx_word' id='word_1_719' title='bbox 3081 5195 3463 5250; x_wconf 89' lang='lat' dir='ltr'>commendent</span> <span class='ocrx_word' id='word_1_720' title='bbox 3493 5194 3570 5249; x_wconf 89' lang='lat' dir='ltr'>illi</span> <span class='ocrx_word' id='word_1_721' title='bbox 3601 5202 3789 5250; x_wconf 86' lang='lat' dir='ltr'>custo-</span> 
     </span>
    </p>
   </div>
   <div class='ocr_carea' id='block_1_112' title="bbox 2198 5280 3791 5353">
    <p class='ocr_par' dir='ltr' id='par_1_112' title="bbox 2198 5280 3791 5353">
     <span class='ocr_line' id='line_1_112' title="bbox 2198 5280 3791 5353; baseline 0.003 -18"><span class='ocrx_word' id='word_1_722' title='bbox 2198 5280 2443 5350; x_wconf 88' lang='lat' dir='ltr'>diendas,</span> <span class='ocrx_word' id='word_1_723' title='bbox 2480 5282 2569 5351; x_wconf 89' lang='lat' dir='ltr'>qui</span> <span class='ocrx_word' id='word_1_724' title='bbox 2618 5294 2780 5352; x_wconf 87' lang='lat' dir='ltr'>quam</span> <span class='ocrx_word' id='word_1_725' title='bbox 2821 5296 2927 5336; x_wconf 90' lang='lat' dir='ltr'>non</span> <span class='ocrx_word' id='word_1_726' title='bbox 2954 5280 3183 5337; x_wconf 89' lang='lat' dir='ltr'>idoneus</span> <span class='ocrx_word' id='word_1_727' title='bbox 3225 5283 3295 5337; x_wconf 89' lang='lat' dir='ltr'>ad</span> <span class='ocrx_word' id='word_1_728' title='bbox 3342 5282 3447 5338; x_wconf 87' lang='lat' dir='ltr'>hoc</span> <span class='ocrx_word' id='word_1_729' title='bbox 3483 5283 3572 5351; x_wconf 88' lang='lat' dir='ltr'>sit,</span> <span class='ocrx_word' id='word_1_730' title='bbox 3604 5291 3791 5353; x_wconf 84' lang='lat' dir='ltr'>aperte</span> 
     </span>
    </p>
   </div>
   <div class='ocr_carea' id='block_1_113' title="bbox 2200 5369 3789 5442">
    <p class='ocr_par' dir='ltr' id='par_1_113' title="bbox 2200 5369 3789 5442">
     <span class='ocr_line' id='line_1_113' title="bbox 2200 5369 3789 5442; baseline 0.003 -19"><span class='ocrx_word' id='word_1_731' title='bbox 2200 5370 2563 5442; x_wconf 81' lang='lat' dir='ltr'>cegnoscitur,</span> <span class='ocrx_word' id='word_1_732' title='bbox 2594 5370 2722 5442; x_wconf 87' lang='lat' dir='ltr'>quia</span> <span class='ocrx_word' id='word_1_733' title='bbox 2750 5369 2867 5441; x_wconf 88' lang='lat' dir='ltr'>ipse</span> <span class='ocrx_word' id='word_1_734' title='bbox 2891 5386 3158 5442; x_wconf 89' lang='lat' dir='ltr'>nusquam</span> <span class='ocrx_word' id='word_1_735' title='bbox 3201 5369 3321 5427; x_wconf 81' lang='lat' dir='ltr'>sine</span> <span class='ocrx_word' id='word_1_736' title='bbox 3351 5370 3560 5428; x_wconf 86' lang='lat' dir='ltr'>latema</span> <span class='ocrx_word' id='word_1_737' title='bbox 3600 5380 3654 5427; x_wconf 89' lang='lat' dir='ltr'>et</span> <span class='ocrx_word' id='word_1_738' title='bbox 3699 5387 3789 5429; x_wconf 89' lang='lat' dir='ltr'>cu.</span> 
     </span>
    </p>
   </div>
   <div class='ocr_carea' id='block_1_114' title="bbox 2031 5518 2264 5578">
    <p class='ocr_par' dir='ltr' id='par_1_114' title="bbox 2031 5518 2264 5578">
     <span class='ocr_line' id='line_1_114' title="bbox 2031 5518 2264 5578; baseline 0.021 -5"><span class='ocrx_word' id='word_1_739' title='bbox 2031 5518 2264 5578; x_wconf 67' lang='grc' dir='ltr'>ΝΟΤΕ.</span> 
     </span>
    </p>
   </div>
   <div class='ocr_carea' id='block_1_115' title="bbox 554 5606 1729 5680">
    <p class='ocr_par' dir='ltr' id='par_1_115' title="bbox 554 5606 1729 5680">
     <span class='ocr_line' id='line_1_115' title="bbox 554 5606 1729 5680; baseline 0.003 -19"><span class='ocrx_word' id='word_1_740' title='bbox 554 5606 667 5676; x_wconf 72' lang='grc' dir='ltr'>(ιῦ)</span> <span class='ocrx_word' id='word_1_741' title='bbox 690 5607 785 5663; x_wconf 87' lang='lat' dir='ltr'>Est</span> <span class='ocrx_word' id='word_1_742' title='bbox 811 5608 1099 5679; x_wconf 85' lang='lat' dir='ltr'>responsio</span> <span class='ocrx_word' id='word_1_743' title='bbox 1127 5609 1198 5664; x_wconf 87' lang='lat' dir='ltr'>ad</span> <span class='ocrx_word' id='word_1_744' title='bbox 1227 5609 1388 5680; x_wconf 79' lang='lat' dir='ltr'>epist.</span> <span class='ocrx_word' id='word_1_745' title='bbox 1429 5612 1495 5666; x_wconf 75' lang='grc'>64</span> <span class='ocrx_word' id='word_1_746' title='bbox 1519 5608 1616 5665; x_wconf 89' lang='lat' dir='ltr'>lib.</span> <span class='ocrx_word' id='word_1_747' title='bbox 1646 5621 1729 5665; x_wconf 67' lang='lat' dir='ltr'>ut.</span> 
     </span>
    </p>
   </div>
  </div>
