4036 6072
219 321 326 374 213

1496 319 1602 376 LIB
1640 321 1732 388 ιν,
1771 315 2002 380 EPIST.
2046 326 2251 381 XXIV.

3421 340 3524 393 2H

215 442 420 506 studia,
453 449 616 514 atque
646 451 934 517 antequam
966 446 1038 500 ad
1067 447 1172 502 hoc
1191 453 1580 512 assumeretur,
1600 445 1703 500 sibi
1720 446 1820 517 ipsi
1851 447 1904 508 A
1936 449 2211 519 Eccleslae,
2245 451 2440 524 quibus
2469 467 2570 522 pro
2601 460 2753 523 parte
2783 454 3055 510 invehitur
3087 457 3397 530 privignus,
3422 476 3521 530 pro

213 531 572 587 credebatur.
611 535 808 588 Precor
833 533 1001 606 igitur
1029 541 1086 591 ut
1113 537 1366 591 eumdem
1417 535 1672 591 abbatem
1721 551 1814 589 au-

213 621 466 676 ctoritate
494 629 670 676 vestra
699 623 1029 678 monachum
1059 640 1216 679 suum
1275 640 1536 680 revocare
1585 624 1815 696 cogatis,

214 717 270 764 et
300 710 595 765 ecclesiam
623 726 785 784 quam
844 711 1030 784 inique
1087 713 1359 785 opprimit,
1414 714 1561 769 velut
1605 730 1636 768 a
1691 713 1816 783 lupo

214 814 421 869 rapace
453 807 505 854 et
535 815 666 854 oves
696 801 1044 872 dispergente
1066 802 1327 870 liberetis,
1359 819 1426 857 ne
1454 818 1554 857 nos
1611 801 1817 872 aliquid

213 904 387 959 super
407 887 732 943 monachum
751 897 988 945 vestrum
1003 899 1200 946 nostra!
1213 890 1552 946 auctoritatis
1568 906 1817 958 censum,

212 985 404 1034 vestro
433 985 703 1048 cessante,
738 978 920 1034 facere
949 995 1228 1052 cogamur.
1260 981 1462 1036 Valete.

756 1078 866 1134 ΕΡ]
876 1078 1098 1135 STOLA
1128 1080 1282 1135 XXI.

385 1191 623 1232 ΑΝεΒιω
650 1190 724 1232 ΔΙ)
755 1194 1018 1235 ELPEBUM
1046 1195 1115 1234 ΒΤ
1145 1192 1306 1234 ALIOS
1338 1193 1660 1234 MONACHOS.

286 1276 592 1332 ANssLnUs
621 1277 1083 1349 archiepiscOpus,
1118 1277 1373 1332 fratribus
1419 1283 1471 1332 et
1526 1275 1649 1330 ﬁliis
1705 1274 1823 1329 cha-

213 1364 475 1430 rissimis,
503 1365 670 1435 priori
698 1368 949 1434 ELraao,
984 1374 1038 1422 et
1076 1366 1198 1422 aliis
1255 1364 1540 1421 monachis
1587 1363 1821 1418 coenobii

213 1452 401 1509 Sancti
434 1454 724 1524 Edmundi,
766 1455 998 1511 salutem
1031 1464 1083 1511 et
1113 1455 1551 1511 benedictionem
1578 1452 1697 1509 Dei.

289 1544 556 1599 Misereor
585 1553 638 1599 et
668 1545 971 1616 compatior
993 1545 1237 1600 cbaritati
1284 1553 1486 1600 vestrae
1542 1544 1598 1596 in
1658 1542 1822 1613 longa

216 1641 272 1688 et
328 1633 496 1687 nimia
545 1633 889 1690 tribulatione
941 1634 1230 1690 laboranti.
1289 1634 1358 1688 Et
1408 1637 1558 1687 tanto
1644 1631 1821 1704 magis

214 1720 575 1778 aﬁ'ectuosius
597 1723 701 1779 hoc
732 1722 892 1791 facio,
922 1731 1124 1796 quanto
1154 1739 1254 1779 vos
1284 1738 1392 1778 non
1449 1737 1550 1792 pro
1587 1729 1820 1776 terrenas

1922 548 2135 610 pastore
2157 541 2334 612 lupus,
2368 557 2464 613 pro
2487 543 2711 598 ductore
2741 559 2936 612 caecus,
2971 561 3068 616 pro
3124 547 3352 603 doctore
3411 566 3516 604 ne-

1923 630 2085 695 scius,
2121 646 2220 699 pro
2250 630 2446 686 abbate
2477 632 2562 686 fur
2591 636 2644 687 et
2674 633 2834 697 latro,
2867 635 3133 706 quianon
3189 637 3356 691 intrat
3413 655 3512 708 per

1926 719 2144 773 ostium.
2168 721 2431 775 Revocate
2462 724 2758 777 monachos
2790 731 3016 785 vestros,
3050 724 3275 781 liberate
3305 744 3404 783 nos
3452 730 3520 784 ab

1926 809 2371 878 Oppressionibus
2397 825 2601 865 eorum.
2635 811 2814 866 Facite
2858 815 2917 866 ut
2969 813 3141 868 abbas
3198 819 3518 872 monasterii

1929 896 1986 952 S.
2020 896 2224 952 Ebrulfi
2257 908 2474 954 revocet
2495 901 2788 956 monachos
2820 917 2966 968 suos,
3015 920 3152 974 quos
3205 912 3388 960 contra
3445 906 3519 962 le-

1927 1003 2055 1058 gem
2087 988 2185 1043 Dei
2215 995 2267 1042 et
2289 987 2535 1044 ordinem
2565 1005 2720 1043 suum
2759 990 2815 1043 in
2870 992 3157 1046 ecclesiam
3207 995 3518 1064 praedictam

1926 1076 2172 1148 ingessit,
2197 1085 2250 1133 et
2277 1093 2363 1134 res
2395 1079 2643 1148 ejusdem
2673 1079 2924 1135 ecclesia:
2955 1097 3089 1151 quas
3121 1081 3245 1138 inde
3297 1084 3520 1140 abstulit

1928 1164 2219 1238 sacrilegia
2247 1167 2434 1237 rapina
2460 1169 2606 1237 juste
2635 1168 2898 1224 restituat.
2931 1169 3117 1225 Valete
3175 1179 3223 1226 et
3280 1188 3504 1228 succur-

1928 1254 2050 1321 rite,
2083 1271 2298 1327 precor,
2329 1255 2596 1312 festinate.

2424 1354 2773 1412 EPlSTOLA
2804 1357 3012 1413 XXIII.

1929 1467 2177 1509 ΑΝεεωίι
2197 1467 2270 1509 ΑΙ)
2291 1468 2609 1520 ROBERTUM,
2634 1470 2948 1520 ERNULFUM,
2976 1469 3292 1524 BADULFUM,
3312 1471 3524 1512 PHILIP-

2307 1541 2438 1591 pcu,
2471 1540 2806 1583 unumunum
2846 1543 2914 1581 nr
2943 1543 3129 1583 ALlOS.

2000 1622 2307 1677 ANssuws
2335 1622 2734 1676 Cantuariensis
2762 1623 3227 1697 archiepiscopus,
3254 1628 3516 1681 Rossaro

1927 1711 2129 1773 comiti.
2162 1715 2216 1765 et
2235 1710 2378 1764 fratri
2402 1712 2521 1780 ejus
2575 1713 2839 1767 EBNULFO
2902 1715 3108 1780 comiti,
3157 1723 3207 1769 et
3261 1716 3519 1772 RADULFO

213 1811 297 1865 rei
326 1811 646 1881 cupiditate,
695 1813 794 1868 sed
825 1829 924 1882 pro
951 1812 1157 1882 justitia
1205 1811 1445 1866 tribulari
1505 1809 1812 1865 considero.
1848 1797 1898 1859 Β
1931 1815 2002 1854 DB
2035 1801 2274 1854 MORTUO
2303 1801 2472 1864 MAI".
2505 1808 2558 1855 et
2585 1801 2846 1856 PHILlPPO
2877 1817 2948 1856 DE
2977 1819 3243 1870 BRAJOSA,
3276 1813 3328 1859 et
3384 1807 3522 1861 Ban-

212 1900 438 1954 Justitia
466 1901 610 1954 enim
640 1909 741 1967 est,
774 1903 902 1973 quia
931 1918 1039 1956 non
1065 1909 1254 1956 contra
1283 1899 1531 1956 ordinem
1561 1906 1820 1966 vestrum,

213 2004 326 2043 non
352 1996 540 2043 contra
569 1989 821 2062 regulam
854 1991 910 2046 S.
941 1989 1236 2056 Benedicti,
1271 2004 1378 2044 non
1409 1995 1595 2043 contra
1629 1995 1820 2041 aucto-

214 2077 430 2132 ritatem
460 2077 688 2133 aliorum
722 2086 1033 2134 sanctorum
1069 2080 1302 2144 Patrum,
1362 2093 1461 2132 nec
1517 2076 1629 2131 sine
1686 2091 1821 2130 con-

215 2165 341 2220 silio
370 2181 557 2220 eorum
584 2183 613 2220 a
644 2168 838 2236 quibus
866 2167 1146 2239 religionis
1175 2167 1429 2238 regimen
1457 2173 1509 2221 et
1539 2163 1821 2219 consilium

215 2263 541 2326 exspectare
569 2255 802 2324 debetis,
862 2257 1111 2311 abbatem
1173 2255 1333 2311 vultis
1387 2254 1635 2324 accipere
1687 2252 1825 2322 Qua-

216 2353 454 2416 propter
483 2344 529 2398 si
557 2353 782 2414 propter
809 2345 912 2400 hoc
955 2345 1385 2415 perturbationes
1442 2351 1494 2398 et
1543 2342 1822 2396 molestias

218 2433 493 2504 patimini,
525 2433 730 2489 videbit
764 2435 910 2488 Deus
940 2435 1030 2504 qui
1061 2434 1243 2488 omnia
1270 2432 1411 2486 mala
1433 2440 1524 2486 aut
1573 2430 1818 2502 corrigit,

222 2531 314 2576 aut
343 2523 521 2592 punit,
549 2531 602 2577 et
630 2523 773 2578 bona
805 2525 970 2576 nutrit
1001 2531 1053 2576 et
1084 2521 1372 2587 confortat,
1403 2527 1456 2575 et
1487 2519 1637 2574 dabit
1668 2517 1825 2572 vobis

223 2611 656 2667 consolationem
688 2629 838 2666 suam
869 2627 1113 2683 congruo
1168 2618 1414 2678 tempore
1471 2609 1560 2680 qui
1610 2609 1825 2675 adjutor

221 2709 308 2755 est
337 2699 392 2753 in
422 2701 913 2770 opportunitatibus
944 2701 998 2753 in
1021 2699 1362 2754 tribulatione
1392 2699 1566 2768 (Psal.
1602 2713 1676 2765 IX,
1713 2698 1821 2765 1ο),

219 2789 262 2842 si
297 2792 482 2842 tamen
512 2789 727 2859 flagella
750 2789 919 2843 Patris
939 2789 1205 2843 sustinere
1229 2787 1502 2842 humiliter
1516 2786 1822 2855 volueritis,

219 2882 274 2932 et
307 2877 360 2931 in
391 2877 509 2948 ispe
539 2877 934 2932 misericordias
963 2877 1078 2945 ejus
1095 2894 1200 2931 non
1217 2876 1542 2931 defeceritis.
1567 2874 1648 2930 Ad
1671 2873 1822 2928 illum

217 2966 452 3020 clamate
483 2982 589 3022 non
617 2967 792 3021 solum
816 2967 1048 3034 orando,
1077 2965 1175 3020 sed
1206 2973 1259 3019 et
1287 2965 1452 3019 vitam
1483 2971 1727 3018 vestram
1771 2963 1823 3016 in

216 3055 492 3109 mandatis
519 3056 638 3125 ejus
665 3064 719 3110 et
747 3056 802 3109 in
831 3055 1038 3110 ordinis
1055 3055 1216 3108 vestri
1239 3053 1486 3107 custodia
1503 3061 1616 3106 toto
1637 3052 1821 3118 corde,

1930 1904 2119 1943 NARDO
2149 1903 2221 1942 na
2253 1889 2416 1943 Novo
2447 1891 2737 1957 Memno,
2772 1898 2824 1945 et
2851 1891 2969 1945 aliis
3000 1893 3089 1963 qui
3122 1899 3291 1948 terras
3317 1895 3525 1949 habent

1930 1978 1985 2032 in
2016 1978 2330 2048 episcOpatu
2359 1979 2688 2050 degentibus
2713 1980 2960 2035 Vailfridi
3019 1981 3282 2052 episcopi,
3336 1983 3524 2038 amicis

1931 2076 1985 2122 et
2014 2065 2143 2122 filiis
2173 2067 2226 2122 in
2254 2068 2367 2124 Deo
2387 2069 2742 2140 charissimis,
2775 2070 3001 2125 salutem
3017 2077 3069 2126 et
3087 2071 3522 2128 benedictionem

1931 2157 2052 2212 Dei.

2001 2247 2261 2316 Quamvis
2288 2264 2387 2304 vos
2417 2249 2515 2318 ipsi
2547 2248 2762 2304 solliciti
2793 2265 2914 2304 esse
2937 2249 3185 2305 debeatis
3217 2249 3286 2303 de
3345 2251 3514 2306 salute

1931 2346 2126 2404 vestra,
2161 2337 2231 2391 ad
2264 2353 2349 2391 me
2381 2345 2560 2391 tamen
2590 2338 2824 2407 pertinet
2851 2346 2908 2392 ut
2947 2354 3044 2392 vos
3092 2340 3162 2392 ad
3222 2340 3325 2394 hoc
3371 2341 3515 2411 quod

1930 2442 2028 2481 vos
2057 2426 2211 2481 decet
2241 2443 2422 2481 coram
2458 2427 2568 2481 Deo
2601 2434 2652 2480 et
2695 2427 2978 2480 animabus
3026 2428 3215 2482 vestris
3273 2429 3513 2498 expedit,

1932 2516 2158 2572 excitem
2191 2516 2362 2570 amica
2392 2515 2788 2580 exhortatione,
2823 2523 2875 2570 et
2903 2515 3123 2569 invitem
3155 2524 3379 2586 paterna
3424 2518 3525 2571 ad-

1930 2606 2247 2660 monitione.
2286 2606 2482 2660 Precor
2508 2604 2688 2676 itaque
2717 2620 2814 2659 vos
2841 2612 2898 2659 ut
2921 2604 3149 2671 amicos,
3211 2614 3261 2660 et
3319 2621 3524 2661 consu-

1933 2694 2094 2750 lendo
2116 2710 2314 2749 moneo
2344 2703 2400 2748 ut
2432 2693 2571 2748 tilios
2601 2695 2848 2756 dilectos,
2881 2703 3148 2766 quatenus
3166 2694 3363 2750 dilecto
3385 2696 3529 2749 Wil-

1932 2784 2072 2838 frido
2103 2784 2360 2854 episcopo
2382 2784 2449 2838 de
2481 2784 2680 2838 Sancto
2728 2783 2925 2847 David,
2984 2791 3206 2853 propter
3261 2784 3525 2839 honorem

1932 2882 2166 2930 vestrum
2193 2876 2246 2928 et
2277 2881 2502 2944 propter
2529 2871 2852 2942 religionem
2882 2871 3264 2938 Christianam,
3297 2888 3521 2929 omnem

1931 2963 2294 3019 reverentiam
2326 2969 2379 3017 et
2419 2961 2789 3016 obedientiam
2847 2977 2967 3031 quae
3017 2962 3276 3033 episcopo
3316 2964 3373 3016 in
3428 2979 3526 3018 suo

1932 3053 2245 3124 episcopatu
2275 3052 2506 3107 debetur
2536 3068 2658 3106 cum
2687 3067 2878 3107 amore
2908 3052 3237 3118 exhibeatis,
3270 3059 3324 3107 et
3375 3070 3527 3125 qua:—

217 3149 578 3210 totoc0natu,
620 3143 675 3197 in
702 3144 848 3199 omni
879 3144 1000 3198 loco
1030 3150 1083 3197 et
1112 3143 1166 3196 in
1221 3142 1367 3197 omni
1428 3149 1669 3211 tempore
1725 3155 1830 3193 ser-
1863 3149 1912 3211 C
1941 3159 2155 3214 cunque
2199 3140 2501 3212 episcopali
2552 3140 2907 3211 dispositione
2961 3141 3076 3195 ﬁeri
3114 3141 3336 3207 debent,
3399 3144 3517 3212 ejus

216 3233 430 3288 vendo.
454 3232 650 3288 Gravis
675 3240 756 3287 est
779 3232 1071 3304 aliquando
1085 3240 1137 3287 et
1163 3231 1374 3301 ingrata
1406 3230 1458 3282 in
1481 3229 1827 3284 tribulatione

217 3322 555 3394 patientibus
581 3321 874 3377 verborum
907 3320 1024 3374 sine
1075 3319 1187 3374 alio
1245 3319 1450 3374 auxilio
1501 3316 1823 3384 consolatio,

216 3411 316 3465 sed
347 3427 458 3466 non
485 3411 648 3466 debet
677 3410 784 3466 hoc
814 3425 934 3465 esse
965 3408 1138 3464 servis
1165 3408 1288 3474 Dei,
1316 3407 1405 3476 qui
1437 3422 1586 3476 spem
1618 3415 1822 3461 certam

216 3500 425 3557 habent
455 3500 508 3554 in
531 3501 662 3568 Deo,
693 3499 824 3572 quia
840 3505 1040 3569 quanto
1061 3496 1236 3565 major
1254 3504 1333 3550 est
1354 3495 1650 3561 tribulatio,
1673 3498 1823 3548 tanto

216 3591 397 3658 major
452 3589 692 3662 sequitur
743 3587 1024 3659 patientiae
1079 3585 1382 3640 retributio.
1467 3583 1826 3652 Omnipotens

216 3680 367 3736 Deus
396 3695 492 3733 sua
519 3695 618 3734 vos
645 3678 880 3733 lastiﬁcet
911 3675 1304 3742 consolatione,
1338 3681 1391 3728 et
1435 3673 1490 3726 in
1545 3671 1822 3742 prosperis

216 3778 272 3826 et
300 3770 355 3824 in
374 3770 637 3824 adversis
658 3785 753 3823 sua
783 3782 882 3823 vos
898 3781 1118 3836 semper
1138 3771 1392 3837 protegat
1420 3761 1818 3818 benedictione.

640 3894 805 3960 433
840 3907 1181 3964 EPISTOLA
1211 3906 1393 3960 XXII.

278 4022 526 4063 ANSBLMI
557 4023 632 4062 AD
663 4022 1013 4062 ρυιιιεωίσυ
1044 4017 1544 4059 ΒΟἸἮΟΙΛΟΕΝΒΕΗ
1573 4016 1752 4056 ARCHI-

853 4092 1180 4133 εριεοορωί.

286 4191 526 4247 Domino
555 4198 607 4246 et
637 4190 782 4246 Patri
811 4189 1109 4246 reverendo
1139 4187 1486 4254 GUILsto,
1543 4183 1820 4252 archiepi-

212 4291 384 4346 scopo
429 4275 870 4348 Rothomagensi,
931 4278 1259 4338 ANSELMUS,
1320 4286 1520 4325 servus
1574 4268 1820 4324 ecclesiae

210 4365 634 4434 Cantuariensis,
668 4381 790 4420 cum
821 4362 1055 4419 assiduis
1083 4359 1420 4418 orationibus
1443 4356 1608 4412 ﬁdele
1648 4356 1821 4412 servi-

214 4455 373 4509 tium.

291 4545 398 4599 Pro
427 4544 625 4614 injuria
645 4552 698 4600 et
723 4541 1191 4614 oppressionibus,
1233 4555 1332 4609 pro
1387 4534 1814 4611 gravaminibus,

214 4649 318 4704 pro
339 4633 707 4688 destructione
735 4632 980 4688 ecclesia}
1025 4630 1081 4686 S.
1141 4627 1413 4683 Edmundi
1468 4624 1698 4681 clamavi
1747 4623 1817 4679 ad

214 4722 598 4794 paternitatem
627 4729 883 4789 vestram,
916 4727 970 4774 et
997 4719 1238 4774 nondum
1283 4714 1580 4771 exaudistis
1603 4713 1813 4768 clamo-

218 4827 338 4868 rem
398 4818 660 4878 nostrum,
717 4815 1046 4880 conquestus
1097 4823 1236 4873 sum,
1283 4813 1342 4860 et
1395 4805 1634 4860 nondum
1678 4800 1818 4856 sensi

218 4898 658 4970 compassionem
713 4906 969 4953 vestram.
1031 4893 1362 4949 Promisistis
1415 4908 1513 4947 vos
1585 4890 1821 4945 facturos

217 4989 364 5060 quod
394 5003 716 5060 rogaveram
748 4987 818 5042 de
848 4984 1132 5040 monachis
1162 4981 1473 5037 monasterii
1496 4980 1552 5034 S.
1609 4976 1818 5034 Ebrulii

217 5077 679 5150 quiprzedicatam
691 5074 980 5131 ecclesiam
992 5069 1498 5145 gravant,spoliant,
1515 5069 1819 5135 destruunt,

219 5167 316 5221 sed
400 5165 561 5220 nimis
602 5172 845 5219 moratur
898 5161 1122 5216 eﬂ’ectus
1179 5157 1558 5230 promissionis
1603 5163 1820 5235 vestrae,

221 5255 401 5309 adhuc
429 5253 606 5308 clamo
636 5252 827 5307 intimo
857 5251 1062 5307 doloris
1090 5248 1256 5305 corde
1280 5254 1616 5318 cogentepro
1640 5260 1726 5299 me
1752 5243 1825 5298 ad

222 5344 381 5414 cujus
409 5341 688 5413 pr0priam
717 5357 901 5396 curam
927 5339 1163 5410 pertinet
1184 5338 1274 5392 illa
1303 5335 1558 5403 ecclesia,
1618 5341 1672 5389 et
1724 5347 1826 5403 pro

228 5430 490 5486 fratribus
517 5430 608 5502 qui
637 5430 693 5484 in
720 5446 786 5486 ea
812 5435 1200 5485 conversantur
1231 5440 1246 5495 ;
1274 5431 1504 5496 propter
1543 5423 1736 5490 Deum,
1783 5421 1828 5475 si

228 5519 407 5574 zelum
432 5519 531 5574 Dei
560 5517 793 5587 habetis,
824 5518 870 5573 si
899 5516 1268 5588 episcOpalem
1297 5513 1554 5584 pietatem
1597 5510 1827 5577 habetis,

228 5623 394 5681 rogo,
427 5607 676 5678 obsecro,
708 5608 780 5664 ad
805 5606 1040 5680 vestigia
1069 5612 1245 5662 vestra
1311 5608 1492 5657 mente
1546 5616 1632 5656 me
1695 5614 1830 5671 pro-

230 5706 443 5766 sterno,
473 5697 786 5766 seccurrite,
819 5693 1150 5753 miseremini
1214 5691 1478 5763 orphanis
1539 5697 1591 5744 et
1655 5687 1834 5745 viduae

1931 3231 2161 3288 consilio
2189 3229 2421 3286 faciatis.
2456 3230 2545 3284 Sic
2575 3229 2718 3284 enim
2749 3245 2848 3284 vos
2879 3229 3025 3299 ipsos
3055 3231 3365 3285 anteDeum
3382 3232 3523 3286 exal-

1930 3321 2136 3385 tabitis,
2168 3319 2215 3374 si
2243 3333 2342 3374 vos
2371 3317 2630 3389 religiosa
2661 3318 2961 3372 humilitate
3005 3318 3266 3388 episcopo
3317 3328 3525 3387 vestro,

1932 3410 2072 3464 sicut
2103 3409 2249 3462 Deus
2280 3406 2573 3475 ordinavit,
2605 3406 2972 3476 subjeceritis.
3027 3407 3091 3460 Et
3138 3407 3181 3460 si
3236 3408 3290 3461 in
3341 3408 3525 3477 aliquo

1931 3505 2112 3553 vestro
2141 3496 2374 3552 consilio
2403 3511 2540 3566 opus
2566 3494 2832 3564 habuerit,
2855 3501 3133 3565 promptos
3163 3512 3260 3553 vos
3284 3505 3341 3550 ut
3372 3497 3525 3552 Chri-

1932 3587 2140 3642 stianos
2169 3586 2346 3641 bonos
2386 3584 2643 3650 inveniat,
2712 3589 2982 3656 quatenus
3043 3586 3188 3639 Deus
3254 3586 3413 3641 vobis
3473 3586 3527 3639 in

1927 3677 2182 3734 omnibus
2239 3674 2662 3731 necessitatibus
2693 3675 2885 3728 vestris
2933 3673 3308 3730 subveniendo
3355 3675 3515 3729 retri-

1931 3767 2082 3821 buat.
2121 3767 2237 3821 Hoc
2266 3780 2480 3837 quoque
2510 3763 2748 3818 maxime
2775 3779 2970 3819 moneo
3003 3772 3057 3818 et
3106 3763 3349 3833 consulo,
3394 3763 3521 3833 quia

1933 3856 2086 3912 vobis
2113 3855 2272 3910 valde
2311 3853 2676 3909 necessarium
2726 3860 2826 3920 est,
2869 3852 2914 3907 si
2960 3853 3136 3908 Deum
3193 3869 3302 3908 non
3357 3853 3525 3907 vultis

1929 3945 2224 4011 offendere,
2251 3951 2307 3998 ut
2338 3943 2384 3996 si
2413 3951 2585 3997 terras
2609 3949 2701 3996 aut
2723 3940 2984 4007 decimas,
3019 3949 3108 3996 aut
3137 3942 3528 4010 ecclesias,aut
3567 4005 3570 4012 |

1929 4033 2132 4104 aliquid
2160 4033 2305 4102 quod
2335 4031 2402 4086 ad
2424 4031 2711 4087 ecclesiam
2742 4032 2860 4100 ejus
2889 4030 3263 4086 ecclesiastica
3290 4031 3514 4086 rectitu-

1930 4122 2055 4177 dine
2085 4122 2335 4192 pertinet,
2368 4120 2583 4185 tenetis,
2606 4127 2665 4174 ut
2713 4119 2942 4174 reddere
2989 4127 3217 4190 pr0pter
3273 4121 3521 4174 timorem

1927 4212 2028 4267 Dei
2058 4210 2298 4265 studiose
2327 4209 2551 4265 curetis.
2590 4209 2727 4263 Nam
2748 4215 2955 4262 certum
2986 4215 3066 4262 est
3116 4207 3370 4278 quoniam
3428 4208 3519 4278 qui

1928 4302 2101 4355 Deum
2131 4298 2470 4365 exhaaredat,
2503 4297 2591 4353 vel
2619 4296 2874 4352 ecclesias
2903 4297 3022 4366 ejus
3050 4296 3105 4350 in
3131 4299 3235 4350 hoc
3280 4297 3411 4362 vita,
3468 4297 3514 4350 si

1928 4389 2047 4444 sine
2077 4387 2388 4459 poenitentia
2419 4394 2474 4442 et
2517 4384 2895 4440 emendatione
2951 4384 3202 4452 moritur,
3259 4399 3290 4438 a
3344 4400 3515 4456 regno

1848 4509 1898 4569 Β
1931 4478 2034 4534 Dei
2064 4477 2435 4533 exbaeredatur
2472 4475 2527 4530 in
2554 4474 2732 4530 futura
2758 4473 2890 4529 vita.
2950 4472 3310 4543 Omnipotens
3367 4473 3515 4529 Deus

1927 4569 2008 4624 sic
2034 4583 2135 4625 vos
2160 4567 2251 4622 det
2281 4567 2398 4622 haec
2427 4572 2482 4620 et
2507 4564 2613 4620 alia
2642 4565 2787 4618 bona
2816 4563 2871 4617 in
2898 4563 3002 4618 hoc
3031 4563 3230 4618 saeculo
3270 4563 3510 4632 Operari,

1923 4665 1981 4714 ut
2007 4674 2108 4714 vos
2127 4656 2291 4712 faciat
2319 4655 2387 4712 de
2415 4655 2574 4711 beata
2609 4652 2962 4710 retributione
2989 4654 3048 4708 in
3071 4661 3341 4708 aeternum
3399 4651 3517 4725 glo-

1925 4747 2078 4803 riari.

2423 4842 2768 4900 EPISTOLA
2815 4843 3016 4898 XXIV.

1989 4975 2230 5016 ANSELMI
2260 4975 2330 5014 AD
2359 4975 2661 5016 ROBERTUM
2689 4973 3111 5014 ΝΟΒΤΗΗΑΝΝΙΕ
3141 4973 3457 5015 PRINCIPEM.

2001 5060 2110 5116 Suo
2142 5057 2382 5119 domino,
2413 5064 2466 5111 et
2495 5055 2657 5111 totius
2686 5055 3099 5111 Northmannia:
3126 5055 3354 5126 principi
3402 5057 3517 5110 Ro-

1930 5164 2127 5213 BERTO,
2185 5150 2487 5202 AusaLuus
2534 5161 2728 5200 servus
2782 5143 3039 5200 Ecclesia:
3089 5143 3518 5214 Cantuariensis,

1933 5237 2094 5294 ﬁdele
2123 5237 2406 5292 servitium
2437 5251 2559 5290 cum
2590 5239 2944 5290 orationibus.

2005 5328 2249 5398 Qualiter
2294 5327 2526 5382 domnus
2595 5323 2917 5380 Guillelmus
2973 5322 3174 5380 electus
3240 5322 3526 5394 episcopus

1936 5417 2302 5474 Vintoniensis
2337 5416 2405 5471 de
2426 5415 2623 5488 Anglia
2640 5414 2852 5480 exierit,
2908 5429 3018 5469 non
3066 5420 3148 5468 est
3196 5429 3336 5483 opus
3383 5413 3526 5468 scri-

1938 5507 2122 5564 bendo
2153 5505 2438 5562 ostendere
2459 5505 2714 5574 quoniam
2737 5520 2835 5575 per
2856 5502 3036 5574 ipsum
3069 5510 3122 5557 et
3149 5517 3250 5572 per
3279 5502 3420 5556 alios
3443 5501 3534 5570 qui

1944 5613 2058 5655 rem
2080 5597 2257 5669 ipsam
2283 5600 2622 5669 cognoscunt
2650 5592 2900 5665 poteritis
2931 5591 3169 5648 discere.
3238 5590 3346 5645 Sed
3404 5606 3543 5660 quo-

1946 5686 2089 5743 niam
2113 5684 2180 5742 ad
2211 5699 2301 5742 me
2321 5683 2563 5740 maxime
2611 5681 2839 5754 pertinet
2895 5680 2974 5735 illi
3031 5677 3438 5749 compatiendo,
3493 5688 3545 5735 et
