4036 6072
450 260 555 314 215

986 261 1043 316 S.
1093 263 1395 319 ANSELMI
1419 264 1784 321 CANTUAR.
1816 267 2142 328 ABCHIE’P.
2179 270 2338 327 OPP.
2393 272 2570 328 PARS
2622 275 2716 331 III.
2746 307 2820 317 —
2848 273 3221 332 EPISTOLE.

3651 275 3755 330 216

459 399 557 454 per
585 399 671 438 me
702 391 753 438 et
783 399 884 454 per
915 385 1076 451 alios,
1111 393 1367 455 quantum
1390 401 1637 456 possum,
1669 387 1810 444 sicut
1875 389 2050 447 debeo
2077 393 2134 454 A
2162 409 2294 449 nem
2345 403 2397 450 et
2450 396 2854 465 remissionem,
2914 407 2968 455 et
3019 398 3325 454 orationum
3382 413 3644 468 mearum,
3691 399 3755 454 'si

459 473 766 538 subvenire,
801 489 993 542 precor
1023 474 1396 528 celsitudinem
1419 483 1650 530 vestram
1699 477 1744 530 si
1766 478 1894 548 quid
1913 480 2057 549 apud

465 576 587 614 eam
615 561 767 615 valeo
797 561 940 631 quod
965 561 1153 616 deceat
1182 562 1492 630 impetrare,
1524 571 1795 634 quatenus
1823 566 1879 618 in
1900 566 2057 621 vobis

461 649 600 703 sicut
623 651 783 704 homo
814 658 990 704 vester
1015 658 1068 704 et
1096 650 1328 704 sicutilli
1383 653 1714 723 cognoscitis
1774 655 2054 724 expedire,

462 738 723 792 auxilium
757 741 809 792 et
839 740 1121 793 consilium
1137 756 1257 793 cum
1284 755 1471 796 amore
1502 742 1764 797 inveniat.

989 865 1324 921 EPISTOLA
1363 868 1535 921 XXV.

533 974 774 1016 ANSELMI
801 975 873 1014 AD
905 976 1260 1017 GUILLELMUM
1290 978 1778 1019 ROTIIOMAGENSEM
1808 979 1990 1019 ARCHI-

1076 1049 1408 1089 EPISCOPUM.

533 1127 766 1184 Domino
793 1137 845 1184 et
875 1130 1014 1184 Patri
1047 1132 1389 1197 GUILLELMO,
1439 1132 1739 1187 reverenda
1783 1132 2058 1204 archiepi—

462 1232 634 1288 scopo
671 1219 1117 1290 Rothomagensi,
1169 1223 1474 1276 ANsaLtttus
1521 1237 1715 1276 servus
1800 1222 2060 1276 Ecclesiae

465 1305 892 1375 Cantuariensis,
927 1306 1116 1364 fideles
1138 1309 1410 1364 orationes
1441 1325 1564 1365 cum
1596 1312 1842 1365 servitio.

534 1396 674 1450 Cum
705 1413 923 1466 semper
952 1399 1192 1467 gaudere
1213 1406 1265 1452 et
1293 1400 1407 1453 Deo
1434 1399 1636 1470 gratias
1655 1416 1823 1472 agere
1853 1399 2061 1454 debea-

466 1503 608 1553 mus,
641 1486 852 1558 quoties
870 1503 1058 1542 servos
1081 1487 1176 1542 Dei
1200 1487 1432 1559 gloriam
1465 1489 1648 1543 mundi
1707 1506 1806 1559 pro
1863 1489 2060 1545 Christi

471 1590 661 1632 amore
709 1584 1055 1630 contemnere
1087 1576 1353 1642 videmus,
1375 1591 1477 1632 nec
1525 1578 1630 1632 ulla
1675 1577 1932 1633 violentia
1970 1587 2059 1633 aut

469 1664 852 1719 blandimentis
884 1682 915 1718 a
947 1665 1261 1719 rectitudine
1291 1682 1452 1735 posse
1485 1667 1747 1737 separari,
1801 1675 1923 1723 tunc
1959 1669 2061 1722 uti-
2087 1647 2140 1707 Β

467 1771 570 1825 que
591 1755 695 1808 hoc
724 1754 956 1808 maxime
975 1755 1154 1809 facere
1185 1755 1466 1822 debemus,
1497 1772 1617 1810 cum
1637 1757 1688 1809 in
1735 1755 1859 1810 filiis
1895 1765 1944 1811 et
1983 1758 2059 1812 fa-

467 1842 767 1898 miliaribus
796 1843 993 1897 nostris
1023 1843 1127 1898 hoc
1146 1844 1528 1915 cognoscimus
1559 1846 1798 1914 operari.
1847 1844 2060 1913 Quanta

467 1941 645 1987 autem
678 1931 892 1996 virtute,
919 1940 1119 2002 quanta
1141 1932 1442 1986 constantia
1474 1934 1707 1987 domnus
1738 1933 2060 1989 Guillelmus

465 2019 608 2074 ﬁlius
640 2029 839 2086 vester,
864 2028 915 2074 et
935 2020 1104 2091 gratia
1162 2030 1346 2074 vestra
1382 2029 1590 2088 noster,
1631 2038 1791 2092 quem
1833 2023 2058 2077 canoni-

466 2126 587 2164 cum
618 2117 670 2162 et
699 2109 959 2182 decanum
990 2108 1248 2163 Ecclesiae
1278 2117 1475 2163 vestrae
1507 2109 1740 2164 electum
1796 2111 2058 2166 canonice

464 2198 783 2267 episcOpum
808 2197 1211 2251 Wintoniensis
1246 2198 1501 2253 Ecclesiae
1527 2198 1684 2253 nobis
1742 2199 2058 2255 charitative

471 2287 836 2353 concessistis,
869 2287 1336 2341 consecrationem
1358 2287 1428 2340 ab
1485 2287 1551 2342 iis
1607 2304 1638 2342 a
1697 2288 1893 2357 quibus
1945 2304 2066 2342 eam

465 2375 602 2431 sicut
625 2374 961 2430 offerebatur
991 2375 1232 2446 recipere
1281 2392 1388 2431 non
1430 2376 1624 2432 debeat
1673 2378 1954 2448 respuerit,
2015 2390 2066 2432 et

465 2464 740 2534 quomodo
771 2471 991 2534 pr0pter
1019 2463 1126 2518 hoc
1154 2464 1316 2518 rebus
1346 2465 1461 2518 suis
1490 2464 1754 2536 spoliatus
1775 2469 1830 2520 et
1859 2466 1926 2520 de
1948 2469 2066 2520 An-

467 2553 583 2624 glia
606 2554 866 2622 expulsus
897 2552 985 2620 sit,
1017 2551 1213 2606 nullius
1239 2552 1444 2623 scripto
1475 2553 1670 2608 melius
1727 2570 1889 2624 quam
1947 2555 2066 2624 ejus

468 2643 595 2697 viva
626 2657 780 2703 voce.
817 2645 869 2696 et
898 2657 1088 2696 eorum
1115 2641 1203 2710 qui
1235 2658 1356 2697 cum
1405 2643 1517 2709 illo,
1552 2644 1770 2712 quando
1793 2645 1908 2698 haec
1929 2642 2066 2698 facta

469 2738 617 2792 sunt,
651 2730 954 2797 adfuerunt,
985 2729 1282 2800 paternitas
1313 2739 1490 2786 vestra
1522 2747 1855 2802 cognoscere
1906 2740 2065 2802 pote-

467 2819 554 2874 rit.
580 2817 714 2886 Quae
744 2835 850 2883 res,
876 2827 1139 2889 quantum
1171 2819 1224 2872 in
1255 2819 1375 2888 ipso
1407 2827 1503 2886 est,
1538 2827 1648 2874 tam
1675 2819 1882 2875 fortiter
1926 2821 2068 2876 facta

2165 483 2294 555 quid
2324 485 2528 553 valent,
2561 486 2614 540 in
2644 503 2776 542 vera
2806 487 3070 544 charitate
3097 486 3586 558 participationem.

2641 609 2990 666 EPISTOLA
3033 609 3260 665 XXVII.

2165 721 2403 761 ANSEIMI
2436 721 2505 760 AD
2535 721 2796 763 MALCHUM
2837 724 3395 764 WATERFORDIENSBM
3429 724 3756 767 EPISCOPUM.

2236 795 2571 853 ANSELMUS,
2617 793 3060 864 archiepiscopus
3103 793 3426 860 Cantuariae,
3473 796 3650 849 amico
3707 803 3762 850 et

2162 880 2485 950 coepiscopo
2519 881 2749 936 ΜΑιωιο
2782 881 3260 950 Waterfordiensi,
3292 883 3522 937 salutem
3557 892 3613 938 et
3668 883 3761 938 be-

2165 969 2547 1026 nedietionem.

2238 1058 2430 1112 Audivi
2459 1058 2606 1127 quod
2651 1059 2883 1114 domnus
2900 1058 3117 1114 Samuel
3148 1058 3435 1130 epiSCOpus
3475 1060 3766 1116 Dublinen-

2166 1146 2239 1200 sis
2257 1149 2550 1201 monachos
2582 1148 3081 1203 ecclesiaeDublinae
3118 1155 3210 1203 aut
3261 1147 3409 1202 nulla
3455 1157 3541 1203 aut
3597 1166 3763 1219 parva

2166 1235 2452 1291 occasione
2483 1235 2646 1303 ejicit,
2681 1251 2782 1290 nec
2811 1251 2907 1307 pro
2941 1235 3051 1291 ulla
3083 1236 3475 1303 satisfactione,
3507 1239 3621 1294 vult
3667 1255 3760 1294 re-

2167 1327 2370 1393 cipere,
2407 1333 2457 1378 et
2490 1325 2616 1395 quia
2638 1333 2824 1380 contra
2883 1326 3329 1381 consuetudinem
3375 1343 3587 1382 crucem
3634 1326 3766 1382 facit

2161 1414 2362 1485 gestari
2393 1422 2516 1468 ante
2548 1430 2606 1468 se
2636 1415 2689 1467 in
2720 1414 2930 1480 itinere,
2955 1423 3006 1469 et
3035 1414 3156 1484 quia
3189 1431 3274 1470 res
3305 1415 3549 1471 ecclesiae
3611 1416 3759 1470 illius

2166 1502 2236 1556 ab
2265 1502 2672 1573 archiepiscopo
2706 1503 2978 1559 Lafranco
3009 1504 3158 1558 datas
3189 1504 3332 1560 velut
3363 1504 3608 1575 prOprias
3637 1505 3759 1559 dis—

2167 1591 2377 1645 tribuit.
2412 1593 2489 1646 De
2519 1592 2584 1646 iis
2600 1593 2852 1647 omnibus
2881 1593 2960 1646 illi
2991 1600 3202 1648 nostras
3225 1593 3377 1648 mitto
3426 1594 3653 1659 litteras,
3709 1601 3765 1650 et

2171 1680 2372 1750 populo
2405 1681 2648 1750 ejusdem
2679 1681 2909 1735 civitatis
2930 1682 3148 1749 mando,
3181 1691 3240 1735 ut
3269 1681 3643 1753 praedictarum
3674 1698 3767 1736 re-

2170 1785 2285 1822 rum
2316 1769 2747 1825 distributionem
2771 1770 3070 1840 prohibeat.
3107 1772 3171 1824 Et
3201 1771 3455 1841 quoniam
3514 1787 3621 1826 non
3681 1771 3763 1824 in-

2170 1859 2330 1913 venio
2360 1875 2458 1928 per
2488 1874 2646 1927 quem
2680 1859 2876 1912 litteras
2907 1869 3118 1914 nostras
3167 1859 3244 1912 illi
3303 1859 3477 1929 aptius
3533 1859 3762 1924 mittam,

2167 1963 2361 2018 precor
2388 1947 2780 2002 fraternitatem
2815 1956 3074 2013 vestram,
3111 1955 3374 2020 quatenus
3405 1964 3497 2002 eas
3540 1947 3617 2001 illi
3665 1965 3766 2018 per

2169 2035 2511 2108 praesentiam
2544 2044 2777 2090 vestram
2828 2036 3165 2104 exhibeatis;
3200 2044 3252 2092 et
3276 2053 3404 2090 eum
3432 2037 3760 2092 charitative

2169 2126 2287 2182 viva
2320 2142 2450 2180 voce
2480 2133 2533 2178 ut
2566 2125 2851 2180 monitioni
2882 2134 3082 2181 nostrae
3129 2141 3290 2196 quam
3345 2125 3418 2179 illi
3475 2125 3768 2180 scribimus

2175 2230 2453 2269 assensum
2485 2214 2717 2285 praebeat
2749 2216 2994 2286 rogando
3024 2222 3076 2270 et
3105 2213 3438 2270 consulendo
3483 2214 3769 2270 moneatis.

2179 2303 2382 2361 Valete.

2663 2374 3003 2430 EPISTOLA
3034 2375 3286 2430 XXVIII.

2247 2487 2488 2526 ANSELMI
2519 2486 2590 2525 AD
2619 2487 2976 2528 GUILLELMUM
3008 2486 3502 2528 BOTIIOMAGENSBM
3517 2487 3705 2526 ARCHI-

2812 2560 3137 2599 EPISCOPUM.

2247 2643 2482 2698 Domino
2511 2652 2563 2698 et
2595 2643 2729 2698 Patri
2753 2643 3055 2698 reverendo
3086 2641 3505 2710 archiepiscopo
3555 2640 3771 2695 Rotho-

2176 2732 2423 2803 magensi
2463 2733 2808 2790 GUILLELMO.
2858 2734 3184 2797 Ausauuus,
3242 2746 3433 2784 servus
3513 2729 3775 2785 Ecclesia:

2178 2821 2604 2883 Cantuariensis,
2629 2821 2772 2891 quod
2804 2808 2944 2892 patri
2976 2819 3134 2874 filius.

464 2916 566 2975 est,
597 2916 813 2979 tamque
833 2907 1041 2979 patenti
1061 2910 1344 2963 honestate
1365 2925 1425 2963 se
1447 2909 1758 2964 manifestat
1780 2917 1835 2964 ut
1863 2910 2060 2965 nullius
2093 2899 2141 2961 C
2242 2910 2514 2979 Quamvis
2543 2911 2795 2964 dominus
2818 2909 2996 2964 Guido
3044 2909 3182 2963 lator
3237 2907 3590 2979 praesentium
3643 2906 3772 2962 olim

466 2997 729 3052 relatione
759 2997 828 3052 ad
858 2996 1076 3052 laudem
1107 2998 1224 3067 ejus
1255 2997 1448 3069 augeri
1471 2997 1667 3054 valeat.
1694 2997 2061 3068 Quapropter,

467 3085 720 3156 quamvis
750 3093 930 3140 nostra
959 3102 1119 3155 prece
1148 3087 1436 3157 prudentia
1494 3095 1667 3141 vestra
1718 3103 1827 3142 non
1885 3095 2066 3159 egeat,

466 3182 648 3228 tamen
680 3191 746 3228 ex
777 3174 956 3230 cordis
987 3175 1324 3230 abundantia
1353 3175 1582 3230 obsecro
1611 3184 1668 3230 ut
1722 3192 1844 3230 eum
1913 3176 2069 3230 beni-

473 3279 582 3335 gne
611 3263 744 3318 sicut
775 3262 942 3317 lilium
966 3269 1200 3319 vestrum
1233 3272 1284 3318 et
1317 3280 1499 3319 meum
1530 3281 1628 3334 pro
1653 3265 1862 3335 justitia
1903 3282 2068 3320 exsu-

467 3357 669 3411 lantem
701 3358 982 3430 suscipiat,
1017 3367 1176 3429 atque
1198 3375 1318 3413 cum
1349 3375 1536 3414 amore
1567 3368 1616 3414 et
1648 3361 1854 3414 honore
1884 3359 1933 3414 ei
1963 3375 2067 3414 au-

466 3446 659 3500 xilium
688 3463 842 3501 suum
876 3456 928 3502 et
953 3448 1254 3514 consilium,
1287 3448 1380 3501 ubi
1414 3464 1503 3503 res
1527 3448 1728 3519 exiget,
1789 3448 2066 3503 exhibeat.

468 3534 604 3590 Aliis
635 3552 850 3605 quoque
883 3536 1026 3606 quod
1058 3536 1126 3590 ab
1157 3536 1251 3589 illo
1281 3536 1349 3590 de
1370 3537 1471 3590 hac
1502 3551 1558 3590 re
1608 3537 1916 3592 reverentia
1970 3553 2067 3592 ve-

472 3631 582 3677 stra
616 3624 821 3691 audiet,
860 3639 1046 3678 secure
1077 3639 1173 3693 pro
1205 3624 1429 3678 veritate
1475 3632 1718 3690 testetur,
1778 3634 1832 3680 et
1887 3641 1952 3681 eo
2000 3626 2068 3680 ad

475 3713 596 3781 ejus
628 3727 872 3766 amorem
902 3719 956 3767 et
1003 3713 1268 3767 honorem
1327 3712 1466 3768 sicut
1508 3713 1706 3768 meruit
1734 3715 2065 3770 exhortetur.

476 3799 686 3855 Valete.

974 3879 1317 3936 EPISTOLA
1348 3882 1547 3937 XXVI.

741 3991 978 4032 ANSBLMI
1009 3992 1078 4031 AD
1107 3993 1390 4034 ROGERIUM
1407 3994 1554 4034 SUUM
1581 3991 1809 4035 AHICUM.

559 4080 880 4144 Ansamus,
917 4075 1375 4148 archiepiscopus,
1410 4079 1587 4132 amico
1640 4093 1740 4132 suo
1798 4077 2073 4146 Roeaato,

484 4170 716 4226 salutem
747 4176 801 4223 et
832 4166 1288 4221 benedictionem.

558 4259 731 4330 Vulgo
751 4257 889 4312 solet
917 4255 1024 4309 dici
1053 4255 1176 4324 quia
1213 4255 1438 4322 amicus,
1507 4254 1655 4310 velut
1700 4255 1964 4321 medicus,
2019 4255 2073 4309 in

483 4347 805 4404 necessitate
829 4344 1105 4416 probatur.
1141 4345 1256 4399 Hoc
1283 4344 1406 4399 ideo
1436 4344 1542 4399 dici
1575 4343 1702 4412 quia
1732 4343 1776 4397 si
1807 4357 1936 4398 vera
1984 4343 2082 4398 fuit

486 4437 728 4494 amicitia
757 4450 914 4506 quam
946 4433 1148 4487 domno
1179 4432 1480 4487 Guillelmo
1501 4432 1674 4487 electo
1721 4431 1978 4502 episcopo
2028 4431 2080 4485 in

485 4524 847 4599 prosperitate
896 4520 1224 4588 ostendistis,
1283 4537 1425 4574 nunc
1460 4519 1766 4590 apparebit,
1816 4527 1870 4574 et
1925 4535 2082 4575 amor

486 4608 1440 4682 eritconstantior[al.,majorerit
1495 4616 1549 4662 et
1607 4607 1966 4679 constantior]
2022 4610 2078 4663 in

485 4702 684 4772 majori
714 4699 1056 4756 necessitate.
1091 4697 1178 4751 Ad
1209 4698 1352 4768 quod
1383 4697 1428 4750 si
1450 4711 1638 4766 preces
1660 4703 1856 4750 nostrae
1887 4705 1939 4750 et
1960 4713 2077 4752 mo-

488 4793 622 4848 nitio
664 4797 852 4846 nostra
881 4789 1038 4842 bona;
1064 4786 1322 4841 voluntati
1356 4792 1554 4840 vestrae
1601 4792 1823 4855 possunt
1872 4786 2083 4856 aliquid

485 4881 705 4947 addere,
738 4878 965 4933 obsecro
987 4883 1045 4928 ut
1075 4882 1296 4944 propter
1351 4874 1692 4928 honestatem
1763 4881 1998 4928 vestram
2034 4882 2087 4928 et

481 4973 714 5044 prOpter
743 4980 988 5021 amorem
1014 4970 1254 5018 vestrum
1287 4962 1339 5015 in
1373 4962 1439 5016 iis
1469 4978 1591 5033 quae
1623 4962 1887 5016 hactenus
1943 4961 2084 5018 bene

482 5067 534 5114 et
563 5057 814 5120 ﬁdeliter,
858 5052 1015 5108 illum
1033 5051 1408 5121 adjuvandum
1437 5051 1640 5106 fecistis
1671 5066 1777 5106 non
1797 5049 2082 5117 deﬁciatis,

483 5148 578 5202 sed
612 5151 813 5215 quanto
843 5141 1020 5212 magis
1051 5141 1201 5195 illum
1236 5140 1481 5212 indigere
1500 5139 1739 5204 cernitis,
1775 5147 1921 5194 tanto
1963 5147 2083 5193 stu-

481 5235 692 5291 diosius
721 5230 1052 5288 strenuitatis
1081 5238 1276 5285 vestrae
1324 5229 1579 5284 auxilium
1630 5229 1707 5282 illi
1758 5228 2080 5283 exhibeatis.

473 5309 644 5378 434
671 5322 838 5392 Quod
872 5321 916 5376 si
949 5320 1206 5388 feceritis,
1240 5327 1400 5374 etme
1433 5319 1669 5374 amicum
1692 5327 1932 5373 vestrum
1949 5317 2082 5372 ami-

480 5416 687 5472 ciorem
719 5411 874 5468 vobis
893 5409 1146 5478 reddetis,
1180 5417 1231 5465 et
1261 5407 1552 5464 amicitiam
1609 5415 1848 5462 vestram
1897 5407 2077 5461 omni-

481 5505 584 5560 bus
611 5519 794 5559 veram
825 5517 944 5557 esse
974 5499 1290 5555 ostendatis.
1326 5496 1902 5567 Valete.0mnipotens
1929 5497 2076 5551 Deus

484 5594 682 5648 tribuat
713 5592 807 5647 tibi
838 5589 1075 5647 omnium
1108 5597 1453 5662 peccatorum
1493 5596 1710 5643 tuorum
1767 5585 2069 5642 absolutio-

2173 3000 2335 3054 nobis
2365 3007 2422 3054 ut
2451 3001 2670 3054 domino
2700 3007 2752 3054 et
2783 2999 2916 3069 patri
2945 2997 3200 3052 familiari
3229 2997 3437 3063 notitia,
3463 3003 3519 3050 ut
3549 2996 3641 3060 ait,
3665 2996 3772 3050 ad-

2175 3089 2411 3154 hteserit,
2445 3098 2619 3144 tamen
2654 3089 2778 3159 quia
2806 3088 2955 3144 novit
2985 3095 3186 3158 quanta
3240 3086 3384 3141 inter
3435 3101 3534 3141 vos
3579 3092 3633 3140 et
3684 3100 3772 3140 me

2175 3187 2359 3232 mutua
2381 3179 2452 3232 sit
2476 3178 2711 3243 dilectio,
2745 3178 2941 3232 nostris
2990 3176 3178 3232 litteris
3232 3182 3427 3231 vestrae
3482 3189 3771 3231 commen-

2175 3266 2291 3320 dari
2323 3267 2452 3336 petit
2480 3266 2768 3321 sanctitati.
2822 3266 2964 3320 Sciat
3022 3266 3188 3337 igitur
3241 3273 3420 3319 vestra
3475 3263 3777 3334 paternitas

2177 3356 2307 3425 quia
2334 3371 2456 3410 cum
2487 3364 2672 3410 nostra
2703 3356 2949 3410 amicitia
2979 3363 3031 3410 et
3053 3354 3268 3409 licentia
3287 3353 3429 3409 redit
3457 3353 3526 3408 de
3581 3353 3778 3424 Anglia

2174 3445 2226 3498 in
2257 3444 2698 3500 Northmanniam
2727 3444 2795 3497 ad
2825 3460 2976 3498 suam
3010 3442 3338 3498 Ecciesiam.
3371 3440 3528 3509 Quod
3580 3455 3776 3512 precor

2171 3541 2228 3589 ut
2256 3533 2397 3605 apud
2424 3549 2772 3605 quoscunque
2801 3549 2940 3604 Opus
2972 3533 3127 3587 fuerit
3158 3539 3331 3586 vestra
3379 3537 3604 3588 testatur
3666 3544 3774 3584 au-

2176 3624 2411 3678 ctoritas.
2448 3625 2645 3678 Precor
2675 3624 2833 3678 etiam
2864 3630 2919 3676 ut
2950 3621 3041 3676 ubi
3071 3629 3250 3677 vestro
3281 3621 3515 3676 consilio
3547 3627 3603 3675 et
3633 3618 3778 3674 auxi-

2178 3712 2254 3768 lio
2284 3712 2513 3783 eguerit,
2545 3712 2840 3766 secundum
2882 3711 3024 3781 quod
3055 3718 3292 3765 vestram
3322 3709 3481 3764 decet
3508 3724 3774 3766 reveren-

2183 3800 2331 3869 tiam,
2365 3801 2434 3856 ad
2463 3801 2692 3856 salutem
2727 3801 2922 3856 animae
2973 3816 3085 3855 suae
3139 3805 3455 3871 promptum
3515 3797 3772 3853 inveniat.

2182 3889 2388 3944 Valete.

2698 3958 3032 4015 EPISTOLA
3061 3959 3269 4015 XXIX.

2428 4070 2666 4111 ΑΝεειω
2704 4071 2774 4109 ΑΙ)
2805 4070 3144 4110 GONDULFUM
3175 4070 3498 4110 εριεεορωι.

2260 4157 2575 4220 ANSELMUS,
2621 4153 3084 4225 archiepiscopus,
3143 4153 3448 4209 reverendo
3519 4151 3780 4222 episcopo

2191 4243 2531 4308 GONDULFO,
2563 4243 2810 4298 salutem.

2259 4333 2452 4386 Notum
2486 4332 2554 4385 sit
2582 4331 2857 4388 dilectioni
2888 4339 3082 4385 vestrae
3113 4331 3259 4402 quod
3299 4331 3475 4403 gratia
3522 4331 3620 4387 Dei
3681 4347 3779 4386 ve-

2190 4421 2321 4476 stris
2347 4420 2770 4493 suﬁ‘ragantibus
2801 4420 3131 4475 oratioaibus
3162 4437 3326 4474 sanus
3355 4437 3473 4474 sum
3505 4428 3559 4475 et
3607 4437 3784 4490 usque

2188 4510 2256 4564 ad
2291 4512 2571 4565 Carrotum
2604 4511 2826 4564 Romam
2858 4509 3085 4563 tendens
3105 4510 3223 4564 sine
3256 4509 3660 4579 perturbatione
3689 4509 3781 4563 ivi.

2190 4599 2308 4668 Quo
2347 4614 2470 4654 cum
2501 4600 2894 4670 pervenissem,
2919 4606 2970 4652 et
2999 4614 3027 4651 a
3054 4598 3116 4650 D.
3140 4597 3430 4661 comitissa,
3454 4606 3507 4652 et
3527 4598 3784 4669 episcopo

2193 4687 2484 4743 honorifice
2516 4695 2796 4757 susceptus
2817 4687 3058 4751 fuissem,
3094 4687 3270 4740 mirati
3321 4696 3442 4741 sunt
3491 4688 3634 4757 quod
3691 4687 3784 4741 tali

2192 4781 2245 4833 in
2279 4787 2519 4848 tempore
2552 4785 2657 4830 tam
2675 4774 3037 4846 periculosum
3071 4775 3170 4830 iter
3227 4777 3600 4844 peragendum
3651 4777 3780 4830 arri-

2193 4869 2450 4939 puissem.
2486 4866 2898 4920 Aﬁirmaverunt
2921 4865 3190 4935 siquidem
3223 4865 3368 4935 quod
3400 4881 3504 4920 nec
3561 4866 3783 4920 Romam

2192 4957 2379 5011 videre
2409 4955 2453 5008 si
2484 4961 2714 5024 coeptum
2747 4953 2847 5008 iter
2903 4961 3161 5020 tenerem,
3211 4969 3312 5006 nec
3377 4953 3621 5022 ulterius,
3670 4969 3786 5024 prae

2193 5045 2357 5100 nimia
2389 5044 2491 5099 loci
2528 5041 2838 5097 inﬁrmitate
2868 5042 3058 5097 caloris
3079 5042 3327 5109 angustia
3379 5042 3564 5097 redire
3628 5041 3786 5095 vale-

2194 5151 2328 5190 rem.
2361 5133 2492 5189 Tale
2514 5148 2835 5205 quocunque
2866 5148 2982 5187 esse
3016 5133 3117 5187 hoc
3146 5131 3200 5185 in
3234 5139 3481 5201 tempore
3538 5146 3623 5185 me
3673 5129 3784 5185 iter

2190 5239 2378 5293 agere,
2413 5237 2476 5278 ac
2504 5224 2548 5277 si
2581 5222 2710 5276 mihi
2743 5221 2964 5276 licenter
2981 5227 3206 5275 mortem
3239 5220 3431 5274 vellem
3482 5220 3779 5275 asciscere.

2189 5313 2422 5370 Consilio
2507 5312 2688 5381 itaque
2770 5326 2956 5366 eorum
3033 5318 3085 5364 et
3160 5309 3400 5363 omnium
3487 5311 3781 5364 amicorum

2186 5419 2431 5458 meorum
2463 5402 2515 5455 in
2549 5411 2760 5471 tempus
2791 5415 3095 5471 congruum
3129 5399 3229 5454 iter
3259 5399 3530 5470 agendum
3578 5396 3806 5462 distuli,-

2183 5501 2235 5547 et
2261 5492 2316 5546 in
2346 5490 2746 5545 Northmannia
2775 5495 3179 5559 exspectaturus
3211 5488 3436 5542 Beccum
3479 5487 3636 5541 redii.
3679 5485 3785 5540 De-

2180 5583 2291 5638 bita
2320 5579 2487 5655 igitur
2516 5594 2635 5636 mea
2664 5595 2786 5651 quae
2808 5577 2863 5633 in
2900 5577 3096 5651 Anglia
3123 5575 3316 5646 debeo,
3353 5591 3545 5650 precor
3572 5579 3626 5632 et
3646 5573 3810 5631 πλοῖ--
