4036 6072
307 283 415 338 217

1556 284 1684 338 LIB.
1715 283 1808 351 IV,
1849 282 2066 339 EPIST.
2108 284 2340 340 XXXII.

3488 287 3603 344 "218

307 417 420 464 tum
459 423 657 480 precor
685 417 742 464 ut
783 409 1032 478 solvatis,
1086 416 1138 465 et
1186 409 1453 483 reliquum
1498 412 1642 484 quod
1696 412 1896 468 habere
1928 419 1982 480 Α
2015 414 2156 470 fectu
2185 416 2478 489 gaudeam,
2515 424 2568 473 et
2598 424 2653 472 tu
2683 417 2752 472 de
2772 432 2894 473 mea
2926 417 3112 473 laetitia
3141 415 3405 489 gaudeas.
3456 417 3603 472 Vale.

301 500 529 569 potestis
567 497 637 554 de
669 500 805 554 meis
834 499 1134 554 redditibus
1160 515 1259 570 per
1288 501 1620 556 Ansfredum
1651 518 1918 574 praesen-_

302 594 411 642 tem
469 588 712 642 nuntium
762 605 925 659 quam
982 588 1141 644 citius
1187 590 1408 660 potestis
1456 591 1586 646 mihi
1653 591 1898 645 mittatis.

301 674 646 732 Solutionem
690 677 998 732 Romesroti
1039 693 1207 748 usque
1251 678 1320 732 ad
1367 679 1564 733 festum
1605 680 1775 734 sancti
1807 679 1904 732 Mi-

296 764 506 820 chaelis
533 763 750 820 differre
769 764 1012 837 potestis.
1032 766 1393 838 Eleemosyna
1414 784 1542 823 vero
1569 785 1634 822 ne
1663 769 1903 840 aliquam

302 854 592 924 penuriam
628 854 882 925 patiatur,
916 855 1200 926 prudentia
1248 864 1426 910 vestra
1452 856 1719 928 invigilat.
1782 857 1865 912 Go
1895 891 1898 894 ο

295 942 513 997 defrido
545 942 611 998 de
634 944 922 1015 Mellinges
963 943 1128 999 dicite
1153 953 1207 998 ut
1239 945 1533 1000 Guillelmo
1563 945 1674 1002 ﬁlio
1688 962 1784 1001 suo
1815 945 1905 1000 det

297 1049 373 1086 xx
422 1031 630 1087 solidos
688 1031 1066 1087 denariorum.
1134 1032 1426 1089 Guillelmo
1473 1032 1583 1089 ﬁlio
1614 1035 1802 1090 Hionis
1832 1052 1902 1089 xx

298 1137 511 1175 marcas
530 1121 1053 1192 argenti,etAlbrito
1083 1137 1122 1176 ιι
1153 1122 1220 1176 ad
1271 1122 1614 1178 festivitatem
1673 1123 1736 1179 S.
1796 1124 1900 1178 Mi-

302 1209 511 1264 chaelis
531 1209 756 1263 dabitis.
783 1208 946 1265 Orate
965 1227 1062 1281 pro
1097 1227 1185 1266 me
1215 1219 1270 1266 ut
1303 1212 1445 1266 Deus
1501 1228 1590 1268 me
1645 1221 1697 1267 et
1753 1221 1904 1268 actus

302 1313 460 1353 meos
489 1297 710 1368 dirigat,
743 1306 794 1353 et
825 1299 877 1352 in
911 1298 1249 1370 beneplacito
1271 1315 1370 1354 suo
1388 1300 1456 1355 ad
1473 1301 1702 1355 salutem
1724 1317 1899 1356 meam

301 1395 354 1440 et
385 1386 629 1440 omnium
676 1385 806 1439 mihi
855 1387 1270 1443 commissorum
1320 1388 1596 1459 disponat.
1654 1389 1902 1444 Salutate

303 1473 447 1528 ﬁlios
475 1482 527 1528 et
557 1474 752 1530 fratres
783 1484 999 1531 nostros
1041 1483 1240 1532 nostrae
1271 1485 1326 1532 et
1374 1486 1566 1533 vestrae
1606 1494 1901 1551 congrega-

302 1562 485 1618 tionis.

809 1687 1004 1742 EPIST
1018 1689 1063 1744 Ο
1075 1690 1157 1745 LA
1202 1691 1364 1746 XXX
1379 1732 1394 1750 .

587 1809 828 1848 ANSBLMI
866 1810 937 1848 AD
976 1811 1300 1851 MATIIILDEM
1341 1813 1609 1853 REGINAM.

370 1883 703 1939 Reverendae
733 1883 968 1940 domina:
997 1901 1113 1940 suae
1145 1886 1426 1941 MATHILDI
1457 1888 1713 1960 glorioste
1755 1889 1896 1961 regi-

299 1989 409 2039 nae,
441 1976 742 2027 ANSELMUS
763 1974 1222 2045 archiepiscopus,
1256 1975 1443 2030 ﬁdeles
1475 1977 1743 2032 orationes
1773 1994 1896 2032 cum

298 2061 449 2116 ﬁdeli
484 2061 729 2128 servitio,
762 2070 813 2116 et
843 2061 1276 2118 benedictionem
1306 2065 1423 2132 Dei,
1458 2073 1508 2119 et.
1539 2081 1708 2134 suam,
1729 2083 1896 2134 quau-

299 2158 412 2206 tum
436 2157 632 2220 potest.

371 2238 586 2293 Gratias
633 2255 739 2310 ago
791 2255 1024 2311 magnas
1052 2249 1323 2312 susceptae
1354 2251 1549 2299 vestrae
1597 2242 1892 2314 largitioni,

296 2327 396 2383 sed
428 2327 598 2382 multo
631 2328 870 2397 majores
892 2338 1097 2385 sanctae
1129 2347 1287 2400 quam
1317 2347 1447 2403 erga
1504 2347 1592 2387 me
1616 2349 1734 2386 sum
1789 2349 1892 2387 ex—

298 2424 488 2488 pertus
516 2416 811 2471 dilectioni.
848 2416 1004 2485 Quas
1036 2419 1298 2488 quoniam
1329 2421 1572 2489 corporis
1603 2420 1784 2476 ofﬁcio
1802 2437 1896 2475 ne-

294 2521 438 2575 queo
459 2520 748 2575 peragere,
780 2505 965 2560 cordis
998 2505 1192 2562 aﬁectu
1213 2509 1373 2579 cupio
1391 2509 1894 2580 indesinenterper-

292 2595 528 2661 solvere,
561 2593 828 2663 siquidem
866 2605 1345 2669 quantumcunque
1377 2599 1444 2652 sit
1476 2601 1663 2653 Vestra
1694 2615 1889 2670 corpo-

291 2684 425 2738 ralis
447 2682 690 2737 absentia
719 2697 733 2750 ;
761 2686 1028 2740 removeri
1048 2695 1225 2741 tamen
1283 2688 1468 2757 nequit
1497 2705 1528 2742 a
1554 2697 1732 2742 mente
1774 2705 1892 2743 mea

292 2771 474 2825 ﬁdelis
503 2770 814 2826 dilectionis
843 2781 1037 2828 vestrze
1067 2775 1406 2845 prudeentia.
1427 2775 1773 2846 Quapropter
1800 2777 1890 2832 de-

292 2860 598 2916 sideranter
623 2875 740 2926 oro,
774 2868 828 2915 et
856 2864 1064 2918 orando
1109 2864 1364 2920 desidero
1422 2873 1476 2919 ut
1536 2867 1686 2919 Deus
1747 2866 1890 2935 quod

291 2966 399 3022 ego
431 2965 528 3020 per
558 2963 644 3003 me
672 2965 780 3004 non
804 2953 978 3018 valeo,
1015 2953 1130 3023 ipse
1161 2954 1316 3008 vobis
1347 2970 1444 3024 pro
1477 2971 1564 3009 me
1608 2954 1887 3021 retribuat,

291 3052 348 3095 et
375 3050 644 3113 quantum
676 3041 782 3097 scit
809 3041 1092 3110 expedire,
1126 3057 1276 3095 suam
1323 3058 1454 3113 erga
1481 3058 1582 3096 vos
1636 3042 1890 3097 dilectio—

289 3146 418 3183 nem
450 3139 502 3185 et
524 3139 760 3186 vestram
820 3146 952 3201 erga
983 3145 1041 3183 se
1097 3129 1366 3199 perﬁciat.
1428 3129 1640 3198 Quanto
1697 3129 1890 3185 affectu

288 3233 521 3288 possum
546 3227 602 3275 et
630 3227 894 3291 quantum
927 3219 995 3274 de
1022 3219 1340 3274 celsitudine
1361 3228 1539 3273 vestra
1568 3219 1730 3274 audio
1751 3236 1890 3289 prac-

285 3324 524 3375 sumere,
555 3323 769 3380 precor,
803 3308 1052 3376 obsecro,
1084 3307 1620 3378 supplicio,ﬁdeliter
1634 3309 1885 3375 consulo,

287 3405 347 3451 ut
369 3398 732 3453 Ecclesiarum
766 3397 982 3469 Anglite
1011 3397 1134 3467 paci
1165 3405 1218 3451 et
1245 3398 1411 3467 quieti
1470 3398 1644 3466 pietas
1698 3401 1889 3452 vestra

290 3486 531 3554 studeat,
561 3494 615 3542 et
640 3488 876 3542 maxime
907 3485 1031 3540 ﬁliis
1059 3501 1253 3540 earum
1287 3486 1744 3540 imbecillioribus
1777 3486 1886 3538 mi-

286 3591 498 3645 nusque
527 3577 858 3645 potentibus,
891 3576 945 3630 in
975 3574 1414 3629 tribulationibus
1472 3575 1583 3628 suis
1612 3583 1666 3629 et
1722 3575 1886 3628 deso-

287 3665 603 3732 lationibus,
629 3665 784 3736 quasi
809 3664 1074 3734 orphanis
1104 3662 1301 3718 Christi
1345 3663 1652 3728 subveniat,
1713 3671 1764 3718 et
1819 3663 1885 3716 ad

285 3753 698 3808 similitudinem
721 3753 1060 3826 evangelicae
1076 3753 1298 3824 gallinae
1319 3753 1442 3806 illos
1462 3752 1562 3807 sub
1577 3753 1676 3807 alis
1694 3753 1888 3806 doceat

284 3842 638 3913 protectionis
659 3859 771 3898 sua:
798 3841 1111 3898 consoletur
1137 3848 1191 3896 et
1221 3840 1442 3896 foveat..
1491 3841 1685 3897 Unctio
1715 3840 1886 3896 sancti

283 3932 524 4001 Spiritus
551 3947 650 3986 vos
679 3932 734 3986 in
762 3931 1017 3987 omnibus
1047 3932 1258 3997 doceat,
1293 3938 1346 3984 et
1378 3945 1497 4000 qua:
1551 3929 1654 3983 sibi
1711 3929 1888 4002 magis

282 4020 506 4092 placent
535 4028 585 4075 et
617 4020 774 4076 vobis
802 4019 1098 4091 expediunt
1130 4019 1475 4088 persuadeat,
1508 4026 1563 4074 et
1592 4025 1714 4088 post
1744 4027 1886 4074 tem-

280 4109 478 4178 porale
503 4124 734 4181 regnum
766 4108 834 4164 ad
863 4116 1136 4164 aeternum
1168 4107 1451 4178 perducat.

780 4241 1126 4299 EPISTOLA
1180 4243 1384 4296 XXXI.

570 4347 810 4388 ANSELMI
849 4348 921 4386 AD
961 4346 1263 4386 ΑΝεειΜωί
1301 4345 1583 4385 ΝΕΡΟΤΕΠ.

349 4459 674 4525 Amenanus,
693 4456 1160 4526 archiepiscopus,
1180 4458 1472 4522 ANSELMO,
1494 4470 1661 4510 carne
1677 4454 1880 4526 nepoti,

1921 3163 1969 3225 C

2012 505 2126 560 Deo
2156 519 2356 576 corpus
2386 514 2440 562 et
2471 507 2706 562 animam
2741 514 2883 562 tuam
2913 507 3257 563 commenda.

2392 715 2561 783 435
2601 716 2939 772 EPISTOLA
2978 717 3209 772 XXXII.

2010 846 2248 887 ANSELMI
2278 846 2347 886 AD
2379 847 2716 887 ERNULPHUM
2763 849 3005 888 PBIORBM
3036 850 3106 888 ET
3134 850 3294 890 ALIOS
3333 850 3605 891 ECCLESIJE

2576 945 3035 987 CANTUARIENSIS.

2082 1076 2381 1129 ANSBLnus
2428 1073 2896 1142 archiepiscopus,
2959 1073 3194 1128 dominis
3252 1073 3507 1129 fratribus
3554 1083 3606 1129 et

2010 1161 2139 1216 ﬁliis
2175 1163 2288 1216 suis
2335 1163 2688 1230 charissimis,
2732 1164 2934 1217 domno
2980 1164 3147 1232 priori
3187 1164 3508 1229 ERNULPHO,
3551 1166 3605 1218 et

2010 1252 2130 1306 aliis
2183 1252 2286 1306 sub
2314 1251 2408 1307 illo
2466 1253 2519 1305 in
2575 1251 2774 1306 Christi
2807 1251 3051 1307 Ecclesia
3074 1252 3446 1307 Cantuariensi
3485 1253 3602 1307 Deo

2007 1341 2390 1409 servientibus,
2425 1340 2622 1395 divinae
2644 1341 2840 1413 gratiae
2871 1348 2923 1396 et
2947 1341 3344 1396 benedictionis
3373 1340 3602 1396 consilio

2009 1446 2225 1500 semper
2253 1431 2368 1503 regi
2399 1437 2451 1484 et
2477 1429 2768 1485 consolari.

2080 1519 2299 1574 Priores
2329 1520 2533 1574 litteras
2562 1534 2593 1572 a
2613 1527 2795 1573 vestra
2823 1518 3158 1573 fraternitate
3189 1518 3420 1574 directas
3449 1517 3604 1572 laetus

2008 1608 2244 1678 suscepi,
2279 1607 2404 1678 quia
2435 1623 2534 1678 per
2554 1609 2739 1662 omnia
2765 1623 2861 1662 vos
2893 1615 3091 1675 vestra,
3113 1609 3212 1663 Dei
3245 1606 3599 1677 protectione,

2007 1697 2062 1750 in
2090 1699 2455 1767 prosperitate
2479 1712 2694 1751 manere
2723 1696 3038 1767 perlitteras
3058 1696 3301 1767 episcOpi
3333 1695 3602 1752 Roﬁ'ensis

1927 1781 1980 1841 Β
2010 1793 2064 1841 et
2091 1803 2191 1855 per
2207 1801 2390 1841 earum
2424 1787 2650 1841 latorem
2671 1786 2878 1856 accepi.
2904 1785 3079 1854 Quam
3099 1785 3337 1841 laetitiam
3361 1785 3460 1840 etsi
3491 1800 3600 1839 non

2008 1875 2236 1929 multum
2267 1875 2455 1929 litterte
2485 1883 2770 1947 sequentes
2811 1875 3290 1942 conturbaverunt,
3333 1874 3600 1946 aliquate-

2005 1982 2104 2019 nus
2132 1974 2310 2020 tamen
2341 1964 2818 2019 obnubilaverunt.
2862 1966 2940 2020 De
2994 1965 3137 2037 regis
3168 1981 3402 2034 namque
3451 1963 3598 2034 peti-

2005 2054 2168 2120 tione,
2230 2070 2388 2123 quam
2440 2053 2756 2120 mandastis,
2799 2071 2906 2110 non
2953 2070 3141 2125 parum
3180 2054 3403 2107 miratus
3454 2069 3594 2120 sum,

2003 2142 2096 2198 sed
2129 2143 2274 2214 quod
2304 2143 2438 2196 nihil
2461 2143 2576 2197 sine
2609 2151 2796 2198 nostro
2815 2143 3062 2209 consilio,
3096 2141 3412 2198 sicutvobis
3441 2142 3598 2196 decet

2004 2230 2203 2296 facere,
2236 2230 2502 2297 voluistis,
2527 2238 2578 2285 et
2601 2232 2856 2301 praecepti
2893 2231 3066 2286 nostri
3101 2245 3370 2284 memores
3398 2228 3593 2297 fuistis,

2001 2318 2222 2390 gavisus
2250 2335 2388 2373 sum.
2423 2320 2616 2374 Potens
2645 2323 2724 2374 est
2755 2320 2900 2374 enim
2925 2319 3069 2373 Deus
3101 2318 3305 2390 regiam
3337 2318 3593 2372 volunta-

2002 2415 2112 2461 tem
2133 2408 2202 2462 ab
2223 2407 2368 2462 omni
2399 2407 2790 2478 indignatione,
2822 2423 2984 2478 quam
3007 2408 3110 2462 hac
3151 2405 3439 2461 occasione
3493 2403 3596 2459 ad-

2001 2512 2213 2552 versum
2244 2511 2343 2550 nos
2364 2495 2514 2550 nasci
2547 2496 2771 2563 timetis,
2795 2504 3061 2560 avertere,
3115 2511 3237 2550 cum
3287 2509 3388 2550 vos
3444 2499 3593 2548 recte

2002 2593 2057 2641 et
2085 2585 2336 2640 ordinate
2366 2585 2542 2640 facere
2573 2584 2888 2654 conspiciet,
2949 2592 3038 2638 aut
3069 2583 3111 2638 si
3142 2585 3245 2639 hoc
3303 2583 3380 2637 illi
3413 2582 3594 2637 facere

2000 2689 2108 2728 non
2139 2673 2418 2744 placuerit,
2451 2682 2504 2728 et
2534 2673 2738 2744 aliquid
2771 2673 2897 2728 inde
2926 2673 3084 2727 vobis
3114 2681 3302 2728 contra
3333 2671 3589 2726 volunta-

2003 2771 2108 2818 tem
2130 2763 2538 2832 vestram,quod
2553 2771 2763 2817 avertat
2779 2763 2923 2817 Deus
2949 2763 2961 2816 Σ
2984 2760 3305 2834 Contigerit,
3327 2759 3458 2816 certi
3475 2774 3592 2814 esse

1999 2851 2209 2906 debetis
2230 2851 2356 2924 quia
2377 2852 2571 2905 melius
2588 2859 2669 2906 est
2686 2852 2793 2921 pati
2836 2851 3034 2923 aliquid
3057 2859 3281 2921 propter
3328 2848 3593 2919 justitiam

1999 2941 2100 2995 sub
2133 2941 2228 2994 Dei
2257 2939 2627 2996 consolatione
2656 2956 2816 3010 quam
2847 2939 3050 3009 aliquid
3085 2939 3262 2994 facere
3289 2937 3595 2993 inordinate

1996 3030 2052 3083 in
2083 3030 2201 3098 ejus
2229 3027 2547 3084 offensione.
2583 3030 2661 3082 De
2688 3031 2788 3083 hoc
2818 3028 2986 3097 igitur
3013 3029 3115 3083 Dei
3146 3027 3588 3096 dispositionem,

2001 3118 2085 3174 cui
2115 3133 2202 3172 me
2224 3126 2277 3172 et
2303 3133 2401 3172 vos
2431 3126 2483 3170 et
2513 3117 2696 3171 omnia
2745 3109 2931 3172 nostra
2989 3117 3334 3182 commendo,
3393 3129 3593 3184 exspe-

2001 3207 2182 3274 ctabo,
2209 3212 2263 3261 et
2322 3205 2460 3262 sicut
2489 3206 2835 3260 consuluistis
2865 3206 2982 3276 regi
3016 3221 3120 3276 per
3147 3204 3509 3260 reverendam
3540 3209 3594 3256 et

1999 3295 2230 3349 amicum
2288 3303 2532 3349 nostrum
2580 3294 2897 3362 episcOpum
2931 3293 3248 3349 Roffensem
3304 3300 3362 3346 ut
3417 3295 3591 3345 totum

1998 3384 2365 3453 episcopatum
2397 3390 2641 3436 nostrum
2674 3385 2727 3435 in
2757 3398 2890 3452 pace
2925 3389 2978 3435 et
3033 3381 3214 3452 quiete
3271 3394 3590 3449 permanere

1998 3473 2273 3543 permittat
2321 3471 2455 3525 sicut
2511 3470 2640 3524 mihi
2699 3469 2966 3541 promisit,
3023 3469 3312 3534 mandabo,
3359 3467 3513 3536 Quod
3546 3466 3590 3520 si

1999 3561 2145 3615 Deus
2181 3569 2234 3615 et
2262 3567 2446 3614 votum
2505 3576 2682 3614 meum
2707 3568 2758 3614 et
2780 3567 3024 3613 vestrum
3058 3574 3153 3612 sua
3181 3557 3354 3630 gratia
3394 3557 3587 3628 dispo-

1996 3650 2180 3717 suerit,
2232 3649 2329 3704 Dei
2389 3649 2642 3719 pietatem
2692 3648 2923 3714 laudate,
2985 3656 3038 3703 et
3071 3647 3115 3703 si
3149 3645 3585 3713 aliterevenerit,

1997 3738 2261 3810 quidquid
2305 3737 2436 3792 illud
2465 3738 2551 3804 sit,
2586 3753 2684 3807 per
2724 3737 3158 3808 qualemcunque
3188 3735 3449 3803 nuntium,
3472 3733 3591 3789 ubi-

1993 3843 2204 3899 cunque
2231 3827 2354 3894 sim,
2387 3825 2657 3880 mandate.
2687 3826 2884 3881 Contra
2914 3827 3030 3881 haec
3088 3833 3142 3881 et
3162 3832 3354 3881 contra
3404 3821 3584 3878 omnia

1993 3916 2224 3971 adversa
2239 3931 2338 3971 vos
2356 3916 2522 3969 armis
2553 3914 2771 3985 justitite
2797 3931 2828 3970 a
2855 3914 3060 3969 dextris
3090 3921 3143 3970 et
3165 3931 3197 3969 a
3225 3912 3462 3968 sinistris
3479 3927 3570 3965 ar-

1994 4012 2152 4073 mate,
2186 4004 2356 4058 Deum
2388 4004 2591 4071 timete,
2623 4019 2846 4073 semper
2865 4020 2989 4059 eum
3012 4010 3335 4074 prmsentem
3368 3994 3584 4071 publice

1996 4101 2048 4148 et
2077 4101 2301 4161 secrete,
2334 4099 2386 4147 et
2415 4108 2511 4147 vos
2539 4092 2614 4146 illi
2667 4100 2959 4161 praesentes
3007 4092 3262 4164 cogitate.
3321 4088 3585 4144 Ordinem

1994 4190 2228 4236 vestrum
2258 4179 2599 4235 emendando
2615 4180 2972 4252 cegitationes
3007 4189 3062 4236 et
3103 4187 3255 4234 actus
3298 4185 3506 4233 vestros
3527 4176 3583 4232 in

1994 4271 2143 4326 omni
2163 4269 2468 4326 innocentia
2486 4269 2860 4334 custodite;et
2887 4268 2964 4325 sic
3009 4270 3161 4325 Deus
3191 4268 3346 4324 vobis
3401 4266 3581 4322 omnia

1995 4360 2376 4431 cooperabitur
2403 4359 2456 4413 in
2486 4359 2688 4414 bonum
2718 4362 3026 4424 (Rom.vnt,
3045 4359 3161 4428 28),
3186 4360 3241 4412 et
3271 4356 3370 4412 erit
3404 4356 3582 4411 vobis~

1997 4465 2117 4504 cum
2176 4449 2290 4504 sive
2329 4448 2384 4502 in
2415 4464 2547 4520 pace
2578 4447 2694 4503 sive
2725 4448 2778 4502 in
2834 4446 3284 4512 tribulationibus,
3332 4445 3586 4500 omnibus

277 4544 570 4601 dilectione
601 4544 708 4602 ﬁlio
740 4561 837 4600 suo
870 4524 1217 4612 charissimo,
1260 4544 1491 4599 salutem
1549 4551 1604 4598 et
1659 4524 1882 4600 benedi-
1914 4524 1968 4586 D
1998 4537 2190 4592 diebus
2220 4538 2346 4592 vita:
2376 4545 2586 4592 vestrae.
2622 4538 2699 4590 De
2727 4536 2900 4590 reditu
2928 4551 3049 4590 meo
3079 4534 3132 4588 in
3166 4535 3425 4606 Angliam
3441 4541 3587 4588 ante-

276 4635 520 4690 ctionem
552 4633 676 4702 Dei,
709 4642 763 4688 et
790 4649 963 4688 suam.

350 4722 627 4792 Quoniam
657 4723 1003 4795 singulariter
1026 4729 1078 4778 te
1130 4722 1272 4777 inter
1298 4736 1497 4776 omnes
1544 4721 1881 4794 consangui-

276 4827 417 4867 neos
447 4811 805 4884 meosdiligo,
836 4819 894 4866 ut
916 4811 1164 4882 proﬁcias
1192 4827 1373 4866 coram
1425 4811 1542 4865 Deo
1589 4817 1644 4864 et
1689 4825 1879 4866 coram

273 4899 541 4954 omnibus
568 4899 838 4955 desidero.
894 4899 1237 4970 QuaprOpter
1265 4914 1465 4954 moneo
1484 4906 1534 4954 te
1551 4906 1604 4953 et
1621 4899 1879 4971 praecipio

273 4988 399 5054 tibi,
460 4988 600 5044 sicut
649 4987 757 5043 ﬁlio
812 4989 1180 5052 dilectissimo,
1232 4991 1505 5060 quatenus
1549 4988 1618 5043 ad
1647 4988 1751 5044 hoc
1779 5004 1879 5058 pro

273 5093 386 5149 quo
414 5085 464 5132 te
495 5076 549 5131 in
572 5077 777 5150 Anglia
804 5077 983 5132 dimisi
1028 5077 1260 5134 sollicite
1317 5077 1578 5148 perﬁcere
1633 5077 1876 5145 studeas,

271 5173 329 5220 et
359 5166 570 5222 nullum
602 5174 815 5236 tempus
837 5165 892 5220 in
920 5165 1196 5222 otiositate
1228 5173 1494 5221 transeas.
1539 5168 1600 5220 In
1629 5165 1875 5220 declina-

273 5255 423 5311 tione
445 5262 501 5309 et
530 5253 730 5309 virtute
777 5255 1153 5327 grammaticae
1198 5255 1586 5327 cognoscenda
1640 5254 1876 5310 maxime

271 5341 522 5410 intende,
556 5342 609 5397 in
639 5342 955 5411 dictamine,
981 5347 1034 5399 et
1056 5344 1178 5414 plus
1205 5344 1257 5398 in
1282 5359 1446 5414 prosa
1486 5360 1645 5414 quam
1664 5343 1718 5398 in
1747 5360 1877 5399 ver-

274 5433 432 5487 sibus
463 5440 520 5486 tu
559 5448 772 5488 exerce.
799 5435 976 5504 Super
999 5435 1187 5489 omnia
1218 5449 1402 5488 mores
1445 5441 1498 5488 et
1555 5440 1707 5488 actus
1756 5441 1876 5488 tuos

271 5536 456 5578 coram
489 5521 819 5589 hominibus,
853 5530 906 5576 et
935 5539 1028 5578 cor
1057 5530 1204 5576 tuum
1235 5537 1421 5578 coram
1466 5523 1580 5576 Deo
1640 5521 1871 5588 custodi,

272 5617 564 5682 quatenus,
596 5625 720 5667 cum
752 5611 867 5668 Deo
895 5619 1163 5668 annuente
1192 5619 1243 5666 te
1271 5610 1479 5677 videro,
1512 5609 1580 5666 de
1615 5618 1701 5668 tuo
1740 5627 1873 5680 pro-

1994 4643 2152 4699 quam
2184 4626 2329 4697 quod
2361 4625 2557 4696 incmpi
2581 4624 2857 4694 perficiam
2887 4624 2954 4679 de
2971 4640 3078 4695 quo
3109 4623 3240 4678 mihi
3263 4621 3584 4691 mandastis,

1992 4715 2256 4772 dominus
2285 4723 2470 4770 noster
2495 4731 2589 4768 rex
2621 4713 2750 4768 nihil
2785 4713 2914 4768 mihi
2945 4713 3243 4781 mandavit,
3263 4712 3358 4767 sed
3383 4719 3583 4767 tantum

1989 4805 2398 4876 prosperitatem
2445 4811 2498 4860 et
2527 4803 2855 4858 hilaritatem
2901 4817 3073 4870 suam,
3107 4804 3254 4858 sicut
3283 4801 3429 4856 ﬁdeli
3485 4816 3586 4856 suo

1989 4902 2041 4949 et
2069 4892 2453 4965 congaudenti,
2504 4909 2600 4962 per
2630 4892 2852 4960 litteras,
2884 4891 3169 4948 intimavit.
3229 4890 3588 4962 Omnipotens

1989 4984 2136 5038 Deus
2164 4990 2218 5038 et
2239 4983 2294 5037 in
2324 4981 2604 5053 prosperis
2641 4988 2696 5036 et
2724 4981 2779 5035 in
2803 4981 3050 5036 adversis
3081 4997 3244 5052 super
3299 4996 3397 5035 vos
3422 4988 3476 5035 et
3531 4979 3587 5034 in

1988 5089 2086 5128 vos
2114 5087 2268 5126 suam
2287 5071 2534 5126 effundat
2552 5069 3015 5138 benedictionem,
3035 5076 3092 5126 et
3109 5085 3392 5140 nunquam
3405 5068 3586 5140 patia-

1987 5168 2073 5216 tur
2100 5177 2132 5216 a
2161 5159 2318 5216 vobis
2347 5175 2502 5214 suam
2532 5159 2726 5214 deesse
2750 5158 3199 5214 consolationem.
3234 5157 3448 5214 Gratias
3477 5172 3586 5229 ago

1984 5249 2185 5305 domno
2243 5248 2408 5320 priori
2451 5257 2505 5304 et
2551 5248 2806 5304 omnibus
2856 5247 3012 5303 vobis
3042 5261 3140 5316 pro
3193 5245 3483 5302 dilectione
3535 5250 3590 5300 et

1985 5337 2263 5395 beneﬁciis
2308 5354 2428 5408 quae
2471 5337 2652 5408 nepoti
2685 5352 2810 5391 meo
2843 5338 3067 5406 propter
3116 5350 3359 5391 amorem
3399 5351 3583 5390 meum

1985 5427 2320 5500 impenditis.
2400 5426 2660 5496 Quamvis
2723 5425 2870 5480 enim
2945 5425 3047 5480 hoc
3131 5441 3240 5480 non
3319 5423 3608 5499 dubitem,

1983 5519 2102 5590 ipse
2137 5525 2314 5572 tamen
2344 5516 2455 5572 suis
2484 5515 2676 5572 litteris
2706 5516 2809 5572 hoc
2838 5513 2976 5569 mihi
3008 5529 3208 5587 magno
3237 5511 3436 5568 aﬁectu
3457 5509 3585 5566 inti-

1983 5607 2174 5664 mavit.
