4036 6072
406 303 513 358 219

887 427 1218 486 EPISTOLA
1261 427 1527 484 XXXIII.

509 542 750 583 ANSELMI
778 541 850 582 AD
877 542 1214 582 GONDULFUM
1241 541 1532 583 ROFENSEI!
1563 543 1894 584 BPISCOPUM.

471 625 778 680 ANSELMUS
835 624 1272 693 archiepiscopus
1308 625 1482 680 amico
1529 641 1627 679 suo
1681 624 2000 694 reverendo,

402 712 718 768 Goamucro
748 713 1006 782 episcopo
1026 712 1268 778 Rol‘cnsi,
1301 714 1555 768 salutem.

473 802 552 855 De
584 801 756 854 salute
786 807 838 854 et
886 801 1245 870 prosperitate
1300 810 1484 857 nostra
1506 820 1603 873 per
1625 804 1826 860 latores
1859 821 2003 875 prae-

400 889 631 946 sentium
655 904 989 960 cognoscere
1011 891 1254 959 potestis,
1305 900 1534 962 pr0pter
1563 893 1708 962 quod
1763 893 1902 948 exivi
1936 893 2004 948 de

400 977 610 1050 Anglia,
646 986 905 1048 quantum
967 995 1188 1050 possum
1217 979 1512 1052 adjuvante
1565 983 1700 1050 Deo,
1762 999 1862 1053 per
1917 999 2006 1038 me

409 1067 613 1136 ipsum,
666 1067 791 1136 quia
841 1067 998 1122 aliter
1036 1083 1142 1123 non
1164 1068 1323 1124 video
1372 1087 1458 1125 me
1481 1085 1660 1141 posse,
1693 1087 1861 1126 conor
1888 1088 2008 1141 per-

405 1153 585 1210 ﬁcere.
670 1154 888 1210 Gratias
969 1172 1075 1228 ago
1157 1167 1351 1214 vestrm
1427 1159 1586 1216 bonae
1634 1160 1896 1215 voluntati
1951 1168 2008 1216 et

404 1243 770 1312 sollicitudini,
825 1244 957 1314 quia
1013 1246 1144 1300 mihi
1193 1264 1370 1317 nuper
1424 1249 1476 1302 in
1525 1249 1852 1304 necessitate
1886 1265 2007 1306 suc-

405 1334 665 1390 curristis.
698 1335 835 1388 Nam
858 1334 925 1390 de
941 1351 1150 1390 cccxxx
1187 1337 1384 1392 marcis
1413 1339 1623 1410 argenti
1655 1355 1786 1408 quas
1819 1339 1912 1392 tuli
1941 1339 2009 1394 de

407 1421 627 1494 Anglia,
669 1439 779 1477 non
827 1423 1098 1479 habebam
1149 1424 1248 1478 nisi
1301 1441 1448 1495 xxiv,
1481 1427 1698 1498 quando
1724 1428 1828 1483 hoc
1859 1429 2004 1498 quod

414 1526 591 1582 nuper
615 1511 857 1578 misistis,
904 1514 1115 1583 suscepi
1153 1531 1166 1577 ;
1200 1515 1424 1569 multum
1474 1526 1709 1588 namque
1764 1517 1886 1587 plus
1917 1533 2006 1572 me

410 1615 635 1658 necesse
688 1609 772 1656 est
826 1603 1136 1671 expendere
1167 1620 1330 1674 quam
1365 1606 1643 1674 putabam.
1682 1607 1758 1660 De
1807 1606 2006 1660 nostris

409 1689 574 1745 rebus
603 1690 727 1761 quia
757 1705 863 1745 non
891 1691 1072 1763 magis
1104 1692 1158 1746 in
1188 1709 1276 1748 me
1307 1710 1470 1766 quam
1501 1695 1556 1748 in
1605 1695 1760 1749 vobis
1791 1694 2005 1750 confido

413 1785 722 1834 etvestram
754 1779 878 1834 novi
909 1781 1105 1835 bonam
1161 1782 1517 1848 voluntatem,
1578 1792 1634 1837 ut
1686 1799 1800 1851 eas,
1860 1783 2005 1840 sicut

415 1873 644 1938 oportet,
698 1868 1012 1923 custodiatis
1053 1878 1106 1924 et
1139 1872 1391 1938 tractatis,
1415 1873 1526 1927 scio
1557 1873 1688 1945 quia
1721 1888 1880 1943 prece
1913 1888 2009 1928 no-

417 1961 529 2010 stra
557 1971 664 2010 non
692 1955 966 2028 indigetis.
1015 1957 1232 2014 Gratias
1262 1961 1443 2030 itaque
1475 1979 1644 2033 agens
1669 1961 1738 2016 de
1769 1962 1834 2016 iis
1889 1977 2010 2030 quae

421 2042 627 2098 fecistis
657 2049 711 2100 et
735 2044 932 2114 facitis,
965 2062 1098 2120 rogo
1121 2057 1196 2115 ut,
1241 2048 1378 2104 sicut
1435 2067 1608 2121 nuper
1654 2050 1784 2105 mihi
1815 2049 2009 2104 subve-

423 2131 602 2203 nistis,
635 2133 711 2188 ita
740 2134 793 2188 in
825 2135 1086 2204 futurum,
1133 2153 1294 2209 quam
1325 2140 1483 2195 citius
1538 2139 1778 2210 potestis,
1802 2139 2009 2194 subve~

419 2220 595 2289 niatis,
627 2224 890 2280 mittendo
919 2226 961 2279 si
994 2227 1121 2295 quid
1151 2228 1218 2282 de
1248 2229 1517 2298 praeterito
1544 2245 1687 2284 anno
1716 2229 1784 2284 de
1815 2227 2010 2284 nostris

422 2309 730 2367 redditibus
753 2314 980 2380 habetis,
1000 2323 1052 2369 et
1071 2317 1335 2389 quidquid
1364 2318 1432 2373 de
1480 2317 1682 2384 futuro,
1714 2319 2006 2387 precando,

426 2401 780 2469 monendo,et
796 2405 1180 2460 necessitatem
1203 2422 1380 2462 meam
1396 2407 1797 2476 ostendendo,a
1809 2423 2012 2479 praepo-

429 2487 546 2544 sitis
574 2491 774 2545 nostris
809 2493 1065 2565 colligere
1101 2497 1350 2564 potestis.
1388 2498 1467 2552 De
1497 2497 1830 2568 pauperibus
1875 2513 2012 2568 quos

419 2579 562 2649 apud
617 2579 962 2636 Cantuariam
1015 2599 1242 2654 pascere
1287 2587 1482 2654 debeo,
1529 2602 1666 2658 rOgo
1689 2587 1912 2641 multum
1944 2603 2010 2640 ne

422 2666 587 2722 ullam
620 2669 891 2739 patiantur
909 2671 1170 2741 inopiam.
1213 2672 1369 2743 Quod
1429 2676 1558 2729 mihi
1589 2675 1893 2730 mandastis
1942 2675 2010 2728 de

422 2761 562 2810 terra
591 2765 780 2813 nostra
809 2759 876 2814 de
901 2760 1418 2833 Rogingeslihenter
1443 2764 1672 2834 accipio,
1719 2779 1819 2819 nec
1849 2763 2009 2818 aliam

420 2859 581 2914 quam
614 2862 701 2902 me
730 2849 963 2919 rogastis
993 2851 1194 2906 habere
1212 2851 1561 2919 voluntatem,
1586 2853 1781 2908 habeo.
1816 2852 2009 2906 Audivi

418 2933 565 3004 quod
594 2935 751 3008 Hugo
770 2935 912 2992 ﬁlius
931 2939 1180 3006 Mabiliae,
1207 2948 1408 2996 terram
1431 2957 1594 3013 quam
1625 2941 1743 2997 sine
1774 2942 1884 2996 ulla
1901 2942 2008 2996 do-

416 3024 632 3079 natione
659 3040 786 3080 eum
814 3027 1079 3083 hactenus
1107 3037 1290 3085 tenere
1318 3031 1562 3100 permisi,
1598 3031 1714 3086 vult
1747 3031 2006 3086 vendere.

419 3111 900 3186 Prohibeteitaque
922 3133 988 3171 ne
1019 3117 1138 3190 ipse
1177 3126 1268 3173 aut
1289 3119 1490 3191 aliquis
1519 3121 1658 3174 alius
1705 3120 1908 3190 aliquid
1941 3119 2012 3175 de
2044 3127 2094 3191 Ο

416 3206 564 3257 terra
592 3212 774 3259 nostra
798 3206 1014 3273 vendat,
1058 3218 1147 3262 aut
1169 3207 1352 3280 aliquo
1385 3209 1545 3264 modo
1575 3209 1854 3280 impediat,
1917 3209 2014 3264 sed

417 3290 604 3345 omnia
625 3293 763 3348 sicut
800 3309 867 3348 ea
893 3295 1072 3349 dimisi
1118 3306 1494 3368 permaneant,
1527 3297 1703 3354 donec
1758 3297 2003 3352 redeam.

417 3379 655 3436 Salutate
685 3381 824 3438 ﬁlios
852 3395 1068 3439 nostros
1095 3393 1149 3440 et
1181 3386 1336 3454 tilias,
1382 3395 1438 3444 et
1465 3396 1521 3442 ut
1550 3397 1705 3443 orent
1761 3402 1859 3457 pro
1892 3404 2013 3442 me-

415 3484 531 3524 oro.
564 3470 797 3527 Radulfo
827 3471 935 3528 ﬁlio
968 3475 1283 3548 Herengodi
1333 3477 1426 3549 qui
1459 3493 1672 3533 mecum
1735 3476 1854 3543 fuit,
1891 3477 2015 3531 date

419 3567 640 3614 centum
669 3561 888 3618 solidos.

898 3661 1234 3719 EPISTOLA
1273 3664 1525 3718 XXXIV.

897 3773 1134 3814 ANSELMI
1172 3773 1246 3813 AD
1283 3775 1396 3815 BUI
1404 3775 1516 3815 DEM
1526 3803 1535 3814 .

465 3854 814 3921 Amemus,
871 3856 1336 3928 archiepiscopus,
1395 3858 1700 3914 reverendo
1759 3860 2016 3932 episcopo

420 3941 642 3997 Rofensr
673 3943 1006 4013 GONDULFO,
1040 3946 1291 4002 salutem.

490 4031 593 4088 Ubi
624 4039 677 4087 et
707 4033 937 4102 qualiter
966 4033 1067 4088 sim
1100 4051 1196 4102 per
1225 4037 1575 4107 praesentium
1633 4036 1860 4092 latorem
1912 4052 2015 4092 au-

421 4119 604 4190 dietis,
666 4136 766 4178 cur
819 4132 996 4178 autem
1056 4124 1122 4179 ad
1174 4141 1417 4193 praesens
1448 4125 1502 4180 in
1526 4127 1775 4198 Angliam
1810 4143 1916 4182 non
1941 4143 2019 4182 re-

421 4209 581 4264 deam
612 4227 679 4266 ex
700 4211 890 4266 litteris
903 4228 1036 4284 quas
1070 4214 1363 4285 regimitto,
1397 4231 1730 4287 cognoscere
1748 4216 2013 4287 poteritis.

422 4298 618 4355 Mando
648 4306 831 4355 autem
849 4301 1003 4356 vobis
1018 4311 1073 4356 ut
1103 4318 1224 4357 eum
1256 4302 1486 4358 ﬁdeliter
1519 4320 1590 4358 ex
1622 4313 1807 4359 nostra
1865 4310 2017 4376 parte

422 4388 686 4455 salutatis,
719 4397 774 4444 et
803 4389 1040 4462 sigillum
1087 4400 1362 4458 nostrum,
1423 4392 1568 4463 quod
1625 4393 1786 4448 vobis
1845 4393 2016 4447 nuntii

903 303 960 360 S.
993 302 1309 359 ANSELMI
1338 303 1692 361 CANTUAR.
1767 304 2088 362 ARCHIEP.
2129 305 2289 362 OPP.
2342 307 2532 364 PARS.
2567 309 2667 365 Ill.
2704 340 2777 350 —
2803 309 3188 367 EPISTOLE.

3609 315 3716 367 220

2033 431 2088 492 A
2117 432 2402 504 exemplar
2431 433 2721 490 litterarum
2771 451 2908 508 quas
2964 435 3083 509 regi
3121 435 3274 492 mitto
3327 434 3486 492 vobis
3546 443 3716 491 trans-

2113 521 2295 579 mitto.

2610 620 2953 678 EPISTOLA
2994 622 3218 679 XXXV.

2589 751 2828 794 ANSELMI
2866 753 2939 793 AD
2976 753 3229 796 εωωωί.

2186 855 2488 910 Axssauus
2571 853 3032 926 archiepiscopus,
3099 857 3402 914 reverenda
3457 859 3712 933 episcopo

2118 943 2448 1012 GONDULFO,
2481 943 2731 1000 salutem.

2186 1032 2414 1088 Litteras
2444 1033 2648 1089 domini
2679 1033 2842 1088 nostri
2885 1035 3031 1107 regis
3081 1035 3318 1108 suscepi,
3381 1036 3434 1091 in
3489 1038 3709 1110 quibus,

2116 1120 2254 1177 sicut
2307 1122 2478 1190 scitis,
2536 1123 2785 1194 promisit
2815 1123 2949 1177 mihi
2983 1124 3112 1195 quia
3139 1132 3265 1195 post
3316 1126 3520 1181 curiam
3576 1127 3711 1184 mihi

2118 1210 2488 1282 responderet.
2511 1211 2705 1266 Mando
2736 1227 2871 1283 ergo
2899 1212 3144 1267 charitati
3182 1223 3378 1270 vestrae
3406 1223 3462 1269 ut
3491 1215 3556 1270 ad
3587 1231 3712 1270 eum

2118 1315 2184 1354 ex
2242 1310 2428 1353 nostra
2477 1308 2628 1370 parte
2659 1300 2815 1368 eatis,
2877 1301 3141 1356 et'dicatis
3171 1302 3242 1356 ita
3275 1317 3289 1356 :
3326 1303 3578 1372 Domine,
3628 1319 3711 1358 ar-

2116 1388 2503 1460 chiepiscOpus
2533 1388 2935 1444 Cantuariensis
2957 1391 3177 1445 mandat
3206 1391 3364 1446 vobis
3392 1392 3551 1448 ﬁdele
3589 1409 3710 1447 ser-

2117 1477 2306 1532 vitium
2337 1477 2476 1533 sicut
2505 1478 2726 1533 domino
2755 1487 2809 1533 et
2837 1478 2955 1550 regi
2984 1495 3103 1548 suo,
3139 1488 3191 1535 et
3246 1481 3525 1536 mandavit
3582 1481 3713 1536 mihi

2115 1573 2172 1622 ut
2228 1566 2548 1621 reducerem
2604 1567 2760 1622 vobis
2813 1567 3133 1623 memoriam
3206 1578 3490 1640 quatenus,
3576 1570 3717 1626 sicut

2114 1655 2245 1710 mihi
2270 1656 2584 1723 mandastis,
2604 1657 2994 1727 respondeatis.
3013 1656 3168 1726 Quod
3187 1659 3231 1712 si
3257 1659 3375 1729 ipse
3392 1675 3712 1729 responsum

2036 1768 2087 1831 Β
2119 1761 2277 1798 suum
2297 1745 2424 1798 mihi
2440 1745 2701 1799 mandare
2724 1746 2957 1800 voluerit
2978 1745 3323 1818 persigillum
3345 1764 3520 1816 suum,
3553 1748 3709 1804 bene.

2115 1834 2172 1888 Si
2205 1843 2384 1888 autem
2425 1849 2523 1904 per
2551 1833 2756 1889 litteras
2797 1850 2925 1888 suas
2981 1834 3214 1890 noluerit
3238 1835 3588 1906 respondere,
3620 1852 3719 1892 vos

2117 1924 2432 1994 perlitteras
2451 1933 2658 1978 vestras
2692 1923 2823 1977 mihi
2858 1924 3110 1978 mandate
3135 1925 3398 1996 quidquid
3421 1925 3716 1996 responde-

2117 2013 2201 2067 rit.
2235 2012 2392 2081 Quod
2425 2012 2468 2066 si
2503 2013 2678 2067 adhuc
2708 2013 2763 2066 in
2807 2012 2969 2068 alium
3004 2013 3295 2067 terminum
3351 2014 3579 2068 voluerit
3611 2013 3710 2068 dif-

2116 2101 2260 2156 ferre
2295 2117 2640 2173 responsum,
2675 2102 2937 2172 accipiam
2967 2101 3304 2169 dilationem,
3337 2111 3389 2157 et
3418 2103 3584 2157 alium
3604 2111 3714 2157 ter-

2120 2193 2326 2245 minum
2385 2191 2751 2257 respondendi
2787 2209 2800 2253 ;
2836 2191 2879 2244 si
2904 2206 2989 2245 me
3021 2190 3235 2245 interim
3266 2192 3530 2258 saisitum,
3578 2192 3718 2248 sicut

2117 2295 2267 2336 eram
2328 2279 2545 2352 quando
2603 2279 2742 2334 exivi
2776 2279 2842 2334 de
2899 2280 3117 2352 Anglia,
3153 2280 3475 2348 permiserit,
3508 2289 3563 2334 ut
3621 2297 3718 2336 vos

2118 2370 2247 2423 mihi
2277 2369 2344 2424 de
2375 2369 2535 2423 rebus
2566 2369 2768 2423 nostris
2798 2369 3008 2423 mittere
3038 2369 3278 2440 possitis,
3330 2369 3462 2424 sicut
3519 2369 3715 2425 mando

2119 2467 2171 2513 et
2201 2458 2494 2512 mandabo.
2530 2457 2585 2512 Si
2618 2465 2795 2512 autem
2820 2474 2904 2512 me
2935 2457 3236 2512 dissaiserit
3266 2465 3323 2512 ut
3363 2465 3563 2513 nostra:
3622 2475 3714 2514 res

2118 2563 2227 2602 non
2257 2549 2364 2601 sint
2393 2548 2447 2601 in
2479 2562 2601 2602 mea
2631 2555 2919 2617 potestate,
2949 2546 3109 2601 dicite
3137 2547 3184 2601 ei
3221 2547 3347 2618 quia
3377 2562 3508 2619 ergo
3530 2547 3712 2603 nullas

2119 2636 2365 2691 inducias
2396 2636 2628 2706 accipio,
2661 2636 2756 2690 sed
2788 2636 2861 2689 ita
2891 2652 2975 2690 me
2995 2635 3209 2691 habebo
3236 2636 3374 2691 sicut
3401 2637 3570 2704 436
3596 2637 3711 2707 epi-

2118 2740 2318 2795 scopus
2343 2725 2662 2792 dissaisitus,
2697 2724 2815 2780 sine
2838 2724 3041 2793 judicio
3071 2741 3176 2796 quo
3207 2726 3495 2796 episcOpus
3523 2725 3714 2780 dissai-

2118 2814 2211 2868 siri
2241 2814 2452 2868 debeat.
2487 2813 2541 2869 Si
2573 2829 2727 2868 verro
2756 2821 2807 2868 et
2838 2813 3166 2884 respondere
3193 2814 3443 2881 voluerit,
3469 2823 3715 2868 attamen

2119 2918 2206 2957 me
2234 2903 2480 2956 saisitum
2514 2917 2622 2956 non
2649 2902 2933 2970 dimiserit,
2965 2918 3284 2974 responsum
3330 2918 3398 2958 ne
3426 2903 3712 2972 reticeatis,

2117 2991 2214 3046 sed
2247 3000 2424 3046 tamen
2459 2993 2560 3047 hoc
2589 2991 2763 3061 ipsum
2787 2991 2931 3063 quod
2949 2990 3057 3045 dixi
3086 2991 3212 3063 quia
3234 3006 3319 3045 me
3333 2990 3545 3045 habebo
3570 2991 3718 3047 sicut

2123 3082 2420 3152 episcopus
2439 3080 2742 3135 dissaisitus
2769 3080 3130 3149 sinejudicio,
3166 3096 3235 3135 ne
3257 3079 3500 3135 taceatis.
3557 3079 3718 3153 Regi-

2126 3187 2269 3236 nam,
2328 3178 2383 3224 ut
2435 3169 2711 3224 dominam
2765 3177 2816 3224 et
2871 3169 3033 3224 tiliam
3063 3169 3442 3224 charissimam
3495 3168 3723 3226 dulciter

2122 3260 2371 3314 salutate.

2604 3356 2937 3412 EPISTOLA
2978 3355 3238 3413 XXXVI.

2159 3487 2398 3528 ANSELMI
2428 3488 2498 3526 AD
2525 3488 2848 3528 BALDUINUI
2876 3488 3063 3528 RBGEI
3093 3489 3679 3530 BIBROSOLYUITANUI.

2196 3590 2499 3657 BAantxo,
2532 3589 2711 3661 gratia
2733 3589 2831 3643 Dei
2860 3589 2977 3661 regi
3009 3589 3719 3661 Jerosolymitano,domino

2124 3678 2462 3746 cbarissimo,
2544 3681 2865 3745 Ansamus,
2923 3677 3049 3733 licet
3110 3677 3386 3750 indignus,
3453 3679 3720 3750 archiepi-

2125 3781 2326 3836 scapus
2353 3765 2786 3833 Cantuariensis,
2821 3766 2899 3820 sic
2925 3781 3155 3838 regnare
3197 3782 3366 3837 super
3415 3766 3719 3822 Jerusalem

2128 3862 2398 3909 terrenam
2420 3855 2472 3908 in
2504 3855 2606 3910 hac
2634 3855 2766 3925 vita,
2799 3862 2857 3909 ut
2883 3863 3076 3928 regnet
3105 3855 3161 3909 in
3185 3855 3483 3912 Jerusalem
3511 3855 3722 3913 ccelesti

2125 3943 2180 3998 in
2208 3943 2392 3998 futura
2419 3945 2548 3998 vita.

2197 4033 2457 4102 Quamvis
2475 4032 2574 4087 Dei
2601 4032 2747 4088 dono
2775 4033 3062 4088 scientiam
3115 4034 3360 4089 habeatis
3387 4051 3508 4106 quae
3563 4035 3720 4090 vobis

2124 4122 2192 4177 ad
2214 4123 2353 4176 bene
2385 4121 2697 4188 vivendum,
2717 4120 3010 4190 adjuvante
3031 4123 3166 4189 Deo,
3188 4122 3358 4193 possit
3382 4122 3652 4190 subicere,
3674 4131 3726 4178 et

2125 4211 2252 4266 licet
2289 4211 2456 4266 sciam
2501 4211 2554 4263 in
2610 4210 2762 4265 vobis
2781 4211 2984 4266 bonam
3003 4227 3128 4268 esse
3157 4211 3510 4280 voluntatem,
3545 4217 3723 4266 tamen

2124 4300 2271 4373 cogit
2301 4317 2387 4354 me
2415 4299 2746 4354 abundantia
2791 4299 3099 4356 dilectionis
3131 4317 3294 4372 quam
3349 4317 3477 4372 erga
3507 4317 3603 4356 vos
3629 4301 3723 4354 ha-

2125 4389 2248 4456 beo,
2279 4397 2336 4443 ut
2360 4389 2428 4443 de
2457 4396 2564 4443 tam
2593 4388 2756 4459 longe
2788 4389 2992 4459 aliquid
3019 4389 3261 4444 scribam
3292 4399 3484 4446 vestrae
3501 4390 3721 4446 celsitu-

422 4479 594 4531 nostri
613 4478 762 4546 dant,
796 4479 941 4550 quod
969 4481 1018 4534 ei
1049 4479 1223 4548 mitto,
1276 4481 1352 4534 illi
1386 4480 1544 4548 detis,
1608 4486 1681 4546 et,
1713 4482 1756 4534 si
1791 4482 1865 4535 illi
1900 4483 2012 4550 pla-
2038 4489 2094 4550 Ι)
2125 4478 2256 4532 dini.
2277 4477 2425 4533 Sicut
2452 4477 2595 4532 enim
2622 4477 2766 4548 ignis
2791 4477 2992 4531 ardens
3009 4486 3169 4532 vento
3187 4478 3364 4550 magis
3378 4478 3717 4546 accenditur,

419 4565 588 4621 cuerit
619 4584 716 4636 per
743 4566 944 4622 litteras
969 4569 1102 4622 mihi
1136 4569 1492 4639 respondere,
1528 4569 1648 4624 illas
1702 4571 1836 4624 mihi
1882 4587 2012 4640 per-

425 4664 743 4724 praesentem
777 4657 1016 4728 legatum
1049 4658 1260 4712 mittite.
1296 4657 1453 4726 Quod
1502 4673 1562 4712 se
1593 4657 1846 4727 noluerit,
1869 4659 2018 4730 quid-

424 4743 554 4814 quid
603 4744 941 4815 responderit
997 4746 1192 4800 vestris
1224 4746 1416 4802 litteris
1449 4746 1580 4800 mihi
1613 4747 1887 4801 mandate.
1924 4747 2015 4802 Si-

424 4831 617 4903 gillum
673 4839 856 4887 autem
911 4842 1161 4888 nostrum
1205 4850 1315 4888 non
1370 4835 1522 4905 prius
1563 4834 1680 4908 regi
1723 4835 2019 4891 ostendatis

427 4933 588 4989 quam
617 4919 939 4976 Guillelmus
959 4921 1028 4976 de
1047 4922 1377 4977 Warelwast
1406 4924 1587 4978 veniet
1637 4924 1691 4978 in
1745 4925 2016 4998 Angliam,

429 5015 485 5064 et
514 5008 690 5064 eidem
722 5008 1012 5065 Guillelmo
1061 5014 1367 5081 exemptum
1403 5011 1703 5068 litterarum
1736 5030 1876 5086 quas
1905 5014 2020 5085 regi

427 5097 601 5165 mitto,
633 5105 837 5154 secrete
892 5097 1210 5155 ostendatis.
1273 5100 1464 5156 Videte
1521 5103 1680 5156 etiam
1733 5110 1790 5156 ut
1841 5103 2021 5157 nullus

430 5193 628 5257 praeter
680 5186 858 5257 ipsum
890 5187 988 5242 nisi
1045 5188 1194 5258 prior
1241 5197 1430 5244 noster
1461 5191 1613 5244 solus
1671 5192 1813 5247 sciat
1876 5193 2023 5261 ipsas

431 5273 652 5343 litteras,
677 5284 962 5346 antequam
982 5277 1100 5348 regi
1129 5276 1344 5332 dentur.
1383 5277 1682 5349 Postquam
1737 5295 1870 5335 vero
1927 5297 2022 5335 rex

428 5364 549 5420 illas
585 5366 923 5438 cognoverit,
958 5365 1236 5436 episcopis
1292 5373 1349 5422 et
1413 5367 1534 5422 aliis
1584 5384 1674 5422 eas
1723 5367 2019 5436 notiﬁcatc,

433 5453 678 5527 reginam
735 5470 800 5510 ex
831 5461 1021 5510 nostra
1063 5462 1213 5526 parte
1239 5454 1544 5512 dulcissime
1599 5457 1830 5514 salutate
1887 5458 2020 5527 (46),

2121 4571 2194 4623 ita
2221 4567 2364 4622 bona
2390 4567 2637 4622 voluntas
2667 4566 2840 4621 amica
2868 4567 3184 4634 monitione,
3242 4575 3298 4621 ut
3323 4567 3445 4638 plus
3507 4568 3717 4624 ferveat

2125 4657 2406 4712 excitatur.
2455 4656 2635 4722 Scitis,
2671 4656 2744 4709 mi
2794 4655 3113 4710 charissima
3166 4655 3408 4725 domine,
3463 4657 3719 4729 quoniam

2124 4746 2393 4800 civitatem
2423 4744 2717 4799 Jerusalem
2745 4751 2800 4798 et
2825 4748 2952 4798 ante
2997 4743 3288 4800 adventum
3317 4745 3531 4801 Domini
3584 4754 3637 4801 et
3666 4745 3718 4800 in

2125 4835 2277 4905 ipsos
2304 4835 2422 4904 ejus
2447 4833 2682 4888 adventu
2714 4833 2877 4904 elegit
2900 4833 3045 4888 Deus
3072 4834 3226 4904 quasi
3249 4835 3531 4906 propriam
3551 4833 3655 4888 sibi
3669 4841 3726 4890 et

2127 4923 2449 4978 familiarem
2475 4922 2543 4976 de
2572 4926 2685 4976 toto
2739 4921 2960 4976 mundo.
3021 4921 3102 4975 Ex
3132 4921 3252 4993 ipsa
3307 4923 3452 4977 enim
3506 4921 3727 4978 fuerunt

2127 5012 2288 5083 primi
2318 5027 2480 5082 reges
2507 5025 2641 5081 quos
2689 5009 2947 5064 Dominus
2984 5009 3174 5065 dilexit
3205 5026 3222 5080 ;
3254 5018 3306 5066 et
3333 5011 3454 5082 ipsa
3511 5011 3729 5066 fuerunt.

2131 5099 2497 5171 prophetae,in
2518 5099 2635 5170 ipsa
2669 5097 2766 5151 fuit
2796 5099 3018 5169 propria
3048 5099 3239 5154 domus
3260 5099 3380 5166 Dei,
3409 5106 3461 5155 et
3478 5107 3729 5154 sanctua-

2132 5190 2214 5244 ri‘a
2241 5190 2401 5258 ejus;
2435 5187 2506 5242 ibi
2565 5187 2708 5242 facta
2737 5195 2820 5242 est
2847 5194 3039 5243 nostra
3091 5187 3394 5258 redemptio
3449 5187 3527 5243 ibi
3587 5202 3729 5244 con-

2132 5288 2378 5333 versatus
2432 5285 2511 5332 est
2565 5277 2677 5331 Rex
2731 5276 3132 5348 regum;inde
3187 5293 3286 5348 per
3341 5281 3513 5332 totum
3566 5293 3730 5331 mun-

2131 5369 2260 5423 dum
2312 5367 2508 5422 diffusa
2563 5374 2646 5422 est
2699 5365 2846 5420 salus
2877 5367 3093 5420 humani
3121 5366 3358 5438 generis.
3410 5366 3735 5422 Consideret

2133 5457 2299 5530 igitur
2328 5465 2507 5513 vestra
2536 5453 2809 5512 celsitudo
2840 5470 3005 5526 quam
3037 5455 3285 5511 eminens
3315 5454 3490 5528 gratia
3516 5455 3614 5511 Dei
3640 5453 3728 5524 sit,

1952 5554 2160 5613 ΝΟΤΔΞ
2171 5593 2184 5609 .

502 5623 616 5695 (46)
647 5625 710 5680 V.
743 5621 917 5696 Epist.
951 5622 1040 5691 83,
1071 5622 1165 5679 lib.
1199 5638 1274 5679 ιιι.
