4036 6072
297 301 396 359 221

1610 296 1745 354 LIB.
1793 293 1883 360 IV,
1913 290 2135 349 EPIST.
2176 292 2293 348 XL.

3490 286 3598 341 222

296 426 445 498 quod
481 442 582 484 vos
625 426 681 481 in
719 426 826 482 hac
864 424 1082 482 civitate
1138 439 1330 497 regem
1375 438 1499 479 esse
1544 418 1806 481 voluerit;
1851 423 1905 473 et
1932 416 1991 480 Α
2019 413 2171 483 bere,
2194 431 2303 471 non
2341 411 2642 481 habebatis,
2664 420 2717 469 et
2752 412 2878 468 ideo
2906 411 3062 467 mitto
3101 425 3194 466 eas
3229 407 3404 465 vobis.
3429 407 3615 465 Omni-

293 524 497 588 quanto
549 514 745 572 aﬂ‘ectu
764 557 780 585 ,
829 524 1030 588 quanto
1077 514 1257 570 studio
1305 529 1363 569 se
1419 512 1615 568 debeat
1667 508 1900 564 subdere

292 604 556 660 voluntati
576 605 678 661 Dei
705 613 760 661 et
785 606 903 677 ejus
917 604 1135 660 servitio
1164 618 1260 658 rex
1287 618 1448 674 quem
1475 602 1569 656 ille
1597 599 1673 655 ibi
1702 597 1897 654 consti-

292 693 412 747 tuit.
446 694 642 749 Precor
681 710 834 766 ergo,
867 693 1112 761 obsecro,
1155 707 1371 759 moneo,
1413 699 1470 746 ut
1501 690 1810 753 Dominum,
1842 694 1901 741 ut

290 780 572 843 dilectum,
603 790 867 851 quatenus
894 789 948 837 et
983 789 1218 837 vestram
1248 795 1570 851 personam,
1616 785 1670 833 et
1711 790 1901 832 omnes

283 870 448 926 vobis
473 871 722 927 subditos
751 871 830 926 sic
857 886 1050 944 regere
1084 871 1382 926 secundum
1411 869 1590 941 legem
1618 874 1672 923 et
1698 864 1898 921 volun-

286 967 457 1015 tatem
482 959 582 1015 Dei
609 960 894 1027 studeatis,
925 968 985 1015 ut
1012 959 1255 1014 lucidum
1292 957 1604 1028 exemplum
1646 954 1899 1011 omnibus

286 1048 513 1120 regibus
573 1056 731 1104 terra;
782 1049 838 1103 in
888 1049 1000 1104 vita
1045 1056 1227 1105 vestra
1275 1046 1584 1118 praebeatis.
1635 1044 1900 1100 Dominus

289 1144 475 1191 noster
512 1138 669 1192 Iesus
710 1137 953 1194 Christus
988 1138 1069 1193 sic
1107 1146 1297 1210 regnet
1332 1138 1388 1193 in
1425 1136 1590 1191 corde
1619 1142 1795 1190 vestro
1844 1135 1899 1190 et

287 1223 346 1278 in
372 1224 632 1293 operibus
658 1225 867 1291 vestris,
896 1233 957 1281 ut
985 1239 1083 1282 vos
1124 1241 1248 1281 cum
1285 1240 1416 1297 rege
1442 1223 1619 1279 David
1648 1231 1897 1279 anteces-

288 1328 417 1367 sore
442 1321 621 1368 vestro
650 1314 707 1368 in
736 1314 876 1369 caelo
903 1314 1019 1369 sine
1047 1313 1154 1370 ﬁne
1177 1314 1431 1386 regnetis.
1463 1316 1652 1369 Amen.
1696 1312 1898 1368 Scitote

284 1401 418 1471 quia
446 1402 687 1472 quotidie
721 1418 824 1474 pro
850 1404 1007 1459 vobis
1034 1419 1153 1474 oro,
1184 1404 1432 1474 quamvis
1458 1403 1596 1460 viles
1631 1402 1737 1457 sint
1765 1416 1894 1457 ora-

286 1489 468 1546 tiones
496 1506 658 1547 mea.

748 1614 1084 1673 EPISTOLA
1123 1615 1414 1673 XXXVII.

534 1728 777 1769 ΑΝεειιιι
812 1729 885 1769 ΔΙ)
922 1730 1248 1772 ΜΔΤΗῙιῸΕΜ
1286 1728 1641 1770 ΟΟΜΙἸῚΞΞΛΜ.

354 1839 683 1907 Amenanus,
713 1855 900 1896 servus
919 1840 1173 1896 Ecclesia
1200 1838 1617 1906 Cantuariensis,
1633 1837 1888 1905 domine,

282 1934 340 1982 et
385 1927 546 1983 matri
574 1928 631 1982 in
658 1929 794 1997 Deo,
824 1929 1113 1985 comitissaa
1143 1929 1435 1995 MA‘I‘ﬂlLDI,
1467 1927 1744 1998 praesentis
1770 1926 1894 1981 viae

282 2016 545 2070 continua
585 2025 637 2072 et
679 2018 932 2072 diuturna
972 2018 1143 2075 lmtari
1178 2018 1555 2090 prosperitate,
1596 2025 1649 2072 et
1700 2016 1894 2071 futuras

278 2105 514 2176 perenni
542 2107 784 2178 gaudere
812 2106 1089 2164 felicitate.

357 2188 675 2249 Celsitudini
717 2203 910 2251 vestras
951 2196 1157 2269 gratias
1200 2211 1364 2268 agere
1392 2195 1540 2262 volo,
1572 2194 1666 2249 sed
1696 2192 1893 2249 condi-

282 2298 427 2355 gnas
466 2284 669 2339 meritis
710 2285 828 2354 ejus
856 2286 1093 2341 scribere
1131 2301 1239 2341 non
1276 2285 1454 2340 valeo.
1497 2282 1711 2354 Quippe
1749 2283 1896 2354 quod

282 2397 397 2437 non
439 2381 608 2438 semel
661 2391 866 2439 tantum
888 2424 902 2451 ,
947 2384 1044 2440 sed
1092 2383 1340 2455 pluribus
1376 2382 1585 2438 vicibus
1624 2396 1711 2436 me
1752 2381 1898 2435 Deus

288 2486 392 2541 per
433 2487 534 2527 vos
573 2472 823 2529 liberavit
852 2474 922 2528 de
968 2480 1236 2544 potestate
1273 2472 1613 2527 inimicorum
1650 2484 1896 2525 meorum

287 2561 719 2630 exspectantium
757 2570 815 2617 ut
860 2562 918 2617 in
958 2578 1151 2617 manus
1187 2561 1402 2617 illorum
1431 2560 1703 2627 caderem,
1734 2558 1899 2615 valde

286 2663 552 2719 magnum
567 2648 890 2706 beneﬁcium
907 2666 1201 2723 cognosco.
1223 2651 1332 2706 Sed
1361 2665 1484 2704 cum
1505 2648 1720 2703 intueor
1733 2663 1899 2718 quam

289 2736 551 2808 benigno,
597 2755 760 2809 quam
803 2740 917 2809 pio,
968 2755 1131 2811 quam
1176 2747 1418 2793 materno
1462 2736 1656 2793 ati'ectu
1698 2736 1899 2793 factum

294 2826 385 2895 sit,
406 2826 575 2882 multo
605 2829 782 2901 magis
808 2828 945 2884 illud
960 2844 1122 2901 quam
1152 2827 1396 2898 proferre
1410 2828 1610 2898 possim
1630 2826 1895 2898 intelligo.

297 2914 425 2970 Non
455 2915 599 2970 enim
636 2917 883 2972 oblivisci
924 2932 1146 2988 possum
1184 2932 1350 2988 quam
1391 2916 1622 2972 sollicita
1656 2930 1820 2985 prece
1847 2921 1902 2969 et

302 3002 680 3061 obsecratione
742 3006 872 3061 mihi
915 3021 1013 3076 per
1054 3006 1272 3060 fratrem
1325 3013 1379 3061 et
1423 3004 1594 3059 filium
1659 3011 1899 3058 nostrum

299 3091 675 3148 Alexandrum
712 3094 1009 3149 mandastis
1035 3103 1093 3149 ut
1120 3094 1271 3149 nullo
1300 3094 1466 3149 modo
1495 3107 1693 3162 corpus
1719 3106 1899 3145 meum

290 3180 393 3236 ulli
424 3196 758 3251 exponerem
782 3183 1039 3253 periculo,
1070 3191 1124 3238 et
1152 3190 1356 3256 quanto
1386 3182 1563 3237 studio
1592 3179 1903 3237 hominibus

291 3269 489 3325 vestris
518 3271 813 3326 mandastis
840 3280 899 3327 ut
924 3287 1009 3326 me
1038 3288 1146 3328 non
1176 3271 1393 3341 minori,
1426 3272 1535 3326 imo
1565 3270 1610 3325 si
1637 3268 1751 3325 ﬁeri
1776 3284 1903 3339 pos-

293 3368 412 3429 set,
453 3360 647 3430 majori
684 3374 815 3415 cura
853 3376 1015 3430 quam
1053 3369 1289 3416 vestram
1331 3376 1619 3432 personam
1655 3358 1903 3428 suscipe-

285 3456 429 3515 rent,
459 3456 513 3503 et
542 3464 650 3505 non
691 3463 792 3519 per
835 3448 1159 3518 breviorem,
1192 3450 1288 3505 sed
1328 3465 1428 3519 per
1456 3448 1704 3504 tutiorem
1733 3447 1900 3515 viam,

289 3552 465 3608 usque
492 3537 564 3591 ad
593 3538 939 3594 securitatem
969 3539 1317 3595 deducerent.
1359 3537 1519 3603 Quod
1559 3536 1638 3591 illi
1684 3536 1905 3608 quidem

295 3623 535 3680 ﬁdeliter
560 3623 871 3695 effecerunt,
892 3627 1188 3682 secundum
1217 3627 1364 3698 quod
1394 3634 1627 3682 vestram
1657 3625 1906 3681 volunta-

290 3719 401 3766 tem
442 3722 833 3784 cognoverunt.
889 3715 1081 3771 Cordis
1133 3714 1357 3787 quidem
1411 3715 1517 3770 mei
1574 3712 1796 3770 affectus
1833 3714 1905 3769 ad

288 3801 566 3872 agendum
597 3802 800 3873 gratias
828 3818 937 3859 non
966 3801 1167 3873 deﬁcit,
1190 3804 1289 3859 sed
1318 3820 1380 3860 os
1408 3812 1462 3859 et
1489 3804 1657 3875 stylus
1679 3803 1750 3858 ad
1769 3818 1902 3874 pro-

292 3887 581 3945 ferendum
622 3891 767 3960 quod
794 3907 890 3947 cor
919 3892 1100 3961 sentit,
1155 3908 1265 3948 non
1301 3892 1512 3948 sufﬁcit.
1554 3891 1714 3962 Quod
1771 3907 1904 3964 ergo

290 3994 398 4051 ego
429 3994 539 4034 non
567 3995 811 4049 possum,
843 3981 1017 4036 Deum
1049 3997 1147 4038 oro
1197 3991 1257 4037 ut
1301 3983 1419 4053 ipse
1453 3982 1611 4038 vobis
1646 3981 1906 4036 retribuat

290 4076 345 4123 et
372 4083 472 4123 vos
516 4068 587 4123 ab
625 4069 875 4125 omnibus
913 4070 1150 4127 inimicis
1195 4072 1440 4143 corporis
1475 4079 1529 4127 et
1565 4070 1760 4126 animm
1796 4069 1902 4125 de-

290 4153 541 4225 tendens,
555 4156 626 4211 ad
646 4155 863 4213 beatam
893 4167 947 4213 et
970 4167 1229 4215 eternam
1253 4160 1593 4217 securitatem
1618 4158 1900 4229 perducat-

291 4244 479 4301 Sancti
523 4245 779 4302 desiderii
818 4248 981 4303 vestri
1020 4248 1078 4303 in
1121 4250 1286 4305 corde
1328 4265 1449 4305 meo
1491 4262 1708 4319 semper
1747 4262 1905 4303 servo

291 4334 634 4404 memoriam,
666 4351 772 4406 quo
812 4337 884 4391 ad
920 4345 1287 4408 contemptum
1332 4337 1518 4392 mundi
1546 4353 1642 4392 cor
1667 4343 1905 4391 vestrum

296 4423 537 4491 anhelat,
576 4424 673 4479 sed
710 4424 846 4479 illud
887 4433 1074 4481 sancta
1120 4434 1174 4481 et
1200 4426 1532 4494 necessaria,
1570 4441 1735 4497 quam
1771 4439 1906 4496 erga

294 4520 528 4568 matrem
592 4513 887 4568 Ecclesiam
939 4514 1182 4583 habetis,
1229 4514 1320 4584 pie
1365 4492 1605 4570 dilectio'
1626 4492 1896 4570 retractat.
1927 4492 1983 4555 D

294 4600 357 4655 ln
387 4616 497 4671 quo
528 4600 848 4674 intelligitur
880 4603 1179 4658 reverentia
1197 4611 1373 4659 vestra
1401 4619 1465 4660 ex
1494 4611 1721 4675 utraque
1750 4610 1902 4675 parte

292 4690 412 4746 Deo
437 4689 676 4760 placere,
710 4698 763 4745 et
792 4690 916 4746 ideo
946 4691 1154 4746 debetis
1180 4708 1339 4763 sequo
1367 4693 1548 4749 animo
1576 4702 1782 4749 certum
1802 4692 1901 4748 Dei

293 4778 583 4833 consilium
611 4779 975 4848 exspectando
1002 4794 1139 4835 onus
1165 4782 1311 4851 quod
1340 4782 1566 4852 portatis
1592 4782 1648 4837 in
1677 4782 1903 4854 angaria

298 4883 424 4923 cum
454 4867 601 4923 bona
635 4885 735 4939 spe
772 4870 1037 4941 patienter
1071 4870 1352 4927 sustinere.
1384 4872 1500 4928 Hoc
1536 4880 1717 4928 tamen
1750 4887 1901 4942 pra:—

293 4971 450 5011 surno
482 4956 784 5025 consulere,
816 4965 874 5011 ut
900 4958 943 5011 si
968 4966 1175 5013 certum
1205 4959 1392 5015 mortis
1427 4960 1729 5030 periculum
1750 4961 1900 5015 inte-

294 5045 418 5112 rim,
450 5045 599 5115 quod
627 5044 774 5100 Deus
800 5047 1036 5102 avertat!
1084 5048 1355 5104 senseritis
1394 5049 1708 5118 imminere,
1753 5049 1903 5120 prius

291 5149 392 5189 vos
420 5133 535 5188 Deo
572 5133 795 5190 omnino
822 5135 1089 5205 reddatis,
1115 5154 1280 5208 quam
1311 5138 1381 5194 de
1407 5140 1511 5194 hac
1538 5139 1648 5194 vita
1673 5139 1898 5207 exeatis,

291 5229 346 5278 et
372 5222 444 5277 ad
474 5223 583 5278 hoc
609 5222 790 5279 velum
827 5239 1045 5295 semper
1081 5236 1330 5298 paratum
1368 5236 1573 5285 secrete
1609 5240 1776 5299 penes
1803 5245 1901 5285 vos

291 5309 560 5367 habeatis.
602 5310 880 5384 Quidquid
918 5315 1098 5371 dicam
1128 5318 1232 5374 hoc
1260 5334 1376 5386 oro,
1410 5319 1515 5374 hoc
1544 5318 1812 5387 desidero,
1841 5325 1900 5374 ut

292 5399 443 5457 Deus
469 5400 606 5456 nulli
633 5417 732 5458 vos
758 5402 858 5458 nisi
886 5406 1316 5462 sumrcommittat
1331 5406 1669 5477 dispositioni
1697 5415 1751 5462 et
1777 5424 1899 5464 con-

290 5489 435 5546 silio.
468 5490 749 5547 Mandavit
776 5492 905 5548 mihi
936 5502 1115 5551 vestra
1140 5494 1403 5552 celsitudo
1440 5511 1542 5566 per
1574 5495 1895 5567 prmdictum

292 5577 465 5634 ﬁlium
529 5587 773 5635 nostrum
813 5580 1231 5652 Alexandrum,
1277 5583 1406 5655 quia
1449 5584 1738 5653 orationes,
1779 5583 1896 5642 sive

294 5665 692 5738 meditationes,
722 5681 862 5741 quas
897 5684 1003 5743 ego
1041 5670 1261 5742 dictavi,
1292 5679 1346 5729 et
1372 5671 1633 5746 putabam
1662 5685 1760 5730 vos
1788 5674 1894 5730 ha-

2007 512 2199 575 potens
2233 505 2377 561 Deus
2413 520 2512 559 sua
2547 518 2647 559 vos
2682 517 2898 573 semper
2942 499 3320 556 benedictione
3371 505 3525 571 regat
3560 505 3612 554 et

2006 602 2277 665 protegat.

2469 662 2809 720 EPISTOLA
2835 662 3146 718 XXXVIII.

2003 775 2301 818 PABGHALIS
2361 777 2513 818 ΡΑΡΒ
2576 778 2618 817 ιι
2682 775 2757 816 ΑΒ
2818 773 3128 816 GERARDUH
3191 771 3605 813 EBORACBNBEM

2643 847 2947 889 BPISCOPUM
2960 872 2974 886 .

2073 958 2378 1015 Pascnurs
2415 961 2721 1031 episcopus,
2763 974 2948 1015 servus
3004 971 3282 1012 servorum
3321 954 3441 1023 Dei,
3483 951 3604 1009 Gn-

2001 1062 2108 1104 tua
2117 1062 2188 1104 no
2227 1051 2552 1106 Eboracensi
2583 1050 2861 1121 episcopo.

2071 1139 2229 1196 Sedis
2293 1138 2605 1211 apostolicae
2666 1136 2970 1210 benignitas
3020 1143 3122 1191 etc.
3171 1134 3298 1192 Vide
3358 1133 3422 1190 in
3488 1132 3603 1189 Pa-

2000 1230 2187 1289 schalt'
2218 1229 2268 1286 II
2288 1228 2362 1286 ad
2389 1246 2486 1284 an.
2523 1229 2681 1283 1118.

2477 1351 2819 1408 EPISTOLA
2856 1349 3120 1405 XXXIX.

2362 1466 2571 1508 GIRAB
2593 1466 2658 1505 bl
2705 1465 2782 1504 AD
2834 1461 3241 1503 ΑΝεΕωιωί.

2071 1569 2211 1626 Patri
2251 1569 2446 1625 dilecto
2484 1571 2755 1624 ΛΝεκιυο
2794 1565 2933 1621 ﬁlius
2962 1564 3281 1637 ϐιωυυε,
3327 1559 3601 1618 servitium

1997 1668 2050 1716 et
2089 1659 2474 1715 obedientiam.

1918 1779 1971 1839 B
2059 1750 2291 1803 Mentem
2354 1747 2593 1803 veritatis
2652 1746 2883 1801 amicam
2925 1759 3119 1799 cavere
3170 1749 3384 1814 Oportet
3426 1756 3497 1796 ne
3546 1738 3602 1794 in

2000 1852 2186 1893 eorum
2216 1837 2534 1892 sententiam
2563 1835 2721 1891 facile
2748 1835 2905 1890 cedat
2933 1848 3069 1904 quos
3115 1833 3185 1887 ad
3234 1830 3603 1887 mentiendum

2000 1926 2232 1997 impellit
2259 1925 2343 1983 vel
2374 1926 2579 1993 odium,
2618 1924 2705 1980 vel
2752 1938 2923 1989 amor,
2956 1921 3042 1978 vel
3075 1921 3323 1994 quaedam
3363 1934 3505 1974 vana
3551 1925 3604 1974 et

2000 2014 2143 2070 iners
2170 2016 2224 2069 in
2255 2015 2562 2070 mentiendo
2590 2013 2860 2070 voluntas.
2886 2012 2926 2066 li
2947 2019 3068 2065 sunt
3091 2025 3319 2081 quorum
3350 2006 3606 2080 segnities

2002 2120 2126 2159 cum
2166 2104 2236 2158 ad
2274 2104 2404 2158 nihil
2433 2105 2719 2159 honestum
2751 2108 3032 2173 exsurgat,
3063 2098 3285 2154 invidiae
3315 2098 3499 2169 ignem
3550 2095 3607 2149 in

2002 2192 2133 2263 ipsis
2160 2193 2395 2248 incendit
2424 2192 2683 2247 adversus
2721 2206 2815 2246 eos
2852 2189 2944 2260 qui
2972 2192 3195 2245 honeste
3222 2187 3429 2242 vivunt.
3473 2184 3602 2242 Scio

2004 2280 2131 2350 quia
2181 2280 2444 2351 ejusmodi
2497 2280 2743 2335 homines
2797 2278 2966 2333 animi
3031 2276 3191 2333 vestri
3261 2273 3604 2330 dulcedinem

2006 2385 2247 2424 amaram
2278 2370 2409 2423 mihi
2448 2369 2627 2424 facere
2656 2368 2912 2422 nituntur.
2955 2366 3174 2421 Accedit
3217 2365 3287 2419 ad
3324 2365 3427 2418 hoc
3458 2361 3605 2433 quod

2005 2466 2186 2513 noster
2212 2457 2369 2513 labor
2397 2455 2687 2528 aliquando
2728 2455 2935 2528 pigrior
2964 2455 3062 2509 fuit
3090 2469 3254 2526 quam
3298 2453 3514 2507 deceret
3549 2450 3606 2505 in

2005 2562 2166 2601 causa
2184 2547 2280 2601 Dei
2310 2553 2361 2601 et
2392 2554 2589 2601 vestra.
2631 2547 2786 2612 437
2826 2545 2934 2599 Sed
2965 2543 3103 2599 absit
3130 2545 3235 2598 hoc
3265 2557 3297 2596 a
3325 2556 3433 2607 me,
3467 2539 3607 2593 absit

2006 2635 2110 2689 hoc
2148 2634 2218 2688 ab
2251 2650 2335 2703 ea,
2360 2650 2465 2705 qua
2493 2634 2648 2691 vobis
2677 2634 2930 2689 adhmreo
2959 2633 3264 2699 dilectione,
3301 2637 3358 2684 ut
3388 2644 3419 2683 a
3439 2627 3604 2683 modo

2005 2723 2156 2779 verbi
2186 2723 2283 2779 Dei
2311 2724 2367 2779 in
2396 2739 2504 2796 quo
2533 2723 2793 2780 laboratis
2821 2738 2990 2793 usque
3020 2721 3089 2776 ad
3119 2719 3366 2776 exsilium
3390 2732 3482 2772 me
3511 2716 3608 2770 ad-

2001 2812 2237 2883 jutorem
2266 2829 2374 2869 non
2411 2812 2692 2867 habeatis!
2733 2812 2788 2866 Si
2819 2812 2960 2866 enim
2991 2825 3110 2865 eam
3142 2808 3273 2863 mihi
3305 2804 3610 2862 dilectionis

2006 2902 2326 2958 suavitatem
2376 2902 2604 2957 reddere
2668 2899 2943 2968 noveritis,
2975 2913 3136 2970 quam
3175 2911 3320 2967 saepe
3357 2895 3413 2950 in
3450 2893 3609 2949 vobis

2008 2991 2190 3045 multis
2218 2999 2269 3045 et
2297 2989 2511 3063 magnis
2548 2990 2709 3045 rebus
2752 2995 3007 3060 expertus
3049 3002 3188 3055 sum,
3234 2984 3403 3040 ﬁdum
3431 2998 3521 3039 me
3555 2989 3611 3038 et

2008 3094 2221 3134 servum
2251 3086 2303 3133 et
2339 3079 2395 3132 in
2431 3079 2640 3134 Christo
2671 3093 2989 3133 conservum
3019 3084 3181 3147 atque
3210 3073 3266 3129 in
3294 3073 3460 3129 verbo
3491 3072 3609 3142 ejus

2010 3166 2432 3222 collaborantem
2454 3166 2740 3222 habebitis.
2760 3164 3223 3238 Negligentiorem
3245 3170 3426 3217 tamen
3444 3175 3609 3233 quam

2009 3255 2302 3325 oportuerit
2330 3255 2385 3309 in
2413 3257 2514 3310 hac
2543 3271 2705 3310 causa
2746 3270 2834 3310 me
2872 3255 3090 3320 fecerat,
3132 3252 3280 3323 quod
3317 3249 3608 3322 negligen-

2011 3342 2115 3398 tius
2155 3360 2314 3415 quam
2355 3344 2622 3400 decuisset
2658 3359 2754 3399 vos
2803 3343 2859 3397 in
2912 3340 3257 3397 tribulatione
3300 3354 3427 3394 mea
3468 3335 3606 3392 mihi

2008 3447 2351 3504 compassum
2393 3431 2593 3488 audivi.
2637 3435 2804 3488 Amor
2842 3440 3019 3486 tamen
3057 3430 3147 3484 ille
3185 3443 3414 3501 magnus
3443 3440 3605 3498 quem

2009 3533 2143 3590 erga
2179 3533 2274 3573 vos
2310 3517 2520 3585 habeo,
2560 3517 2760 3588 ubique
2797 3532 2921 3572 cum
2960 3513 3320 3569 familiaribus
3363 3510 3498 3567 meis
3554 3517 3609 3565 et

2010 3606 2219 3676 vestris,
2255 3614 2308 3661 et
2335 3622 2480 3677 sape
2519 3605 2574 3661 in
2612 3606 2798 3662 auditu
2843 3604 2987 3678 regis
3024 3612 3077 3659 et
3104 3603 3425 3674 optimatum
3456 3597 3609 3672 regni

2008 3711 2068 3751 se
2096 3694 2347 3751 ostendit.
2381 3693 2514 3764 Quae
2552 3694 2620 3749 sit
2662 3710 2794 3766 erga
2832 3709 2922 3748 me
2959 3699 3135 3748 vestra
3164 3689 3433 3758 voluntas,
3469 3686 3610 3744 taci-

2012 3784 2077 3839 tis
2102 3785 2292 3843 itidem
2321 3784 2630 3840 nominibus
2670 3783 2869 3839 nostris
2912 3780 3045 3836 mihi
3097 3781 3332 3837 scribere
3368 3796 3477 3836 non
3514 3777 3610 3851 pi-

2009 3874 2303 3948 gritemini.

2569 3944 2906 4002 EPISTOLA
2940 3942 3057 3999 XL.

2295 4057 2544 4100 ,ωειςιυι
2581 4058 2656 4099 AD
2692 4059 3004 4100 ERNULFUM
3040 4056 3306 4098 PRlORBM.

2083 4168 2393 4224 Ausa-uos
2420 4166 2858 4238 archiepiscopus
2897 4164 3120 4221 domino
3145 4162 3313 4235 priori
3344 4162 3609 4217 Eamvo

2011 4257 2238 4313 salutem
2265 4265 2318 4313 et
2345 4256 2772 4312 benedictionem
2806 4255 2924 4311 Dei.

2081 4345 2427 4401 Benefecistis
2476 4345 2603 4416 quia
2643 4345 2699 4399 in
2745 4343 2931 4399 litteris
2967 4340 3159 4398 vestris
3196 4340 3342 4411 quod
3404 4339 3607 4395 sentie-

2014 4435 2155 4491 batis
2181 4434 2311 4490 mihi
2347 4434 2651 4505 scripsistis.
2690 4433 2804 4489 Nos
2841 4446 3058 4503 quoque
3084 4430 3322 4500 idipsum
3347 4428 3609 4485 sentimus

2012 4532 2065 4580 et
2108 4533 2294 4595 aperte
2320 4524 2596 4586 videmus;
2633 4521 2961 4578 desiderium
3003 4525 3244 4575 nostrum
3286 4525 3341 4573 et
3386 4517 3612 4573 fratrum

2004 4620 2307 4669 nostrorum
2338 4614 2410 4668 ad
2450 4627 2693 4683 praesens
2729 4626 2839 4666 non
2885 4609 3048 4664 video
3078 4607 3356 4678 quomodo
3403 4606 3474 4661 de
3516 4620 3612 4661 me

2005 4702 2175 4772 possit
2212 4702 2446 4772 impleri.
2486 4701 2710 4756 Litteras
2764 4707 2943 4754 tamen
2980 4705 3190 4754 nostras
3254 4696 3408 4751 mitto
3471 4692 3610 4767 regi,

2009 4806 2240 4860 quorum
2272 4789 2552 4859 exemplar
2615 4786 2773 4844 vobis
2802 4787 2977 4842 mitto.
3018 4786 3180 4857 Quod
3244 4785 3371 4841 volo
3434 4790 3493 4839 ut
3545 4782 3614 4837 sit

2009 4879 2299 4946 occultum,
2329 4878 2503 4933 donec
2529 4876 2870 4950 cognoscatis
2898 4876 3028 4947 quid
3079 4891 3169 4931 rex
3201 4874 3335 4930 mihi
3374 4887 3608 4945 respon-

2011 4967 2153 5034 deat,
2194 4974 2285 5021 ‘aut
2304 4964 2534 5037 qualiter
2560 4966 2779 5023 easdem
2805 4966 3010 5022 litteras
3038 4964 3279 5036 recipiat.
3312 4963 3605 5033 Postquam

2008 5070 2137 5110 vero
2174 5055 2279 5110 hoc
2315 5054 2681 5127 cognoscetis,
2714 5054 2918 5111 bonum
2959 5054 3213 5109 existimo
3268 5058 3328 5106 ut
3387 5050 3609 5121 publice

2007 5144 2287 5213 exemplar
2311 5143 2460 5215 quod
2487 5143 2642 5199 mitto
2670 5143 3001 5199 ostendatur.
3034 5142 3115 5198 De
3142 5155 3234 5197 me
3260 5146 3315 5196 et
3344 5139 3413 5195 de
3441 5153 3607 5195 causa

2006 5240 2187 5288 nostra
2214 5230 2347 5286 nihil
2374 5232 2523 5287 aliud
2551 5248 2693 5288 nunc
2722 5231 2876 5288 vobis
2902 5246 3124 5302 possum
3152 5228 3422 5284 mandare
3457 5228 3607 5300 quod

2005 5319 2280 5377 nesciatis.
2317 5322 2402 5375 Ad
2433 5321 2623 5377 fratres
2660 5328 2871 5378 nostros
2897 5324 3069 5376 estote
3093 5334 3192 5375 vos
3219 5318 3449 5389 epistola
3499 5332 3606 5371 no-

2003 5417 2113 5463 stra
2140 5408 2211 5463 ad
2238 5409 2601 5479 salutandum,
2633 5412 2703 5467 ad
2731 5410 3145 5477 exhortandum,
3178 5409 3249 5463 ad
3286 5407 3605 5463 confortan-

2005 5498 2156 5565 dum,
2187 5498 2485 5553 secundum
2509 5498 2850 5569 prudentiam
2879 5514 3045 5569 quam
3068 5497 3229 5554 vobis
3259 5496 3405 5552 Deus
3434 5494 3607 5562 dedit,

2003 5585 2229 5659 quibus,
2276 5594 2533 5659 quantam
2570 5602 2791 5660 possum
2821 5603 2855 5643 a
2905 5587 3021 5645 Deo
3066 5587 3374 5658 impetrem,
3405 5584 3608 5640 mando

2000 5674 2434 5736 benedictionem
2481 5682 2537 5733 et
2577 5674 2993 5737 absolutionem.
3034 5674 3136 5732 Pro
3166 5670 3407 5755 querela,
3439 5687 3604 5748 quam
