4036 6072
386 273 490 330 228

881 277 936 333 S.
969 278 1276 336 ANSELMI
1315 280 1657 336 CANTUAR.
1700 277 2027 334 ARCHIEP.
2061 276 2212 334 OPP.
2245 278 2420 335 PARS
2449 281 2542 334 Ill.
2575 311 2646 322 —-
2688 280 3076 337 EPISTOLE.

3585 286 3687 340 224

385 399 515 454 mihi
555 399 744 456 fratres
777 403 1119 473 scripserunt,
1143 404 1212 459 de
1242 403 1468 474 penuria
1505 420 1666 474 quam
1705 405 1981 474 patiuntur
2009 403 2343 474 Ajustitiam
2376 412 2647 476 tractetur,
2697 423 2766 462 ne
2814 411 2910 462 aut
2957 407 3097 478 apud
3142 423 3353 479 regem,
3404 416 3495 463 aut
3542 408 3688 480 apud

383 504 483 559 pro
513 489 843 562 negligentia
879 492 1292 548 sicutaestimant
1330 493 1532 548 domini
1553 493 1980 566 Rogeri,scripsi

385 577 466 633 illi
517 587 569 633 et
623 580 844 650 praecipi
884 588 940 634 ut
978 581 1159 635 omnia
1214 598 1334 653 qua
1387 583 1456 636 ad
1514 583 1667 636 illum
1719 585 1985 653 pertinent

387 676 514 738 agat
551 676 725 723 vestro
763 669 986 724 consilio
1024 678 1076 723 et
1113 678 1289 724 vestra
1325 672 1628 742 prudentia.
1661 673 1985 729 Adolescen-

387 756 548 811 tiores
585 765 637 811 et
677 773 872 826 pueros
909 774 1102 826 precor
1155 766 1213 812 ut
1264 759 1509 833 singulos
1564 770 1765 817 secrete
1817 771 1869 817 et
1920 780 1984 818 ex

387 853 566 899 nostra
602 853 754 914 parte
796 846 1025 900 dulciter
1060 848 1278 914 salutes,
1321 858 1372 904 et
1402 859 1458 904 ut
1489 859 1682 906 nostrae
1721 868 1986 908 memores

387 933 490 987 sint
533 933 874 1002 monitionis,
925 936 1180 990 cordibus
1226 953 1409 993 eorum
1449 940 1585 994 sicut
1635 941 1812 1009 scitis,
1855 941 1984 996 inti-

389 1021 562 1076 metis.
624 1023 920 1092 Antequam
968 1024 1177 1078 Roman
1221 1026 1382 1093 irem,
1436 1036 1716 1100 postquam
1758 1045 1790 1083 a
1833 1030 1989 1084 vobis

389 1109 628 1176 discessi,
658 1111 785 1164 dum
826 1113 1003 1166 adhuc
1033 1114 1185 1168 Becci
1210 1131 1465 1182 morarer,
1501 1118 1820 1187 quaesivistis
1850 1135 1880 1172 a
1900 1135 1989 1173 me

390 1197 519 1267 quid
557 1198 684 1252 mihi
725 1199 1015 1267 videretur,
1058 1202 1099 1256 si
1141 1204 1261 1274 quis
1298 1204 1524 1259 clericus
1553 1207 1640 1277 qui
1687 1215 1738 1261 et
1780 1206 1987 1263 littera-

388 1293 471 1341 tus
508 1295 560 1341 et
595 1295 839 1342 strenuus
877 1289 1288 1359 existimaretur,
1331 1294 1400 1346 ad
1431 1295 1712 1349 ecclesiam
1751 1305 1988 1351 nostram

386 1383 444 1429 ut
481 1378 777 1431 monachus
815 1377 982 1447 ﬁeret,
1024 1379 1186 1434 vellet
1217 1381 1420 1436 venire.
1466 1384 1547 1436 Ad
1579 1386 1725 1453 quod
1755 1393 1878 1442 tunc
1907 1387 1990 1441 lit-

387 1463 513 1517 teris
543 1480 661 1533 quaa
679 1465 859 1520 nescio
893 1465 937 1520 si
959 1467 1027 1520 ad
1057 1483 1153 1524 vos
1183 1474 1558 1539 pervenerunt,
1582 1474 1836 1543 respondi
1864 1475 1992 1546 quia

389 1551 432 1606 si
470 1551 724 1607 videretis
761 1569 1044 1623 personam
1085 1573 1246 1625 quam
1286 1558 1686 1628 suscipiendam
1739 1563 1990 1618 discretio

390 1647 568 1694 vestra
598 1640 889 1710 judicaret,
925 1643 1054 1698 mihi
1095 1661 1308 1716 quoque
1340 1655 1396 1701 ut
1433 1649 1760 1719 reciperetur
1787 1652 1989 1708 bonum

2092 494 2229 550 alios
2258 511 2318 551 se
2347 494 2546 565 injuste
2577 497 2793 552 tractari
2839 512 2937 552 vos
2981 497 3415 568 blasphemando
3445 511 3689 569 conque-

2092 591 2261 650 ratur,
2293 592 2562 658 quatenus
2591 593 2687 640 aut
2715 585 2784 640 de
2815 586 2924 642 hoc
2967 586 3112 657 quod
3147 585 3331 652 debet,
3365 586 3521 641 vobis
3554 585 3693 641 sicut

2087 673 2294 742 justum
2324 681 2408 728 est
2435 673 2766 744 satisfaciat;
2811 684 2901 729 aut
2945 675 3136 731 villam
3182 691 3279 744 pro
3329 691 3434 746 qua
3482 675 3696 730 debiter

2094 770 2192 827 est,
2224 762 2381 818 vobis
2410 763 2621 818 reddat.
2665 765 2745 818 De
2789 764 2993 820 domno
3037 766 3260 835 Joseph.
3294 763 3518 835 praefato
3569 763 3689 834 epi-

2093 868 2259 923 scopo
2314 853 2534 920 mando,
2566 861 2622 907 ut
2652 853 2698 908 si
2727 869 2864 924 opus
2897 861 2998 919 est,
3032 870 3130 909 vos
3161 854 3403 923 adjuvet,
3431 860 3695 924 quatenus

2095 959 2218 998 eum
2248 942 2314 995 de
2345 941 2542 997 debitis
2567 950 2620 996 et
2653 943 2808 997 terris
2851 958 2983 1012 quas
3028 949 3195 1007 tenet,
3247 941 3550 997 secundum
3593 957 3692 996 ve-

2095 1036 2262 1086 stram
2293 1031 2708 1101 dispositionem
2741 1039 2978 1087 tractare
3009 1030 3251 1102 possitis,
3284 1039 3338 1085 et
3366 1031 3469 1084 hoc
3498 1037 3696 1085 vestra:

2097 1120 2374 1176 committo
2403 1120 2754 1176 ordinationi.
2804 1121 2884 1175 De
2923 1120 3106 1190 pueris
3149 1127 3202 1174 et
3233 1117 3543 1188 juvenculis
3569 1135 3696 1173 sus-

2096 1209 2382 1280 cipiendis,
2415 1218 2637 1280 propter
2664 1209 2862 1264 multas
2911 1208 3262 1264 rationabiles
3310 1223 3510 1263 causas
3553 1223 3681 1264 con-

2096 1299 2222 1354 silio
2253 1307 2432 1354 vestro
2458 1298 2642 1365 faveo,
2674 1298 2852 1354 donec
2881 1299 2996 1352 Deo
3026 1297 3347 1368 disponente
3378 1297 3620 1362 redeam,
3645 1303 3697 1351 et

2097 1389 2214 1444 haec
2244 1396 2296 1444 et
2325 1389 2437 1442 alia
2465 1389 2739 1443 communi
2786 1402 3015 1458 agemus
3061 1386 3308 1462 consilio.
3349 1387 3464 1441 Hoc
3513 1395 3696 1440 tamen

2098 1479 2224 1533 volo
2279 1485 2333 1532 et
2377 1492 2530 1548 rogo,
2582 1484 2640 1531 ut
2683 1476 2990 1547 ubicunque
3039 1475 3174 1542 sim,
3230 1475 3276 1529 si
3322 1473 3487 1545 aliqui
3534 1473 3697 1543 hujus

2097 1566 2267 1622 aetatis
2329 1565 2661 1637 suscipiendi
2703 1573 2853 1628 sunt,
2914 1565 2988 1619 illi
3043 1563 3279 1635 primum
3336 1562 3697 1633 suscipiantur

2100 1656 2294 1727 quibus
2325 1670 2642 1711 concessum
2688 1659 2790 1710 est.
2835 1655 2914 1708 De
2963 1654 3067 1708 hoc
3113 1661 3293 1708 autem
3359 1652 3504 1707 unde
3569 1651 3696 1723 qui-

391 1737 532 1783 esset
567 1737 620 1783 et
669 1730 926 1798 placeret.
984 1732 1326 1805 Privilegium
1368 1738 1515 1805 quod
1557 1739 1807 1794 dominus
1846 1759 1987 1812 papa
2018 1753 2070 1813 Β
2100 1745 2223 1799 dam
2256 1761 2342 1799 me
2373 1754 2425 1799 et
2458 1760 2556 1798 vos
2583 1743 3024 1814 reprehendunt,
3071 1742 3138 1796 de
3183 1741 3434 1810 personis
3485 1739 3700 1797 scilicet

391 1817 527 1871 mihi
590 1818 756 1885 dedit,
812 1819 967 1874 vobis
1027 1821 1179 1877 mitto
1246 1823 1316 1877 ad
1384 1827 1880 1899 transcribendum,
1941 1843 1994 1887 et

396 1905 684 1976 diligenter
719 1909 1148 1963 custodiendum.
1194 1911 1338 1967 Dixit
1377 1914 1506 1967 mihi
1554 1916 1859 1974 Everardus
1897 1937 1994 1976 vos

395 1993 534 2049 velle
614 1995 819 2052 habere
895 1998 1180 2052 concilium
1249 2001 1394 2072 quOd
1463 2002 1762 2062 Londoniae
1843 2009 1991 2066 cele-

394 2081 686 2137 bravimus.
730 2083 887 2152 Quod
945 2087 1018 2141 ita
1055 2087 1206 2144 mitto
1235 2089 1390 2144 vobis
1455 2099 1512 2145 ut
1575 2093 1709 2148 illud
1776 2113 1875 2152 nec
1939 2101 1993 2154 in

394 2169 669 2250 publicum
719 2170 983 2241 offeratis,
1039 2191 1140 2230 nec
1197 2179 1477 2232 transcribi
1534 2180 1772 2242 faciatis;
1822 2186 1995 2243 donec

395 2272 499 2328 ego
537 2267 589 2314 et
627 2276 723 2315 vos
759 2277 881 2316 cum
910 2263 1288 2335 episcoporum
1319 2268 1550 2325 consilio
1581 2270 1715 2326 illud
1745 2281 1993 2332 retracte-

398 2361 538 2402 ams

938 2425 1271 2482 EPISTOLA
1305 2429 1444 2485 XLI.

813 2537 1222 2580 ANSELMIAD
1269 2543 1583 2587 BUMDEM.

471 2644 778 2700 Anssuws
797 2647 1251 2721 archiepiscopus,
1275 2655 1570 2710 reverenda
1591 2657 1756 2726 priori
1790 2659 1992 2713 domno

396 2729 682 2799 EaNuu-o,
715 2735 940 2791 salutem
970 2746 1022 2792 et
1049 2737 1482 2798 benedictionem
1513 2745 1630 2811 Dei,
1664 2753 1712 2800 et
1741 2763 1913 2815 suam,
1948 2748 1989 2801 si

401 2819 532 2890 quid
564 2821 723 2877 valet.

469 2907 692 2965 Litteras
721 2921 910 2969 vestrae
938 2918 1246 2973 reverendae
1283 2918 1586 2976 dilectionis
1631 2923 1822 2992 plenas
1868 2941 1990 2995 pru-

397 2994 541 3051 denti
580 3001 803 3057 consilio
855 3010 908 3058 et
957 3007 1273 3062 charitativa
1309 3007 1669 3066 sollicitudine
1720 3029 1819 3082 pro
1871 2994 1992 3068 mea

2103 1833 2357 1889 Ecclesiae
2382 1841 2600 1899 nostra,
2634 1847 2730 1886 vos
2758 1831 2909 1886 scitis
2949 1847 3055 1902 qua
3093 1830 3411 1885 necessitate
3456 1829 3544 1883 ﬁt.
3593 1827 3698 1882 Vix

2102 1924 2245 1978 enim
2303 1923 2466 1994 aliqui
2541 1922 2611 1976 ad
2687 1936 2786 1976 nos
2839 1920 3090 1987 veniunt,
3150 1919 3255 1974 nisi
3311 1935 3447 1989 quos
3506 1924 3700 1989 sponte

2102 2012 2408 2083 accipimus
2421 2052 2435 2066 .

2172 2121 2254 2174 De
2299 2119 2435 2174 laico
2484 2133 2644 2189 quem
2692 2116 3014 2186 suscepistis
3065 2113 3504 2182 misericorditer,
3555 2114 3704 2170 Deus

2102 2207 2384 2278 disposuit,
2419 2207 2546 2278 quia
2576 2214 2629 2261 et
2658 2222 2758 2260 vos
2789 2205 3104 2260 charitatem
3145 2204 3224 2258 illi
3267 2213 3316 2259 et
3363 2203 3554 2259 amicis
3585 2204 3704 2273 ejus

2102 2296 2439 2362 exhibuistis,
2473 2303 2524 2350 et
2553 2295 2666 2366 ipse
2715 2295 2868 2349 bono
2914 2293 3021 2349 fine
3073 2293 3298 2365 quievit,
3346 2308 3505 2362 quem
3555 2293 3704 2346 Deus

2101 2385 2346 2442 absolvat
2374 2385 2443 2439 ab
2472 2384 2722 2439 omnibus
2749 2383 2989 2454 peccatis
3019 2382 3153 2437 suis.
3183 2383 3260 2436 De
3285 2381 3485 2436 clerico
3515 2380 3702 2435 Belva-

2101 2475 2245 2530 censi
2287 2489 2446 2544 quem
2477 2474 2620 2528 Deus
2649 2472 2804 2528 vobis
2839 2472 3134 2528 clementer
3173 2470 3421 2536 attravit,
3461 2468 3698 2540 gaudeo,

2101 2571 2155 2619 et
2181 2571 2234 2618 ut
2266 2579 2410 2633 saepe
2453 2561 2727 2633 colloquio
2757 2567 2933 2617 vestro
2963 2559 3266 2614 aedificetur
3291 2559 3358 2612 de
3387 2566 3698 2626 contemptu

2100 2651 2287 2724 gloria
2339 2650 2525 2705 mundi
2573 2658 2627 2705 et
2667 2649 2736 2704 de
2786 2649 3062 2703 dubietate
3099 2649 3346 2702 humana:
3374 2646 3518 2713 vitae,
3550 2653 3600 2700 et
3629 2645 3700 2700 de

2101 2741 2342 2812 periculo
2373 2739 2670 2793 animarum
2711 2737 2781 2793 de
2823 2739 2925 2793 hoc
2952 2737 3155 2792 mundo
3205 2735 3593 2790 transeuntium
3644 2733 3699 2788 in

2101 2845 2284 2884 amore
2302 2828 2501 2890 saeculi,
2523 2827 2771 2898 quamvis
2792 2829 2894 2882 hoc
2912 2842 3008 2880 vos
3033 2825 3207 2880 facere
3229 2832 3429 2895 putem,
3453 2822 3698 2878 consulo.

2101 2919 2180 2972 De
2228 2917 2428 2973 clerico
2472 2916 2833 2972 Londoniensi
2869 2930 3030 2987 quem
3073 2913 3417 2983 suscepistis,
3457 2911 3704 2982 approbo

2100 3007 2248 3078 quod
2279 3005 2498 3062 fecistis.
2532 3006 2610 3060 De
2640 3005 2878 3060 Roberto
2913 3003 3159 3057 ministro
3203 3017 3528 3073 pauperum,
3556 2999 3702 3072 quod

395 3099 556 3140 causa
587 3096 637 3142 et
674 3090 894 3148 sincerae
929 3093 1228 3151 dilectionis
1269 3097 1462 3152 affectu
1501 3108 1553 3154 ei
1592 3101 1992 3156 tribulationum)
2025 3110 2075 3173 α
2104 3095 2234 3149 mihi
2265 3094 2616 3150 consuleretis
2649 3094 2834 3148 facite.
2883 3093 2941 3148 Si
2972 3091 3114 3146 enim
3144 3090 3196 3144 in
3229 3090 3459 3144 sanitate
3486 3105 3585 3144 sua
3614 3104 3707 3144 ve-

395 3188 490 3229 cor
525 3186 755 3233 vestrum
791 3188 844 3236 et
880 3182 1174 3238 Ecclesiam
1215 3195 1452 3242 nostram
1480 3190 1835 3258 prementium
1865 3208 1999 3246 con-

398 3265 676 3333 questione
704 3272 936 3341 suscepi.
980 3273 1277 3328 Consilium
1308 3275 1524 3346 quidem
1557 3294 1624 3333 ex
1655 3287 1808 3349 parte
1846 3281 1998 3351 sequi

398 3365 505 3405 non
535 3355 705 3423 potui,
741 3358 865 3428 quia
905 3359 1135 3415 domnus
1164 3362 1471 3418 Evcrardus
1511 3382 1615 3421 non
1648 3367 1722 3420 ita
1755 3367 1898 3421 venit
1931 3367 1998 3420 ad

400 3456 506 3508 me,
539 3443 663 3497 utin
683 3446 820 3501 festo
848 3451 1015 3503 sancti
1048 3451 1323 3506 Michaelis
1348 3463 1649 3523 opportune
1679 3456 1853 3509 redire
1875 3471 2001 3525 pos-

403 3537 484 3584 set
513 3530 566 3584 in
595 3533 867 3605 Angliam.
893 3538 953 3590 In
986 3538 1102 3592 aliis
1131 3556 1278 3607 vero,
1301 3542 1411 3596 Deo
1440 3544 1752 3612 adjuvante,
1780 3544 1999 3598 tentabo

402 3619 545 3686 quod
576 3623 871 3691 consulitis,
905 3625 948 3678 si
997 3634 1186 3695 potero
1225 3627 1454 3683 edicere.
1503 3632 1602 3684 Pro
1641 3631 2002 3686 sollicitudine

399 3721 529 3762 vero
561 3725 723 3778 quam
755 3711 864 3765 dixi
906 3723 958 3768 et
989 3716 1275 3771 dilectione
1314 3718 1516 3789 gratias
1547 3735 1650 3790 ago
1673 3720 1785 3773 Deo
1815 3725 1866 3773 et
1897 3736 1998 3774 vo-

402 3792 504 3848 bis.
548 3796 626 3850 De
659 3799 1088 3858 tribulationibus
1116 3813 1293 3859 autem
1325 3821 1430 3860 non
1457 3808 1629 3879 egetis
1659 3815 1839 3862 nostra
1862 3824 1997 3863 con-

404 3881 687 3953 solatione,
731 3889 830 3943 nisi
881 3891 934 3944 in
965 3892 1048 3946 his
1077 3910 1199 3964 qua:
1240 3903 1422 3950 nostro
1463 3895 1693 3950 consilio
1725 3905 1815 3951 aut
1852 3904 2002 3966 pote-

401 3981 540 4027 state
559 3985 784 4044 possunt
800 3979 1058 4053 mitigari.
1081 3984 1186 4037 Vos
1207 3983 1351 4038 enim
1384 3985 1534 4039 scitis
1551 3986 1676 4057 quia
1691 4001 1790 4056 per
1810 3987 2003 4040 multas

405 4062 773 4121 tribulationes
818 4076 869 4123 et
911 4085 1011 4140 per
1046 4086 1244 4142 aquam
1297 4079 1349 4127 et
1405 4073 1587 4146 ignem
1630 4074 1855 4129 transire
1905 4090 2002 4128 nos

403 4160 616 4222 Oportet
643 4155 712 4209 ad
739 4156 1099 4230 refrigerium.
1142 4161 1308 4216 Multa
1343 4169 1394 4217 et
1411 4163 1518 4218 alia
1556 4171 1677 4217 sunt
1707 4177 1827 4233 quae
1863 4179 2000 4232 pru-

405 4241 643 4296 dentiam
673 4253 903 4300 vestram
948 4264 1053 4304 non
1094 4249 1293 4317 latent,
1335 4268 1456 4322 quae
1493 4268 1589 4306 nos
1635 4254 1912 4307 hortantur
1949 4253 2002 4306 in

405 4329 749 4388 tribulatione
791 4336 1046 4408 gaudere.
1089 4336 1248 4407 Quod
1294 4341 1405 4395 Deo
1443 4341 1753 4396 consolante
1779 4355 1876 4394 vos
1915 4341 2002 4394 fa-

404 4435 526 4474 cere
564 4428 616 4475 et
653 4439 824 4493 usque
853 4425 906 4478 in
950 4424 1108 4481 finem
1143 4429 1377 4482 facturos
1419 4445 1526 4483 non
1569 4428 1776 4484 dubito.
1823 4429 1900 4484 De
1938 4429 2002 4483 iis

406 4508 473 4561 ad
517 4527 638 4580 quae
677 4519 915 4566 nostrum
977 4531 1294 4584 responsum
1342 4518 1556 4586 petitis,
1599 4519 1830 4587 primum
1880 4519 2001 4572 dico

407 4597 534 4666 quia
572 4597 835 4667 placitum
900 4604 1045 4673 quod
1112 4606 1498 4660 constituerunt
1568 4607 2006 4676 archiepiscopus

407 4685 766 4758 Eboracensis
829 4699 881 4744 et
945 4693 1233 4762 episcopus
1262 4695 1668 4763 Londoniensis,
1709 4711 1808 4751 nec
1843 4695 2003 4750 statui

406 4791 505 4829 nec
547 4776 659 4830 ﬁeri
693 4778 856 4834 debet
898 4780 1012 4835 sine
1053 4783 1460 4852 archiepiscOpo
1501 4783 1819 4840 Cantuarize.
1861 4783 1999 4838 Nam

406 4863 503 4918 etsi
544 4865 785 4921 Ecclesia
817 4869 1214 4924 Cantuariensis
1243 4871 1512 4926 viventem
1543 4872 1855 4943 episcopum
1895 4889 2002 4928 non

406 4953 650 5021 haberet,
684 4957 982 5025 exspectari
1014 4957 1254 5014 deberet.
1289 4959 1343 5015 Si
1376 4960 1506 5032 quid
1536 4968 1720 5016 autem
1754 4961 1874 5015 inde
1905 4975 2003 5030 per

405 5040 667 5112 placitum
700 5043 901 5098 factum
930 5053 1030 5112 est,
1051 5054 1193 5102 stare
1229 5064 1335 5102 non
1357 5049 1543 5122 (debet,
1576 5057 1629 5105 et
1656 5065 1761 5122 ego
1793 5049 2000 5104 irritum

407 5129 566 5186 facio.
600 5130 681 5186 De
707 5130 910 5189 damno
939 5135 1086 5203 quod
1113 5144 1203 5190 aut
1231 5152 1262 5190 a
1303 5139 1610 5208 praepositis
1637 5146 1730 5192 aut
1762 5154 1793 5192 ει
1831 5138 1999 5193 celle-

405 5219 550 5275 rario
588 5220 730 5291 passi
759 5221 906 5289 estis,
948 5222 1070 5294 quia
1100 5225 1430 5293 praiteritum
1458 5235 1559 5294 est,
1591 5226 1874 5282 consilium
1906 5241 1996 5280 ne-

406 5308 548 5377 scio,
589 5308 688 5364 sed
735 5318 916 5365 tamen
960 5311 1004 5366 si
1045 5312 1176 5382 quid
1213 5315 1392 5386 aliqua
1432 5316 1639 5371 ratione
1683 5331 1998 5386 recuperare

407 5399 649 5467 potestis,
681 5399 914 5470 gaudeo.
953 5401 1014 5454 In
1036 5401 1272 5458 futurum
1295 5420 1422 5459 vero
1452 5405 1734 5459 consilium
1765 5412 2000 5459 vestrum

409 5486 479 5543 de
509 5487 671 5544 sociis
697 5489 1110 5558 prtepositorum
1132 5493 1397 5564 approbo.
1432 5494 1512 5549 De
1532 5493 1832 5549 Godefrido
1848 5493 2002 5550 vobis

416 5577 660 5644 consulo,
679 5585 734 5632 et
761 5578 961 5652 domno
990 5578 1247 5653 episcopo
1271 5582 1489 5638 Rofensi
1507 5583 1704 5638 mando
1733 5590 1790 5636 ut
1818 5581 1890 5636 ita
1905 5597 2002 5650 per

2110 3184 2267 3251 nerit,
2299 3183 2467 3238 credo
2511 3182 2637 3252 quia
2667 3183 2735 3237 ad
2767 3182 2996 3235 salutem
3042 3179 3235 3234 animae
3277 3195 3387 3233 sua:
3431 3178 3482 3231 in
3521 3177 3706 3248 aliquo

2110 3272 2325 3327 servitio
2356 3271 2616 3327 Ecclesia-3
2648 3270 2796 3324 utilis
2840 3270 2957 3338 erit,
3004 3276 3057 3323 et
3095 3269 3140 3323 si
3178 3268 3234 3321 in
3272 3274 3470 3333 morte,
3522 3265 3706 3320 salvus

2110 3362 2229 3417 erit.
2261 3362 2338 3416 De
2368 3360 2603 3415 Roberto
2633 3359 2700 3413 de
2732 3359 3041 3430 Leminges,
3074 3358 3190 3412 haec
3219 3363 3299 3411 est
3327 3371 3450 3410 mea
3479 3362 3706 3410 senten-

2111 3451 2180 3505 tia
2215 3468 2228 3504 :
2261 3450 2316 3505 Si
2349 3450 2451 3504 hoc
2495 3457 2740 3518 tempore
2784 3449 2959 3503 factus
3007 3446 3168 3501 fuerit
3209 3447 3524 3510 monachus,
3569 3458 3706 3498 con-

2109 3539 2244 3594 cedo
2273 3537 2435 3593 uxori
2457 3539 2592 3605 ejus,
2611 3536 2739 3591 dum
2768 3536 2920 3600 vivit,
2949 3543 3117 3590 terras
3140 3549 3280 3605 quas
3309 3534 3378 3588 de
3407 3548 3496 3587 me
3522 3531 3705 3596 habet,

2109 3636 2162 3683 et
2188 3628 2230 3681 si
2261 3628 2384 3699 quis
2405 3643 2494 3682 eas
2523 3626 2593 3680 ab
2625 3626 2731 3681 alio
2752 3624 3041 3695 acceperit,
3063 3640 3176 3678 non
3198 3623 3268 3676 ab
3299 3621 3706 3691 archiepiscopo

2111 3716 2509 3780 Cantuariensi,
2542 3715 2628 3770 vel
2658 3731 2743 3770 me
2775 3715 2857 3769 vel
2890 3713 3026 3767 mihi
3057 3713 3320 3768 canonice
3359 3709 3705 3777 succedente,

2109 3805 2158 3861 ei
2191 3821 2350 3876 quam
2391 3803 2568 3859 facere
2590 3819 2810 3875 possum
2843 3798 3708 3865 excommunicationi,etiraaDei

2109 3911 2272 3966 quam
2303 3894 2377 3948 illi
2404 3893 2699 3964 imprecari
2729 3908 2953 3963 possum
2984 3890 3283 3960 subjaceat.
3332 3887 3708 3956 Quandocun-

2111 4001 2214 4058 que
2243 3991 2421 4037 autem
2469 3981 2538 4036 ad
2580 3980 2992 4036 conversionem
3025 3980 3242 4042 veniat,
3288 3977 3375 4033 vel
3412 3977 3526 4030 sine
3569 3991 3708 4031 con-

2111 4073 2360 4130 versione
2399 4070 2558 4125 ﬁnem
2590 4070 2714 4127 vitze
2746 4070 2921 4137 faciat,
2951 4067 3095 4138 quod
3125 4067 3235 4122 dixi
3283 4066 3352 4121 de
3397 4063 3581 4133 terris,
3611 4079 3706 4118 ra-

2110 4171 2223 4218 tum
2266 4166 2599 4230 permaneat.
2671 4159 2750 4213 De
2820 4157 3076 4211 fratribus
3138 4156 3229 4226 qui
3278 4153 3585 4210 inordinate
3639 4152 3721 4208 de-

2111 4248 2440 4304 monasterio
2469 4247 2737 4310 exierunt,
2785 4254 2837 4301 et
2869 4245 3118 4301 ordinate
3153 4246 3267 4299 Deo
3314 4243 3517 4298 reducti
3560 4245 3704 4309 sunt,

2110 4354 2208 4410 per
2229 4336 2412 4392 omnia
2443 4335 2586 4406 quod
2619 4335 2821 4390 fecistis
2853 4333 3044 4396 laudo;
3077 4341 3130 4388 et
3161 4333 3228 4388 de
3253 4332 3319 4386 iis
3350 4331 3440 4400 qui
3482 4346 3706 4386 reman-

2115 4431 2321 4492 serunt,
2352 4428 2394 4480 si
2426 4425 2479 4480 in
2510 4425 2650 4479 bona
2681 4423 2955 4479 voluntate
2996 4429 3148 4488 sunt,
3192 4421 3305 4476 Deo
3343 4420 3545 4492 gratias
3581 4434 3706 4489 ago.

2115 4516 2272 4570 Illum
2304 4531 2434 4570 vero
2461 4514 2549 4585 qui
2585 4521 2658 4568 tot
2688 4512 2864 4567 modis
2903 4509 3292 4582 incorrigibilis
3329 4509 3578 4580 cognitus
3609 4515 3708 4579 est,

2109 4620 2206 4660 sua
2231 4603 2466 4676 nequitia
2497 4603 2718 4658 Satanae
2745 4601 3001 4655 traditum
3045 4599 3315 4663 existimo,
3350 4614 3453 4654 nec
3483 4597 3713 4667 amplius

2110 4693 2280 4761 438
2320 4693 2374 4746 in
2395 4691 2654 4746 societate
2684 4698 2858 4745 vestra
2885 4688 3285 4759 suscipiendum
3318 4692 3468 4757 puto.
3511 4687 3589 4740 De
3619 4685 3709 4740 in-

2112 4782 2276 4835 famia
2321 4795 2429 4852 qua
2478 4795 2641 4849 super
2686 4795 2780 4834 vos
2819 4777 3049 4848 populus
3106 4776 3426 4847 insipienter
3486 4775 3709 4840 clamat,

2111 4877 2287 4925 vestra
2328 4867 2588 4938 sapientia
2619 4866 2888 4922 consolari
2917 4883 3014 4921 vos
3050 4866 3232 4922 debet.
3279 4865 3401 4919 Non
3444 4863 3586 4919 enim
3631 4871 3712 4919 est

2107 4957 2473 5028 blasphemia,
2492 4957 2588 5011 sed
2607 4956 2728 5010 laus
2751 4955 3088 5020 monasterii,
3111 4955 3324 5026 quando
3354 4953 3557 5025 aliquid
3579 4952 3708 5008 inde

2108 5048 2352 5119 fugiunt,
2386 5045 2514 5115 quia
2543 5061 2649 5100 non
2681 5045 2957 5099 meliorem
2989 5044 3154 5099 vitam
3193 5049 3468 5114 quaerunt,
3515 5056 3706 5097 verum

2105 5137 2306 5192 bonam
2335 5134 2801 5191 conversationem
2829 5148 2948 5205 quae
2979 5132 3049 5188 ab
3087 5132 3194 5186 illis
3223 5131 3462 5202 exigitur
3491 5143 3703 5200 nequa-

2109 5240 2270 5296 quam
2312 5223 2547 5279 tolerare
2587 5230 2809 5294 queunt.
2845 5223 2924 5278 De
2963 5229 3114 5291 patre
3152 5236 3254 5276 suo
3299 5227 3456 5292 rogat
3486 5235 3572 5274 me
3602 5219 3710 5274 do-

2109 5315 2287 5370 minus
2316 5312 2596 5368 Cornelius
2625 5312 2709 5367 cui
2741 5313 2879 5366 sicut
2900 5310 3050 5366 scitis
3079 5325 3232 5380 spem
3263 5308 3574 5380 suscipienti
3601 5323 3704 5380 ego

2112 5411 2164 5459 ct
2191 5419 2288 5460 vos
2316 5402 2587 5457 dedimus.
2620 5401 2724 5470 Qui
2754 5408 2812 5455 ut
2839 5399 3181 5470 suscipiatur,
3214 5398 3260 5453 si
3289 5398 3446 5455 vobis
3476 5397 3706 5465 videtur,

2108 5492 2307 5547 bonum
2338 5490 2608 5556 existimo,
2633 5490 2755 5562 quia
2786 5497 2836 5545 et
2866 5491 2935 5545 de
2954 5489 3117 5560 longe
3148 5488 3262 5544 solo
3295 5503 3477 5544 amore
3507 5493 3709 5541 sancta:

2111 5579 2540 5637 conversationis
2566 5580 2728 5646 venit,
2763 5586 2816 5634 et
2840 5579 2955 5648 jam
2999 5577 3068 5633 ad
3110 5577 3338 5633 senilem
3388 5575 3708 5649 gravitatem
