4036 6072
256 268 360 323 25

1517 248 1652 306 LIB.
1697 247 1789 315 IV,
1843 244 2062 304 EPIS’I'.
2103 246 2289 303 XLIV.

3456 256 3561 309 226

260 387 500 445 devenit.
548 385 630 441 De
658 380 988 455 presbyteris
1028 378 1121 451 qui
1168 378 1239 434 ad
1297 375 1551 431 mulieres
1605 371 1859 427 dimissus
1884 372 1941 433 Α
1972 371 2062 442 qui
2111 386 2227 427 rem
2270 366 2564 441 diligenter
2603 369 2964 439 considerant,
3013 370 3386 446 intelligimus,
3452 389 3563 430 non

254 478 547 545 redierunt,
580 472 867 531 consilium
896 469 1147 542 quaesivit
1175 484 1207 522 a
1234 467 1300 523 Β.
1334 467 1394 521 Ρ.
1432 471 1614 519 nostro
1673 460 1858 517 archi-

256 568 514 639 episcopo
534 560 912 636 Lugdunensi;
964 558 1057 630 qui
1099 556 1404 612 nullatenus
1431 551 1710 609 consulere
1754 565 1865 607 vo-

257 638 355 712 luit
382 663 442 710 ut
469 653 539 709 ad
586 650 858 708 Ecclesiae
898 646 1133 718 amplius
1179 644 1607 709 admitterentur,
1660 638 1757 695 sed
1805 646 1864 693 ut

256 745 441 817 potius
466 742 701 798 infantes
736 755 769 795 a
798 736 1130 809 quibuslibet
1156 733 1367 790 clericis
1416 732 1502 788 vel
1560 729 1713 785 laicis
1769 728 1865 783 ba-

257 834 604 906 ptizarentur.
634 829 749 885 Nec
776 843 877 898 pro
906 826 1015 882 alia
1044 825 1226 896 aliqua
1270 820 1608 887 necessitate,
1660 834 1781 890 quae
1810 817 1866 871 in

261 922 507 980 absentia
532 919 875 975 sacerdotum
905 916 1045 972 solet
1088 913 1423 984 contingere,
1472 908 1661 964 laudat
1718 906 1865 962 reci-

261 1011 494 1085 piendos
521 1023 659 1065 esse.
686 1007 1068 1063 Verumtamen
1098 1002 1204 1057 hoc
1231 999 1377 1071 quod
1407 998 1534 1053 dico
1565 1005 1621 1051 et
1671 1010 1866 1051 neces-

263 1101 477 1157 sitatem
508 1112 673 1168 quam
702 1093 921 1161 videtis,
952 1090 1314 1157 considerate,
1347 1096 1401 1144 et
1429 1085 1559 1157 quid
1577 1084 1709 1139 mihi
1729 1100 1869 1154 prae-

263 1188 398 1245 senti
430 1183 799 1250 consuleretis,
834 1181 1074 1236 admisso
1102 1177 1345 1248 episcopi
1374 1174 1622 1242 consilio,
1683 1173 1865 1227 facite.

262 1272 634 1331 Festivitatum
663 1267 1088 1323 celebrationem
1118 1263 1187 1319 de
1216 1261 1412 1333 quibus
1439 1259 1575 1314 mihi
1629 1256 1868 1313 manda-

264 1361 383 1429 stis,
415 1366 608 1413 vestrm
634 1353 917 1411 committo
948 1348 1312 1421 dispositioni,
1344 1355 1399 1402 et
1454 1345 1584 1416 quid
1614 1344 1742 1399 inde
1772 1359 1868 1399 or-

258 1427 576 1500 dinaveritis
625 1454 731 1511 ego
761 1435 1045 1503 conﬁrmo,
1097 1442 1151 1489 et
1188 1440 1362 1488 ratum
1408 1431 1495 1485 sit.
1537 1431 1620 1485 De
1666 1427 1872 1484 octavis

263 1546 478 1605 quoque
504 1526 816 1585 Nativitatis
844 1531 1045 1580 sanctae
1075 1522 1173 1577 Dei
1207 1519 1489 1593 genitricis
1518 1518 1719 1585 Mariae,
1738 1532 1872 1587 quas

264 1623 451 1694 plures
478 1619 548 1673 de
570 1615 827 1671 fratribus
847 1612 1043 1669 nostris
1072 1618 1269 1683 rogant
1297 1609 1354 1663 in
1403 1607 1645 1663 Ecclesia
1690 1614 1872 1661 nostra

1968 475 2091 516 mea
2128 459 2290 530 culpa
2318 457 2506 513 tandiu
2552 458 2878 515 extenditur.
2929 459 3188 523 Queritur
3230 461 3325 533 pio
3371 462 3565 518 affectu

1968 558 2146 606 vestra
2174 546 2495 604 excellentia
2524 547 2669 617 quod
2709 563 2831 602 mea
2861 549 3207 620 intemperies
3270 551 3567 623 tranquilli-

1972 647 2134 695 tatem
2164 637 2330 692 animi
2362 636 2569 692 domini
2599 636 2706 692 mei
2746 637 2890 709 regis
2918 647 2969 693 et
2996 655 3283 709 procerum
3321 642 3440 712 ejus
3461 649 3569 697 tur-

1972 726 2201 794 baverit,
2236 733 2290 781 et
2330 728 2434 781 hoc
2499 724 2752 780 desiderii
2791 726 2953 781 vestri
3006 727 3207 783 bonum
3249 729 3566 801 inemptum,

1974 831 2042 871 ne
2071 816 2141 870 ad
2171 814 2335 869 ﬁnem
2372 829 2527 868 suum
2556 814 2942 884 perduceretur
2976 815 3340 887 impediverit;
3383 835 3571 875 verum

1973 904 2032 960 in
2074 903 2264 958 litteris
2306 901 2522 970 nostris,
2569 902 2625 956 in
2673 903 2867 973 quibus
2912 903 3006 959 illa
3062 904 3410 977 intemperies
3454 924 3571 965 esse

1975 992 2193 1061 dicitur,
2226 991 2360 1046 nihil
2386 990 2756 1060 indiscretum,
2803 993 2935 1047 nihil
2973 994 3288 1064 absurdum,
3321 997 3571 1067 quamvis

1974 1081 2080 1139 hoc
2106 1080 2238 1135 mihi
2269 1079 2435 1151 regiis
2478 1079 2669 1134 litteris
2701 1080 2974 1151 objectum
3017 1083 3105 1151 sit,
3137 1099 3254 1139 esse
3298 1087 3577 1157 cognosci-

1977 1178 2080 1239 tur,
2110 1169 2155 1223 si
2176 1177 2323 1224 recto
2355 1167 2629 1223 intellectu
2658 1176 2713 1223 et
2750 1178 2928 1225 mente
2966 1172 3254 1242 tranquilla
3302 1175 3448 1245 quod
3494 1175 3571 1230 ibi

1976 1259 2180 1313 dictum
2225 1265 2337 1325 est,
2397 1265 2452 1313 et
2495 1257 2791 1327 prohibitio
2839 1275 3003 1329 quam
3048 1261 3231 1317 audivi
3277 1270 3331 1317 et
3377 1279 3567 1319 omnes

1975 1347 2168 1416 sciunt,
2191 1345 2495 1416 inspicitur.
2534 1345 2682 1401 Nihil
2711 1347 2856 1401 enim
2886 1348 3145 1405 adversus
3170 1358 3382 1420 patrem
3431 1353 3576 1426 regis

1976 1445 2029 1492 et
2057 1435 2551 1505 archiepiscopum.
2589 1436 2968 1506 Lanfrancum,
2992 1438 3138 1493 viros
3166 1454 3382 1513 magna:
3410 1449 3464 1496 et
3493 1457 3575 1497 re-

1977 1525 2189 1596 ligiosa
2212 1524 2391 1593 famae,
2436 1525 2675 1593 protuli;
2706 1541 2829 1580 eum
2880 1541 2967 1581 me
3011 1527 3067 1580 in
3113 1528 3386 1599 baptismo
3429 1538 3482 1584 et
3524 1530 3581 1585 in

1979 1616 2410 1673 ordinationibus
2439 1616 2575 1670 meis
2602 1616 2782 1687 legem
2816 1623 2870 1671 et
2913 1617 3328 1673 consuetudines
3361 1617 3579 1675 illorum

265 1693 405 1777 ﬁeri.
436 1707 564 1780 quia
589 1706 646 1760 in
673 1703 922 1775 Pluribus
952 1699 1207 1790 Εφοιθδξίδ
1235 1696 1669 1790 δυηῑν-είξῐιίίίῐθΐ
1723 1693 1868 1765 φιοά
1894 1728 1950 1790 Β
1978 1722 2086 1761 non
2112 1704 2425 1775 promisisse
2453 1704 2841 1771 demonstravi,
2885 1712 2940 1759 et
2978 1705 3159 1778 legem
3190 1707 3287 1762 Dei
3341 1724 3429 1764 me
3473 1724 3583 1765 non

267 1795 632 1855 meliusvobis
659 1792 892 1859 videtur,
925 1789 1105 1845 facite.
1135 1788 1345 1843 Domno
1393 1785 1630 1842 Roberto
1670 1799 1867 1840 mona-

265 1889 370 1944 cho
398 1885 598 1941 dilecto
626 1881 740 1937 ﬁlio
769 1887 951 1935 nostro
997 1877 1089 1949 qui
1118 1892 1204 1932 res
1246 1883 1455 1931 nostras
1503 1874 1641 1929 solet
1685 1880 1871 1928 custo-

266 1978 405 2044 dire,
436 1973 600 2030 dicite
626 1987 696 2028 ex
726 1978 908 2026 nostra
932 1975 1107 2038 parte,
1159 1974 1217 2021 ut
1238 1965 1283 2019 si
1334 1971 1657 2034 potestatem
1686 1962 1870 2030 habet,

265 2065 432 2122 faciat
488 2062 785 2119 Robertum
834 2057 1091 2113 clericum
1160 2054 1250 2124 qui
1294 2068 1507 2108 mecum
1570 2059 1651 2106 est
1693 2059 1874 2105 tenere

268 2156 497 2211 domum
524 2166 680 2207 suam
710 2163 874 2219 quam
903 2146 1107 2201 habent
1134 2141 1460 2209 Cantuariae,
1493 2140 1569 2196 ita
1613 2139 1871 2211 quietam,

266 2245 407 2300 sicut
433 2256 556 2297 eam
586 2237 755 2294 tenuit
777 2237 1028 2307 .Rogerus
1049 2231 1261 2288 Puntel.
1301 2230 1528 2302 Rogatis
1574 2244 1661 2283 me
1709 2236 1767 2283 ut
1820 2227 1877 2281 in

274 2328 713 2389 tribulationibus
739 2324 932 2381 vestris
959 2320 1263 2392 compatiar
1290 2319 1449 2375 vobis
1491 2326 1545 2374 et
1587 2333 1738 2373 orem
1777 2330 1877 2386 pro

271 2421 452 2490 vobis,
482 2417 630 2489 quod
658 2415 842 2485 utique
870 2411 1030 2479 facio,
1062 2418 1116 2465 et
1142 2409 1255 2465 scio
1285 2424 1383 2464 vos
1409 2408 1514 2463 hoc
1567 2406 1745 2476 ipsum
1786 2404 1877 2458 fa-

277 2526 401 2567 cere
430 2507 608 2563 nobis.
641 2502 1000 2573 Omnipotens
1018 2501 1161 2555 Deus
1187 2514 1341 2553 suam
1369 2511 1587 2566 semper
1614 2495 1706 2550 det
1724 2493 1881 2549 vobis

279 2597 728 2655 consolationem.
762 2593 1099 2661 Responsum
1129 2588 1275 2659 regis
1303 2588 1359 2641 in
1416 2585 1506 2639 die
1548 2591 1744 2638 statuto
1774 2597 1882 2636 non

281 2696 363 2745 est
381 2686 641 2756 episcopo
685 2681 891 2749 datum,
937 2676 1194 2733 mandavi
1235 2675 1285 2731 ei
1327 2682 1385 2729 ut
1431 2673 1566 2727 illud
1625 2679 1886 2742 quatenus

278 2775 480 2848 poterit
523 2771 777 2841 requirat,
808 2776 862 2824 et
892 2767 1027 2821 illud
1054 2780 1155 2836 per
1183 2764 1482 2835 Vulgarum
1512 2762 1584 2815 de
1617 2759 1884 2816 Limmin-

278 2846 379 2939 ges
407 2878 531 2919 cum
560 2861 742 2931 aliquo
770 2856 919 2913 socio
947 2864 1038 2911 aut
1066 2870 1167 2925 per
1192 2854 1329 2909 duos
1358 2851 1494 2907 alios
1520 2849 1735 2920 pedites
1754 2846 1885 2902 mihi

280 2936 480 3021 mittat,
514 2949 643 3021 quia
668 2948 774 3003 hoc
804 2954 913 3001 tam
943 2944 1050 3000 cito
1085 2958 1185 3014 per
1230 2942 1494 2997 domuum
1552 2936 1888 2995 Everardum

288 3042 407 3100 ﬁeri
437 3039 646 3111 nequit.

844 3102 1186 3161 EPISTOLA
1214 3102 1378 3157 XLII.

690 3211 935 3253 ΑΝεειιι
962 3208 1034 3248 ΑΙ)
1060 3204 1487 3248 ΤΒΕΟΒΟΒΙΟἩΠ.

355 3293 694 3357 Axsmus,
724 3283 1184 3354 archiepiscOpus,
1217 3280 1585 3334 Tnaononrco
1607 3275 1720 3332 ﬁlio
1749 3275 1885 3331 cha-

284 3382 524 3450 rissimo,
555 3378 783 3434 salutem
811 3380 865 3429 et
893 3369 1330 3427 benedictionem
1358 3366 1478 3423 Dei.

360 3469 580 3528 Gratias
604 3465 781 3521 habeo
811 3461 908 3518 tibi
936 3475 1036 3531 pro
1096 3456 1406 3515 visitatione
1438 3455 1736 3510 litterarum
1766 3460 1890 3508 tua-

286 3577 411 3619 rum
453 3558 619 3630 plena
669 3551 823 3609 suavi
866 3547 1154 3605 dulcedine
1182 3543 1505 3601 exundantis
1553 3540 1886 3603 dilectionis;

294 3665 462 3724 quam
497 3646 681 3716 utique
708 3641 873 3697 etiam
912 3646 963 3693 te
993 3643 1203 3692 tacente
1244 3634 1301 3688 in
1328 3632 1493 3688 corde
1532 3640 1622 3686 tuo
1677 3645 1895 3700 semper

301 3741 515 3796 fervere
542 3749 651 3789 non
678 3729 889 3787 dubito.
918 3727 999 3781 De
1029 3723 1319 3779 dilectione
1346 3736 1477 3777 vero
1518 3736 1641 3775 mea
1668 3734 1801 3791 erga
1821 3725 1892 3787 te,

297 3829 429 3901 quia
455 3834 511 3881 tu
533 3838 657 3879 eam
685 3818 846 3886 nosti,
877 3815 1049 3871 multa
1077 3811 1225 3884 loqui
1254 3826 1364 3865 non
1390 3824 1553 3882 egeo.
1583 3809 1645 3864 In
1672 3816 1894 3863 senten-

299 3896 381 3974 tia
400 3912 574 3987 quarti
588 3907 808 3980 capituli
831 3906 914 3962 De
932 3905 1210 3975 conceptu
1224 3898 1516 3970 virginali,
1532 3896 1897 3968 poneintegre

300 3985 475 4063 verba
501 3998 747 4072 Apostoli
784 3996 922 4051 sicut
964 3993 1054 4048 hic
1091 3988 1347 4060 reperies.
1380 3986 1525 4042 Dicit
1568 3986 1715 4040 enim
1750 3985 1898 4039 idem

302 4092 584 4166 apostolus
609 4085 746 4143 nihil
765 4079 1131 4140 damnationis
1158 4093 1275 4134 esse
1303 4076 1371 4131 iis
1399 4075 1489 4147 qui
1518 4082 1643 4130 sunt
1666 4074 1723 4128 in
1737 4072 1899 4129 Chri-

306 4160 393 4239 sto
440 4181 587 4247 Jesu,
636 4174 729 4246 qui
783 4187 893 4228 non
931 4167 1228 4225 secundum
1274 4179 1493 4222 carnem
1548 4160 1905 4218 ambulabunt

310 4274 491 4344 (Rom.
521 4281 642 4334 vm,
666 4265 740 4335 1).
774 4260 927 4331 Vale,
955 4258 1055 4314 ﬁli.

832 4373 1172 4433 EPISTOLA
1199 4371 1393 4427 XLIII.

449 4494 693 4539 ANSBLII
721 4493 794 4532 AD
822 4486 1149 4533 IATHILDEX
1180 4483 1429 4525 RBGINAI
1459 4478 1781 4522 ANGLORUI.

384 4591 689 4656 Marmor,
738 4582 976 4640 dominre
1013 4576 1345 4644 reverendae,
1390 4573 1515 4629 ﬁlia:
1558 4570 1910 4639 charissima,

312 4680 524 4753 reginae
552 4676 872 4748 Anglorum,
890 4673 1185 4725 Ansnuws
1210 4664 1668 4734 archiepiscopus,
1685 4660 1916 4716 salutem

316 4748 829 4826 etbenedictionem
859 4758 978 4827 Dei,
1007 4766 1060 4814 et
1087 4770 1263 4824 suam,
1294 4753 1337 4808 si
1367 4751 1497 4823 quid
1543 4750 1708 4819 valet,
1739 4748 1917 4805 servi-

320 4859 418 4928 tia,
449 4854 720 4913 orationes
747 4850 804 4904 in
833 4847 1142 4902 dilectione.

391 4924 780 5017 Hagnitudinis
794 4945 986 4995 vestra:
1015 4948 1231 5007 magna:
1259 4926 1657 4987 benevolentiae
1713 4924 1917 4999 gratias

324 5037 441 5110 agit
463 5014 561 5091 cor
588 5044 769 5087 meum
798 5025 965 5098 quod,
998 5031 1257 5095 quantum
1285 5026 1483 5091 potest,
1529 5014 1836 5084 fructiﬁcat,
1869 5021 1923 5070 et

325 5102 471 5198 quod
501 5138 611 5178 non
637 5125 816 5190 potest
860 5112 1171 5169 desiderare
1216 5126 1326 5165 non
1369 5115 1561 5164 cessat.
1620 5103 1781 5175 Quod
1831 5102 1922 5174 qui

325 5195 573 5285 inspirat,
605 5209 722 5279 ipse
740 5204 1018 5261 retribuat.
1052 5200 1270 5270 Quippe
1317 5212 1480 5268 quam
1526 5195 1699 5265 pium,
1760 5208 1925 5264 quam

328 5282 545 5358 dulcem
574 5296 846 5363 affectum,
878 5293 995 5347 Deo
1023 5288 1318 5360 inspirante
1344 5300 1477 5358 erga
1504 5298 1592 5338 me
1620 5282 1839 5354 geratis,
1871 5282 1927 5336 in

334 5387 695 5447 amaritudine
722 5391 776 5439 et
805 5380 1018 5438 tristitia
1045 5386 1099 5435 et
1125 5374 1489 5433 sollicitudine
1518 5387 1652 5444 quas
1701 5387 1771 5427 ex
1810 5386 1934 5426 mea

334 5477 583 5535 absentia
636 5469 970 5538 contrahitis,
1029 5464 1387 5539 apertissime,
1448 5462 1587 5519 sicut
1675 5458 1931 5528 scribitis,

333 5562 674 5638 signiﬁcatis.
697 5560 834 5632 Quae
864 5573 989 5616 mea
1015 5554 1260 5615 absentia
1288 5553 1345 5609 in
1373 5559 1631 5624 quantum
1646 5564 1751 5623 ego
1772 5556 1826 5607 et
1851 5547 1936 5605 illi

1980 1795 2372 1866 abnegaturum
2402 1809 2539 1862 esse,
2571 1791 2894 1864 signiﬁcavi.
2928 1794 3068 1849 Nam
3098 1795 3244 1865 quod
3274 1810 3412 1852 ame
3433 1812 3575 1852 nunc

1981 1878 2286 1950 requiritur,
2318 1877 2520 1932 idcirco
2551 1877 2678 1947 quia
2706 1876 2785 1931 illi
2816 1877 3075 1947 fecerunt,
3103 1895 3207 1951 ego
3236 1889 3461 1951 propter
3477 1882 3586 1936 hoc

1986 1967 2132 2038 quod
2163 1967 2384 2021 auribus
2404 1966 2539 2022 meis
2568 1966 2755 2021 Roma
2784 1966 2989 2035 audivi,
3024 1967 3201 2022 facere
3219 1984 3428 2040 nequeo
3450 1969 3584 2025 abs-

1985 2073 2089 2127 que
2117 2054 2440 2127 gravissima
2479 2052 2794 2110 offensione.
2846 2053 3023 2124 Quam
3069 2055 3114 2111 si
3157 2054 3582 2126 contemnerem,

1984 2144 2169 2214 utique
2195 2151 2383 2199 contra
2409 2144 2589 2215 legem
2622 2144 2718 2199 Dei
2748 2144 3003 2200 facerem.
3037 2146 3105 2201 Ut
3144 2161 3277 2219 ergo
3328 2145 3586 2203 ostende-

1987 2248 2102 2287 rem
2133 2248 2296 2302 quam
2325 2232 2718 2288 rationabiliter
2762 2248 3004 2288 recusem
3050 2234 3229 2290 facere
3280 2237 3384 2291 hoc
3441 2235 3589 2306 quod

1989 2337 2022 2376 a
2050 2336 2139 2375 me
2176 2321 2481 2392 requiritur,
2518 2321 2816 2377 secundum
2853 2322 3070 2377 illorum
3121 2324 3586 2393 consuetudinem,

1990 2409 2201 2466 ostendi
2231 2409 2506 2480 quomodo
2543 2410 2724 2479 potius
2752 2409 2969 2465 debitor
3002 2410 3105 2465 sim
3149 2412 3506 2482 apostolicam
3535 2421 3595 2469 et

1990 2498 2411 2554 ecclesiasticam
2441 2498 2649 2552 cunctis
2678 2506 2861 2553 notam
2885 2514 3101 2555 servare
3131 2501 3589 2570 constitutionem,
3631 2548 3636 2552 .

1993 2587 2049 2640 in
2076 2602 2183 2656 qua
2206 2586 2295 2641 lex
2324 2586 2423 2641 Dei
2453 2586 2568 2641 sine
2598 2586 2763 2642 dubio
2794 2587 3131 2659 intelligitur,
3177 2605 3299 2644 cum
3330 2589 3400 2644 ad
3426 2590 3589 2646 Chri-

1993 2674 2180 2730 stianae
2208 2674 2488 2746 religionis
2514 2673 2913 2730 ﬁrmamentum
2941 2676 3334 2749 promulgatur,
3394 2687 3594 2750 quanto

1996 2771 2175 2819 autem
2206 2762 2445 2834 periculo
2492 2771 2884 2832 contemnatur,
2934 2765 3261 2835 supersedeo
3318 2782 3460 2822 nunc
3516 2766 3599 2821 di-

1997 2868 2151 2915 cere;
2213 2852 2339 2922 quia
2406 2851 2629 2922 quotide
2693 2851 2982 2908 Christiani
3038 2853 3129 2925 qui
3172 2853 3378 2911 habent
3440 2870 3597 2911 aures

1999 2940 2254 2996 audiendi
2284 2955 2352 2995 ex
2382 2940 2580 2995 divinis
2607 2939 2766 2995 dictis
2788 2949 3013 3011 possunt
3053 2958 3400 3016 cognossem.
3460 2944 3598 2999 Pra-

1999 3045 2127 3086 vam
2168 3036 2348 3084 autem
2381 3028 2532 3084 illam
2574 3028 3072 3100 interpretationem
3134 3032 3400 3088 dictorum
3447 3047 3598 3089 meo-

1997 3134 2137 3186 rum,
2179 3117 2475 3173 secundum
2523 3132 2686 3187 quam
2727 3117 2960 3173 absurde
3005 3119 3214 3174 locutus
3256 3136 3374 3176 esse
3414 3122 3588 3191 dicor,

1998 3223 2108 3262 non
2173 3205 2327 3278 regio
2366 3205 2565 3273 sensui,
2618 3221 2719 3261 nec
2779 3214 2958 3263 vestro
3001 3206 3228 3278 imputo.
3280 3210 3397 3266 Rex
3456 3210 3601 3265 enim

1998 3295 2233 3368 benigne
2269 3294 2408 3349 sicut
2434 3293 2619 3348 audivi
2646 3293 2898 3363 primitus
2926 3295 3169 3350 chartam
3199 3305 3439 3352 nostram
3474 3314 3601 3352 sus-

1999 3384 2162 3454 cepit,
2193 3382 2289 3438 sed
2319 3389 2510 3453 postea
2538 3381 2721 3436 nescio
2770 3382 2861 3452 qui
2910 3382 3182 3439 malevola
3234 3392 3289 3440 et
3334 3400 3445 3440 non
3483 3385 3605 3441 sin-

2000 3488 2124 3528 cera
2181 3479 2361 3527 mente
2412 3485 2514 3541 per
2569 3485 2798 3541 pravam
2864 3470 3367 3543 interpretationem
3442 3473 3602 3528 illum

2001 3569 2288 3625 adversum
2329 3583 2419 3624 me
2463 3566 2773 3623 concitavit.
2820 3566 2952 3637 Quis
2995 3576 3174 3624 autem
3217 3568 3312 3624 ille
3366 3569 3455 3639 sit,
3506 3585 3610 3627 ne-

2002 3656 2150 3719 scio;
2190 3655 2286 3711 sed
2316 3655 2443 3726 quia
2470 3655 2764 3710 Dominum
2792 3670 2949 3709 suum
2991 3664 3083 3711 aut
3105 3671 3215 3711 non
3242 3654 3466 3729 dilligit,
3520 3664 3614 3713 aut

2004 3740 2234 3813 diligere
2275 3739 2463 3807 nescit,
2508 3754 2617 3795 non
2665 3739 2874 3795 dubito.
2927 3738 3286 3811 Omnipotens
3340 3741 3487 3796 Deus
3530 3740 3611 3797 sic

2005 3842 2104 3882 vos
2129 3834 2183 3882 et
2221 3826 2432 3896 prolem
2468 3833 2702 3881 vestram
2751 3825 2808 3879 in
2856 3826 3016 3895 hujus
3066 3826 3192 3882 vita:
3240 3826 3426 3882 foveat
3471 3842 3611 3898 pro-

2006 3915 2280 3987 speritate,
2311 3922 2369 3970 ut
2410 3914 2481 3970 ad
2529 3914 2765 3969 futuram
2810 3929 2910 3971 vos
2957 3914 3225 3985 provehat
3270 3913 3611 3972 felicitatem.

2010 4008 2204 4062 Amen.

2436 4101 2607 4169 439
2634 4096 2974 4156 EPISTOLA
3000 4098 3200 4158 XLIV.

2253 4203 2494 4245 ANSELXI
2524 4203 2596 4243 AD
2626 4203 3015 4246 GONDULPHUH
3044 4202 3374 4246 ειηεοορωι.

2089 4298 2393 4353 Ακεευιυδ
2422 4294 2883 4367 archiepiscopus,
2916 4296 3136 4367 antiquo
3155 4302 3209 4352 et
3237 4309 3454 4368 semper
3469 4311 3612 4356 novo

2022 4395 2076 4445 et
2102 4401 2231 4443 vero
2260 4385 2458 4454 amico,
2489 4391 2542 4440 et
2570 4384 2626 4439 in
2642 4385 2756 4440 Deo
2787 4382 3312 4455 dilecto,reverendo
3334 4385 3618 4461 episcopo,

2024 4434 2076 4445 ν.
2115 4434 2227 4443 .-η
2261 4434 2458 4454 _------,
2494 4434 2541 4440 -_
2570 4434 2626 4439 --

1941 4434 1995 4497 D
2024 4476 2354 4546 Gonnunro,
2386 4474 2641 4531 salutem.

2093 4565 2355 4637 Quamvis
2381 4569 2562 4622 vestra
2588 4564 2892 4621 constantia
2936 4564 2992 4621 in
3021 4564 3179 4621 bonis
3226 4581 3348 4636 qua
3376 4565 3614 4639 increpi-

2023 4656 2119 4713 stis
2178 4671 2287 4712 non
2352 4662 2513 4728 egeat
2558 4654 2855 4727 gratiarum
2931 4654 3254 4724 actionibus,
3314 4654 3624 4726 frequenter

2023 4744 2307 4802 sustentari
2336 4752 2536 4813 tamen,
2568 4760 2636 4799 ne
2665 4744 2757 4798 alii
2785 4743 3051 4800 estiment
3077 4759 3167 4799 me
3222 4751 3460 4800 vestram
3514 4744 3617 4801 be-

2025 4832 2390 4891 nevolentiam
2418 4840 2472 4887 et
2499 4840 2733 4888 vestram
2760 4832 3201 4900 sollicitudinem,
3235 4850 3369 4905 quas
3406 4834 3464 4888 in
3491 4850 3616 4891 ma-

2028 4923 2151 4997 gnis
2179 4921 2458 4977 laboribus
2486 4936 2585 4991 pro
2616 4935 2738 4976 meo
2759 4921 3050 4977 commodo
3079 4937 3178 4977 vos
3201 4921 3406 4979 habere
3421 4931 3628 4979 certum

2027 5019 2236 5067 estnon
2262 5009 2624 5076 considerare,
2656 5015 2709 5064 et
2735 5008 2873 5064 sicut
2901 5009 3074 5065 debeo
3104 5010 3319 5083 magnis
3368 5012 3626 5084 pendere;

2031 5100 2234 5173 gratias
2261 5115 2369 5172 ago
2397 5097 2712 5155 reverentiae
2736 5105 2930 5155 vestrae
2958 5099 3122 5154 corde
3150 5107 3205 5155 et
3233 5115 3329 5156 ore
3374 5109 3430 5156 et
3482 5102 3627 5159 scri-

2032 5197 2146 5261 pto,
2182 5187 2239 5243 in
2279 5186 2533 5243 omnibus
2565 5185 2709 5241 enim
2751 5202 2873 5257 qua:
2914 5185 2986 5240 ad
3050 5201 3138 5241 me
3188 5194 3243 5242 et
3287 5201 3374 5243 res
3420 5195 3632 5245 nostras

2031 5277 2320 5350 pertinent,
2343 5274 2589 5349 intelligo
2618 5290 2717 5331 vos
2744 5274 3038 5347 prudenter
3065 5283 3119 5331 et
3165 5274 3395 5347 fortiter,
3450 5292 3630 5347 quan-

2044 5375 2157 5423 tum
2188 5366 2245 5421 in
2281 5365 2440 5422 vobis
2485 5372 2583 5436 est,
2624 5371 2677 5420 et
2738 5364 2949 5421 sincera
2996 5363 3297 5420 admodum
3346 5363 3638 5421 dilectione

2042 5455 2213 5528 loqui,
2262 5454 2401 5511 sicut
2444 5460 2674 5526 oportet,
2717 5460 2770 5509 et
2810 5453 3008 5510 facere.
3060 5453 3250 5510 Certus
3307 5453 3471 5509 etiam
3514 5469 3635 5509 sum

2047 5545 2192 5619 quia,
2223 5545 2341 5602 Deo
2381 5543 2690 5616 adjuvante,
2728 5542 2966 5615 quandiu
3007 5541 3221 5614 vivetis,
3269 5547 3449 5599 vestra
3491 5540 3640 5600 bona
