4024 6078
407 240 513 294 227

942 231 998 286 S.
1054 226 1365 285 ANSELMI
1405 220 1745 280 CANTUAR.
1781 216 2100 276 ARCHIEP.
2141 213 2302 270 OPP.
2345 213 2518 271 PARS
2557 215 2651 269 IIl.
2694 243 2763 254 —
2800 212 3182 270 EPISTOLE.

3619 216 3722 269 228

409 364 659 422 voluntas
687 373 820 431 erga
847 370 936 412 me
962 354 1100 412 sicut
1127 368 1196 408 ex
1225 365 1332 420 quo
1364 346 1606 416 incoepit,
1636 360 1744 400 non
1784 341 2006 410 defecit,
2037 345 2091 404 A
2120 340 2266 408 teris,
2296 338 2464 431 laicos
2493 337 2646 394 altari
2676 344 2928 431 astantes,
2962 339 3396 431 eleemonsynam
3445 337 3722 431 colligen-

410 453 486 508 ita
514 467 620 506 non
649 447 880 504 deﬁciet.
914 442 1166 512 Queritur
1192 438 1424 494 charitas
1467 443 1644 490 vestra
1692 433 1837 503 quia,
1869 447 2003 502 pro-

411 550 532 611 pter
583 533 1015 605 contemptibilia
1057 529 1224 584 verba
1261 527 1418 581 unius
1467 523 1668 591 clerici,
1707 538 1814 576 non
1870 520 2005 611 redii

411 609 467 684 in
495 628 767 699 Angliam,
799 622 895 677 sed
924 636 1030 676 non
1051 619 1125 673 ita
1151 624 1250 671 est.
1277 614 1461 686 Legite
1491 613 1694 667 litteras
1737 627 1870 681 quas
1899 609 2009 663 alia

412 719 532 774 vice
572 714 794 770 domino
839 709 1005 780 priori
1052 705 1280 761 Ernulfo
1324 703 1393 757 de
1434 703 1533 756 hac
1581 716 1637 756 re
1694 699 1836 766 misi,
1875 713 2008 768 quas

415 804 670 877 putabam
693 816 789 856 vos
817 798 1036 852 vidisse.
1079 794 1181 861 Ibi,
1226 801 1285 847 ut
1329 799 1482 862 puto,
1533 789 1728 861 legetis
1775 787 2007 877 rationa-

414 875 551 949 biles
571 905 759 946 causas
787 901 951 956 quare
980 899 1079 939 nec
1121 881 1305 949 debui,
1346 895 1445 934 nec
1476 878 1672 944 debeo,
1711 875 2008 931 secundum

417 981 560 1052 quod
590 995 675 1033 res
696 992 836 1030 nunc
879 983 977 1041 est,
1015 971 1191 1027 redire
1229 971 1284 1023 in
1324 967 1600 1039 Angliam.
1649 964 1794 1034 Quas
1831 973 2009 1018 tamen

411 1051 600 1127 causas
628 1066 794 1122 nolite
821 1063 1116 1135 publicare.
1151 1061 1488 1128 Responsum
1510 1054 1656 1125 quod
1688 1069 1782 1108 rex
1801 1051 2010 1107 distulit

421 1158 554 1214 mihi
589 1156 720 1210 dare
751 1154 806 1207 in
836 1153 972 1207 festo
1002 1149 1171 1204 sancti
1193 1145 1490 1213 Michaelis,
1523 1152 1700 1200 certus
1729 1157 1847 1196 sum
1881 1139 2009 1210 quia

409 1246 660 1303 dominus
690 1241 1014 1308 Everardus,
1038 1238 1124 1292 vel
1157 1236 1352 1306 aliquis
1381 1233 1561 1289 nosier
1588 1231 1804 1286 nuntius
1833 1245 1898 1284 ea
1919 1228 2010 1283 die

407 1351 517 1391 non
544 1340 721 1404 potest
749 1329 1014 1399 accipere,
1047 1326 1175 1396 quia
1204 1341 1310 1379 non
1340 1323 1414 1378 ita
1444 1321 1590 1376 venit
1621 1320 1689 1374 ad
1721 1335 1808 1374 me
1838 1326 1895 1372 ut
1938 1317 2009 1372 ad

411 1424 562 1480 illam
597 1421 742 1476 diem
771 1417 942 1489 possit
960 1429 1257 1470 accurrere.
1291 1412 1348 1467 Si
1369 1427 1500 1482 ergo
1523 1425 1620 1466 vos
1649 1423 1714 1464 ea
1742 1407 1831 1462 die
1861 1407 2008 1461 idem

411 1525 729 1581 responsum
771 1523 880 1562 non
934 1503 1197 1573 accipitis,
1247 1515 1440 1571 precor
1496 1507 1554 1552 ut
1614 1497 1762 1557 aliud
1806 1501 2006 1565 quanto

411 1601 568 1655 citius
596 1606 649 1654 et
695 1593 979 1652 instantius
1046 1591 1291 1662 potestis,
1325 1587 1630 1658 requiratis,
1664 1594 1717 1640 et
1764 1592 1821 1638 ut
1864 1583 2009 1654 regis

2117 438 2215 495 tes,
2241 429 2542 498 sepulturas
2584 436 2638 481 et
2677 428 2926 497 quaedam
2967 428 3076 483 alia
3127 428 3195 482 ad
3243 429 3333 498 jus
3376 428 3724 484 sacerdotum

2115 516 2435 588 pertinentia
2464 516 2723 571 audacter
2767 525 3104 587 usurpantes;
3139 533 3260 587 quae
3300 533 3424 572 cum
3476 517 3722 587 inquire-

2115 622 2218 673 res,
2271 613 2402 660 teste
2447 605 2826 660 archidiacono
2877 613 3078 673 nostro,
3127 605 3416 673 deteriora,
3464 613 3522 659 ut
3559 605 3718 674 dicis,

2116 709 2281 765 quam
2317 693 2633 760 audivisses,
2664 694 2933 749 invenisti.
2967 694 3209 750 Clericos
3256 709 3473 765 quoque
3521 694 3718 750 Eccle-

2114 782 2313 837 siarum
2368 782 2620 837 audivisti
2664 782 2904 839 dicentes
2961 798 3021 838 se
3075 782 3274 855 sapius
3345 783 3602 853 privatim
3665 791 3722 838 et

2114 871 2334 941 publice
2360 871 2415 925 in
2440 871 2646 941 synodo
2677 871 2747 926 de
2772 871 2880 925 illis
2909 871 3120 940 injuriis
3161 872 3234 926 ad
3281 886 3369 926 me
3425 871 3722 928 clamorem

2118 959 2326 1028 fecisse,
2357 960 2568 1014 nullum
2595 959 2862 1014 auxilium
2916 960 3212 1032 accepisse.
3259 959 3416 1016 Unde
3462 960 3584 1016 dico
3626 960 3726 1016 tibi

2117 1049 2242 1118 quia
2271 1049 2384 1104 haec
2424 1063 2720 1119 nunquam,
2779 1064 2867 1103 me
2908 1047 3156 1118 jubente,
3205 1057 3298 1104 aut
3349 1049 3588 1117 volente,
3634 1057 3730 1104 aut

2115 1137 2503 1204 consentiente,
2535 1137 2678 1192 facta
2706 1145 2848 1191 sunt.
2876 1138 2942 1192 Et
2967 1137 3012 1190 si
3032 1136 3162 1192 inde
3192 1137 3489 1207 aliquando
3509 1136 3727 1193 clamo-

2114 1241 2230 1281 rem
2259 1226 2465 1293 audivi,
2501 1225 2642 1296 quod
2672 1226 2877 1293 nescio,
2911 1241 3187 1295 nunquam
3223 1225 3341 1280 sine
3385 1226 3729 1296 correptione

2117 1330 2278 1384 quam
2305 1314 2511 1368 credidi
2542 1312 2802 1379 sufficere,
2852 1314 3068 1368 dimise.
3112 1313 3358 1382 Denique
3385 1313 3438 1366 in
3469 1313 3730 1369 Ecclesiis

2116 1403 2311 1457 nostris
2358 1403 2663 1457 nullatenus
2710 1403 2815 1457 hoc
2863 1402 2976 1456 ﬁeri
3029 1401 3320 1463 existimo;
3384 1401 3439 1455 in
3491 1403 3723 1457 aliorum

2114 1507 2243 1546 vero
2284 1491 2538 1545 Ecclesiis
2596 1491 2638 1543 si
2709 1491 2810 1544 fuit
2857 1490 3173 1561 aliquando,
3217 1497 3309 1544 aut
3362 1498 3460 1558 est,
3509 1490 3728 1560 penitus

2115 1579 2327 1652 ignoro,
2357 1588 2410 1634 et
2437 1587 2695 1649 quantum
2725 1580 2796 1633 de
2842 1595 2928 1633 me
2972 1579 3225 1648 pertinet,
3273 1594 3372 1634 nec
3418 1579 3563 1634 volui
3612 1597 3721 1633 un-

407 1688 598 1744 litteris
665 1686 923 1754 scriptum
1001 1681 1370 1752 qualecunque
1426 1677 1513 1745 sit,
1566 1675 1695 1729 mihi
1741 1673 2001 1760 mittatur,
2036 1701 2086 1760 Β
2117 1669 2609 1760 quamunecvolo.
2657 1666 3002 1760 Quapropter
3036 1667 3180 1760 inihi
3223 1683 3324 1760 pro
3370 1667 3596 1760 minimo
3639 1676 3722 1724 est

409 1778 506 1832 etsi
539 1775 743 1830 nullum
800 1786 1117 1841 responsum
1172 1768 1323 1835 dare,
1382 1772 1473 1820 aut
1530 1764 1732 1818 diutius
1787 1759 2006 1815 differre

412 1865 660 1931 voluerit,
705 1865 807 1918 hoc
869 1861 1046 1929 ipsum
1085 1858 1201 1911 sine
1242 1855 1501 1910 dilatione
1564 1850 1755 1907 vestris
1817 1848 2008 1903 litteris

411 1954 682 2009 mandate.
715 1951 781 2005 Et
809 1949 935 2019 quia
960 1948 1063 2003 hoc
1091 1952 1393 2015 opportune
1423 1957 1520 2012 per
1545 1940 1830 1996 dominum
1861 1938 2008 1992 Eve-

408 2044 630 2098 rardum
657 2048 766 2094 tam
795 2039 901 2092 cito
929 2035 1113 2105 nequit
1143 2032 1278 2100 ﬁeri,
1308 2047 1406 2101 per
1439 2030 1736 2101 Vulgarum
1761 2026 2008 2082 servien-

408 2142 515 2188 tem
544 2137 782 2185 nostrum
809 2126 880 2180 de
904 2123 1254 2194 Limminges,
1301 2136 1426 2174 cum
1472 2118 1654 2188 aliquo
1705 2115 1875 2182 socio,
1921 2121 2012 2168 aut

407 2221 618 2292 aliquos
663 2217 799 2272 alios
838 2213 1048 2284 pedites
1090 2214 1194 2266 hoc
1240 2209 1422 2270 facite;
1473 2221 1817 2277 nequaquam
1865 2202 2010 2258 enim

408 2309 630 2365 ulterius
655 2305 781 2361 volo
809 2303 939 2357 dare
966 2308 1057 2356 aut
1099 2300 1346 2368 accipere
1386 2295 1651 2363 inducias,
1702 2293 1832 2364 quin
1884 2308 2010 2348 con-

405 2399 526 2454 silio
555 2395 652 2452 Dei
682 2402 736 2450 et
761 2390 1021 2448 Ecclesiae
1059 2389 1196 2458 ejus,
1244 2385 1390 2456 quod
1441 2385 1495 2439 in
1542 2383 1635 2438 tali
1685 2399 1744 2438 re
1798 2387 2014 2452 oportet

410 2489 588 2542 facere
613 2482 891 2552 incipiam.
925 2475 1150 2534 Conﬁdo
1180 2476 1322 2530 enim
1351 2475 1405 2528 in
1435 2474 1548 2528 Deo
1580 2472 1732 2542 cujus
1759 2479 2014 2526 estcausa

409 2576 479 2631 de
519 2590 626 2644 qua
671 2571 869 2642 agitur,
920 2567 1047 2638 quia
1102 2566 1171 2620 ad
1217 2566 1478 2620 honorem
1520 2561 1640 2630 ejus
1687 2559 2016 2630 quandoque

410 2661 802 2726 terminabitur,
850 2673 949 2712 nec
987 2653 1224 2710 Ecclesia
1265 2653 1381 2722 ejus
1424 2666 1640 2720 semper
1693 2648 1830 2702 sicut
1873 2662 2014 2701 nunc

411 2749 769 2808 tribulabitur.
822 2745 1017 2800 Nescio
1061 2743 1151 2813 qui
1205 2739 1460 2796 malevoli
1511 2736 1845 2807 interpretati
1892 2742 2016 2790 sunt

411 2858 481 2898 ex
508 2838 715 2894 malitia
741 2835 919 2891 cordis
946 2833 1026 2887 sui
1072 2831 1277 2887 litteras
1323 2844 1456 2898 quas
1510 2827 1632 2882 misi
1673 2825 1812 2896 regi,
1860 2822 2012 2894 quasi

411 2946 516 3002 ego
543 2943 630 2983 me
649 2927 851 2997 jactem
877 2936 1093 2991 semper
1135 2933 1378 2974 servasse
1420 2917 1598 2987 legem
1642 2913 1762 2981 Dei,
1811 2920 1862 2968 et
1904 2929 2012 3002 pa-

414 3001 552 3075 trem
593 3017 711 3086 ejus
749 3022 802 3069 et
845 3009 1316 3081 archiepiscopum
1355 3005 1717 3062 Lanfrancum
1761 3001 2016 3056 criminer

413 3107 616 3164 vixisse
642 3112 793 3158 extra
817 3102 997 3172 legem
1025 3098 1142 3154 Dei.
1173 3096 1281 3152 Sed
1327 3102 1472 3150 certe
1517 3092 1595 3146 illi
1639 3091 1730 3162 qui
1773 3091 1878 3146 hoc
1921 3089 2011 3144 di-

417 3212 539 3252 cum
569 3201 660 3249 aut
697 3190 858 3246 nimis
901 3202 1151 3259 pravum,
1204 3193 1295 3240 aut
1331 3183 1493 3239 nimis
1535 3197 1765 3252 parvum
1809 3179 2018 3234 habent

415 3284 765 3340 intellectum.
823 3278 1087 3347 Quasdam
1149 3275 1276 3331 enin
1331 3273 1572 3334 fecerunt
1631 3285 1728 3326 suo
1775 3277 2018 3338 tempore

416 3382 572 3447 pater
597 3371 741 3444 regis
766 3377 818 3426 et
844 3365 1280 3436 archiepiscopus
1307 3361 1646 3418 Lanfrancus
1671 3358 1772 3414 viri
1802 3373 2017 3447 magnae

414 3472 468 3520 et
495 3461 766 3534 religiosa:
793 3458 972 3523 famae,
1002 3468 1120 3524 qua
1149 3467 1253 3524 ego
1283 3466 1490 3521 nequeo
1515 3450 1693 3504 facere
1720 3446 2017 3503 secundum

414 3553 587 3608 Deum
614 3551 717 3604 hoc
747 3556 1007 3614 tempore,
1036 3557 1212 3612 neque
1237 3541 1352 3594 sine
1381 3539 1582 3593 animm
1611 3552 1744 3592 meae
1778 3536 2014 3590 damna-

416 3642 580 3696 tione.
614 3633 984 3700 Benefecistis,
1017 3639 1069 3685 et
1098 3637 1314 3700 gratum
1345 3627 1474 3680 mihi
1520 3634 1599 3680 est
1629 3624 1757 3694 quia
1806 3624 1862 3676 in
1913 3638 2015 3677 ve-

415 3729 538 3784 stris
567 3724 756 3781 litteris
784 3730 950 3777 totam
976 3735 1088 3774 rem
1123 3724 1308 3786 aperte
1333 3715 1470 3769 sicut
1509 3721 1629 3768 acta
1672 3718 1786 3766 erat
1837 3710 2014 3781 signi-

415 3816 636 3872 ﬁcastis.
671 3809 927 3868 Roberthi
969 3807 1059 3878 qui
1088 3820 1301 3860 mecum
1325 3811 1422 3867 est,
1451 3818 1567 3856 rem
1619 3807 1673 3856 et
1724 3798 2010 3866 familiam,

415 3921 525 3961 non
550 3903 682 3958 mihi
709 3897 903 3956 sufﬁcit
927 3911 1073 3966 saepe
1097 3893 1252 3949 vobis
1294 3889 1721 3956 commendasse,
1761 3888 1858 3942 sed
1908 3887 2013 3942 ad-

413 3996 519 4050 huc
555 3998 780 4063 propter
824 3983 1253 4058 magnitudinem
1308 3981 1466 4035 bona;
1512 3976 1803 4033 voluntatis
1849 3992 2014 4046 quam

412 4099 544 4156 erga
571 4082 724 4135 illum
752 4077 946 4144 habeo,
975 4071 1319 4138 commendo,
1368 4077 1421 4124 et
1449 4082 1642 4138 precor
1669 4072 1741 4156 fut
1791 4064 1912 4118 illas
1959 4064 2016 4118 in

409 4155 568 4246 pace,
599 4176 858 4242 quantum
897 4162 1140 4236 potestis,
1207 4157 1540 4215 custodiatis.
1591 4155 1777 4246 Saluto
1807 4160 2014 4246 vestros

410 4242 463 4317 et
510 4267 718 4316 nostros
760 4255 920 4321 ﬁlios,
968 4259 1021 4308 et
1062 4250 1223 4318 ﬁlias,
1268 4255 1320 4303 et
1365 4245 1686 4302 nominatim
1731 4242 2013 4298 dominum

408 4350 694 4407 Ernulfum
741 4343 1080 4418 capellanum
1126 4347 1390 4395 vestrum.
1460 4333 1815 4404 Omnipotens
1867 4332 2013 4388 Deus

408 4455 506 4498 vos
532 4453 747 4509 semper
773 4443 826 4491 et
850 4431 1052 4502 ubique
1080 4426 1366 4484 custodiat.
1411 4425 1602 4479 Amen.

947 4541 1300 4603 EPISTOLA
1325 4539 1489 4596 XLV.

663 4668 908 4714 ANSELII
937 4667 1010 4708 AD
1036 4664 1330 4706 ADIUINUH
1358 4659 1763 4702 σῐιΑειιεεῐιωιι.

482 4770 782 4826 Artsnuws
809 4759 1263 4830 archiepiscopus,
1295 4753 1445 4809 fratri
1472 4761 1525 4808 et
1551 4750 1663 4808 ﬁlio
1693 4748 2008 4808 charissimo

407 4862 687 4922 Annumo,
716 4852 943 4908 salutem
973 4856 1026 4902 et
1053 4843 1492 4902 benedictionem
1522 4841 1643 4896 Dei.

483 4945 743 5002 Dominus
804 4937 1063 4994 sollicitus
1107 4935 1175 4989 sit
1235 4932 1309 4988 tui
1362 4931 1489 5002 quia
1533 4929 1794 4987 sollicitus
1837 4945 1894 4984 es
1939 4928 2009 4984 de

413 5035 561 5093 fama
601 5047 741 5098 mea,
791 5027 937 5083 unde
983 5025 1079 5080 tibi
1132 5022 1337 5095 gratias
1385 5036 1510 5092 ago.
1560 5018 1708 5074 Olim
1752 5017 2006 5089 respondi

411 5125 507 5181 tibi
558 5123 628 5178 ad
671 5116 934 5190 quosdam
975 5114 1064 5186 qui
1113 5119 1299 5168 contra
1346 5125 1433 5164 me
1479 5108 1741 5180 garriunt,
1786 5105 2007 5177 quidam

409 5215 498 5286 qui
525 5210 732 5268 malunt
761 5205 977 5263 mentiri
1007 5203 1077 5258 de
1104 5216 1193 5256 me
1219 5199 1367 5255 mala
1397 5197 1628 5254 dicendo
1643 5212 1805 5286 quam
1818 5210 2007 5286 verum

406 5285 607 5370 dicere,
636 5299 783 5354 bona
807 5295 851 5350 si
879 5305 986 5370 qua
1009 5299 1132 5348 sunt
1155 5290 1213 5346 in
1252 5304 1342 5344 me
1383 5287 1635 5343 dicendo.
1668 5285 1776 5340 Sed
1827 5285 2006 5339 adhuc

406 5392 547 5466 petis
590 5385 914 5446 charitativa
957 5379 1342 5448 sollicitudine,
1388 5384 1448 5466 ut
1484 5375 1847 5466 respondeam
1893 5371 2000 5428 illis

411 5462 501 5552 qui
529 5480 715 5535 dicunt
741 5491 800 5531 se
827 5473 1137 5544 frequenter
1162 5467 1367 5524 vidisse
1406 5465 1462 5521 in
1488 5463 1734 5522 ecclesiis
1781 5462 1852 5518 ad
1905 5478 2008 5552 cu-

407 5550 524 5626 ram
573 5581 754 5624 meam
794 5561 1013 5638 proprie
1061 5555 1454 5633 pertinentibus
1493 5552 1732 5626 expulsis
1780 5550 2010 5624 presby-

2117 1759 2172 1810 ni
2199 1757 2268 1811 ab
2293 1757 2401 1810 illis
2422 1756 2690 1826 dijudicer
2716 1757 2805 1825 qui
2837 1757 2953 1811 haec
2983 1755 3336 1811 adinveniunt
3351 1756 3500 1810 nullo
3540 1772 3728 1812 amore

2115 1845 2374 1913 veritatis,
2408 1846 2503 1900 sed
2547 1845 2798 1898 instinctu
2848 1843 3224 1915 malignitatis.
3272 1844 3355 1897 Ad
3397 1845 3499 1899 hoc
3539 1852 3723 1900 autem

2117 1934 2261 2004 quod
2290 1933 2425 1988 dicis
2453 1943 2503 1988 te
2533 1933 2746 1987 audisse
2776 1932 2903 2002 quia
2950 1948 3058 1987 non
3099 1947 3439 2003 magnopere
3480 1947 3622 1988 cum
3653 1934 3725 1988 ad

2117 2038 2215 2077 vos
2254 2022 2448 2089 redire,
2498 2023 2819 2091 respondeo,
2885 2021 3012 2091 quia
3048 2029 3338 2091 postquam
3406 2022 3475 2076 de
3525 2021 3732 2093 Anglia

2117 2111 2287 2177 exivi,
2318 2127 2591 2180 nunquam
2621 2096 2859 2165 intellexi
2893 2110 3167 2180 quomodo
3220 2110 3617 2166 rationabiliter
3641 2126 3731 2167 re-

2119 2200 2234 2255 dire
2258 2215 2492 2269 possem.
2525 2199 2596 2253 Et
2620 2207 2764 2254 certe
2791 2215 2976 2254 curam
3003 2214 3036 2252 a
3080 2199 3196 2253 Deo
3246 2198 3378 2252 mihi
3419 2198 3723 2268 injunctam

2119 2297 2480 2356 contemnere,
2510 2297 2562 2343 et
2588 2287 2892 2342 dilectionis
2919 2288 3145 2342 fratrum
3191 2295 3245 2342 et
3301 2286 3535 2342 ﬁliorum
3583 2287 3721 2342 mihi

2119 2377 2531 2433 commissorum
2557 2376 2816 2431 obliviser
2843 2391 2943 2432 nec
2967 2376 3094 2431 volo
3121 2391 3220 2430 nec
3249 2374 3445 2432 debeo.
3479 2375 3632 2433 Vale.

2634 2499 2972 2557 EPISTOLA
3001 2499 3195 2555 XLVI.

2451 2622 2693 2663 ANSELMI
2724 2623 2795 2661 AD
2821 2622 3146 2664 PASGHALEM
3176 2621 3378 2662 PAPAI.

2191 2713 2424 2769 Domino
2451 2722 2503 2769 et
2533 2713 2673 2768 Patri
2704 2714 2993 2781 PASGHALI,
3037 2729 3250 2768 summo
3279 2712 3555 2783 pontiﬁce,
3603 2716 3731 2769 AN-

2122 2817 2354 2870 ssuws,
2383 2817 2569 2857 servus
2599 2802 2852 2856 Ecclesiae
2879 2802 3280 2858 Cantuariensis
3321 2801 3564 2864 debitam
3592 2803 3732 2858 sub-

2117 2891 2410 2960 jectionem
2439 2907 2562 2945 cum
2585 2889 2939 2945 orationibus.

2195 2979 2455 3046 Meminit,
2487 2987 2545 3033 ut
2584 2987 2714 3049 puto
2770 2979 3026 3048 majestas
3077 2987 3258 3035 vestra
3314 2979 3547 3049 qualiter
3597 2995 3726 3035 eam

2045 3053 2094 3117 C
2121 3083 2220 3138 pro
2257 3068 2455 3122 dilecto
2512 3068 2675 3122 fratre
2725 3076 2908 3122 nostro
2959 3067 3240 3123 Bituriensi
3318 3067 3735 3138 archiepiscopo

2124 3173 2242 3212 sum
2297 3164 2567 3226 precatus,
2627 3163 2680 3210 et
2743 3172 2907 3226 quam
2938 3155 3176 3228 benigne
3225 3156 3524 3226 respondit.
3576 3157 3738 3212 Nunc

2125 3261 2340 3316 quoque
2368 3262 2493 3300 cum
2536 3245 2694 3300 vobis
2718 3260 2777 3299 se
2802 3254 3111 3315 presentat,
3144 3260 3209 3300 eo
3237 3260 3342 3316 quo
3386 3261 3607 3315 possum
3639 3245 3734 3299 af-

2125 3334 2266 3389 fectu
2306 3333 2514 3404 precari
2543 3349 2836 3404 praesumo,
2879 3342 2937 3388 ut
2975 3334 3234 3404 pietatem
3274 3333 3630 3404 apostolicam
3672 3349 3736 3389 se

2122 3423 2364 3478 invenire
2397 3423 2658 3494 gaudeat.
2711 3423 2998 3492 Postquam
3043 3438 3075 3476 a
3113 3430 3293 3478 vestra
3335 3422 3559 3479 dicessis
3582 3438 3724 3492 prte-

2123 3512 2294 3567 sentia
2323 3511 2644 3566 Guillelmus
2669 3511 2880 3582 legatus
2908 3511 3054 3582 regis
3081 3511 3312 3583 Angliae,
3342 3511 3432 3580 qui
3473 3526 3560 3565 me
3587 3527 3728 3566 con-

2124 3609 2335 3656 secutus
2373 3609 2471 3668 est,
2511 3608 2801 3670 antequam
2858 3600 3100 3654 venirem
3186 3601 3530 3672 Lugdunum,
3588 3601 3732 3656 dixit

2126 3689 2255 3743 mihi
2282 3705 2349 3744 ex
2375 3697 2529 3759 parte
2558 3688 2675 3758 ejus
2702 3696 2967 3758 quatenus
2996 3689 3174 3743 taliter
3203 3687 3439 3743 facerem
3479 3695 3537 3742 ut
3589 3704 3727 3759 pos-

2123 3793 2237 3833 sem
2265 3777 2465 3832 essein
2499 3776 2695 3848 Anglia
2733 3775 2869 3830 sicut
2896 3775 2996 3830 fuit
3036 3785 3344 3832 antecessor
3393 3793 3545 3832 meus
3591 3777 3734 3831 Lan-

2125 3865 2341 3921 francus
2363 3882 2487 3919 cum
2515 3873 2669 3935 patre
2698 3865 2834 3935 ejus.
2853 3867 2914 3919 In
2927 3880 3033 3935 quo
3064 3865 3317 3920 intellexi
3348 3865 3476 3936 quia
3508 3865 3734 3922 nolebat

2122 3955 2356 4010 reditum
2385 3970 2564 4010 meum
2603 3954 2659 4007 in
2699 3953 2972 4025 Angliam,
3022 3954 3123 4008 nisi
3165 3955 3283 4024 ejus
3335 3955 3500 4010 homo
3540 3953 3730 4010 ﬁerem

2122 4051 2175 4098 et
2209 4044 2448 4114 jurarem
2484 4043 2533 4098 ei
2581 4041 2917 4109 ﬁdelitatem,
2961 4051 3014 4097 et
3069 4058 3340 4098 sacrarem
3386 4059 3480 4098 eos
3530 4043 3730 4113 quibus

2120 4131 2238 4201 ipse
2263 4133 2417 4186 daret
2441 4132 2783 4186 investituras
2810 4131 3199 4187 Ecclesiarum.
3247 4132 3500 4186 Mandavi
3544 4132 3732 4202 itaque

2119 4220 2235 4292 regi
2268 4221 2393 4291 quia
2423 4221 2537 4275 haec
2569 4219 2747 4275 facere
2777 4235 2884 4275 non
2913 4235 3154 4289 possem,
3185 4228 3240 4275 et
3267 4221 3414 4291 quod
3453 4237 3552 4277 vos
3591 4221 3728 4277 mihi

2118 4309 2452 4380 praecepistis
2481 4325 2547 4364 ne
2576 4308 3035 4364 communicarem
3063 4325 3186 4363 cum
3231 4309 3341 4364 illis
3393 4310 3482 4380 qui
3542 4309 3611 4364 ab
3659 4325 3728 4365 eo

2036 4413 2090 4474 D
2118 4397 2461 4452 investituras
2487 4405 2835 4467 acceperant,
2871 4397 2966 4450 sed
2996 4397 3040 4451 si
3072 4397 3203 4462 mihi
3249 4397 3456 4466 liceret,
3503 4407 3720 4456 servato

2120 4486 2310 4542 ordine
2335 4502 2456 4541 meo
2476 4494 2529 4541 et
2554 4495 2732 4542 vestra
2761 4485 3090 4554 obedientia,
3123 4485 3178 4540 in
3204 4486 3404 4559 Anglia
3449 4502 3567 4542 esse
3613 4502 3726 4557 pa-

2119 4583 2265 4629 ratus
2294 4590 2466 4630 essem
2490 4575 2606 4630 Deo
2654 4581 2706 4628 et
2740 4573 2819 4626 illi
2872 4581 2925 4629 et
2963 4573 3167 4644 populo
3218 4574 3352 4628 mihi
3407 4575 3722 4644 commisso,

2118 4663 2414 4718 secundum
2443 4679 2624 4718 meum
2650 4661 2851 4718 servire
2879 4661 3134 4730 oﬁicium,
3165 4663 3463 4734 rogavique
3479 4671 3536 4718 ut
3554 4679 3726 4733 super

2117 4750 2224 4807 hoc
2259 4751 2549 4807 voluntatis
2576 4766 2687 4806 sua:
2715 4765 3033 4820 responsum
3063 4751 3195 4804 mihi
3246 4751 3533 4815 redderet;
3574 4750 3722 4821 quod

2117 4841 2358 4895 nondum
2405 4840 2550 4894 fecit.
2583 4840 2663 4894 De
2692 4838 2996 4894 redditibus
3026 4847 3205 4894 tamen
3235 4840 3582 4909 episcopatus
3612 4854 3722 4894 no-

2116 4928 2208 4983 stri
2251 4935 2536 4998 postquam
2565 4929 2734 4998 440
2765 4928 3087 4982 Guillelmus
3133 4927 3188 4982 in
3230 4928 3487 5000 Angliam
3535 4927 3718 4997 rediit,

2116 5017 2249 5072 uihil
2280 5017 2480 5072 habere
2508 5017 2678 5086 potui.
2713 5016 2984 5086 Epistolas
3014 5033 3148 5086 quas
3192 5016 3325 5070 mihi
3378 5017 3722 5088 praecepistis

2115 5106 2231 5177 regi
2254 5114 2306 5161 et
2333 5105 2536 5176 reginae
2565 5121 2633 5159 ex
2661 5112 2842 5160 vestra
2885 5112 3041 5174 parte
3088 5105 3320 5174 mittere,
3363 5105 3490 5176 quia
3528 5106 3720 5160 Romae

2116 5194 2318 5248 dictum
2349 5201 2429 5249 est
2459 5192 2750 5248 Guillelmo
2781 5209 2872 5248 eas
2885 5208 3008 5248 mea
3029 5192 3384 5263 dispositione
3412 5209 3529 5249 esse
3558 5208 3718 5249 com-

2114 5282 2338 5353 positas,
2388 5289 2441 5337 et
2486 5282 2612 5352 quia
2670 5282 2818 5337 idem
2870 5281 3195 5337 Guillelmus
3249 5290 3372 5352 post
3419 5282 3542 5336 illas
3581 5281 3720 5337 alias

2112 5370 2304 5441 editas,
2334 5378 2394 5425 ut
2435 5369 2639 5438 audivi,
2691 5386 2723 5425 a
2768 5378 2949 5427 vestra
2988 5370 3269 5425 sanctitate
3318 5369 3574 5440 suscepit,
3618 5385 3722 5440 per

2115 5475 2205 5515 me
2232 5458 2394 5531 dirigi
2425 5475 2722 5532 congruum
2751 5475 2860 5514 non
2889 5457 3172 5515 aestimavi.
3209 5459 3396 5514 Certus
3426 5459 3570 5514 enim
3596 5475 3718 5513 sum

2121 5547 2248 5621 quia
2273 5547 2320 5604 si
2346 5563 2447 5620 per
2473 5563 2562 5605 me
2591 5547 2970 5621 dirigerentur,
2998 5548 3219 5604 omnino
3246 5563 3355 5604 non
3379 5547 3716 5618 viderentur,
