4036 6072
289 249 392 304 229

1675 253 1804 314 Lm.
1833 257 1924 328 ιν,
1961 257 2176 319 artsr.
2210 257 2320 316 Ln.

3491 285 3596 344 ἔξω

285 378 380 472 aut
405 373 743 472 contemptui
768 381 821 430 et
848 374 1057 432 derisui
1085 375 1434 444 haberentur,
1485 394 1635 443 nam.
1679 388 1739 436 ut
1790 398 1893 438 au-
1919 407 1970 468 Α
2004 382 2213 439 locutus
2239 400 2380 455 sum,
2410 392 2594 446 vestra
2620 393 2906 463 prudentia
2933 412 3041 454 non
3069 407 3194 472 eget
3219 407 3402 463 nostro
3449 423 3555 467 son

283 461 399 528 dio,
431 478 527 518 rex
555 462 692 518 dixit
720 480 810 519 me
839 466 1014 522 solum
1042 466 1146 521 sibi
1189 482 1308 522 esse
1367 467 1754 524 adversarium.
1801 473 1882 528 De

281 551 367 606 bis
392 553 647 607 omnibus
673 561 876 611 vestrm
900 555 1238 611 auctoritatis
1265 567 1520 628 exspecto
1568 560 1878 628 consilium,

280 649 516 710 paratus
547 642 661 698 Deo
688 641 848 698 dante
878 661 978 715 pro
1001 644 1226 701 veritate
1255 646 1364 714 pati
1419 648 1562 716 quod
1613 649 1883 704 Christia-

279 745 413 783 num
465 745 576 786 non
604 730 884 788 dedeceat.
915 733 1019 788 Diu
1045 735 1422 805 paternitatem
1445 746 1676 793 vestram
1727 740 1885 795 nobis

280 817 436 876 Deus
457 818 784 878 incolumem
811 831 1111 880 conservet.
1142 823 1346 879 Amen.

784 945 1129 1002 EPISTOLA
1170 947 1389 1003 XLVII.

777 1049 1015 1090 ANSBLMI
1041 1049 1114 1090 AD
1144 1051 1394 1092 EUNDEM.

356 1123 633 1178 Pascmu
661 1123 896 1180 Domino
923 1133 976 1180 et
1007 1125 1148 1179 Patri
1175 1141 1385 1181 summo
1439 1125 1703 1198 pontiﬁci,
1760 1144 1883 1185 cum

279 1224 478 1268 amore
507 1212 832 1280 reverendo,
863 1221 916 1268 et
944 1228 1068 1270 cum
1095 1215 1408 1270 reverentia
1449 1217 1698 1272 amando.
1758 1220 1882 1273 AN-

281 1314 503 1357 seuws
530 1301 791 1357 Ecclesiae
836 1303 1239 1358 Cantuariensis
1288 1312 1514 1361 vocatus
1567 1307 1880 1378 episcopus,

282 1389 530 1445 debitam
556 1390 951 1460 subjectionem
979 1407 1100 1447 cum
1150 1392 1504 1449 orationibus.

355 1477 629 1548 Quoniam
655 1495 823 1536 causa
849 1479 990 1535 inter
1017 1497 1206 1554 regem
1236 1483 1534 1554 Anglorum
1557 1491 1610 1538 et
1635 1500 1742 1554 me,
1785 1500 1882 1555 pro

278 1584 391 1642 qua
413 1576 649 1624 vestram
680 1569 809 1624 olim
839 1569 947 1624 adii
975 1570 1348 1640 praesentiam,
1372 1588 1438 1627 ex
1460 1574 1703 1629 maxima
1730 1583 1884 1646 parte

272 1665 408 1713 nota
441 1664 524 1712 est
553 1667 748 1714 vestra
773 1657 1104 1726 celsitudini,
1137 1666 1189 1714 et
1217 1677 1340 1731 quae
1361 1661 1536 1716 adhuc
1554 1662 1882 1719 notiﬁcanda

272 1756 402 1802 sunt
436 1764 532 1818 per
563 1745 779 1802 ﬁdelem
807 1763 1021 1802 servum
1053 1757 1300 1803 vestrum
1339 1751 1714 1806 charissimam
1769 1752 1873 1807 fra-
1900 1765 1954 1824 Β

272 1844 416 1892 trem
449 1844 692 1892 nostrum
721 1837 1092 1892 Baldewinum
1123 1837 1350 1893 latorem
1382 1841 1730 1910 praesentium
1749 1858 1874 1913 pos-

271 1934 398 1981 sunt
426 1925 685 1994 intimari,
711 1941 822 1980 non
851 1935 934 1981 est
962 1926 1096 1980 mihi
1124 1942 1349 1983 necesse
1402 1930 1740 1986 inscribenda
1782 1932 1875 1988 illa

270 2015 573 2070 immorari.
607 2014 871 2070 Eumdem
901 2024 1080 2070 autem
1116 2015 1358 2084 fratrem,
1390 2034 1572 2073 rerum
1624 2036 1872 2076 mearum

268 2103 558 2160 consilium
587 2113 640 2159 et
683 2103 950 2159 libertatis
1006 2104 1264 2162 Ecclesiae
1314 2107 1412 2162 Dei
1465 2117 1757 2165 amatorem
1806 2109 1873 2164 ad

269 2202 457 2250 vestra
483 2192 715 2265 vestigia
745 2201 996 2264 tanquam
1025 2195 1291 2265 meipsum
1321 2195 1472 2252 mitto
1502 2205 1555 2252 et
1598 2197 1650 2253 ei
1699 2198 1871 2253 vicem

269 2297 454 2338 meam
481 2281 537 2337 in
565 2281 835 2336 audiendo
865 2290 917 2337 et
945 2281 1178 2337 dicendo
1223 2284 1522 2339 committo.
1581 2285 1706 2340 Hoc
1759 2294 1873 2340 tan-

277 2380 388 2426 tum
420 2370 600 2426 scribo
629 2371 752 2440 quia
802 2379 1030 2442 propter
1082 2379 1319 2426 vestram
1373 2380 1428 2426 et
1467 2381 1872 2428 antecessorum

274 2469 586 2516 vestrorum
614 2458 979 2514 obedientiam
1010 2467 1063 2514 et
1090 2459 1399 2515 libertatem
1430 2461 1688 2516 Ecclesia
1739 2477 1874 2533 quas

273 2549 552 2622 abnegare
581 2548 728 2615 nolo,
759 2549 913 2604 exsul
941 2565 1060 2604 sum
1089 2549 1160 2603 ab
1173 2549 1507 2622 episcopatu,
1539 2558 1701 2620 atque
1713 2552 1876 2606 rebus

270 2638 530 2694 omnibus
581 2638 862 2709 spoliatus.
896 2640 956 2692 In
983 2653 1089 2710 qua
1118 2654 1175 2694 re
1202 2654 1302 2694 nec
1333 2647 1513 2695 nostra
1554 2656 1717 2711 prece
1775 2655 1876 2695 nec

271 2728 500 2786 consilio
529 2737 712 2783 vestra
729 2738 851 2796 eget
884 2728 1190 2798 prudentia.
1222 2727 1581 2800 Omnipotens
1611 2731 1755 2786 Deus
1781 2730 1871 2786 diu

273 2828 511 2874 vestram
544 2817 889 2872 sanctitatum
921 2817 1080 2874 nobis
1108 2819 1162 2872 in
1191 2820 1552 2890 prosperitate
1581 2829 1870 2877 conservet

275 2908 637 2964 incolumem.
671 2909 864 2962 Amen.

756 3006 1098 3062 EPISTOLA
1126 3009 1369 3064 XLVIII.

306 3119 555 3160 ANSBLUI
581 3118 650 3158 AD
677 3118 936 3158 JOANNEH
971 3120 1444 3163 τοδευιΑΝΕΝεειί
1477 3121 1548 3163 ΕΤ
1575 3121 1833 3162 ΙΟΑΝΝΒΠ
1899 3125 1948 3190 C

876 3191 1246 3233 CARDINALEM.

341 3275 592 3331 Dominis
617 3273 931 3329 reverendis
959 3283 1012 3329 et
1040 3275 1234 3330 amicis
1261 3276 1618 3345 charissimis,
1663 3276 1869 3332 losum

267 3363 529 3437 episcopo
558 3362 962 3431 Tusculanensi,
1005 3371 1058 3418 et
1081 3365 1284 3421 ,ΙοΑΝΝῐ
1315 3365 1600 3432 cardinali,
1640 3366 1869 3420 ANSBL-

263 3469 385 3510 nus
414 3461 639 3509 vocatus
667 3452 960 3523 episcopus
998 3454 1438 3524 Cantuariensis,
1499 3455 1645 3528 quod
1693 3453 1870 3510 ﬁdelis

264 3543 474 3599 amicus
501 3542 710 3606 amicis,
735 3543 793 3596 in
823 3542 1021 3612 quibus
1051 3542 1292 3598 confidit.

337 3631 635 3687 Dominum
666 3631 1035 3686 Baldevvinum
1067 3631 1289 3687 fratrem
1318 3641 1370 3688 et
1402 3632 1576 3688 ﬁlium
1619 3641 1865 3689 nostrum

262 3721 664 3787 charissimam,
734 3735 868 3775 vere
920 3719 1236 3775 dilectorem
1289 3727 1539 3776 vestrum
1595 3722 1747 3778 mitto
1800 3723 1868 3777 ad

265 3809 501 3879 vestigia
527 3809 732 3866 domini
762 3825 940 3880 papte,
974 3825 1072 3878 pro
1117 3825 1284 3866 causa
1322 3827 1444 3881 quae
1489 3811 1630 3866 inter
1682 3827 1866 3883 regem

261 3899 562 3971 Anglorum
593 3907 647 3954 et
672 3915 783 3966 me,
804 3899 916 3954 imo
945 3899 1087 3953 inter
1113 3897 1270 3953 illum
1298 3907 1352 3954 et
1395 3899 1700 3954 libertatem
1756 3901 1868 3955 Ec-

262 3989 452 4044 clesiae
481 3988 578 4044 Dei
609 4003 707 4057 pro
738 4003 848 4060 qua
887 4003 1008 4042 sum
1029 3987 1182 4044 exsul
1208 3988 1277 4043 ab
1305 3988 1618 4060 episcopatu
1636 3997 1688 4044 et
1705 3989 1869 4044 rebus

261 4079 386 4148 ejus
415 4077 669 4134 omnibus
715 4077 1002 4148 spoliatus.
1057 4077 1256 4132 Precor
1308 4077 1477 4150 igitur
1527 4077 1866 4132 sanctitatem

261 4175 500 4222 vestram
529 4173 586 4220 ut
613 4165 662 4222 ei
691 4165 942 4221 omnibus
967 4167 1114 4236 apud
1143 4165 1426 4220 dominum
1456 4181 1653 4238 papam
1683 4182 1784 4237 pro
1801 4181 1869 4222 ea

263 4269 452 4324 causa,
487 4254 626 4310 sicut
654 4263 921 4308 amatores
949 4253 1189 4309 veritatis
1215 4262 1267 4309 et
1307 4256 1548 4326 praefata:
1581 4255 1864 4323 libertatis,

262 4342 560 4410 assistatis,
590 4350 645 4398 et
670 4358 759 4398 me
788 4358 855 4398 ne
881 4357 1122 4412 unquam
1153 4343 1439 4414 religionis
1483 4343 1866 4400 ecclesiastica

261 4437 320 4488 et
348 4431 662 4503 apostolicae
688 4431 1020 4487 auctoritatis
1049 4432 1350 4488 constantia
1377 4432 1718 4506 aliquatenus
1765 4449 1866 4504 per

259 4536 351 4576 me
377 4529 470 4575 aut
522 4529 744 4592 propter
793 4536 884 4577 me
939 4521 1268 4588 debilitatur,
1335 4520 1662 4578 defendatis.
1720 4523 1862 4578 Malo

260 4611 410 4666 enim
437 4610 595 4675 mori,
625 4618 677 4665 et
703 4609 940 4681 quamdiu
968 4611 1147 4665 vivam
1177 4609 1325 4666 omni
1353 4611 1579 4682 penuria
1610 4613 1667 4666 in
1709 4612 1862 4667 exsi-

259 4699 336 4754 lio
365 4697 583 4771 gravari
608 4714 771 4771 quam
827 4707 886 4753 ut
939 4698 1154 4755 videam
1206 4699 1550 4755 honestatem
1604 4701 1864 4758 Ecclesia:

261 4787 384 4856 Dei,
413 4802 575 4843 causa
603 4787 710 4843 mei
737 4795 827 4843 aut
852 4803 978 4844 meo
1007 4788 1282 4860 exemplo,
1312 4787 1424 4844 ullo
1449 4788 1616 4845 modo
1644 4788 1858 4848 violari.

262 4875 453 4933 Valete
464 4917 479 4932 .

761 4973 1102 5030 EPISTOLA
1153 4972 1358 5029 XLIX.

582 5078 829 5120 ANSBLMI
865 5079 936 5119 AD
965 5076 1289 5120 PASCIIALBU
1334 5075 1534 5120 ΡΑΡᾹΜ.

327 5158 604 5214 ΡΑεαιιΛιι
640 5175 850 5215 summo
890 5158 1155 5231 pontifici,
1193 5176 1316 5215 cum
1370 5158 1680 5216 reverentia
1732 5159 1860 5214 dih-

251 5247 460 5320 gendo,
490 5256 545 5304 et
573 5265 698 5304 cum
727 5248 1012 5305 dilectione
1038 5248 1359 5316 reverendo,
1390 5251 1686 5304 Ausauws
1738 5265 1860 5305 ser-

250 5353 354 5393 vus
384 5337 645 5393 Ecclesiae
674 5337 1078 5394 Cantuariensis
1112 5357 1124 5394 :
1153 5354 1276 5395 cum
1304 5338 1488 5394 debita
1517 5338 1856 5410 subjectione

249 5423 451 5482 ﬁdeles
484 5427 780 5483 orationes.

323 5515 405 5570 De
435 5531 502 5572 ea
540 5532 661 5588 quae
687 5515 826 5572 inter
851 5516 1240 5574 Carnotensem
1267 5516 1565 5572 Ecclesiam
1591 5525 1645 5574 et
1693 5518 1857 5575 comi-

245 5604 447 5661 tissam
473 5605 884 5675 Carnotensem,
915 5608 1064 5664 unde
1090 5613 1284 5664 vestra
1312 5604 1625 5665 celsitudini
1659 5607 1854 5668 Romae

1989 471 2146 539 silio;
2179 474 2273 529 sed
2297 475 2374 530 rei
2405 481 2702 536 necessitas
2730 492 2918 540 nostra
2943 495 2998 542 et
3022 471 3261 547 omnium
3294 510 3484 564 pacem
3537 509 3588 556 et

1991 561 2274 618 utilitatem
2305 565 2552 634 ejusdem
2580 571 2843 630 Ecclesiae
2871 577 3191 648 amantium,
3249 561 3466 653 precem
3519 604 3586 646 ao

1991 659 2232 706 vestrum
2289 653 2541 750 pietatem
2595 663 2920 729 expostulat,
2989 676 3248 734 quantum
3314 673 3584 750 intelligo,

1991 747 2255 811 quatenus
2285 744 2432 808 quod
2460 761 2492 800 a
2521 747 2735 804 clericis
2762 751 2815 805 in
2842 768 3011 823 grave
3038 758 3352 816 scandalum
3383 744 3587 822 factum

1991 844 2111 883 esse
2140 831 2506 902 cognoscitur,
2548 839 2861 907 apostolica:
2915 843 3210 914 papientim
3260 849 3586 912 discretione

1992 915 2302 1014 ad‘pacem
2357 933 2656 982 revocetur.
2712 927 2888 996 Quam
2945 932 3294 994 intolerabile
3348 956 3588 1014 namque

1993 1005 2194 1060 malum
2225 1008 2350 1065 inde
2381 1011 2482 1065 nisi
2534 1025 2838 1073 correctum
2889 1019 3068 1091 fuerit,
3126 1035 3443 1084 eventurum
3497 1005 3587 1103 sit,

1991 1109 2064 1189 ex
2093 1095 2176 1150 his
2203 1111 2536 1168 cognoscere
2564 1105 2830 1174 poteritis.
2872 1125 2994 1180 quae
3017 1127 3048 1164 a
3076 1112 3336 1172 latoribus
3353 1095 3588 1189 praesen;

1990 1182 2122 1238 tium
2151 1200 2264 1240 rem
2295 1185 2463 1258 ipsam
2492 1196 2950 1264 c0gnoscentibus
2975 1200 3222 1257 audietis.
3275 1182 3436 1273 Quod
3485 1225 3587 1266 au-

1989 1278 2099 1326 tem
2126 1273 2317 1330 eadem
2348 1279 2633 1338 comitissa
2663 1299 2828 1354 super
2855 1286 3130 1359 principes
3160 1290 3355 1350 Gallia:
3375 1302 3587 1356 vestros

1990 1360 2208 1433 legatos
2237 1363 2483 1435 honoret,
2528 1369 2608 1423 sic
2661 1379 2847 1428 notum
2901 1391 3024 1432 esse
3074 1387 3270 1436 vestra:
3320 1387 3588 1444 sanctitati

1991 1450 2269 1547 existimo,
2304 1463 2359 1547 ut
2400 1465 2582 1513 nostra
2611 1460 2956 1522 intimatione
2985 1482 3092 1522 non
3121 1479 3297 1541 egeat.
3328 1473 3586 1547 Quapro-

1989 1546 2110 1609 pter
2137 1541 2177 1594 si
2206 1541 2527 1600 humilitatis
2553 1564 2688 1606 meae
2715 1567 2906 1621 preces
2933 1555 3002 1609 ad
3033 1571 3191 1612 aures
3216 1541 3385 1618 tanta;
3413 1541 3584 1621 celsi-

1989 1627 2190 1683 tudinis
2217 1629 2399 1687 valent
2424 1650 2726 1709 assurgere,
2757 1657 2890 1712 rogo
2944 1653 3202 1714 quantum
3254 1665 3474 1720 possum
3531 1663 3589 1710 ut

1991 1724 2099 1770 tam
2123 1719 2300 1774 noxiae
2330 1721 2612 1781 discordiae
2637 1730 2963 1785 concordem
2981 1731 3143 1788 ﬁnem
3171 1719 3384 1806 placeat
3426 1743 3586 1799 vobis

1987 1805 2128 1895 sicut
2159 1825 2248 1862 res
2303 1811 2492 1884 exigit,
2535 1823 2586 1870 et
2635 1832 2733 1872 vos
2785 1820 2961 1890 decet,
3018 1805 3315 1895 imponere.
3380 1830 3587 1889 Pariter

1986 1893 2135 1983 enim
2163 1906 2410 1954 vestrum
2443 1918 2564 1958 esse
2595 1908 2938 1977 cognoscitur
2966 1919 3018 1966 et
3061 1893 3180 1983 quae
3227 1914 3284 1970 in
3337 1917 3586 1978 Ecclesia

1984 1982 2084 2077 Dei
2117 1985 2319 2043 utiliter
2345 1998 2583 2048 statuunt
2613 1997 2954 2066 conﬁrmare,
3003 1982 3229 2074 etquae
3279 2023 3471 2077 pacem
3528 2019 3584 2069 et

1982 2072 2304 2164 charitatem
2331 2078 2612 2151 dissipant,
2644 2094 2903 2155 quantum
2936 2072 3197 2159 possibile
3221 2072 3324 2164 est,
3385 2112 3580 2155 emen-

1983 2161 2136 2217 dare.
2169 2163 2531 2238 Omnipotens
2563 2172 2709 2227 Deus
2767 2178 3144 2245 paternitatem
3191 2161 3428 2240 vestram
3486 2188 3578 2246 diu

1982 2249 2141 2306 nobis
2168 2251 2499 2312 incolumem
2531 2259 2587 2313 in
2615 2277 2710 2315 sua
2739 2264 2918 2334 gratia
2949 2278 3260 2329 conservet.
3293 2275 3487 2332 Amen.

2546 2381 2903 2442 EPISTOLA
2942 2389 3003 2444 L.

2151 2489 2436 2533 PHILIPPUS
2463 2495 2579 2534 REX
2607 2495 2944 2542 FRANCORUI
2973 2503 3044 2542 AD
3069 2506 3396 2552 ANSBLIUI.

2055 2567 2368 2640 PHILIPPUS,
2402 2574 2498 2631 Dei
2531 2579 2739 2649 gpatia,
2775 2580 3103 2640 Francorum
3135 2601 3253 2653 rex,
3282 2593 3572 2663 ANSELIO,

1983 2654 2453 2747 Cantuariensium
2486 2667 2788 2724 venerabili
2816 2672 3244 2747 archiepiscopo,
3285 2678 3534 2736 salutem.

2053 2746 2342 2818 Quoniam,
2372 2762 2560 2823 pastor
2614 2760 2934 2828 reverende,
2984 2746 3171 2820 audivi
3213 2782 3317 2823 vos
3370 2769 3576 2839 injuste

1979 2841 2340 2910 prtegravari,
2384 2842 2556 2900 latere
2589 2847 2716 2902 nolo
2743 2863 2841 2904 vos
2869 2865 2954 2904 me
2983 2853 3330 2912 vehementer
3377 2859 3576 2915 contri-

1979 2928 2125 2981 stari.
2155 2930 2225 2984 Et
2253 2931 2301 2984 si
2332 2941 2516 2989 nostro
2544 2935 2793 3008 quolibet
2833 2940 3033 2996 auxilio
3064 2951 3245 2999 vestra
3299 2947 3572 3016 potuisset

1979 3016 2212 3073 inhiberi
2237 3023 2544 3093 Oppressio,
2575 3023 2630 3078 in
2662 3025 2766 3082 hoc
2803 3041 3024 3098 operam
3053 3032 3188 3088 dare
3240 3049 3348 3091 non
3402 3035 3578 3094 diﬁ‘er-

1979 3121 2179 3164 remus.
2232 3109 2498 3167 Caeterum
2559 3114 2689 3186 quia
2737 3115 2791 3170 in
2854 3117 2973 3174 loco
3015 3136 3297 3193 corporea:
3353 3126 3573 3183 sanitati

1977 3197 2245 3253 contrario
2276 3201 2560 3272 exsulatis,
2591 3219 2852 3276 rogamus
2882 3222 2984 3262 vos
3015 3216 3280 3278 quatenus
3334 3213 3574 3272 Galliam

1975 3293 2211 3340 nostram
2240 3297 2424 3345 vestro
2461 3292 2696 3347 adventu
2736 3293 2956 3352 visitare
3023 3298 3345 3371 dignemini,
3387 3303 3574 3376 ibique

1975 3372 2225 3430 atfectum
2253 3379 2448 3434 mentis
2473 3397 2611 3436 meae
2637 3381 3005 3454 experiamini,
3035 3396 3087 3444 et
3133 3398 3324 3448 vestrae
3374 3372 3571 3450 consu-

1975 3461 2098 3518 letis
2121 3466 2330 3523 sanitati
2343 3508 2357 3523 .
2407 3469 2613 3526 Valete.

2539 3594 2886 3654 EPISTOLA
2915 3599 3001 3656 LI.

2132 3704 2436 3747 ιυυονιουε
2466 3707 2577 3748 REI
2607 3710 2950 3755 FRANCORUI
2978 3715 3048 3754 AD
3075 3713 3398 3762 ANSELMUU.

2041 3788 2312 3844 Ausswo
2341 3790 2751 3865 archiepiscopo
2782 3797 3086 3854 Cantuariae
3111 3801 3433 3875 venerabili,
3463 3803 3572 3865 Lup

1976 3891 2210 3933 DOVICUS
2252 3879 2586 3937 Francorum
2611 3899 2707 3939 rex
2737 3884 2989 3957 designat
3019 3888 3271 3944 salutem.

2011 4031 2016 4035 ι
2051 3967 2275 4036 Vestrae,
2306 3976 2462 4038 pater
2501 3971 2862 4041 sanctissime,
2918 3976 3220 4045 compatior
3271 3977 3568 4052 aﬂlictioni,

1974 4069 2008 4109 a
2037 4070 2143 4124 qua
2171 4055 2216 4109 si
2247 4071 2352 4126 quo
2382 4059 2544 4114 modo
2571 4076 2669 4129 per
2706 4059 2946 4117 ofﬁcium
2993 4065 3309 4134 potuissetis
3363 4084 3570 4126 exone-

1973 4143 2101 4213 rari,
2143 4144 2214 4200 ad
2266 4145 2672 4203 reformandam
2724 4149 3000 4219 pristinam
3089 4153 3565 4225 tranquillitatem,

1975 4249 2102 4290 cura
2172 4235 2532 4305 pr0pensiore
2599 4235 2851 4292 eniterer.
2902 4238 3283 4297 Verumtamen
3355 4244 3571 4314 pectori

1973 4329 2163 4378 nostro
2193 4322 2355 4379 dolor
2381 4322 2540 4378 altius
2565 4322 2820 4396 inﬁgitur,
2849 4326 3104 4398 quoniam
3133 4329 3398 4399 sapientia
3447 4349 3571 4406 qua:

1973 4410 2030 4468 in
2055 4411 2215 4468 vobis
2261 4419 2341 4468 est
2370 4418 2479 4468 tam
2506 4421 2712 4470 remote
2768 4429 2802 4470 a
2849 4417 3098 4486 partibus
3154 4419 3350 4475 nostris
3398 4436 3568 4494 pere-

1974 4501 2236 4573 grinatur.
2269 4500 2495 4557 Accedit
2522 4509 2576 4559 et
2605 4503 2747 4559 hoad
2792 4506 3070 4561 cumulum
3127 4516 3328 4566 vestra
3382 4518 3566 4568 exter-

1971 4591 2280 4647 minationis
2311 4591 2457 4662 quod
2486 4590 2608 4648 loca
2635 4593 2942 4665 aegritudini
2963 4595 3146 4665 potius
3164 4613 3328 4670 quam
3348 4599 3569 4660 sanitati

1971 4680 2224 4736 facientia
2267 4681 2342 4736 ad
2395 4681 2807 4738 inhabitandam
2843 4683 3230 4760 praeelegistis,
3290 4688 3566 4762 vitainque

1971 4778 2207 4826 vestram
2238 4769 2335 4825 toti
2363 4771 2566 4827 mundo
2613 4774 3053 4830 conservandum
3097 4776 3334 4833 retinere
3372 4779 3564 4850 parvi—

1970 4859 2226 4932 penditis.
2260 4860 2535 4932 Rogamus
2564 4860 2747 4934 itaque
2778 4879 2876 4919 vos
2917 4872 2976 4919 ut
3008 4866 3076 4920 ad
3118 4873 3302 4936 partes
3346 4876 3566 4925 nostras

1970 4950 2154 5006 venire
2184 4949 2572 5021 dignemini,et
2601 4949 2789 5006 siinibi
2831 4937 2994 5006 441
3049 4955 3208 5010 vobis
3261 4955 3564 5020 inhabitare

1963 5038 2262 5108 jucundum
2317 5037 2609 5109 videbitur,
2669 5041 2851 5097 mitius
2920 5042 3177 5101 exsilium
3254 5044 3561 5118 patiemini.

1967 5129 2176 5187 Valete.

2509 5229 2848 5286 EPISTOLA
2875 5231 2996 5287 LII.

2357 5343 2597 5384 ANSELII
2623 5344 2694 5383 AD
2724 5344 2984 5387 NIPO'I'BI
3024 5347 3202 5391 SUUI.

2036 5427 2341 5482 Ausautus
2362 5425 2820 5498 archiepiscopus,
2851 5427 3037 5500 nepoti
3063 5444 3165 5484 suo
3210 5430 3554 5504 charissima,

1964 5517 2194 5573 salutem
2225 5524 2278 5573 et
2308 5515 2766 5572 benedictionem.

2034 5607 2160 5663 Non
2189 5621 2296 5679 ego
2321 5604 2465 5679 apud
2493 5612 2550 5664 te
2568 5605 2954 5664 commendare
2981 5605 3330 5666 dilectionem
3375 5625 3558 5668 meam
