4036 6072
434 271 536 327 231

1038 261 1104 317 S.
1141 255 1449 315 ANSELMI
1485 253 1828 312 CANTUAR.
1872 252 2198 311 ARCHIEP.
2233 254 2392 311 OPP.
2432 253 2614 312 PARS
2645 254 2740 311 III.
2777 286 2845 297 —
2877 255 3248 316 EPISTOLE.

3637 263 3742 318 232

443 401 496 448 et
523 405 706 448 curam
736 402 834 460 pro
873 393 945 455 te,
1001 385 1127 455 quia
1184 383 1303 454 ipsa
1356 387 1542 434 natura
1600 379 1888 451 persuadet
1940 378 2033 432 tibi
2059 380 2113 442 Α
2142 394 2306 451 quam
2335 378 2405 435 de
2433 395 2606 453 regno
2637 389 2854 437 terreno
2883 381 2952 437 ad
2984 399 3212 455 regnum
3241 383 3459 440 caleste
3507 385 3741 454 provehi

446 497 547 553 pro
578 478 775 534 me.Te
807 479 1009 538 hortor,
1042 482 1093 528 te
1124 486 1344 538 moneo,
1379 469 1474 523 tibi
1504 469 1764 540 pracipio
1795 477 1852 522 ut
1883 467 2040 524 bonis

444 568 688 625 moribus
716 575 770 622 et
798 564 1042 620 scientia
1073 560 1316 627 studeas,
1347 566 1401 614 et
1442 565 1500 612 ut
1542 558 1613 612 ad
1646 557 1875 613 meliora
1921 563 2043 628 post

443 659 678 732 gratiam
712 655 831 723 Dei,
864 659 1122 723 quantum
1153 649 1207 703 in
1241 657 1290 702 te
1319 653 1402 703 est
1421 645 1688 716 proficias,
1720 654 1774 702 et
1819 645 1894 700 ibi
1947 644 2041 699 ubi

446 765 525 814 es,
566 746 740 802 donec
781 744 894 798 Deo
954 741 1283 809 disponente
1338 737 1497 791 aliter
1551 736 1621 791 de
1681 744 1730 790 te
1768 735 2039 802 ordinem,

448 850 787 908 permaneas.
826 831 1145 901 Magistrum
1206 835 1352 881 tuum
1395 829 1652 880 domuum
1702 825 2040 891 Gualterum,

443 927 512 981 de
534 939 641 996 quo
667 922 935 977 domnum
960 918 1199 991 priorem
1249 917 1302 971 in
1332 915 1528 970 litteris
1577 929 1710 983 quas
1764 913 1840 966 illi
1887 913 2042 967 mitto

447 1012 658 1085 rogavi,
683 1019 734 1066 et
788 1009 1046 1064 domuum
1104 1006 1454 1062 Theodorum
1511 1002 1718 1058 socium
1775 1009 1922 1056 tuum
1975 1017 2044 1056 ex

440 1107 623 1159 nostra
654 1107 803 1172 parte
837 1097 1076 1168 benigne
1109 1096 1309 1151 saluta.
1372 1117 1394 1141 α
1455 1091 1725 1148 Dominus
1771 1089 2046 1146 custodiat

443 1202 494 1248 te
523 1191 592 1247 ab
623 1190 776 1245 omni
807 1186 972 1254 malo,
1009 1185 1281 1241 custodiat
1308 1183 1547 1239 animam
1581 1189 1726 1235 tuam
1781 1179 2046 1234 Dominus

440 1282 614 1351 (Psal.
639 1295 764 1344 cxx,
795 1278 870 1347 '7).
917 1299 940 1324 η
976 1275 1185 1331 Salutat
1217 1283 1268 1328 te
1320 1272 1550 1327 multum
1601 1270 1832 1325 domnus
1887 1267 2045 1322 Ead-

441 1385 650 1437 merus,
704 1366 797 1438 qui
851 1380 980 1419 vere
1033 1363 1090 1418 in
1136 1370 1398 1435 quantum
1467 1358 1745 1431 intelligo,
1830 1355 2045 1412 sincero

441 1474 626 1514 amore
657 1454 834 1526 diligit
871 1463 942 1509 te.
979 1453 1134 1508 Vale.

976 1557 1313 1614 EPISTOLA
1363 1556 1503 1611 LIII.

572 1661 810 1702 ANSELMI
836 1659 907 1698 AD
935 1660 989 1698 ϐ.
1025 1657 1347 1698 CANONICUM
1397 1655 1595 1695 SANCTI
1627 1652 1905 1702 QUINTINI.

2146 467 2420 524 desidero.
2450 471 2584 524 Cum
2633 471 2794 526 audio
2850 471 3060 541 aliquid
3115 472 3186 528 de
3230 472 3380 528 vobis
3436 474 3583 545 quod
3629 475 3744 530 Deo

2147 572 2255 612 non
2285 558 2462 628 placet
2498 567 2552 617 et
2603 560 2758 615 vobis
2815 576 2925 616 non
2981 562 3229 631 expedit,
3289 561 3335 616 si
3381 577 3478 618 vos
3526 579 3744 619 monere

2146 647 2387 719 neglige,
2445 663 2548 703 nec
2601 649 2776 703 Deum
2832 649 3016 718 timeo,
3063 666 3164 705 nec
3219 665 3318 706 vos
3364 651 3533 724 diligo
3608 651 3747 708 sicut

2148 734 2354 792 debeo.
2393 737 2686 808 Postquam
2713 737 2854 792 exivi
2885 738 2954 793 de
2985 738 3207 811 Anglia,
3240 738 3403 794 didici
3461 741 3586 811 quia
3635 742 3743 798 Ec-

2148 824 2348 880 clesias
2380 842 2499 896 qua
2547 825 2603 880 in
2657 841 2820 881 manu
2877 835 3057 883 vestra
3114 836 3238 882 sunt
3290 829 3448 884 aliter
3504 831 3746 886 tractatis

2151 929 2314 985 quam
2344 913 2452 969 illis
2481 915 2740 984 expediat
2769 924 2821 971 et
2840 917 3035 973 anima
3064 923 3278 975 vestra.
3341 917 3501 986 Quod
3558 920 3745 976 dicere

2152 1019 2291 1058 nunc
2338 1003 2464 1059 nolo
2520 1004 2754 1075 qualiter
2809 1004 3007 1075 facitis,
3056 1006 3361 1062 secundum
3417 1007 3564 1079 quod
3615 1009 3747 1064 mihi

2149 1093 2374 1148 relatum
2406 1101 2506 1159 est,
2539 1093 2665 1165 quia
2693 1093 2825 1148 nulli
2879 1094 3074 1150 melius
3130 1109 3294 1166 quam
3349 1096 3505 1152 vobis
3557 1104 3746 1154 notum

2150 1190 2250 1236 est.
2287 1183 2484 1238 Precor
2510 1182 2676 1254 igitur
2705 1191 2763 1238 ut
2791 1183 3086 1250 dominam,
3122 1185 3347 1240 consulo
3404 1193 3462 1241 ut
3515 1187 3743 1258 regina,

2151 1285 2348 1326 moneo
2377 1279 2434 1325 ut
2462 1270 2649 1337 ﬁliam,
2683 1272 2828 1343 quod
2858 1273 3022 1328 etiam
3053 1273 3189 1328 olim
3223 1273 3350 1342 feci,
3381 1282 3438 1330 ut
3485 1275 3745 1332 Ecclesia

2149 1359 2250 1413 Dei
2283 1375 2402 1429 qua
2429 1368 2553 1413 sunt
2573 1360 2626 1414 in
2661 1368 2845 1416 vestra
2874 1369 3140 1431 potestate
3171 1378 3270 1417 vos
3299 1372 3636 1434 cognoscant
3689 1371 3748 1420 ut

2152 1456 2402 1514 matrem,
2435 1457 2492 1503 ut
2521 1449 2809 1519 nutricem,
2844 1455 2900 1504 ut
2930 1451 3221 1522 benignam
3246 1451 3518 1508 dominam
3551 1461 3607 1508 et
3650 1469 3744 1509 re-

2151 1539 2365 1610 ginam.
2403 1540 2472 1593 Et
2501 1554 2611 1594 non
2639 1539 2812 1593 solum
2844 1539 2911 1593 de
2942 1539 3047 1593 illis
3077 1540 3181 1596 hoc
3211 1540 3355 1609 dico,
3387 1541 3486 1597 sed
3514 1542 3582 1598 de
3619 1558 3744 1597 om-

2151 1627 2314 1682 nibus
2348 1628 2613 1683 Ecclesiis
2643 1628 2853 1699 Anglia
2910 1627 2980 1682 ad
3037 1644 3170 1698 quas
3230 1637 3468 1685 vestrum
3528 1631 3745 1688 extendi

507 1765 804 1816 Amsanuus
842 1773 1034 1812 servus
1063 1753 1320 1810 Ecclesia
1377 1749 1783 1807 Cantuariensis
1837 1748 2035 1802 dilecto

2152 1724 2333 1784 potest
2356 1717 2637 1771 auxilium.
2669 1716 2774 1785 Qui
2805 1717 2950 1772 enim
3007 1717 3135 1772 dicit
3183 1718 3310 1790 quia
3362 1721 3743 1792 unusquisque

440 1850 594 1906 fratri
624 1847 866 1904 etamico
897 1846 966 1904 G.
1016 1844 1277 1900 canonico
1332 1841 1516 1897 Sancti
1573 1837 1842 1908 Quintini,
1892 1837 2039 1892 salu-

441 1950 568 2007 tem,
602 1947 654 1994 et
680 1937 778 1992 Dei
809 1950 1024 2005 semper
1051 1933 1169 2006 regi
1219 1931 1466 1987 consilio.

514 2029 661 2084 Sicut
683 2025 863 2097 audio,
897 2023 1196 2079 confratres
1226 2020 1396 2075 vestri
1453 2018 1818 2074 Belvacenses
1861 2029 2034 2070 cano-

441 2118 548 2174 nici
575 2115 820 2172 ecclesia
851 2111 1036 2168 Sancti
1082 2109 1343 2179 Quintini,
1383 2124 1493 2162 non
1553 2115 1753 2162 temere
1809 2105 1907 2159 sed
1962 2103 2034 2158 ob

440 2207 639 2262 multas
668 2203 931 2270 rationes,
965 2201 1224 2254 domuum
1254 2198 1321 2253 Ο.
1354 2196 1443 2267 qui
1460 2196 1623 2251 moda
1652 2201 1835 2249 vester
1865 2192 2034 2247 abbas

438 2296 654 2352 dicitur.
686 2293 875 2348 volunt
903 2289 972 2344 ab
995 2290 1096 2345 hac
1117 2286 1432 2359 pralatione
1463 2299 1763 2351 removere,
1823 2291 1877 2337 et
1931 2298 2032 2339 vc-

443 2393 608 2441 stram
640 2380 1042 2451 fraternitatem
1101 2377 1223 2432 loco
1275 2375 1394 2446 ejus
1449 2371 1917 2437 substituere,sed
1960 2371 2036 2424 ti-

438 2482 588 2530 ment
635 2488 700 2526 ne
755 2477 941 2526 vestra
987 2467 1186 2538 religio
1232 2472 1458 2536 pr0pter
1523 2476 1768 2517 amorem
1845 2459 2040 2529 quietis

441 2578 604 2636 quam
655 2574 800 2615 nunc
838 2556 1070 2622 habetis,
1135 2570 1245 2610 non
1288 2553 1420 2611 velit
1486 2549 1770 2606 intentioni
1853 2563 2040 2604 eorum

446 2651 604 2706 facile
634 2640 958 2704 consentire.
992 2643 1262 2713 Quoniam
1294 2657 1426 2714 ergo
1473 2641 1654 2695 sciunt
1689 2653 1784 2693 vos
1842 2639 2039 2692 huma-

443 2742 666 2796 nitatem
699 2752 876 2792 meam
906 2733 1139 2804 diligere
1176 2749 1189 2786 :
1230 2739 1284 2786 et
1344 2737 1564 2800 sperant
1610 2743 1708 2784 vos
1748 2727 1870 2798 plus
1915 2741 2038 2782 meo

443 2844 607 2903 quam
636 2824 996 2899 quorumdam
1035 2820 1262 2876 consilio
1292 2818 1536 2885 credere,
1565 2824 1764 2887 rogant
1792 2831 1880 2870 me
1909 2814 2040 2885 quid

442 2919 568 2974 inde
598 2915 848 2981 sentiam,
881 2920 1071 2969 vestra
1105 2907 1350 2965 charitati
1394 2906 1704 2962 ostendere.
1754 2904 1948 2973 Utique
1997 2903 2043 2958 si

440 3009 496 3064 in
550 3019 779 3076 corpore
827 3000 1030 3058 Christi
1095 2998 1325 3055 invicem
1369 3011 1556 3051 sumus
1601 2994 1739 3050 alter
1818 2992 2041 3048 alterius

2148 1804 2374 1874 recipiet
2422 1813 2584 1876 prout
2615 1807 2788 1878 gessit
2816 1806 2868 1860 in
2901 1822 3127 1877 corpore
3185 1808 3303 1862 sive
3357 1807 3561 1863 bonum
3627 1810 3746 1866 sive

2146 1893 2350 1948 malum
2377 1893 2467 1963 (II
2495 1895 2617 1950 Cor.
2643 1911 2696 1961 v,
2745 1895 2858 1965 10),
2911 1895 3119 1950 nullam
3180 1895 3383 1967 excipit
3428 1913 3745 1968 personam.

2143 1982 2347 2037 lterum
2377 1997 2511 2054 rogo
2541 1990 2596 2038 et
2622 1982 2846 2039 consulo
2878 1991 2930 2038 et
2985 1998 3203 2053 moneo,
3249 1983 3467 2040 domina
3523 1993 3576 2040 et
3633 1985 3743 2042 filia

2143 2071 2484 2137 charissima,
2518 2079 2577 2125 ut
2611 2073 2724 2127 hac
2755 2087 2860 2127 non
2919 2071 3263 2144 negligenter
3309 2081 3488 2128 mente
3544 2085 3743 2145 pertra-

2141 2160 2318 2231 ctetis,
2351 2168 2404 2215 et
2432 2161 2476 2214 si
2526 2161 2658 2233 quid
2717 2160 2870 2216 vobis
2925 2161 3256 2216 conscientia
3303 2171 3484 2218 vestra
3543 2163 3600 2218 in
3653 2165 3739 2221 his

2141 2249 2530 2321 corrigendum
2561 2249 2858 2315 testabitur,
2911 2251 3185 2322 corrigere
3241 2249 3537 2316 festinetis.
3596 2270 3740 2325 qua-

2150 2341 2314 2393 tenus
2341 2338 2410 2392 de
2442 2337 2624 2393 futuro
2653 2339 2827 2393 Deum
2858 2346 3118 2409 quantum
3151 2338 3306 2394 vobis
3334 2356 3437 2411 per
3456 2342 3578 2411 ejus
3606 2359 3744 2414 gra-

2148 2427 2277 2482 tiam
2307 2427 2568 2496 possibile
2593 2435 2678 2482 est
2727 2443 2836 2483 non
2891 2426 3193 2495 oﬂ‘endatis,
3231 2437 3284 2484 et
3339 2429 3407 2484 de
3465 2430 3742 2500 praterito

2149 2516 2194 2571 si
2221 2516 2551 2588 cognoscitis
2570 2533 2668 2573 vos
2699 2515 3013 2586 deliquisse,
3046 2516 3372 2587 placabilem
3418 2535 3540 2574 eum
3589 2519 3744 2576 vobis

2147 2604 2404 2660 reddatis.
2434 2606 2554 2659 Non
2585 2605 2728 2660 enim
2758 2605 2915 2660 alicui
2946 2605 3138 2661 sufﬁcit
3169 2621 3269 2677 pro
3307 2614 3456 2664 certo
3511 2623 3546 2664 a
3599 2608 3745 2664 malo

2147 2693 2434 2760 desistere,
2468 2695 2571 2749 nisi
2599 2703 2773 2762 curet,
2804 2694 2851 2750 si
2883 2703 3060 2766 potest
3088 2710 3188 2766 pro
3217 2697 3533 2752 commissis
3575 2698 3744 2753 satis-

2149 2781 2350 2838 facere.
2391 2783 2749 2854 Omnipotens
2776 2784 2924 2839 Deus
2954 2785 3037 2840 sic
3061 2799 3161 2840 vos
3189 2801 3404 2857 semper
3432 2786 3654 2860 dirigat,
3684 2793 3743 2842 ut

2150 2871 2303 2928 vobis
2332 2872 2497 2927 vitam
2527 2880 2786 2928 aternam
2815 2872 3093 2927 retribuat.

2709 2995 3049 3052 EPISTOLA
3079 2997 3185 3052 LV.

440 3095 710 3161 membra,
755 3099 808 3147 et
856 3088 1087 3145 maxime
1118 3088 1174 3140 in
1208 3100 1316 3140 una
1391 3083 1777 3155 religiosarum
1853 3097 2038 3152 perso-
2067 3099 2118 3163 α
2220 3091 2459 3132 ansam
2488 3091 2561 3131 an
2591 3091 2835 3132 rmonau
2867 3093 2935 3130 ΒΤ
2965 3092 3212 3133 ιιιιΑτιιΒε
3245 3092 3517 3134 accnasm:
3544 3093 3676 3134 cm-

441 3199 631 3240 narum
659 3179 933 3245 Ecclesia;
975 3177 1065 3248 qui
1082 3191 1189 3231 non
1212 3173 1486 3245 permittat
1515 3188 1618 3228 nec
1663 3171 1783 3225 vult
1822 3178 1882 3225 ut
1934 3170 2043 3225 alia

439 3272 688 3329 membra
717 3277 770 3326 et
800 3277 974 3324 totum
993 3281 1190 3335 corpus
1219 3279 1278 3319 se
1307 3269 1527 3318 utantur
1554 3269 1613 3315 ut
1642 3276 1740 3316 suo
1769 3259 2038 3328 membro,

439 3378 549 3418 non
568 3360 726 3418 video
758 3355 1034 3429 quomodo
1063 3354 1238 3426 possit
1264 3369 1323 3407 se
1354 3350 1587 3423 probare
1617 3349 1922 3404 membrum
1978 3349 2040 3402 il-

437 3452 546 3506 lius
572 3447 835 3520 corporis,
869 3454 922 3501 et
949 3446 994 3499 si
1025 3458 1224 3512 corpus
1251 3440 1386 3496 illud
1419 3448 1512 3522 est
1555 3453 1752 3508 corpus
1810 3437 2032 3493 Christi.

441 3539 735 3610 Quomodo
761 3552 821 3592 se
842 3533 1094 3591 ostendat
1153 3547 1275 3587 esse
1319 3528 1625 3585 membrum
1667 3527 1886 3582 Christi.
1947 3527 2041 3584 Est

442 3637 496 3684 et
517 3625 685 3693 aliud,
719 3624 848 3695 quia
885 3637 1064 3687 nemo,
1120 3620 1166 3674 si
1205 3623 1351 3674 recte
1399 3632 1458 3672 se
1514 3624 1727 3682 tractat,
1781 3615 1886 3669 sibi
1937 3615 2040 3669 soli

437 3716 556 3774 vult
605 3714 832 3777 vivere;
875 3711 968 3765 sed
1008 3709 1147 3763 sicut
1196 3705 1468 3761 desiderat
1506 3713 1560 3759 et
1597 3705 1778 3758 credit
1819 3703 1942 3772 quia
1989 3703 2034 3757 si

439 3803 748 3861 membrum
771 3799 870 3854 Dei
893 3806 993 3865 est,
1025 3796 1209 3852 omnia
1239 3793 1529 3850 commoda
1584 3793 1820 3848 aliorum
1865 3807 2035 3846 mem-

433 3895 660 3949 brorum
690 3905 787 3944 sua
803 3896 960 3944 erunt
986 3887 1042 3941 in
1073 3886 1249 3940 futura
1284 3884 1415 3951 vita,
1441 3884 1516 3936 ita
1575 3881 1739 3937 debet
1791 3881 1933 3937 velle
1977 3889 2035 3935 ut

434 3983 481 4039 si
501 3980 630 4052 quid
661 3977 789 4034 boni
817 3984 899 4032 est
922 3977 980 4031 in
1011 3991 1093 4040 se,
1113 3975 1344 4030 aliorum
1374 3973 1441 4026 sit
1488 3971 1542 4025 in
1587 3971 1842 4042 prasenti
1886 3970 2026 4026 vita.

437 4068 670 4128 Consulo
728 4067 912 4140 igitur,
977 4071 1235 4138 quantum
1291 4063 1345 4116 in
1405 4076 1498 4117 me
1554 4068 1656 4129 est,
1707 4068 1762 4114 et
1808 4074 2029 4129 precor,

434 4160 600 4217 frater
627 4165 681 4214 et
706 4157 880 4212 amice
900 4153 1238 4222 charissime,
1261 4160 1319 4206 ut
1349 4151 1398 4206 si
1430 4157 1537 4205 tota
1565 4156 1751 4204 vestra
1791 4163 2030 4221 congre-

434 4250 586 4324 gatio
604 4247 690 4303 vel
710 4245 907 4301 melior
943 4258 1095 4315 pars,
1149 4239 1380 4297 consilio
1436 4237 1866 4293 reverendorum
1908 4236 2030 4308 epi-

435 4351 731 4410 sc0porum
790 4330 1146 4390 Carnotensis
1207 4336 1261 4385 et
1324 4325 1641 4383 Parisiensis
1698 4325 1789 4397 qui
1846 4326 2032 4380 Patres

433 4426 604 4485 vestri
623 4425 835 4480 fuerunt
877 4429 932 4477 et
976 4437 1074 4476 vos
1118 4417 1438 4483 nutrierunt,
1481 4432 1578 4472 vos
1611 4415 1873 4469 instanter
1917 4414 2030 4470 ele-

435 4518 581 4590 gerit
599 4514 663 4569 ad
699 4515 801 4568 hoc
822 4509 967 4582 quod
988 4522 1157 4580 supra
1178 4505 1312 4572 dixi,
1350 4520 1418 4560 ne
1467 4504 1711 4560 omnimo
1743 4502 2030 4575 refugiatis

435 4620 616 4676 neque
645 4598 1062 4672 impersuabiles
1111 4594 1377 4652 existatis.
1423 4593 1622 4650 Utilius
1673 4591 1817 4648 enim
1873 4591 2032 4648 vobis

434 4710 558 4752 esse
588 4689 836 4748 existimo
867 4688 912 4742 si
943 4686 1178 4756 quietem
1204 4681 1701 4753 comtemplationis
1729 4697 1825 4752 per
1871 4695 2030 4736 amo-

434 4797 556 4839 rem
585 4778 821 4836 servatis
849 4777 904 4830 in
934 4783 1133 4842 mente,
1167 4781 1219 4829 et
1238 4772 1603 4830 obedientiam
1635 4770 1881 4826 fraterna
1895 4771 2030 4824 cha-

433 4870 607 4927 ritatis
637 4869 692 4922 in
752 4879 922 4936 opere
979 4879 1142 4935 quam
1189 4862 1236 4918 si
1294 4863 1470 4918 solam
1513 4858 2029 4930 contemplationem

433 4961 666 5017 aliorum
722 4953 1122 5013 contemnendo
1169 4967 1366 5024 preces
1405 4958 1459 5007 et
1499 4949 1784 5005 utilitatem
1855 4947 2031 5004 velitis

433 5048 661 5123 eligere.
684 5045 891 5104 Valete.

975 5113 1317 5171 EPISTOLA
1348 5112 1481 5168 LIV.

563 5217 807 5260 ANSELMI
826 5217 900 5257 AD
931 5212 1255 5255 MATHILDBM
1293 5209 1541 5250 BBGINAH
1571 5208 1891 5249 ΑΝαιοιιωί.

498 5303 778 5358 Mummi
803 5297 1058 5372 gloriosa
1096 5294 1302 5366 regina
1341 5291 1659 5364 Anglorum,
1718 5292 2023 5346 Ansauws

427 5391 872 5464 archiepiscopus
926 5383 1251 5449 Cantuaria,
1289 5380 1726 5438 benedictionem
1809 5378 1912 5435 Dei
1968 5386 2023 5435 et

426 5481 589 5538 fidele
603 5478 885 5537 servitium
904 5490 1024 5532 cum
1051 5470 1408 5529 orationibus.

497 5570 763 5639 Breviter,
785 5565 880 5623 sed
919 5579 986 5621 ex
1032 5560 1194 5620 corde
1233 5561 1450 5635 loquar,
1479 5560 1617 5618 sicut
1641 5559 1719 5616 illi
1759 5574 2018 5630 persona

2815 3163 3053 3204 TUARUE.

2220 3250 2520 3303 ANSBLMUS
2543 3245 3005 3316 archiepiscopus,
3039 3245 3241 3303 domno
3286 3248 3473 3318 priori,
3524 3257 3577 3305 et
3627 3249 3746 3306 fra-

2152 3337 2328 3392 tribus
2359 3336 2412 3389 in
2445 3336 2691 3391 Ecclesia
2721 3335 2920 3390 Christi
2978 3336 3286 3391 Cantuaria
3333 3339 3436 3393 sub
3495 3353 3562 3394 eo
3618 3354 3746 3396 con-

2150 3424 2512 3490 versantibus,
2546 3424 2798 3488 salutem,
2832 3431 2885 3478 et
2941 3424 3377 3482 benedictionem
3435 3443 3468 3482 a
3518 3429 3638 3484 Deo
3696 3435 3750 3484 et

2149 3522 2500 3585 peccatorum
2531 3513 2956 3568 absolutionem.

2221 3602 2429 3671 Quaerit
2460 3610 2636 3656 vestra
2668 3602 2977 3657 fraternitas
3021 3617 3054 3657 a
3092 3618 3180 3658 me
3209 3605 3493 3660 consilium
3523 3605 3592 3662 de
3649 3622 3749 3662 sua

2148 3691 2512 3759 tribulatione,
2545 3698 2599 3746 et
2627 3691 2947 3746 nominatim
2979 3691 3046 3746 de
3076 3693 3339 3761 pecunia,
3375 3711 3495 3765 qua
3523 3711 3555 3750 a
3612 3711 3748 3768 rege

2141 3780 2300 3836 vobis
2329 3779 2404 3844 ﬁt,
2441 3780 2748 3836 exactione.
2797 3780 2904 3834 Vos
2956 3780 3105 3836 scitis
3160 3783 3435 3852 quomodo
3490 3783 3612 3854 ipse
3658 3800 3746 3840 me

2141 3868 2398 3939 spoliavit
2426 3869 2594 3924 rebus
2625 3867 3147 3940 archiepiscopatus.
3193 3871 3516 3928 Nullatenus
3572 3873 3740 3944 igitur

2141 3972 2239 4028 per
2266 3971 2354 4011 me
2383 3956 2585 4026 aliquid
2616 3956 2834 4011 habebit
2862 3957 2929 4012 de
2963 3965 3074 4012 tota
3102 3958 3329 4028 pecunia
3361 3961 3523 4016 totius
3553 3961 3741 4017 archi-

2140 4046 2506 4116 episcopatus,
2530 4045 2634 4099 nisi
2664 4045 2810 4116 prius
2838 4061 2924 4100 me
2953 4046 3214 4103 canonice
3240 4050 3565 4120 reveslierit,
3600 4058 3653 4106 et
3678 4067 3740 4106 ea

2141 4151 2260 4205 qua
2280 4134 2501 4189 abstulit
2529 4134 2664 4187 mihi
2692 4133 3013 4203 reddiderit,
3039 4151 3218 4207 neque
3260 4152 3360 4192 vos
3412 4145 3610 4209 sponte
3659 4137 3739 4194 illi

2137 4223 2256 4279 sine
2285 4238 2408 4279 mea
2433 4221 2680 4292 jussione
2711 4223 2996 4293 pecuniam
3028 4224 3158 4280 dare
3181 4225 3413 4282 debetis.
3437 4228 3497 4284 Si
3553 4236 3736 4284 autem

2139 4311 2258 4384 ipse
2284 4321 2378 4367 aut
2403 4311 2593 4367 timore
2621 4327 2688 4366 ne
2720 4311 2877 4368 vobis
2907 4313 3062 4383 pejus
3106 4312 3287 4381 faciat,
3340 4323 3429 4371 aut
3486 4317 3599 4373 ulla
3647 4333 3743 4373 ne-

2139 4401 2397 4458 cessitate
2425 4415 2522 4456 vos
2551 4416 2669 4456 eam
2701 4400 2830 4456 dare
2885 4401 3146 4474 coegerit,
3203 4403 3406 4474 pariter
3461 4414 3516 4461 et
3564 4406 3632 4460 de
3671 4406 3740 4462 iis

2140 4507 2262 4563 pua
2289 4489 2529 4558 abstulit,
2564 4497 2618 4545 et
2640 4489 2709 4544 de
2736 4489 2802 4544 iis
2831 4506 2954 4560 qua
2982 4490 3190 4546 auferet
3211 4493 3342 4547 mihi
3401 4494 3492 4550 vel
3553 4495 3735 4565 vobis,

2139 4579 2268 4652 quia
2297 4585 2620 4636 vestramea
2649 4587 2798 4649 sunt,
2847 4578 2918 4633 ad
2965 4580 3138 4634 Deum
3187 4581 3439 4638 clamabo
3477 4591 3531 4639 et
3581 4584 3737 4654 judi-

2138 4668 2287 4724 cium
2305 4668 2426 4738 ejus
2454 4667 2745 4723 invocabo.
2776 4667 2898 4722 Non
2927 4683 3027 4723 vos
3057 4669 3221 4724 nimis
3272 4677 3510 4727 terreant
3561 4687 3738 4745 neque

2138 4757 2459 4828 perturbent
2487 4765 2781 4827 prasentes
2811 4755 3203 4824 tribulationes,
3237 4759 3364 4830 quia
3395 4759 3569 4816 ﬁdelis
3591 4762 3738 4817 Deus

2142 4846 2232 4916 qui
2263 4861 2377 4900 non
2409 4845 2650 4915 patietur
2679 4861 2777 4901 vos
2802 4845 2998 4900 tentari
3032 4862 3200 4918 supra
3232 4864 3393 4918 quam
3427 4849 3571 4906 ferre
3626 4867 3734 4922 po-

2139 4935 2346 4990 testatis
2369 4935 2418 5004 (I
2448 4935 2568 4990 Cor.
2601 4936 2788 5003 1915).
2827 4957 2850 4982 α
2887 4933 3281 4991 Confortamini
3312 4940 3364 4991 in
3397 4939 3634 4995 Domino
3682 4947 3738 4995 et

2135 5023 2193 5079 in
2223 5023 2466 5096 potentia
2493 5022 2705 5078 virtutis
2735 5024 2853 5094 ejus
2894 5025 3118 5096 (Ephes.
3175 5041 3252 5093 vr,
3313 5030 3425 5097 10).
3461 5050 3482 5076 υ
3547 5029 3733 5084 Finem

2137 5113 2289 5169 dabit
2317 5114 2465 5168 Deus
2492 5112 2577 5166 his
2601 5111 2781 5180 malis,
2815 5112 2907 5185 qui
2933 5128 3045 5168 non
3073 5114 3404 5185 derelinquit
3447 5124 3736 5189 sperantes

2131 5202 2189 5257 in
2219 5219 2298 5259 se.
2330 5201 2599 5258 Dominus
2629 5200 2972 5257 Baldewinus
2999 5203 3173 5259 Roma
3203 5204 3426 5261 rediens
3477 5207 3580 5263 hoc
3637 5223 3735 5263 re-

2130 5291 2249 5347 tulit
2277 5306 2310 5346 a
2337 5290 2558 5346 domino
2588 5306 2747 5362 papa,
2779 5290 2907 5363 quia
2935 5290 2988 5346 in
3020 5292 3252 5348 concilio
3295 5293 3441 5364 quod
3497 5294 3551 5350 in
3607 5312 3729 5368 pro~

2128 5379 2275 5436 xima
2303 5379 2742 5453 Quadragesima
2760 5379 3137 5436 celebraturus
3168 5388 3249 5438 est
3277 5381 3348 5438 de
3395 5391 3583 5440 nostro
3643 5401 3732 5442 ne-

2127 5469 2280 5543 gotio
2309 5468 2473 5526 faciet
2501 5467 2646 5542 quod
2675 5467 2746 5523 ad
2774 5469 3018 5538 ejusdem
3041 5470 3260 5527 concilii
3314 5473 3550 5544 accipiet
3594 5489 3733 5531 con-

2127 5557 2251 5616 silio
2285 5577 2301 5629 ;
2333 5559 2511 5616 ethoc
2556 5558 2738 5629 ipsum
2795 5558 2911 5630 regi
2957 5558 3255 5618 mandavit.
3282 5561 3478 5619 Precor
3533 5579 3631 5622 vos
3676 5572 3735 5620 ut
