4036 6072
228 324 329 384 233

1574 322 1701 383 LIB.
1733 326 1824 397 IV,
1855 318 2070 384 EPIST.
2102 320 2213 382 Lx.

3424 342 3526 402 23"

226 451 436 542 faciatis
464 450 594 506 mihi
624 450 784 542 scribi
813 449 1013 542 librum
1045 452 1158 509 Cur
1183 451 1354 542 442
1385 453 1528 542 Deus
1553 450 1733 542 hamo,
1765 455 1824 542 et
1855 452 1905 513 Α
1933 459 2306 542 nostrosquos
2358 467 2459 522 per
2484 469 2573 509 me
2599 455 2743 511 Deus
2797 467 2993 516 vestra
3048 465 3330 523 mandavit
3356 484 3522 542 cura,

223 540 585 612 deconceptu
615 540 903 611 virginali,
936 540 991 594 in
1045 556 1152 596 uno
1210 540 1500 610 volumine,
1541 540 1666 611 quia
1693 541 1821 598 volo

223 644 315 684 eos
344 628 554 683 mittere
609 628 831 683 domino
885 644 1068 699 papa,
1127 637 1181 684 et
1234 645 1428 699 precor
1480 637 1537 684 ut
1581 629 1702 684 talis
1731 644 1824 685 eos

221 717 441 785 scribat,
473 717 562 788 qui
593 725 778 787 aperte
832 724 885 770 et
938 717 1188 772 distincte
1241 717 1458 773 scribat.
1518 717 1724 773 Valete.
1755 718 1825 772 Et

220 822 382 878 quam
412 805 568 861 citius
596 812 898 876 opportune
926 805 1191 875 poteritis,
1248 806 1369 862 hac
1399 806 1579 874 facite,
1611 812 1664 861 e't
1693 806 1824 862 mihi

218 895 433 950 mittite.

785 981 1122 1040 EPISTOLA
1156 984 1288 1039 LVI.

330 1087 627 1128 HATHILDIS
672 1086 926 1128 Πλιιοιειε
972 1087 1043 1126 ΑΒ
1089 1088 1411 1129 PASCHALBM
1448 1089 1486 1128 ll
1516 1088 1713 1130 ΡΛΡΛΠ.

297 1169 648 1226 Sanctissimo
712 1178 765 1225 et
826 1170 1122 1225 venerabili
1187 1171 1241 1225 in
1298 1172 1507 1227 Christo
1565 1171 1705 1226 Patri
1762 1187 1827 1227 ac

226 1258 451 1315 domino
482 1259 772 1327 Pascmu,
803 1258 995 1328 prima
1050 1259 1195 1314 sedis
1242 1260 1484 1328 antistiti,
1516 1260 1825 1316 Marnths

221 1348 471 1415 marcisa,
502 1347 601 1402 Dei
631 1347 826 1419 gratia,
859 1348 903 1401 si
944 1348 1073 1418 quid
1114 1357 1213 1417 est,
1246 1357 1356 1403 tam
1387 1348 1631 1404 debitum
1663 1364 1825 1419 quam

220 1436 383 1492 ﬁdele
413 1436 574 1492 totius
603 1435 955 1505 subjectionis
986 1435 1325 1507 obsequium.

289 1527 438 1580 Inter
465 1525 571 1579 alia
600 1540 666 1579 ex
697 1524 890 1595 quibus
936 1526 1316 1595 paternitatem
1367 1534 1601 1583 vestram
1631 1540 1826 1598 rogare

212 1614 616 1685 prasumirnus,
649 1621 752 1669 etc.
788 1614 920 1671 Vide
952 1613 1109 1671 inter
1136 1615 1409 1688 epistola:
1428 1613 1723 1672 Paschalis
1755 1615 1821 1682 ΙΙ,

216 1704 291 1759 ad
312 1720 457 1760 ann.
490 1706 647 1759 1118.

752 1792 1088 1848 EPISTOLA
1131 1793 1287 1849 LVII.

471 1904 715 1945 ANSBLMI
750 1905 822 1945 AD
851 1905 1146 1945 HAIMONEH
1175 1904 1568 1946 VICBCOHITBN.

288 1989 593 2043 Axsnuws
659 1987 1114 2058 archiepismpus,
1191 1988 1436 2043 Hunos:
1518 1984 1824 2042 vicecomiti

219 2076 399 2131 amico
428 2092 525 2131 suo
555 2075 781 2130 salutem
812 2083 864 2130 et
891 2074 1349 2130 benedictionem.

293 2164 442 2221 Olim
483 2163 737 2219 mandavi
768 2163 925 2220 vobis
952 2171 1003 2218 et
1049 2172 1298 2233 precatus
1343 2180 1462 2218 sum
1509 2164 1646 2218 sicut
1683 2161 1826 2218 ami-

220 2269 345 2307 cum
376 2252 593 2307 ﬁdelem
632 2267 813 2307 meum
870 2260 922 2306 et
976 2251 1233 2307 Ecclesia
1290 2259 1509 2320 nostra,
1569 2259 1830 2323 quatenus

223 2349 521 2395 mercatum
554 2340 697 2410 quod
727 2340 797 2394 de
828 2347 966 2394 terra
1002 2348 1185 2395 nostra
1232 2340 1534 2395 mutavistis
1563 2340 1637 2395 ita
1666 2341 1827 2395 resti-

224 2429 445 2484 tueretis
472 2430 607 2484 sicut
635 2436 749 2484 erat
787 2429 1002 2499 quando
1044 2428 1112 2483 de
1140 2427 1336 2500 Anglia
1391 2428 1572 2492 exivi;
1606 2437 1658 2483 et
1688 2429 1828 2485 telo-

222 2533 387 2571 neum
418 2517 561 2587 quod
593 2516 876 2587 accepistis
906 2517 961 2570 in
1010 2516 1295 2571 Fordwick
1351 2516 1419 2571 de
1448 2517 1642 2572 nostris
1670 2517 1830 2571 rebus

221 2606 355 2660 mihi
388 2605 704 2669 redderetis,
738 2605 863 2675 quia
918 2620 1182 2675 nusquam
1241 2605 1295 2658 in
1354 2612 1465 2660 tota
1517 2604 1716 2677 Anglia
1744 2621 1830 2660 res

222 2702 423 2749 nostra
452 2692 753 2749 Dominica
783 2691 983 2747 debent
1038 2692 1323 2762 subjacere
1377 2692 1688 2764 hujusmodi
1739 2708 1831 2748 ex-

222 2781 547 2849 actionibus,
579 2790 633 2836 et
687 2781 924 2835 maxime
982 2780 1121 2835 inter
1174 2781 1453 2851 pr0priam
1509 2780 1829 2851 parochiam

221 2871 720 2940 archiepiscopatus
756 2869 921 2924 nostri
956 2886 970 2924 :
1030 2877 1082 2924 et
1111 2869 1290 2923 adhuc
1344 2869 1481 2923 sicut
1509 2869 1672 2924 audio
1702 2885 1831 2924 neu-

223 2971 367 3016 trum
399 2959 616 3014 fecistis.
649 2959 874 3029 Insuper
917 2966 1205 3028 postquam
1257 2972 1343 3013 res
1388 2965 1586 3013 nostra
1635 2957 1831 3028 quieta

224 3048 527 3104 debuerunt
556 3062 674 3102 esse
700 3062 869 3116 usque
897 3047 966 3100 ad
987 3047 1217 3101 reditum
1249 3062 1429 3101 meum
1459 3062 1525 3101 ex
1554 3054 1830 3117 pracepto

222 3138 395 3209 regis,
450 3135 699 3190 homines
752 3134 914 3191 vestri
981 3135 1256 3206 fregerunt
1312 3134 1535 3189 domum
1594 3141 1829 3190 nostram
1860 3150 1909 3215 Ο

220 3226 280 3281 in
310 3224 592 3291 Sandwik,
624 3232 677 3278 et
704 3223 881 3293 pisces
917 3231 1128 3277 nostros
1182 3222 1447 3277 violenter
1475 3222 1827 3293 abstulerunt,

222 3322 278 3370 et
308 3314 365 3368 in
394 3313 609 3368 civitate
665 3310 951 3365 Cantuaria
1007 3311 1171 3365 aliam
1229 3310 1451 3365 domum
1509 3320 1744 3366 nostram
1775 3313 1831 3366 in

222 3412 368 3458 terra
398 3409 580 3457 nostra
610 3400 905 3471 fregerunt,
939 3407 991 3454 et
1020 3398 1163 3468 quod
1194 3398 1336 3452 intus
1375 3406 1489 3453 erat
1545 3399 1830 3455 abstraxe-

218 3499 368 3545 runt.
402 3490 557 3560 Rogo
588 3488 754 3560 igitur
780 3504 897 3555 vos,
949 3486 1085 3541 sicut
1113 3486 1351 3542 amicum
1407 3487 1462 3540 in
1520 3502 1625 3557 quo
1655 3487 1830 3544 debeo

219 3577 518 3645 conﬁdere,
561 3585 619 3631 ut
656 3584 708 3631 et
754 3581 935 3630 nostra
983 3591 1104 3644 qua
1153 3575 1289 3629 sicut
1336 3574 1450 3629 dixi
1500 3573 1681 3629 ablata
1710 3584 1832 3631 sunt

218 3667 356 3722 mihi
416 3664 725 3733 restituatis,
785 3672 837 3719 et
892 3679 960 3717 ne
1016 3678 1104 3717 me
1170 3663 1347 3718 facere
1410 3662 1702 3718 clamorem
1760 3664 1830 3719 ad

217 3756 392 3809 alium
439 3752 668 3824 cogatis.
723 3753 845 3807 Non
892 3750 1067 3806 solum
1116 3750 1259 3804 enim
1306 3750 1438 3805 mihi
1488 3759 1541 3806 et
1569 3751 1829 3807 Ecclesia

215 3850 421 3897 nostra
450 3857 517 3896 ex
547 3849 723 3897 vestra
759 3846 913 3909 parte
961 3838 1169 3907 injuria
1217 3853 1324 3893 non
1362 3838 1562 3893 debent
1589 3839 1825 3907 evenire,

215 3931 316 3986 sed
347 3929 513 3985 etiam
544 3928 764 3983 aliunde
809 3926 1089 3981 venientes
1144 3926 1282 3981 sicut
1337 3926 1504 3995 scitis,
1565 3943 1686 3981 cum
1717 3942 1825 3997 po-

214 4018 389 4087 testis,
422 4016 631 4073 debetis
660 4015 939 4087 repellere.
971 4014 1182 4070 Valete.

745 4127 1084 4185 EPISTOLA
1112 4127 1296 4182 LVIII.

515 4233 753 4275 ANSBLHI
800 4233 871 4272 ΑΙ)
920 4232 1223 4272 BRNULFUH
1269 4229 1534 4274 ΡΒῙΟΒΒΠ.

286 4322 589 4375 ANSBLHUS
654 4315 1093 4385 archiepiscopus
1166 4314 1482 4369 Reverendo
1539 4313 1711 4383 fratri,
1771 4322 1824 4370 et

208 4423 383 4479 supra
411 4405 700 4461 dilectione
755 4404 1010 4472 amando,
1067 4402 1270 4458 domno
1323 4401 1491 4472 priori
1528 4403 1818 4471 ERNULFO,

1850 1796 1904 1858 Β

1929 539 2067 594 sicut
2093 540 2239 596 scitis
2267 549 2516 611 oportere
2544 551 2596 598 et
2624 544 2692 599 ad
2732 562 2821 601 me
2873 550 3159 621 pertinere,
3217 554 3312 626 pio
3341 566 3393 613 et
3421 539 3525 614 be;

1930 627 2096 699 nigno
2152 628 2344 684 affectu
2399 630 2645 701 salutate,
2704 642 2757 688 et
2810 638 3104 693 secundum
3144 643 3466 713 sapientiam
3497 664 3530 703 a

1931 716 2046 772 Deo
2075 717 2231 805 vobis
2259 718 2442 773 datam
2472 720 2827 777 consolamini
2873 733 2926 780 et
2953 728 3273 787 confortate.
3306 733 3374 788 Et
3402 737 3529 805 quia

1932 820 2042 859 non
2070 804 2174 875 ipsi
2203 814 2324 861 sunt
2377 807 2538 877 primi
2593 810 2732 864 servi
2788 812 2909 881 Dei,
2968 830 3067 870 nec
3094 818 3195 873 soli
3226 836 3324 876 nec
3352 804 3527 879 ultimi

1934 908 2069 963 quos
2099 894 2284 948 mundi
2326 894 2602 951 tribulatio
2646 900 2879 967 premit;
2914 910 2971 957 ut
3018 907 3269 977 exemplo
3300 910 3529 967 aliorum

1931 980 2247 1049 patientiam
2278 983 2674 1054 amplectantur
2726 988 3033 1059 frequenter
3085 994 3345 1052 intimate.
3375 1000 3531 1055 Ado-

1933 1067 2257 1126 lescentibus
2285 1080 2337 1127 et
2366 1072 2661 1129 infantibus
2716 1075 2964 1149 singulis,
3025 1081 3365 1141 familiariter
3393 1086 3530 1144 aﬁ'e-

1933 1165 2078 1212 ctum
2109 1159 2409 1216 dilectionis
2440 1178 2595 1229 mea,
2629 1180 2789 1235 quam
2820 1165 2927 1220 illis
2954 1169 3196 1225 solebam
3227 1175 3529 1247 ostendere,

1933 1253 1987 1300 et
2015 1262 2177 1317 quam
2232 1249 2409 1305 adhuc
2462 1266 2638 1319 servo,
2698 1256 3073 1311 commendate
3105 1276 3119 1319 ;
3154 1268 3211 1314 ut
3266 1278 3533 1321 memores

1933 1333 2039 1388 sint
2069 1336 2377 1391 monitionis
2433 1355 2590 1407 mea,
2650 1340 2984 1399 obsecrando
3043 1345 3272 1404 dulciter
3326 1363 3531 1425 ragate.

1934 1422 2110 1515 Lateri
2141 1426 2509 1515 prasentium,
2552 1428 2678 1497 quia
2706 1446 2853 1500 sape
2882 1439 2933 1486 et
2990 1435 3216 1490 multum
3244 1455 3345 1508 pro
3374 1422 3533 1515 lcga-

1934 1509 2169 1566 tionibus
2198 1514 2396 1568 nostris
2452 1514 2739 1586 laboravit,
2799 1519 3151 1578 benefacietis
3198 1525 3240 1580 si
3270 1509 3534 1600 pauperi-

1935 1607 2098 1653 tatem
2128 1600 2243 1669 ejus
2271 1601 2661 1673 aliquantulum
2683 1605 2872 1660 saltem
2904 1608 2974 1663 de
3000 1612 3272 1669 veteribus
3301 1619 3538 1675 vestibus

1932 1687 2334 1761 mitigaveritis,
2369 1698 2459 1745 aut
2488 1691 2596 1747 alio
2642 1692 2823 1764 aliquo
2855 1698 3040 1753 modo.
3076 1699 3282 1760 Valete.

2475 1801 2813 1859 EPISTOLA
2858 1806 2997 1862 LIX.

2169 1899 2413 1940 ANSELHI
2449 1900 2521 1940 AD
2560 1902 2919 1947 GUILLBLMUM
2948 1908 3292 1954 CALVELLUH.

2000 1981 2302 2069 Ansamus
2332 1983 2792 2056 archiepiscOpus,
2853 1989 3180 2050 GUILLBLuo
3218 1996 3531 2069 CALVBLLO,

1933 2067 2162 2123 salutem
2191 2078 2245 2125 et
2273 2070 2725 2129 benedictionem.

2005 2157 2196 2213 Adhuc
2244 2167 2295 2214 te
2341 2160 2517 2216 saluto
2555 2162 2692 2218 sicut
2739 2165 2974 2222 amicum
3021 2179 3074 2226 et
3119 2170 3311 2243 ﬁlium,
3361 2176 3537 2234 donec

1939 2260 2265 2317 cognoscam
2295 2264 2364 2302 an
2392 2249 2459 2303 sit
2496 2266 2632 2319 pura
2688 2260 2741 2308 et
2795 2254 3003 2311 sincera
3058 2260 3297 2317 amicitia
3326 2271 3434 2333 tua,
3467 2281 3537 2321 an

1938 2348 2065 2388 non.
2098 2335 2365 2390 Hactenus
2395 2337 2537 2391 enim
2585 2339 2665 2395 sic
2695 2347 2745 2395 te
2792 2342 3027 2399 habuisti
3077 2362 3207 2419 erga
3237 2350 3537 2409 Ecclesium

1937 2430 2176 2477 nostram
2207 2432 2259 2480 et
2288 2440 2395 2491 me,
2428 2433 2485 2481 ut
2521 2426 2753 2498 gratiam
2809 2430 2910 2486 Dei
2942 2432 3068 2489 inde
3125 2439 3316 2493 mereri
3374 2442 3536 2498 vide-

1938 2510 2091 2579 reris,
2149 2519 2201 2566 et
2256 2522 2494 2568 nostram
2550 2515 2845 2572 amicitiam
2904 2520 3150 2578 haberes.
3211 2526 3320 2583 Sed
3397 2547 3539 2587 nunc

1937 2597 2101 2653 audio
2131 2599 2256 2669 quia
2285 2610 2578 2657 mercatum
2609 2613 2849 2661 nostrum
2879 2608 2948 2663 de
2979 2616 3117 2666 terra
3145 2623 3328 2670 nostra
3355 2624 3536 2675 trans-

1938 2686 2123 2754 tulisti,
2156 2695 2210 2742 et
2238 2688 2371 2742 mihi
2403 2698 2455 2744 et
2479 2691 2742 2748 Ecclesia
2790 2694 2983 2751 Christi
3016 2701 3172 2754 matri
3203 2709 3311 2758 tua
3341 2706 3533 2763 abstu-

1937 2773 2063 2829 listi.
2097 2774 2294 2830 Omnia
2322 2777 2571 2848 ejusdem
2603 2780 2862 2838 Ecclesia
2891 2792 3050 2847 sunt;
3084 2796 3137 2842 et
3192 2807 3313 2860 qua
3342 2793 3536 2851 Eccle-

1936 2862 2032 2918 sia
2061 2872 2203 2933 sunt,
2235 2880 2358 2920 mea
2386 2875 2523 2921 sunt.
2558 2869 2750 2925 Moneo
2804 2871 2973 2943 igitur
3028 2883 3078 2931 te
3106 2883 3159 2932 et
3186 2895 3380 2947 precor
3405 2884 3543 2940 sicut

1936 2951 2142 3007 amicus
2197 2953 2452 3023 amicum,
2512 2964 2565 3010 et
2627 2957 2765 3013 sicut
2830 2961 3116 3033 episcopus
3182 2966 3540 3027 Christianum

1936 3037 2129 3107 ﬁlium,
2189 3049 2447 3110 quatenus
2501 3045 2748 3100 restituas
2806 3054 2960 3104 terra
3017 3059 3214 3109 nostra
3245 3067 3542 3115 mercatum

1938 3143 2114 3195 suum,
2148 3128 2283 3182 sicut
2312 3137 2425 3184 erat
2455 3133 2672 3200 quando
2728 3134 2798 3189 de
2825 3137 3021 3208 Anglia
3052 3140 3216 3209 exivi,
3248 3142 3291 3197 si
3323 3161 3431 3200 non
3462 3149 3542 3203 vis

1939 3214 2075 3268 iram
2105 3216 2203 3270 Dei
2244 3216 2549 3281 incurrere;
2610 3229 2662 3277 et
2717 3223 3011 3280 amicitiam
3069 3244 3267 3299 meam,
3301 3241 3353 3287 et
3383 3236 3542 3292 totius

1938 3303 2219 3393 Ecclesia,
2253 3321 2415 3374 quam
2445 3308 2701 3363 hactenus
2749 3311 2979 3367 habuisti
3009 3317 3274 3383 perdere;
3326 3329 3378 3376 et
3406 3339 3539 3393 gra-

1939 3391 2177 3446 vissima
2243 3394 2808 3465 excommunicationi,
2868 3416 2991 3454 cum
3047 3404 3131 3457 his
3169 3391 3541 3475 quorum—hoc

1939 3480 2058 3551 agis
2088 3480 2313 3536 consilio
2344 3489 2396 3535 et
2425 3481 2645 3552 auxilio,
2705 3485 3001 3554 subjacere.
3037 3491 3188 3546 Vale.
3222 3494 3290 3548 Et
3317 3500 3539 3556 consulo

1937 3575 1995 3621 ut
2024 3568 2168 3638 quod
2202 3568 2295 3623 tibi
2335 3569 2642 3625 amabiliter
2696 3575 2917 3644 mondo,
2979 3579 3341 3640 amicabiliter
3370 3586 3539 3644 facias

1937 3663 1988 3711 et
2017 3657 2134 3713 sine
2165 3658 2743 3718 excommunicatione.

2389 3775 2557 3842 443
2589 3775 2928 3834 EPISTOLA
2965 3781 3079 3838 LX.

2114 3875 2354 3917 ANSELMI
2390 3878 2462 3916 AD
2500 3879 2857 3923 GUlLLBLMUH
2893 3885 3365 3936 ARCHIDIACONUH.

2004 3959 2306 4014 ANSBLMUS
2335 3960 2792 4033 archiepiscopus,
2835 3966 3161 4027 GUILLuLuo
3190 3976 3535 4038 archidiaco-

1934 4060 2024 4112 no,
2056 4045 2285 4102 salutem
2314 4054 2367 4101 et
2394 4047 2846 4108 benedictionem.

2006 4134 2150 4189 Bona
2180 4151 2301 4204 qua
2333 4134 2509 4190 facitis
2539 4153 2662 4193 amo
2701 4148 2754 4195 et
2808 4141 3010 4207 laudo;
3044 4145 3090 4199 si
3121 4149 3250 4218 quid
3281 4166 3408 4209 vero
3438 4172 3535 4213 vos

1933 4237 2095 4294 agere
2125 4222 2286 4278 audio
2318 4223 2460 4293 quod
2492 4241 2588 4280 vos
2616 4242 2724 4281 non
2771 4226 2979 4300 deceat,
3038 4233 3141 4290 hoc
3168 4237 3324 4295 vobis
3355 4243 3535 4301 facere

1931 4326 2038 4365 non
2069 4311 2261 4366 debeo.
2296 4311 2427 4367 Puto
2458 4312 2585 4383 quia
2632 4315 2949 4372 meministis
3003 4337 3164 4391 quam
3218 4343 3441 4398 gravem
3480 4340 3535 4388 et

1931 4414 2092 4468 quam
2122 4398 2419 4454 districtam
2450 4416 2670 4456 causam
2717 4403 2846 4459 olim
2904 4406 3042 4463 inter
3069 4427 3156 4466 me
3193 4423 3245 4469 et
3271 4431 3370 4471 vos
3397 4434 3534 4475 con-

208 4497 445 4552 salutem
477 4501 530 4550 et
585 4491 1018 4548 benedictionem
1074 4489 1195 4560 Dei,
1254 4496 1307 4545 et
1362 4506 1513 4546 suam
1562 4499 1818 4562 quantum
1847 4507 1899 4569 D
1931 4486 2100 4541 stituit
2130 4487 2471 4542 familiaritas
2510 4496 2563 4544 et
2611 4494 2943 4550 conversatio
2990 4495 3130 4552 Petri
3177 4508 3231 4555 et
3276 4503 3532 4563 Salomo-

249 4593 413 4641 01881.

249 4602 413 4641 mest.

208 4602 248 4657 Ρ
283 4671 520 4728 Miseriis
547 4678 601 4727 et
630 4667 1066 4725 tribulationibus
1093 4683 1203 4723 non
1256 4669 1432 4725 solum
1488 4668 1696 4738 vestris,
1728 4669 1823 4724 sed

208 4771 264 4818 et
298 4760 466 4817 totius
511 4759 742 4832 Anglia,
803 4774 935 4828 quas
991 4757 1138 4813 fama
1191 4757 1409 4813 volante
1437 4757 1620 4812 multis
1647 4757 1826 4813 modis

207 4863 512 4922 cognosco,
545 4864 729 4903 meum
769 4854 849 4901 est
904 4845 1198 4901 secundum
1228 4854 1551 4917 prasentem
1582 4846 1823 4901 divinam

208 4935 633 5008 dispositionem
663 4935 841 4991 solum
870 4934 1127 5004 compati,
1150 4942 1201 4989 et
1221 4934 1386 4990 solius
1405 4934 1504 4989 Dei
1526 4942 1605 4989 est
1632 4934 1824 4991 subve-

206 5026 350 5081 nire.
384 5026 467 5081 De
497 5024 580 5080 his
611 5040 733 5095 qua
766 5038 897 5096 erga
926 5038 1013 5077 me
1059 5030 1201 5091 sunt,
1251 5038 1359 5077 non
1398 5021 1544 5077 aliud
1576 5022 1644 5076 ad
1673 5038 1823 5093 pra-

205 5130 339 5170 sens
366 5112 526 5169 vobis
555 5128 778 5184 possum
809 5111 1043 5166 scribere
1084 5126 1245 5181 quam
1276 5111 1418 5180 quod
1448 5126 1549 5181 per
1576 5109 1825 5167 Odonem

203 5202 653 5258 Londoniensem
675 5199 832 5256 vobis
862 5199 1138 5267 mandavi,
1163 5207 1215 5254 et
1237 5199 1381 5269 quod
1403 5199 1557 5255 latori
1579 5214 1825 5269 prasen-

205 5290 348 5346 tium
397 5290 529 5345 viva
575 5304 713 5345 voce
761 5287 1104 5344 referendum
1166 5285 1369 5341 dimisi.
1430 5286 1631 5341 Malum
1681 5287 1825 5357 quod

208 5377 548 5435 Guillelmus
577 5377 708 5433 facit
740 5376 809 5433 de
836 5374 1146 5443 Einesford,
1179 5382 1232 5430 et
1277 5382 1452 5430 certus
1480 5391 1598 5430 sum
1629 5376 1754 5446 quia
1782 5375 1826 5432 si

200 5468 332 5539 ipse
359 5482 470 5523 non
529 5466 749 5535 faceret,
809 5465 879 5520 ab
939 5463 1046 5520 alio
1076 5462 1245 5533 ﬁeret,
1307 5463 1530 5519 forsitan
1585 5463 1823 5536 gravius.

208 5555 576 5628 Exemplaria
604 5552 958 5627 epistolarum
1006 5568 1139 5624 quas
1193 5550 1317 5608 misi
1342 5551 1434 5625 (de
1487 5551 1572 5607 his
1602 5559 1831 5623 quatuor

207 5644 358 5703 mihi
406 5643 654 5702 notitiam
702 5642 893 5699 litteris
939 5641 1163 5715 fecistis)
1207 5640 1365 5701 vobis
1411 5640 1585 5698 mitto.
1618 5641 1830 5698 Fratres

461 5770 731 5838 Paxaea.
767 5767 963 5835 CLIX

1930 4575 2032 4641 nis,
2070 4592 2231 4644 quam
2260 4576 2547 4633 vobiscum
2604 4577 2925 4651 habuerunt,
2982 4593 3273 4657 postquam
3319 4594 3451 4648 mihi
3481 4606 3535 4654 et

1930 4663 2190 4719 Ecclesia
2222 4672 2438 4733 nostra,
2472 4673 2728 4735 quantum
2759 4666 2812 4721 in
2869 4668 3001 4739 ipsis
3058 4674 3175 4743 fuit,
3207 4681 3382 4735 conati
3412 4694 3536 4742 sum

1932 4754 2111 4808 facere
2140 4753 2525 4807 contumeliam
2557 4762 2609 4808 et
2648 4754 3025 4828 ignominiam,
3059 4762 3142 4816 cui
3171 4780 3359 4835 parem
3389 4789 3533 4827 nun-

1932 4857 2095 4912 quam
2126 4841 2195 4895 ab
2224 4840 2442 4895 homine
2470 4840 2582 4896 ullo
2639 4843 3004 4901 sustinuimus.
3036 4849 3190 4907 Nunc
3219 4855 3402 4927 utique
3431 4878 3534 4917 au-

1932 4930 2022 4985 dio
2053 4929 2179 4999 quia
2209 4929 2265 4982 in
2295 4930 2459 4984 domo
2491 4938 2669 4985 vestra
2725 4932 3063 4992 familiariter
3088 4940 3368 4999 vobiscum
3399 4965 3536 5005 con-

1931 5026 2213 5075 versantur
2242 5026 2294 5073 et
2322 5018 2514 5074 vestris
2552 5017 2829 5074 beneﬁciis
2858 5023 3090 5097 aluntur,
3124 5031 3212 5099 qui
3271 5035 3437 5091 veluti
3468 5041 3538 5096 de

1933 5106 2178 5163 efﬁcacia
2208 5123 2323 5161 sua
2353 5106 2649 5162 voluntatis
2695 5108 3021 5168 exsultantes
3048 5124 3102 5171 et
3129 5118 3308 5175 eidem
3337 5123 3536 5183 Eccle-

1932 5196 2027 5251 sia
2058 5195 2396 5263 insultantes,
2428 5195 2547 5264 ejus
2586 5197 2892 5266 aspectibus
2920 5216 2977 5255 se
3006 5205 3247 5272 quotidie
3275 5211 3345 5267 de
3373 5213 3537 5272 domo
3594 5243 3598 5248 ι

1934 5292 2113 5341 vestra
2142 5283 2395 5355 ingerunt
2424 5284 2494 5338 ad
2524 5289 3098 5346 commemorationem
3119 5293 3285 5354 illata
3306 5299 3534 5370 injuria.

1937 5371 2095 5441 Quod
2127 5372 2285 5442 quale
2341 5380 2393 5428 et
2451 5371 2681 5443 qualiter
2733 5377 3072 5444 pensandum
3128 5383 3215 5454 sit,
3254 5389 3541 5457 prudentia

1938 5468 2118 5518 vestra
2145 5475 2254 5515 non
2282 5459 2455 5516 solum
2486 5476 2587 5531 per
2612 5476 2670 5517 se
2725 5477 3074 5537 cognoscam,
3131 5473 3227 5527 sed
3283 5477 3444 5531 etiam
3474 5495 3543 5535 ex

1934 5548 2246 5619 supradicta
2301 5564 2491 5619 causa,
2551 5566 2672 5622 qua
2734 5550 2874 5607 inter
2917 5569 3006 5611 me
3060 5565 3113 5612 et
3167 5576 3264 5616 vos
3319 5563 3437 5633 fuit,
3489 5575 3543 5624 et

1935 5639 2113 5696 adhuc
2141 5637 2344 5711 scripta
2372 5639 2518 5711 apud
2564 5655 2663 5700 vos
2700 5646 2964 5714 servatur,
3010 5654 3188 5714 potest
3214 5650 3539 5722 conjectare.

3178 5770 3221 5831 8
