4024 6078
470 328 575 390 233

1038 312 1098 380 S.
1129 306 1392 374 ΑΝΕιΜΙ
1430 295 1767 362 CANTUAR.
1807 286 2083 355 ARCHIEI

2203 281 2315 348 'PP.
2350 287 2522 345 PARS
2550 287 2642 342 III.
2672 317 2745 327 —
2773 276 3155 343 EPISTOLE.

3666 274 3776 331 236

469 452 615 523 Quid
643 454 823 506 autem
851 445 979 501 inde
1005 439 1161 500 vobis
1216 429 1525 523 faciendum
1576 425 1665 496 sit,
1712 421 1933 480 ﬁdelem
1960 434 2057 477 sa-
2084 419 2141 482 Α
2168 413 2457 472 Waldrioo
2484 409 2808 469 cancellario
2836 417 2890 465 et
2916 406 3154 464 Roberto
3173 400 3370 460 comite
3396 401 3469 457 de
3492 399 3773 468 Mellento,

2180 512 2220 523 ,ι
2251 502 2473 523 nun---
2511 499 2756 523 4-..:r.--
2788 497 2929 523 ...η-,1
2961 493 3335 523 ΠΛ-ιΙΛρΔΔΙην-ἰ

472 519 737 613 pientiam
763 544 995 594 vestram
1024 526 1304 587 consulite.
1335 519 1546 577 Valete.

1010 628 1346 693 EPISTOLA
1373 624 1515 681 LXI.

731 741 974 787 ANSBLMI
999 741 1071 781 AD
1099 729 1440 779 GUNDULFUII
1467 723 1794 768 Βριεοοιιυιί.

540 852 843 904 ANSELNUS
897 837 1356 908 archiepiscopus,
1387 842 1515 886 vero
1563 823 1738 879 amico
1767 817 2063 877 reverendo

474 938 731 1009 episcopo
762 932 1093 996 Guanunro,
1125 923 1372 979 salutem.

540 1027 619 1080 De
649 1024 713 1077 iis
742 1036 863 1092 qua:
894 1032 1025 1089 erga
1072 1029 1158 1068 me
1186 1017 1308 1065 sunt
1361 1022 1469 1060 non
1525 1002 1674 1058 aliud
1729 998 1798 1055 ad
1828 1011 2067 1068 praesens

472 1128 691 1188 possum
720 1085 1139 1175 scribere'quam
1168 1097 1313 1170 quod
1331 1111 1430 1166 per
1449 1091 1698 1148 Odonem
1720 1085 2064 1143 Londonien-

466 1174 582 1260 sem
611 1197 925 1256 reverentiae
953 1174 1128 1251 vestra
1168 1183 1445 1250 mandavi,
1477 1189 1530 1237 et
1559 1178 1703 1250 quod
1732 1174 1889 1232 latori
1917 1188 2064 1245 prae-

472 1291 705 1347 sentium
761 1285 885 1340 viva
940 1294 1074 1338 voce
1147 1271 1489 1330 referendum
1563 1263 1831 1321 intimavi.
1890 1259 2065 1314 Audio

471 1379 616 1452 quod
646 1373 968 1431 Guillelmus
994 1368 1136 1423 ﬁlius
1163 1360 1377 1418 Rodulﬁ
1406 1356 1576 1428 exigit
1604 1370 1636 1409 a
1655 1353 1835 1424 priore
1865 1350 2065 1404 domno

469 1438 694 1524 Ernulfo
724 1474 993 1525 nummos,
1054 1469 1186 1526 quos
1242 1445 1537 1521 presbyteri
1594 1442 1767 1497 solent
1820 1438 1953 1492 dare
1999 1451 2064 1491 eo

471 1566 713 1626 tempore
744 1565 849 1621 quo
887 1524 1123 1601 chrisma
1179 1537 1469 1608 accipiunt,
1527 1531 1652 1604 quia
1700 1530 1813 1599 jam
1843 1524 2065 1595 expensi

469 1610 601 1700 sunt
646 1641 701 1695 in
757 1653 893 1708 opus
948 1627 1277 1696 monasterii,
1336 1632 1388 1680 et
1441 1637 1534 1677 eos
1572 1618 1661 1690 qui
1692 1617 1868 1672 adhuc
1897 1610 2062 1668 dandi

468 1740 610 1800 sunt,
641 1727 742 1783 nisi
773 1720 1089 1796 cognoverit
1116 1734 1203 1773 me
1232 1731 1324 1771 eos
1360 1714 1417 1767 in
1445 1712 1551 1766 hoc
1579 1723 1716 1778 Opus
1743 1702 2059 1760 concedere.

470 1773 618 1877 Scial
646 1817 812 1889 igitur
838 1772 1091 1866 Sanctitas
1118 1813 1295 1863 vestra
1324 1810 1377 1857 et
1414 1800 1482 1854 de
1534 1772 1639 1853 hoc
1695 1793 1858 1849 dicite
1913 1789 2062 1845 Guil-
2090 1772 2145 1833 Β

471 1908 635 1964 lelmo
665 1878 791 1975 quia
812 1907 1086 1972 quamtum
1108 1896 1161 1949 in
1184 1908 1270 1948 me
1298 1897 1395 1959 est,
1428 1895 1480 1942 et
1510 1887 1577 1940 de
1606 1886 1703 1939 hos
1731 1878 1991 1945 concedo,
2018 1885 2071 1932 et

472 1998 517 2052 si
546 1995 669 2066 plus
682 1966 914 2063 possem
961 1984 1333 2041 concederem.
1392 1976 1643 2031 Relatum
1673 1970 1803 2025 mihi
1834 1975 1916 2022 est
1944 1966 2069 2036 quia

474 2053 798 2141 Guillelmus
827 2074 1098 2131 Calvellus
1136 2075 1433 2125 mercatum
1480 2064 1549 2117 de
1579 2069 1719 2115 terra
1745 2065 1946 2123 nostra,
1978 2053 2071 2108 ubi

473 2173 611 2228 solet
663 2184 799 2236 esse,
858 2162 1141 2227 transtulit,
1202 2166 1254 2213 et
1309 2153 1440 2209 mihi
1497 2158 1549 2206 et
1587 2146 1845 2203 Ecclesiae
1875 2150 2071 2198 nostrae

476 2258 711 2316 abstulit.
743 2232 900 2312 unde
930 2251 1081 2305 illum
1113 2244 1296 2301 monui
1323 2251 1382 2297 ut
1419 2239 1564 2311 quod
1594 2236 1737 2291 male
1792 2233 1903 2305 egit
1958 2232 2074 2285 sine

476 2349 735 2404 dilatione
763 2342 1020 2412 corrigat,
1060 2351 1160 2408 per
1186 2331 1491 2404 epistolam,
1524 2341 1686 2398 quam
1715 2322 1880 2393 petite
1910 2320 1980 2374 ab
2009 2333 2074 2374 eo

474 2447 531 2494 ut
557 2436 714 2495 vobis
742 2408 1007 2489 ostendat.
1040 2427 1120 2481 De
1149 2439 1254 2494 qua
1301 2436 1357 2475 re
1386 2417 1587 2473 mando
1615 2422 1673 2468 ut
1701 2408 2073 2466 vicecomitem

473 2542 541 2583 ex
570 2532 751 2579 nostra
779 2527 936 2591 parte
966 2530 1089 2570 cum
1118 2526 1286 2567 uxore
1315 2523 1413 2562 sua
1441 2505 1552 2559 ﬁlia
1583 2510 1763 2557 nostra
1792 2497 2075 2553 salutando

474 2610 827 2676 conveniatis,
887 2614 1066 2674 atque,
1126 2616 1192 2654 ne
1248 2601 1385 2652 hanc
1442 2590 1598 2647 nobis
1654 2588 1907 2657 injuriam
1939 2583 2073 2650 ﬁeri,

474 2702 613 2755 sicut
641 2700 695 2752 in
725 2671 823 2750 illo
849 2671 1121 2748 confidere
1163 2685 1443 2750 debemus,
1501 2678 1795 2749 permittat,
1829 2671 2078 2744 rogando

476 2784 757 2843 moneatis.
792 2779 1055 2850 Quamvis
1084 2776 1228 2831 enim
1259 2772 1327 2828 ad
1383 2783 1623 2840 praesens
1678 2764 1916 2819 violenta
1945 2758 2076 2813 mihi

477 2872 875 2942 ﬁatinjustitia,
907 2884 1016 2923 non
1072 2873 1251 2919 tamen
1298 2858 1505 2929 judicio
1560 2855 1659 2909 Dei
1716 2867 1857 2918 mea,
1917 2862 2079 2919 quam

477 2966 597 3036 ipse
624 2941 916 3031 aliquando
947 2953 1181 3024 requiret
1235 2948 1374 3020 perit
1423 2943 1646 3015 justitia.
1696 2941 1907 2994 Monete
1938 2950 2079 3006 quo-

482 3024 588 3124 que
615 3024 737 3106 eum
770 3056 827 3101 ut
855 3044 1041 3101 audiat
1068 3042 1271 3096 litteras
1326 3052 1459 3107 quas
1488 3035 1557 3089 de
1586 3034 1685 3086 hac
1713 3044 1771 3084 re
1800 3025 1918 3080 misi
1951 3024 2081 3078 Cal-

482 3141 646 3200 vello.
682 3136 888 3192 Valete.

1020 3214 1359 3275 EPISTOLA
1390 3210 1556 3266 LXII.

484 3348 781 3395 PASCHALIS
837 3342 993 3385 PAPE
1047 3341 1118 3381 AD
1176 3334 1471 3378 ROBERTUM
1526 3328 1772 3371 COMITEH
1829 3325 1901 3366 DE
1939 3323 2084 3365 MEL-

1162 3427 1363 3468 LBNTO.

561 3533 864 3586 Pssumus
894 3523 1179 3594 episcopus
1208 3533 1392 3573 servus
1420 3525 1699 3568 servorum
1737 3506 1854 3565 Dei.
1891 3503 2090 3559 dilecto

491 3620 606 3676 filio
635 3620 918 3678 Roaaaro,
952 3608 1136 3665 comiti
1168 3607 1236 3661 de
1266 3604 1539 3669 Mellento,
1590 3599 1821 3654 salutem
1868 3602 1923 3649 et
1952 3607 2091 3663 apo-

494 3706 744 3762 stolicam
771 3697 1225 3756 benedictionem.

567 3795 681 3848 Nos
711 3800 760 3845 te
789 3789 844 3842 in
901 3782 1321 3841 familiaritatem
1378 3775 1686 3842 ascivimus,
1736 3780 1838 3828 etc.
1880 3770 2003 3827 Vide
2032 3769 2097 3825 in

499 3878 763 3940 Paschali
791 3878 856 3931 II.

1011 3962 1355 4024 EPISTOLA
1403 3960 1591 4016 LXIII.

681 4085 908 4129 HBNRICJ
940 4081 1100 4123 REGIS
1149 4074 1454 4119 ANGLORUM
1502 4073 1573 4112 AD
1602 4066 1922 4111 ANSELMUM.

578 4174 886 4236 Hasmcus,
918 4181 1013 4220 rex
1040 4160 1360 4233 Anglorum,
1417 4158 1704 4221 Ansawo,
1738 4146 2104 4206 Cantuariensi

509 4259 917 4331 archiepiscopo
947 4261 999 4309 et
1035 4248 1383 4306 dilectissimo
1414 4243 1575 4313 Patri,
1608 4241 1854 4296 salutem.

579 4325 778 4406 Notum
810 4325 965 4401 vobis
995 4339 1136 4396 facio
1166 4352 1253 4392 me
1301 4333 1650 4391 Guillelmum
1681 4330 1749 4384 de
1777 4325 2108 4382 Warelwast

510 4459 544 4496 a
575 4436 862 4495 festivitate
889 4429 1026 4486 santi
1056 4424 1332 4482 Michaelis
1359 4422 1429 4477 ad
1458 4436 1555 4476 vos
1609 4417 1821 4473 misisse
1879 4432 1891 4478 ;
1925 4421 1979 4469 et
2033 4412 2104 4466 il-

509 4530 619 4583 linc
647 4529 876 4580 Romam
906 4534 1005 4590 pro
1053 4512 1275 4587 negotio
1331 4517 1532 4576 nostro,
1566 4506 1711 4577 quod
1740 4520 1872 4575 erga
1899 4503 2102 4557 Roma-

510 4630 638 4672 nam
667 4612 851 4666 sedem
881 4608 949 4662 ad
1005 4604 1237 4661 invicem
1292 4614 1396 4672 ego
1453 4605 1505 4653 et
1559 4611 1656 4651 vos
1710 4591 1873 4649 locuti
1902 4606 2106 4657 sumus,

512 4702 612 4757 nisi
641 4696 880 4770 procella
912 4693 1073 4750 maris
1102 4700 1155 4747 et
1182 4698 1343 4746 aestus
1364 4696 1416 4743 et
1443 4693 1632 4742 ventus
1659 4680 1956 4738 contrarius
1984 4693 2109 4733 eum

513 4765 844 4845 detinuisset.
879 4784 1036 4838 Teste
1063 4779 1350 4838 Waldrico
1381 4772 1702 4832 cancellario
1733 4769 1878 4841 apud
1909 4765 2107 4822 Wice-

511 4876 782 4934 combam.

1038 4970 1376 5028 EPISTOLA
1404 4966 1591 5023 LXIV.

1134 5083 1205 5122 AD
1243 5078 1495 5121 BUHDBI.

586 5179 893 5243 Hanmcus,
916 5185 1010 5226 rex
1040 5166 1356 5238 Anglorum,
1389 5163 1677 5226 Assumo,
1700 5152 2109 5224 archiepiscopo

512 5261 903 5330 Cantuariensi,
933 5257 1161 5314 salutem
1191 5259 1246 5308 et
1272 5249 1583 5307 amicitiam.

585 5354 783 5412 Mando
812 5328 969 5407 vobis
996 5345 1135 5401 sicut
1170 5338 1486 5398 charissimo
1544 5334 1684 5390 Patri
1715 5347 1859 5401 meo,
1891 5339 1948 5387 ut
1976 5328 2109 5385 Bal-

512 5444 749 5502 devuino
776 5434 1044 5495 monacho
1070 5428 1359 5503 praecipias
1387 5432 1644 5497 quatenus
1661 5421 1778 5492 ipse
1796 5436 1921 5476 cum
1950 5416 2110 5475 Guil-

508 5536 674 5592 lelmo
703 5532 773 5586 de
793 5524 1130 5583 Warelwast
1146 5521 1375 5574 Romam
1404 5514 1461 5569 in
1498 5511 1776 5585 negotium
1814 5514 1993 5578 eat,ut
2010 5521 2111 5578 per

505 5631 795 5694 utrumque
819 5615 980 5673 ﬁrma
1006 5608 1231 5670 dilectio
1254 5612 1310 5664 et
1332 5620 1447 5676 pax
1494 5601 1634 5657 inter
1677 5614 1779 5655 nos
1805 5596 1918 5654 ﬁat.
1949 5595 2109 5651 Teste

2113 3124 2164 3192 C

2133 4475 2187 4535 D

2171 512 2227 560 et
2250 502 2478 559 Eudone
2507 499 2758 570 dapifero
2788 497 2934 568 apud
2961 493 3355 551 Pontefactum.

2702 583 3042 642 EPISTOLA
3070 582 3234 637 LXV.

2410 692 2651 735 ANSBLII
2677 692 2750 731 AD
2778 688 3081 730 ακυιωυι
3109 683 3530 726 BIORACBNSBI.

2243 772 2544 825 Ansanuus
2582 763 3046 835 archiepiscopus,
3077 757 3373 816 reverenda
3402 755 3778 828 archiepisco-

2173 873 2247 929 po
2278 858 2547 912 Gatuano
2576 852 2928 919 Eboracensi,
2969 849 3218 904 salutem.

2248 943 2505 1000 Charitati
2532 951 2724 998 vestrae
2770 954 2870 1011 pro
2928 934 3365 993 tribulationibus
3420 950 3554 1005 quas
3608 950 3780 1006 passa

2175 1042 2277 1103 est,
2325 1040 2612 1105 postquam
2661 1030 2729 1085 de
2757 1027 2957 1099 Anglia
3002 1025 3167 1093 exivi,
3199 1023 3448 1094 quamvis
3476 1039 3642 1093 opere
3668 1041 3777 1080 ne-

2176 1139 2372 1194 queam
2402 1122 2472 1176 ad
2500 1134 2743 1191 praesens
2798 1115 3060 1172 exhibere
3108 1111 3561 1181 consolationem,
3594 1120 3781 1169 mente

2177 1220 2357 1267 tamen
2386 1208 2624 1265 debitam
2655 1221 2787 1279 gero
2842 1202 3296 1274 compassionem.
3329 1198 3488 1268 Quod
3515 1208 3695 1257 autem
3725 1209 3784 1257 et

2175 1299 2359 1355 verbis
2386 1313 2486 1368 per
2514 1296 2712 1350 multos
2741 1300 2793 1349 et
2848 1291 3040 1348 vestris
3096 1289 3284 1344 litteris
3311 1296 3544 1343 vestram
3574 1289 3780 1345 volun-

2177 1396 2340 1443 tatem
2368 1386 2483 1441 zelo
2512 1383 2610 1439 Dei
2641 1380 2865 1438 accendi
2894 1387 3080 1435 contra
3126 1377 3271 1433 mala
3299 1392 3420 1447 quae
3448 1376 3505 1431 in
3531 1377 3786 1432 Ecclesia

2176 1476 2273 1531 Dei
2296 1475 2504 1531 fervent
2522 1481 2575 1529 et
2602 1470 2887 1542 pullulant,
2919 1466 3186 1538 intelligo,
3219 1466 3357 1520 sicut
3376 1464 3431 1519 in
3453 1465 3784 1522 adversitate

2175 1564 2460 1630 condoleo,
2491 1562 2563 1616 ita
2592 1560 2647 1615 in
2675 1561 2875 1615 virtute
2921 1554 3262 1627 congaudeo.
3296 1554 3491 1608 Precor
3516 1553 3697 1624 itaque
3726 1562 3787 1610 et

2174 1667 2369 1709 moneo
2398 1659 2457 1706 ut
2484 1650 2628 1704 bono
2647 1644 2927 1718 proposito
2949 1660 3057 1699 non
3086 1643 3224 1698 desit
3251 1642 3570 1711 constantia,
3602 1658 3787 1713 neque

2174 1756 2343 1811 usque
2372 1740 2443 1794 ad
2470 1737 2858 1808 perfectionem
2895 1732 3211 1804 pertingens
3239 1730 3656 1800 perseverantia.
3687 1730 3777 1785 Ad

2177 1829 2307 1900 quid
2336 1828 2483 1883 enim
2505 1841 2694 1881 sumus
2715 1823 2959 1894 episcopi
2979 1836 3144 1890 super
3162 1819 3262 1874 Dei
3281 1817 3545 1889 populum
3564 1818 3779 1873 consti-

2179 1917 2295 1986 tuti,
2326 1917 2369 1971 si
2401 1914 2555 1986 quasi
2585 1928 2746 1969 canes
2774 1926 2883 1966 non
2939 1910 3180 1967 valentes
3233 1907 3451 1975 latrare,
3482 1922 3781 1976 permane-

2179 2022 2300 2061 mus
2329 2004 2460 2058 muti
2481 2002 2509 2055 εἶ
2541 2002 2711 2071 Spero
2740 2000 2796 2053 in
2824 1999 2938 2053 Deo
2996 1997 3122 2067 quia
3169 1995 3422 2051 dominus
3450 2002 3635 2050 noster
3661 2010 3782 2063 rex,

2178 2095 2316 2149 sicut
2344 2093 2458 2162 ipse
2489 2090 2619 2144 mihi
2657 2090 2772 2143 Deo
2827 2086 3124 2156 inspirante
3177 2083 3461 2153 promittit,
3522 2084 3592 2138 ad
3622 2098 3790 2138 omne

2179 2183 2385 2237 bonum
2414 2178 2571 2234 nobis
2600 2177 2774 2231 bonus
2802 2175 3022 2243 adjutor
3068 2172 3324 2233 accedet;
3360 2186 3535 2243 neque
3565 2171 3608 2225 si
3637 2171 3792 2226 Deus

2181 2268 2529 2325 concordiam
2559 2267 2852 2334 incoeptam
2880 2269 3019 2317 inter
3067 2260 3220 2315 illum
3276 2267 3329 2315 et
3358 2275 3445 2315 me
3475 2258 3795 2332 dignabitur

2181 2355 2459 2429 perﬁcere,
2490 2354 2825 2424 aliquatenus
2854 2366 2886 2405 a
2914 2349 3140 2405 consilio
3169 2355 3352 2403 nostro
3382 2348 3437 2402 in
3466 2348 3533 2402 iis
3562 2364 3687 2418 qua:
3718 2348 3792 2402 ad

2183 2454 2425 2501 nostrum
2483 2442 2743 2498 Ordinem
2798 2438 3086 2510 pertinent,
3146 2436 3378 2492 recedet.
3440 2433 3791 2506 Quapropter

2184 2535 2253 2589 de
2282 2542 2463 2589 nostro
2518 2529 2737 2603 negotio
2794 2526 3285 2597 impraesentiarum
3342 2525 3478 2580 nihil
3515 2525 3664 2579 aliud
3694 2523 3789 2580 fa-

2186 2622 2346 2689 ciam,
2405 2621 2579 2674 donec
2634 2616 2989 2688 apostolicam
3044 2614 3098 2670 in
3154 2613 3404 2686 proximo
3459 2628 3793 2685 cognomm

2187 2710 2530 2767 sententiam.
2566 2706 2769 2763 Valete.

2604 2806 2777 2873 444
2809 2801 3145 2858 EPISTOLA
3182 2801 3369 2858 LXVI.

2187 2928 2428 2972 ANSELHI
2456 2928 2528 2968 AD
2576 2925 2876 2967 ERNULFUI
2921 2923 3167 2963 PRIORBM
3215 2923 3284 2962 ΒΤ
3312 2918 3489 2963 ιιιιιοε
3517 2920 3800 2963 80013818

2758 3010 3219 3052 CANTHARIENSIS.

2262 3092 2564 3146 ANSBLMUS
2585 3087 3046 3156 archiepiscopus,
3071 3085 3292 3140 domino
3312 3083 3478 3155 priori
3503 3084 3798 3153 ERNULPO,

2193 3188 2247 3236 et
2277 3178 2534 3234 fratribus
2564 3174 2932 3231 dilectissimis
2978 3172 3102 3228 ﬁliis
3131 3173 3388 3229 Ecclesiae
3418 3173 3618 3228 Christi
3647 3172 3800 3228 Can-

2195 3268 2496 3334 tuariensis,
2528 3266 2757 3320 salutem
2795 3272 2849 3318 et
2878 3262 3330 3318 benedictionem.

2267 3358 2371 3412 Pro
2400 3371 2561 3410 causa
2592 3369 2712 3423 qua:
2751 3360 2832 3408 est
2862 3352 3001 3406 inter
3055 3350 3335 3406 dominum
3390 3364 3577 3423 regem
3604 3357 3659 3405 et
3686 3365 3803 3419 me,

2193 3445 2311 3517 jam
2342 3446 2457 3515 ipse
2486 3459 2579 3498 rex
2609 3457 2736 3497 suos
2765 3448 2818 3496 et
2845 3455 2949 3512 ego
2979 3454 3129 3495 meos
3158 3439 3369 3510 legatos
3391 3439 3623 3494 Romam
3651 3438 3807 3493 misi-

2202 3552 2338 3590 mus.
2372 3532 2569 3588 Mando
2598 3531 2779 3600 itaque
2806 3528 2963 3585 vobis
2989 3537 3044 3583 et
3069 3542 3262 3597 precor
3290 3542 3387 3583 vos
3431 3535 3490 3582 ut
3543 3527 3814 3582 instanter

2202 3624 2377 3678 Deum
2405 3618 2590 3687 oretis,
2622 3626 2884 3689 quatenus
2910 3616 3027 3686 ipse
3082 3615 3245 3670 talem
3291 3613 3638 3671 concordiam
3666 3613 3813 3670 inter

2203 3710 2483 3766 dominum
2513 3722 2717 3778 papam
2744 3714 2799 3761 et
2824 3720 3009 3777 regem
3038 3712 3225 3774 ponat,
3258 3711 3316 3758 ut
3342 3718 3448 3775 ego
3475 3702 3627 3759 salva
3655 3716 3811 3758 reve-

2204 3799 2377 3855 rentia
2405 3795 2692 3853 voluntatis
2720 3794 2837 3863 ejus
2873 3791 3079 3862 possim
3116 3791 3327 3862 utrique
3355 3790 3714 3846 concordare.
3749 3789 3815 3847 Si

2204 3887 2488 3944 vobiscum
2507 3892 2588 3940 est
2605 3883 2841 3955 gaudeo,
2872 3888 2926 3936 et
2943 3887 3002 3936 ut
3018 3880 3063 3934 si
3085 3878 3314 3935 multum
3333 3878 3604 3934 desidero.
3628 3877 3815 3947 Quam

2209 3975 2364 4031 citius
2394 3974 2558 4046 igitur
2584 3977 2887 4041 opportune
2913 3967 3157 4039 potestis,
3215 3968 3414 4023 mando
3442 3974 3502 4021 ut
3529 3966 3662 4021 mihi
3692 3981 3820 4022 esse

2210 4071 2446 4119 vestrum
2475 4058 2633 4131 quale
2669 4058 2737 4113 sit
2791 4056 2979 4112 litteris
3032 4055 3224 4112 vestris
3277 4054 3576 4110 insinuetis.
3608 4052 3816 4109 Omni-

2211 4159 2405 4223 potens
2431 4150 2575 4203 Deus
2628 4161 2727 4204 vos
2771 4144 3058 4213 custodiat,
3107 4152 3162 4200 et
3206 4142 3262 4198 in
3306 4150 3493 4200 sancto
3518 4142 3819 4213 'proposito

2212 4235 2608 4311 perseverabile
2637 4233 2819 4303 faciat,
2842 4241 3004 4304 atque
3030 4230 3100 4287 ab
3129 4231 3381 4289 omnibus
3406 4230 3647 4303 peccatis
3673 4246 3818 4301 pro-

2212 4328 2433 4400 pitiatus
2460 4324 2722 4381 absolvat.
2755 4325 2947 4377 Amen.

2723 4407 3057 4467 EPISTOLA
3087 4408 3298 4465 LXVII.

2430 4517 2659 4558 HENRICI
2687 4515 2815 4556 ιιΕαι
2843 4514 3148 4555 ΑΝαιοιιυιί
3175 4514 3248 4552 ΑΙ)
3276 4511 3597 4555 ANSBLHUU.

2286 4613 2577 4667 HBchus
2632 4607 2732 4663 Dei
2788 4606 2966 4679 gratia
3017 4619 3114 4660 rex
3165 4602 3484 4676 Anglorum,
3541 4605 3826 4660 Δαεωο

2218 4699 2586 4757 Cantuariensi
2617 4694 3050 4767 archiepiscopo,
3108 4691 3305 4749 dilecto
3341 4691 3487 4747 Patri
3513 4707 3637 4762 suo,
3664 4691 3825 4747 salu-

2218 4798 2327 4846 tem
2355 4796 2409 4844 et
2435 4785 2801 4843 dilectionem.

2288 4876 2530 4933 Plurium
2556 4873 2817 4930 relatione
2859 4870 3169 4941 didicimus,
3199 4878 3254 4925 et
3306 4868 3548 4924 maxime
3573 4882 3675 4940 per
3701 4867 3831 4924 Ro-

2216 4968 2432 5024 bertum
2461 4964 2719 5021 clericum
2745 4960 3062 5018 cancellarii
3088 4959 3219 5028 mei,
3276 4973 3527 5014 rumores
3577 4958 3649 5012 de
3676 4971 3828 5027 apo-

2216 5056 2426 5124 stolico,
2459 5069 2711 5126 quorum,
2740 5051 2786 5106 si
2816 5050 2892 5106 ita
2918 5064 3004 5105 res
3034 5048 3201 5104 habet
3228 5054 3286 5103 ut
3342 5046 3514 5103 famat
3566 5043 3828 5115 ventilat,

2217 5146 2396 5203 doleo.
2430 5144 2496 5199 Et
2524 5140 2778 5213 quoniam
2798 5153 3057 5210 processu
3086 5136 3298 5192 dierum
3317 5133 3563 5208 exsurgit
3582 5132 3826 5202 crebior,

2217 5235 2384 5291 timeo
2414 5247 2482 5287 ne
2509 5230 2580 5286 sit
2606 5230 2803 5286 verior.
2836 5227 3035 5282 Dicunt
3054 5224 3201 5281 enim
3222 5224 3435 5293 Romae,
3464 5223 3611 5294 quod
3641 5220 3829 5278 absitl

2218 5325 2356 5379 duos
2383 5336 2500 5378 esse
2527 5317 2883 5391 apostolicos,
2923 5323 2978 5370 et
3031 5313 3102 5369 ad
3131 5312 3365 5369 invicem
3393 5311 3715 5368 bellicosam
3742 5324 3832 5370 se.

2217 5412 2477 5468 ditionem
2530 5409 2667 5463 inter
2693 5422 2755 5461 se
2789 5404 3052 5460 obtinere.
3075 5401 3233 5458 Unde
3263 5408 3313 5456 te
3342 5408 3595 5472 tuamque
3614 5398 3828 5455 sancti-

2217 5509 2382 5557 tatem
2410 5496 2633 5554 consulo
2664 5502 2724 5550 at
2750 5493 2883 5548 mihi
2915 5490 3119 5562 tibique
3163 5489 3477 5561 provideas,
3529 5485 3618 5542 cui
3647 5486 3830 5556 maior

2215 5605 2347 5664 pars
2372 5586 2534 5658 hujus
2561 5584 2805 5641 adharet
2819 5578 3046 5653 negotii,
3069 5577 3203 5651 quid
3229 5576 3505 5650 agendum
3530 5573 3607 5634 sit
3632 5572 3705 5632 de
3729 5574 3822 5635 le-
