4036 6072
172 294 269 356 237

1406 292 1532 355 LIB.
1582 287 1673 366 Iv,
1726 284 1941 352 errs‘r.
1993 285 2239 353 LXXIII.

3371 306 3471 358 238

170 424 311 497 gatis
338 424 533 481 nostris
559 425 617 480 in
645 425 806 496 hujus
830 424 1075 496 procella
1104 420 1380 494 temporis.
1405 420 1565 492 Quod
1594 421 1636 476 si
1669 420 1764 476 tibi
1795 421 1852 486 Α,
1878 436 1976 477 nos
2004 420 2321 478 obedienter
2345 421 2612 493 subjicere
2630 422 2894 481 voluntati
2923 433 3116 482 vestrae
3144 439 3472 481 recusamus.

171 513 421 571 videatur
438 513 569 569 utile
588 529 682 570 eos
701 514 930 570 retinere
950 528 1120 583 usque
1141 513 1199 567 in
1221 520 1431 582 tempus
1451 526 1771 583 congruum,

172 610 292 657 tunc
320 602 491 657 retine
522 601 894 670 Guillelmum,
926 610 979 658 et
1006 601 1158 656 mitte
1186 599 1319 654 mihi
1357 598 1614 655 citissime
1643 598 1771 654 Bal-

169 690 465 744 devuinum
512 690 582 746 de
628 691 891 759 Tornaco,
926 690 1251 745 monachum
1292 696 1460 757 tuum,
1488 702 1587 758 per
1614 702 1774 757 quem

176 778 269 832 tibi
303 778 628 834 familiarius
655 778 928 852 assignem
980 779 1049 833 de
1092 778 1312 834 secretis
1339 777 1535 832 nostris
1580 783 1634 831 et
1678 790 1779 845 per

173 867 428 922 eumdem
459 866 589 921 mihi
620 868 838 923 enuntia
865 867 998 938 quid
1029 867 1082 921 in
1113 868 1215 922 hac
1243 881 1300 921 re
1321 865 1453 920 mihi
1486 865 1775 921 tenendum

173 956 241 1010 sit
269 964 325 1011 et
355 955 659 1028 agendum;
691 956 737 1011 si
763 971 893 1012 vero
926 954 1021 1010 tibi
1050 955 1230 1025 placet
1275 970 1369 1009 eos
1414 954 1512 1021 ire,
1545 960 1597 1008 et
1627 961 1776 1009 tuum

171 1044 241 1099 sit
270 1044 580 1113 consilium,
612 1052 756 1112 eant,
788 1052 841 1099 et
869 1044 912 1097 si
944 1043 1047 1113 ipsi
1078 1042 1257 1111 ierint,
1290 1041 1425 1096 mihi
1454 1041 1606 1097 mitte
1634 1041 1778 1097 citis-

172 1133 310 1187 sime
358 1148 524 1187 unum
556 1132 624 1187 de
655 1131 1015 1187 familiaribus
1062 1131 1192 1200 tuis,
1242 1146 1342 1202 per
1386 1146 1548 1202 quem
1595 1137 1779 1185 nostra

172 1221 401 1277 consilia
431 1230 483 1276 et
511 1220 730 1294 negotia
759 1220 978 1277 alterius
1008 1219 1160 1276 alteri
1208 1220 1280 1275 ad
1325 1219 1558 1277 invicem
1608 1218 1775 1274 fami—

171 1309 381 1365 liariter
426 1309 782 1381 assignemus.
833 1310 989 1365 Teste
1018 1309 1254 1365 Roberto
1283 1309 1541 1380 episcOpo
1571 1307 1779 1364 Lincol-

173 1399 300 1468 niae,
335 1407 389 1454 et
416 1398 652 1456 Boberto
683 1397 883 1453 comite
911 1398 981 1453 de
1010 1397 1283 1454 Mellento.

673 1503 1015 1561 EPISTOLA
1050 1504 1290 1560 LXVIII.

592 1610 685 1650 GU]
692 1609 888 1650 LLBLMI
926 1609 1000 1649 ΑΙ)
1035 1608 1355 1650 ΑΝδΕιΗΠΠ.

245 1693 505 1761 Domino,
537 1700 591 1749 et
618 1693 862 1748 omnium
890 1691 1190 1747 amicorum
1237 1707 1456 1747 suorum
1503 1692 1780 1748 excellen-

1884 510 1943 564 In
1970 510 2166 581 quibus
2193 510 2383 566 litteris
2412 511 2549 566 illud
2589 511 2809 583 quidem
2857 513 3221 585 gratissimum
3270 514 3478 585 accepi,

1881 599 2029 669 quod
2058 598 2132 652 ibi
2161 599 2535 655 certitudinem
2592 600 2661 654 de
2716 609 2901 656 mutua
2952 601 3241 658 dilectione
3286 611 3479 660 vestrae

1883 687 2271 759 magnitudinis
2317 696 2369 743 et
2413 705 2549 744 meae
2588 689 2869 759 parvitatis
2899 689 3026 761 legi.
3058 689 3199 744 Nam
3229 692 3480 761 quamvis

1883 776 2208 831 conscientia
2237 777 2459 847 propria
2485 786 2539 833 et
2566 778 2935 847 experimento
2971 778 3086 848 jam
3137 778 3326 833 doctus
3354 780 3483 833 hinc

1885 879 1993 918 non
2019 879 2239 934 possum
2270 866 2536 935 dubitare,
2568 866 2741 921 dulcis
2770 874 2948 921 tamen
2982 868 3156 921 honor
3199 875 3250 922 et
3296 869 3478 922 hono-

1884 951 2071 1007 rabilis
2116 953 2349 1009 dulcedo
2396 955 2527 1008 mihi
2575 963 2674 1025 est,
2705 971 2829 1012 cum
2886 963 3062 1010 tantus
3118 955 3326 1012 tantillo
3377 958 3482 1011 hoc

1887 1039 2140 1112 dignatur
2168 1043 2445 1099 mandare.

2406 1139 2742 1197 EPISTOLA
2778 1142 2951 1198 LXX.

2276 1243 2515 1285 ANSELMI
2560 1246 2632 1284 AD
2670 1245 2741 1285 ἸἮ
2748 1246 3066 1287 Βουοιιιουιί
3075 1272 3086 1285 .

1954 1325 2260 1381 ANsaLuus
2279 1325 2736 1397 archiepiscopus,
2760 1327 3120 1384 Tunonoruco
3150 1327 3261 1385 ﬁlio
3286 1330 3483 1387 charis-

1885 1411 2044 1480 simo,
2076 1413 2303 1468 salutem
2334 1422 2385 1469 et
2413 1414 2846 1471 benedictionem
2875 1416 2993 1471 Dei.

1958 1500 2150 1556 Dulcia
2179 1509 2302 1557 sunt
2330 1502 2463 1556 mihi
2491 1502 2657 1560 verba
2703 1504 2949 1574 epistolae
2994 1514 3118 1576 tuae,
3150 1507 3279 1578 quia
3308 1507 3481 1564 dulcis

1886 1598 1965 1646 est
1990 1590 2123 1644 mihi
2154 1588 2374 1645 affectus
2398 1591 2610 1647 dilecta:
2654 1592 2786 1647 mihi
2833 1594 3031 1650 animae
3078 1601 3204 1665 tuae,
3236 1596 3308 1651 ad
3336 1597 3485 1668 quod

1888 1679 2367 1734 demonstrandum
2407 1694 2515 1734 non
2558 1696 2695 1751 Opus
2721 1689 2802 1737 est
2826 1682 3126 1752 immorari,
3153 1684 3283 1755 quia
3310 1694 3487 1741 certus

176 1784 388 1839 tissimo
433 1786 702 1839 Ausum
726 1824 740 1849 ,
797 1798 937 1837 unus
983 1795 1053 1836 ex
1097 1781 1267 1836 sesz
1292 1779 1422 1849 suis,
1471 1788 1524 1836 ει
1569 1780 1776 1835 utinam
1805 1770 1858 1833 Β
1886 1783 2005 1822 sum
2031 1766 2179 1839 quod
2218 1782 2312 1822 cor
2352 1784 2534 1822 meum
2585 1785 2716 1841 erga
2767 1778 2817 1826 te
2844 1770 2995 1826 novit
3022 1772 3350 1827 conscientia
3374 1782 3483 1829 tua.

180 1872 441 1927 minimus
469 1886 748 1928 servorum
780 1870 897 1939 Dei,
931 1870 1311 1935 Gnunnuus,
1352 1868 1559 1939 optatae
1600 1868 1789 1923 salutis

182 1960 469 2033 gaudium.

254 2050 382 2104 Non
431 2057 511 2103 est
559 2056 797 2103 nostrum
847 2047 918 2101 de
962 2046 1169 2101 meritis
1214 2053 1519 2102 sanctorum
1549 2045 1787 2102 virorum

182 2137 468 2205 extollere,
500 2151 600 2191 nec
628 2136 816 2191 laudes
845 2150 1030 2190 eorum
1062 2142 1316 2203 atterere,
1364 2134 1461 2190 sed
1508 2135 1653 2189 Deus
1698 2134 1792 2206 qui

183 2225 456 2298 gloriatur
500 2224 556 2278 in
609 2223 806 2278 sanctis
843 2223 954 2278 suis
981 2231 1035 2278 et
1062 2222 1147 2277 cui
1177 2237 1339 2278 omne
1367 2238 1462 2278 cor
1487 2230 1653 2295 patet,
1685 2238 1791 2279 no-

181 2315 260 2369 vit
289 2321 496 2384 quanta
523 2313 594 2368 sit
622 2311 839 2367 devotio
884 2311 1205 2366 humilitatis
1251 2319 1449 2366 nostra
1494 2312 1550 2367 in
1596 2312 1790 2380 Deum,

183 2409 460 2473 quantave
507 2399 673 2455 animi
722 2398 1006 2454 affectione
1061 2399 1234 2470 diligo
1290 2399 1495 2455 bonum
1532 2409 1789 2456 vestrum.

186 2492 301 2545 Nec
331 2488 625 2543 immerito.
665 2488 787 2543 Non
844 2494 924 2542 est
978 2486 1120 2541 enim
1177 2486 1313 2541 mihi
1368 2488 1701 2559 incognitum
1750 2488 1795 2543 si

186 2578 319 2648 quid
350 2578 493 2632 foret
521 2576 577 2629 in
605 2591 696 2630 me
722 2574 809 2631 vel
832 2573 1140 2641 minimum,
1163 2590 1327 2645 quam
1347 2575 1518 2632 nimio
1545 2576 1660 2632 zelo
1681 2591 1794 2631 am-

186 2664 567 2737 plecteremini
596 2664 800 2719 bonum
830 2678 1032 2718 meum.
1058 2662 1167 2718 Sed
1196 2664 1452 2734 quoniam
1484 2664 1553 2718 de
1579 2664 1795 2719 merito-

188 2771 312 2810 rum
341 2768 588 2809 meorum
618 2752 878 2823 qualitate
906 2750 1115 2820 diﬁido,
1146 2751 1411 2806 immundi
1457 2751 1654 2807 etenim
1701 2754 1797 2808 ho-

186 2843 354 2897 minis
392 2841 676 2896 immunda
703 2848 782 2895 est
810 2839 1002 2908 oratio,
1034 2838 1265 2911 genibus
1310 2854 1375 2895 ac
1418 2839 1651 2910 pedibus
1694 2857 1795 2897 ve-

186 2933 311 2987 stris
359 2931 515 3002 quasi
558 2929 867 2995 advolutus,
908 2944 1072 2999 quam
1121 2927 1391 2984 obnoxius
1435 2943 1655 2998 possum
1698 2945 1796 2985 vos

187 3022 475 3090 deprecor,
499 3019 544 3073 si
572 3034 811 3089 unquam
842 3018 911 3073 de
938 3032 1027 3072 me
1055 3017 1298 3089 gaudere
1324 3016 1624 3085 volueritis,
1648 3027 1797 3073 orate

1892 1856 2120 1912 Litteras
2147 1873 2283 1927 quas
2310 1857 2509 1928 quaeris
2542 1858 2686 1929 regis
2710 1859 2780 1913 ad
2805 1874 3011 1929 papam
3040 1875 3147 1917 non
3187 1860 3279 1915 tibi
3312 1862 3486 1934 mitto,

1893 1945 2022 2014 quia
2068 1961 2177 2000 non
2227 1944 2474 2017 intelligo
2512 1946 2643 2001 utile
2667 1962 2784 2002 esse
2829 1946 2874 2002 si
2924 1956 3218 2004 serventur.
3268 1948 3324 2004 Si
3354 1951 3489 2022 quid

1894 2032 2041 2087 aliud
2066 2034 2291 2103 juvante
2316 2034 2430 2089 Deo
2458 2034 2744 2104 scripsero,
2771 2052 2867 2092 suo
2898 2044 3142 2106 tempore
3168 2039 3490 2095 monstrabi-

1896 2128 1998 2175 tur.
2028 2120 2185 2190 Quod
2234 2130 2414 2176 autem
2450 2122 2504 2176 in
2532 2123 2686 2177 libris
2732 2140 2868 2194 quos
2907 2124 3188 2195 scripsisti,
3220 2126 3486 2199 corrigis:

1898 2208 1984 2264 fac
2010 2218 2067 2264 ut
2094 2210 2137 2263 si
2163 2210 2255 2281 qui
2285 2226 2352 2265 ex
2377 2210 2487 2265 illis
2516 2212 2818 2282 transcripti
2863 2220 3005 2281 sunt,
3038 2213 3093 2266 in
3124 2212 3234 2269 illis
3278 2230 3495 2287 quoque

1898 2297 2215 2369 corrigatur.
2240 2299 2528 2354 Desideras
2552 2308 2606 2354 tu
2632 2300 2976 2369 praesentiam
3007 2317 3218 2366 meam;
3246 2304 3496 2360 ostendat

1900 2386 1995 2441 tibi
2026 2387 2169 2443 Deus
2196 2388 2543 2457 praesentiam
2588 2404 2762 2458 suam,
2794 2397 2847 2445 et
2876 2389 3087 2445 interim
3130 2390 3336 2447 habitet
3361 2391 3415 2447 in
3445 2400 3499 2449 te

1898 2489 1997 2544 per
2024 2475 2256 2546 gratiam
2286 2492 2460 2531 suam.
2492 2479 2682 2532 Amen.

2412 2564 2755 2621 EPISTOLA
2792 2566 2994 2623 LXXI.

2138 2668 2377 2711 ΑΝεΒιιίΙ
2422 2670 2495 2709 ΑΙ)
2537 2668 2876 2712 ϐυκυυιιτωί
2932 2672 3257 2717 ΕΡΙΒΟΟΡῸἮ.

1970 2751 2270 2805 ΑΝεΒιυυε
2336 2750 2804 2822 archiepiscopus,
2873 2754 3169 2811 reverenda
3240 2756 3501 2828 episcopo

1904 2837 2238 2906 Gunnvnro,
2270 2838 2519 2894 salutem.

1975 2927 2225 2982 Precatus
2252 2943 2371 2982 sum
2401 2927 2663 2984 domuum
2690 2929 2949 2999 priorem,
2977 2939 3030 2986 et
3058 2932 3499 2989 archidiaconum

1902 3023 2141 3070 nostrum
2198 3023 2399 3086 quanto
2455 3014 2650 3071 affectu
2698 3032 2942 3087 possum,
2985 3026 3043 3075 ut
3089 3021 3249 3091 hujus
3277 3020 3500 3078 Roberti

187 3109 445 3165 attentius
481 3123 582 3177 pro
631 3106 796 3162 fratre
837 3121 960 3161 meo
1004 3104 1291 3161 Gaufrido.
1345 3104 1470 3161 Scio
1512 3105 1655 3160 enim
1696 3122 1796 3175 per
1823 3123 1873 3186 ο
1901 3118 2087 3157 curam
2122 3102 2374 3172 habeant,
2408 3118 2475 3159 ne
2502 3104 2672 3159 ullam
2721 3105 2912 3160 duram
2957 3107 3196 3176 patiatur
3238 3108 3498 3181 indigen-

190 3197 293 3254 Dei
353 3196 785 3251 misericordiam
841 3194 997 3248 illum
1050 3192 1371 3263 adepturum
1421 3193 1792 3249 remissionem

192 3294 541 3358 peccatorum
568 3283 913 3355 quandoque,
958 3282 1003 3337 si
1048 3296 1116 3337 ex
1160 3289 1271 3337 toto
1312 3297 1412 3352 pro
1456 3297 1521 3338 eo
1568 3282 1639 3337 ad
1684 3283 1791 3339 Do-

190 3377 405 3430 minum
458 3372 838 3428 clamaveritis.
878 3372 993 3425 Nec
1039 3370 1097 3424 id
1144 3370 1267 3426 dico
1313 3369 1429 3426 sine
1472 3386 1663 3434 causa;
1694 3370 1791 3427 sed

185 3464 405 3519 interim
435 3460 664 3516 sufﬁciat
708 3459 865 3515 vobis
915 3458 1064 3529 quod
1118 3459 1459 3528 praemissum
1486 3468 1585 3527 est,
1619 3459 1793 3515 donec

183 3550 578 3608 conveniamus
606 3549 663 3603 in
690 3564 876 3603 unum.
913 3547 1072 3602 Plura
1117 3547 1315 3602 etenim
1363 3548 1431 3603 de
1477 3549 1582 3603 hoc
1622 3556 1675 3603 et
1722 3547 1791 3603 de

184 3641 311 3695 aliis
368 3655 493 3709 qua:
542 3637 741 3693 vellem
794 3637 977 3691 dicere
1018 3635 1202 3703 vobis,
1251 3636 1597 3706 supersedeo,
1661 3637 1791 3707 quia

184 3728 375 3784 omnia
406 3737 652 3796 tempora
698 3740 794 3779 sua
842 3723 1082 3791 habent;
1113 3723 1209 3778 sed
1234 3723 1487 3794 quoniam
1515 3724 1712 3781 videtis
1734 3725 1791 3781 in

184 3816 481 3887 naufragio
531 3813 709 3868 fratris
766 3828 854 3868 me
909 3811 1289 3867 miserabiliter
1352 3812 1786 3885 naufragantem,

182 3905 496 3961 orationum
523 3909 819 3958 vestrarum
866 3899 1052 3955 tabula
1090 3900 1344 3955 sustinete
1370 3901 1786 3973 periclitantem,

180 4001 244 4048 ut
284 3992 381 4063 qui
431 3991 525 4046 diu
569 3989 745 4059 culpis
797 3988 993 4044 nostris
1048 3987 1390 4058 exigentibus
1444 3989 1790 4062 naufragium

188 4079 564 4145 sustinuimus,
587 4077 926 4149 fquandoque
952 4075 1143 4132 vestris
1177 4076 1430 4146 precibus
1460 4086 1677 4149 portum
1706 4094 1792 4134 sa-

183 4168 315 4225 lutis
338 4166 553 4240 ingredi
586 4174 766 4224 tenere
788 4180 1113 4221 mereamur.

704 4270 1048 4329 EPISTOLA
1084 4272 1291 4329 LXIX.

503 4376 742 4419 ANSBLII
778 4377 850 4416 AD
887 4376 1120 4419 ODONBH
1158 4377 1485 4418 BPISCOPUI.

1901 3190 2031 3244 tiam
2062 3191 2115 3244 in
2142 3191 2289 3246 victu
2315 3191 2401 3246 vel
2432 3192 2663 3255 vestitu;
2709 3210 2817 3263 quo
2867 3194 2936 3250 de
2979 3195 3210 3265 perﬁdia
3251 3197 3323 3252 ad
3352 3213 3497 3255 verm

1898 3280 2067 3346 445
2100 3277 2226 3333 ﬁdei
2255 3278 2682 3335 misericordiam
2712 3289 2765 3336 et
2790 3281 3047 3351 pietatem
3078 3300 3368 3341 conversus
3396 3293 3495 3342 est.

1898 3366 2053 3438 Rogo
2083 3366 2265 3437 itaque
2292 3375 2350 3422 ut
2378 3367 2580 3423 litteras
2610 3384 2743 3438 quas
2798 3369 2906 3424 illis
2961 3371 3081 3425 misi
3123 3373 3337 3444 legatis,
3371 3382 3424 3429 et
3450 3374 3496 3429 si

1897 3453 1976 3508 illi
2007 3454 2301 3525 aliquando
2341 3456 2485 3525 quod
2514 3455 2622 3510 illis
2649 3457 2871 3523 mando,
2922 3458 3100 3514 facere
3135 3460 3494 3532 neglexerint,

1898 3543 2045 3613 quod
2088 3558 2197 3599 non
2236 3544 2419 3611 credo,
2449 3560 2548 3600 vos
2576 3560 2643 3599 ex
2668 3545 2863 3600 nostris
2891 3545 3070 3616 rebus,
3100 3548 3195 3619 pia
3223 3548 3497 3606 hilaritate

1896 3632 2023 3687 huic
2053 3632 2199 3703 quod
2229 3632 2309 3686 illi
2340 3632 2510 3687 deerit
2536 3633 2853 3703 suppleatis.

2386 3733 2729 3791 EPISTOLA
2767 3736 2987 3794 LXXII.

2319 3837 2560 3879 ANSBLMI
2614 3838 2685 3878 AD
2740 3840 3050 3883 GUIDONBI.

1967 3924 2269 3977 Arzssums
2298 3921 2757 3991 archiepiscopus,
2790 3921 2986 3979 dilecto
3028 3923 3140 3981 ﬁlio
3188 3941 3306 3997 suo,
3351 3926 3492 3985 Gm-

1896 4024 2053 4078 nom,
2085 4008 2311 4063 salutem
2342 4017 2395 4063 et
2421 4007 2854 4065 benedictionem
2884 4012 3003 4066 Dei.

1966 4097 2143 4152 Audio
2170 4096 2318 4166 quod
2363 4096 2417 4149 in
2456 4111 2593 4165 pace
2639 4104 2693 4151 et
2739 4099 3125 4169 tranquillitate
3160 4104 3495 4160 conversaris

1898 4186 1954 4240 in
1983 4184 2214 4240 claustro
2270 4190 2324 4239 et
2377 4182 2638 4238 sollicitus
2686 4200 2743 4239 es
2788 4186 2931 4241 circa
2986 4188 3263 4245 servitium
3293 4190 3394 4246 Dei
3443 4200 3500 4247 et

1898 4273 2126 4329 salutem
2164 4271 2362 4326 animae
2394 4279 2517 4339 tuae,
2550 4280 2602 4327 et
2630 4271 2758 4328 inde
2805 4274 3019 4345 gaudeo
3075 4276 3255 4331 valde.
3303 4278 3497 4335 Moneo

1897 4363 2081 4433 itaque
2136 4369 2206 4431 te,
2265 4359 2615 4429 charissime,
2646 4360 2773 4416 licet
2817 4377 2954 4432 opus
2983 4379 3089 4418 non
3118 4364 3204 4433 sit,
3237 4374 3501 4436 quatenus

260 4459 581 4518 Revercndo
601 4467 655 4514 et
675 4458 895 4515 domino
914 4458 1283 4529 dilectissimo,
1306 4459 1563 4530 episcopo
1580 4458 1788 4532 Onam,
1820 4471 1875 4533 1)
1904 4450 2167 4506 mundum
2195 4457 2247 4504 εἴ
2276 4464 2339 4504 ea
2368 4465 2491 4519 qua?
2516 4449 2701 4504 mundi
2732 4458 2853 4505 sunt
2882 4450 2952 4505 ab
2981 4452 3163 4508 animo
3196 4461 3283 4509 ίυο
3311 4455 3503 4524 procul

183 4549 359 4607 frater
385 4552 712 4617 Aivsnnuus,
758 4548 835 4603 sic
882 4547 1107 4603 transire
1146 4563 1246 4618 per
1271 4547 1416 4604 bona
1450 4551 1790 4622 temporalia,

181 4646 243 4695 ut
273 4636 488 4694 habitet
518 4637 575 4692 in
603 4636 835 4693 aeternis.

254 4728 373 4799 (47)
415 4727 643 4782 Litteras
688 4740 822 4798 quas
867 4731 1099 4797 paterna
1144 4732 1323 4781 vestra
1381 4726 1644 4785 celsitudo
1689 4745 1791 4800 pro

178 4832 282 4873 suo
327 4814 480 4871 ﬁdeli
529 4814 774 4872 Osberno
818 4814 1073 4870 defuncto
1120 4814 1252 4869 mihi
1301 4823 1353 4871 et
1402 4816 1656 4872 fratribus
1695 4834 1790 4875 no-

178 4906 311 4962 stris
357 4904 526 4974 misit,
558 4903 751 4959 humili
798 4902 1140 4972 obedientia,
1193 4911 1245 4959 et
1290 4903 1563 4962 obedienti
1601 4906 1787 4962 humi-

177 4994 339 5050 litate
364 4992 722 5064 suscepimus.
763 4990 911 5048 Nihil
964 4990 1111 5048 enim
1158 4990 1405 5063 petitioni
1442 5002 1637 5051 vestrae
1685 4995 1787 5053 de-

177 5082 457 5140 crevimus
488 5082 796 5155 denegare;
855 5080 952 5136 sed
1007 5079 1063 5135 in
1110 5079 1516 5153 quibuscunque
1563 5082 1796 5142 dilectis-

176 5173 326 5226 simo
358 5170 586 5228 domino
636 5179 690 5226 et
735 5168 1083 5226 dilectissimo
1108 5169 1252 5224 Patri
1280 5168 1647 5227 obediendum
1691 5181 1791 5243 est,

172 5259 418 5330 iussioni
464 5268 659 5317 vestrae
702 5257 985 5314 statuimus
1032 5256 1426 5328 obtemperare.
1465 5259 1600 5314 Cum
1648 5260 1793 5316 enim

178 5364 283 5405 vos
316 5349 424 5404 hoc
451 5347 711 5404 meruisse
759 5346 1063 5404 dilectionis
1109 5354 1163 5402 et
1203 5344 1588 5403 beneﬁciorum
1617 5349 1792 5419 pretio

177 5450 606 5510 cognoscamus,
644 5436 809 5492 nimis
858 5451 958 5493 nos
1009 5435 1316 5508 arguendos
1362 5435 1712 5508 ostendimus,
1744 5438 1789 5494 si

1904 4539 2149 4611 abjicias,
2177 4554 2276 4593 nec
2306 4545 2358 4593 te
2398 4538 2469 4592 ad
2509 4553 2750 4594 amorem
2805 4537 2924 4608 ejus
2974 4539 3241 4596 ullatenus
3295 4542 3497 4598 ﬂectas.

1903 4629 2076 4683 Deum
2132 4643 2255 4681 ama
2310 4627 2468 4697 eique
2514 4625 2741 4680 sollicite
2778 4627 2938 4695 servi,
2970 4628 3099 4698 quia
3137 4645 3238 4699 per
3268 4631 3501 4702 gratiam

1901 4717 2017 4788 ejus
2045 4731 2321 4786 nunquam
2354 4722 2554 4769 tantam
2593 4714 3049 4784 opportunitatem
3080 4716 3334 4787 habuisti,
3366 4719 3506 4778 sicut

1899 4804 2063 4861 modo
2093 4804 2263 4859 habes
2291 4804 2340 4859 ei
2370 4801 2658 4858 serviendi.
2702 4802 2841 4858 Petis
2869 4803 3264 4862 absolutionem
3295 4823 3494 4879 meam,

1898 4910 2061 4967 quam
2092 4909 2196 4966 ego
2227 4892 2382 4948 mitto
2412 4891 2528 4947 tibi.

2380 4993 2722 5052 EPISTOLA
2759 4994 3003 5052 LXXIII.

2221 5099 2464 5143 ANSBLHI
2509 5100 2582 5140 AD
2628 5099 2948 5142 PASCHALBH
2976 5101 3177 5144 ΡΛΡΛΠ.

1973 5185 2208 5243 Domino
2238 5192 2290 5241 et
2322 5184 2463 5240 Patri
2493 5200 2616 5239 cum
2644 5183 2945 5240 reverentia
2973 5184 3275 5257 diligendo,
3302 5193 3500 5243 etcum

1903 5274 2191 5332 dilectione
2243 5273 2541 5332 reverenda
2565 5313 2579 5341 ,
2638 5272 2909 5327 Pascrum
2963 5290 3177 5330 summo
3232 5274 3497 5345 pontiﬁci,

1898 5365 2208 5420 Λυεειυυε
2263 5378 2449 5419 servus
2502 5360 2760 5416 Ecclesiae
2787 5358 3206 5432 Cantuariensis,
3259 5362 3503 5419 debitam

1896 5450 2308 5524 subjectionem,
2339 5464 2465 5508 cum
2492 5447 2643 5505 ﬁdeli
2670 5447 2889 5507 servitio
2918 5457 2972 5506 et
2999 5449 3354 5512 orationibus.

1724 5558 1955 5629 ΝοΤιΕ.

256 5630 380 5707 (L7)
408 5629 562 5691 Hanc
588 5627 805 5703 scripsit
831 5627 1023 5686 abbas.
