4036 6072
573 326 675 383 239

1136 323 1194 385 S.
1226 323 1532 385 ANSELM!
1564 316 1914 381 CANTUAR.
1946 313 2275 380 AKCHIEP.
2310 322 2463 378 OPP.
2500 313 2672 380 PARS
2702 324 2796 381 Ill.
2827 354 2898 367 —
2922 319 3303 385 EPISTOLE.

3765 333 3868 386 240

638 453 719 508 De
742 470 903 509 causa
940 453 1077 509 inter
1118 468 1300 525 regem
1343 451 1554 523 Angliae
1599 458 1651 505 et
1693 464 1780 504 me
1820 447 1951 519 quid
1993 463 2165 518 nuper
2190 448 2246 510 A
2275 463 2458 502 rarum
2505 457 2800 505 vestrarum
2850 449 3137 506 dulcedine
3182 451 3448 508 consolari
3496 458 3548 507 et
3596 451 3876 509 laetiﬁcare

571 541 775 596 factum
814 542 900 609 sit,
948 540 1183 596 breviter
1219 539 1522 595 celsitudini
1561 547 1754 594 vestrae
1792 537 1990 605 scribo,
2036 535 2164 607 quia

566 629 748 701 legato
791 630 907 699 ejus
946 639 998 685 et
1039 638 1219 685 nostro
1258 630 1361 684 hoc
1397 627 1609 698 plenius
1645 626 2027 698 exponendum
2082 640 2162 679 re-

569 718 775 787 linquo.
822 719 1110 788 Postquam
1155 718 1443 772 auctoritas
1480 724 1657 773 vestra
1694 713 1879 771 comiti
1924 715 1992 769 de
2034 713 2160 768 Mel-

562 806 707 860 lento
765 814 817 859 et
864 807 983 859 aliis
1011 806 1430 877 impedientibus
1468 806 1612 875 apud
1638 820 1820 875 regem
1858 801 2158 872 jussionem

561 903 816 961 vestram,
876 894 1152 948 introitum
1205 894 1460 949 Ecclesiae
1514 892 1823 963 prohibuit,
1869 882 2205 962 apprOpinJ

562 981 722 1051 quavi
752 982 1185 1050 Northmanniae,
1218 991 1270 1037 et
1302 983 1502 1037 factum
1550 990 1629 1037 est
1682 996 1782 1051 per
1828 979 2156 1035 comitissam

556 1071 939 1124 Carnotensem
994 1086 1234 1125 sororem
1275 1070 1419 1142 regis
1461 1069 1831 1124 ﬁdelissimam
1860 1066 2025 1122 ﬁliam
2054 1067 2155 1122 Ec-

554 1158 734 1213 clesiae
765 1159 861 1213 Dei
919 1166 971 1213 et
1026 1159 1215 1214 vestris
1268 1159 1556 1228 praeceptis
1602 1156 1965 1224 obedientem,
1999 1164 2056 1209 ut
2084 1155 2155 1209 ad

554 1246 972 1316 colloquendum
1014 1262 1107 1302 rex
1148 1255 1200 1301 et
1247 1262 1350 1318 ego
1406 1263 1529 1300 cum
1581 1246 1816 1317 quadam
1873 1260 1969 1314 spe
2025 1243 2151 1298 boni

553 1343 775 1389 eventus
830 1334 1258 1390 conveniremus.
1314 1334 1418 1391 Ubi
1449 1350 1536 1389 me
1565 1334 1633 1389 de
1663 1333 2149 1403 archiepiscopatu,

555 1422 700 1477 unde
730 1439 816 1478 me
845 1423 1171 1494 spoliaverat
1218 1422 1508 1478 revestivit.
1545 1422 1615 1476 Et
1654 1423 1722 1477 de
1761 1422 1843 1475 his
1872 1421 1925 1474 in
1955 1421 2151 1491 quibus

552 1511 1019 1581 dissentiebamus,
1066 1512 1270 1567 scilicet
1317 1511 1385 1566 de
1431 1510 1756 1566 investituris
1785 1510 2148 1565 Ecclesiarum

547 1607 601 1653 et
630 1599 884 1653 hominiis
911 1599 1281 1669 praelatorum,
1316 1600 1383 1654 de
1412 1599 1608 1670 quibus
1649 1599 1805 1653 simul
1834 1607 1885 1653 et
1912 1598 2146 1653 similem

543 1686 599 1740 in
645 1687 889 1743 Romano
927 1688 1157 1744 concilio
1204 1689 1385 1744 audivi
1431 1687 1871 1759 prohibitionem,
1913 1702 1971 1741 se
2013 1702 2143 1756 apo-

2273 535 2594 608 dignemini.
2646 536 3001 609 Omnipotens
3029 548 3081 594 et
3109 539 3231 609 pius
3258 540 3521 595 Dominus
3547 556 3646 596 vos
3672 539 3878 612 ubique

2271 634 2571 695 conservet,
2596 634 2649 682 et
2671 628 2738 682 de
2758 627 2933 683 reditu
2957 636 3134 683 vestro
3156 645 3243 684 me
3264 629 3335 684 ad
3354 644 3594 699 praesens
3614 628 3871 685 lzeﬁﬁcet.

2273 714 2463 769 Amen.

2770 804 2881 859 EPI
2890 804 3112 862 STOLA
3151 805 3365 862 LXXV.

2468 907 2696 947 HBNRICI
2727 908 2890 948 REGIS
2918 909 3219 950 ΑΝαιοιιωι
3249 910 3319 949 ΑΙ)
3348 910 3667 951 ΛΝδΒιΠΙῘΙ.

2336 979 2645 1049 ΗεΝιιιουε,
2696 981 2792 1035 Dei
2842 982 3036 1053 gratia,
3086 998 3180 1037 rex
3228 983 3546 1055 Anglorum,
3596 986 3865 1039 Δωδεωο

2263 1065 2632 1123 Cantuariensi
2682 1069 3129 1141 archiepiscopo,
3178 1071 3497 1127 charissimo
3544 1070 3692 1126 Patri
3740 1087 3862 1141 suo,

2262 1154 2487 1210 salutem
2520 1165 2573 1211 et
2601 1156 2916 1212 amicitiam.

2334 1243 2481 1299 Sciat
2534 1254 2713 1299 vestra
2768 1245 3005 1318 benigna
3078 1248 3371 1319 paternitas
3403 1247 3531 1318 quia
3578 1247 3752 1303 debeo
3809 1256 3865 1303 et

2259 1330 2486 1386 nimium
2531 1332 2668 1388 intra
2725 1350 2812 1389 me
2866 1334 3153 1391 contristor
3205 1352 3319 1406 prae
3377 1334 3564 1391 dolore
3619 1336 3865 1406 corporis

2257 1420 2419 1475 vestri
2477 1429 2530 1476 et
2583 1421 2911 1477 inﬁrmitate.
2960 1423 3029 1478 Et
3068 1423 3257 1479 scitote
3303 1424 3430 1494 quia
3473 1424 3575 1478 nisi
3604 1440 3702 1480 vos
3729 1440 3862 1495 ope-

2256 1507 2454 1576 riebar,
2508 1509 2624 1578 jam
2679 1509 2901 1565 fuissem
2957 1511 3012 1565 in
3064 1512 3476 1566 Northmannia.
3549 1512 3860 1568 Gauderem

2254 1595 2400 1650 enim
2430 1596 2472 1650 si
2504 1597 2652 1667 prius
2679 1614 2776 1653 vos
2803 1599 3143 1669 reperissem,
3175 1616 3339 1671 quam
3386 1616 3419 1654 a
3465 1600 3687 1672 regione
3732 1617 3862 1657 mea

2253 1684 2625 1752 recessissem;
2658 1703 2799 1741 nunc
2829 1695 3007 1742 autem
3056 1703 3249 1759 precor
3294 1704 3411 1757 vos,
3460 1689 3598 1743 sicut
3642 1698 3856 1759 patrem

541 1776 786 1829 stolicam
817 1777 1000 1831 sedem
1026 1793 1125 1847 per
1151 1776 1390 1848 legatum
1440 1793 1593 1831 suum
1651 1784 1775 1831 ante
1829 1775 2137 1846 proximam
2164 1797 2218 1857 Β
2250 1770 2411 1841 ﬁlius,
2440 1782 2497 1828 ut
2523 1773 2803 1845 paulisper
2824 1775 2946 1846 plus
2971 1775 3297 1848 indulgeatis
3334 1785 3540 1831 naturae
3568 1793 3853 1847 corporea:

539 1864 888 1918 Nativitatem
947 1865 1165 1920 Domini
1218 1865 1595 1935 requisiturum
1666 1864 1958 1920 constituit.
2018 1864 2139 1917 Non

540 1960 720 2006 autem
755 1951 993 2007 intellexi
1026 1969 1112 2007 me
1143 1953 1341 2008 debere
1369 1961 1460 2008 aut
1489 1952 1816 2024 legationem
1866 1952 1979 2019 ejus
2016 1966 2140 2021 pro-

537 2039 742 2106 hibere,
776 2049 867 2094 aut
895 2041 1266 2097 revestituram
1311 2057 1487 2096 meam
1532 2057 1803 2110 respuere.
1836 2038 1980 2109 Quid
2009 2054 2137 2094 vero

534 2128 651 2197 ipse
681 2129 749 2183 de
772 2129 1048 2198 praedictis
1089 2129 1249 2184 rebus
1290 2130 1571 2197 concedat,
1602 2129 1690 2184 vel
1719 2129 1850 2200 quid
1880 2127 2133 2198 postulet,

530 2232 632 2286 per
659 2218 911 2271 eumdem
943 2217 1180 2288 legatum
1211 2217 1466 2272 sanctitas
1505 2226 1683 2272 vestra
1725 2225 2036 2289 cognoscet.
2070 2217 2135 2271 Et

531 2305 787 2383 quoniam
821 2306 979 2360 totius
1008 2322 1185 2360 causa:
1216 2304 1336 2360 ﬁnis
1366 2306 1432 2361 de
1463 2314 1638 2363 vestro
1668 2306 1867 2375 pendet
1888 2305 2130 2373 arbitrio,

529 2392 651 2446 misi
710 2393 868 2447 simul
938 2393 1178 2465 legatum
1228 2403 1491 2462 nostrum,
1530 2402 1587 2449 ut
1633 2410 1960 2466 cognoscam
1999 2409 2132 2463 quo-

528 2480 716 2552 modo-
740 2480 896 2537 vobis
926 2491 979 2535 et
1021 2483 1132 2553 regi
1179 2483 1497 2550 conveniat,
1539 2491 1592 2537 et
1632 2482 1762 2553 quid
1799 2481 1930 2535 mihi
1958 2480 2129 2551 jussio

527 2578 705 2624 vestra
733 2570 1036 2639 praecipiat.
1072 2571 1265 2625 Comiti
1311 2572 1378 2626 de
1408 2571 1660 2626 Mellento
1708 2586 1804 2641 per
1844 2570 2127 2625 auctorita-

528 2664 634 2711 tem
666 2659 867 2712 chartae
908 2666 1098 2713 vestrae
1137 2674 1299 2728 quam
1345 2659 1422 2711 illi
1463 2659 1753 2726 dircxistis,
1786 2658 1839 2711 in
1868 2674 1975 2729 qua
2016 2658 2125 2731 legi

524 2745 651 2815 quia
693 2745 736 2798 si
775 2745 929 2802 vobis
957 2746 1221 2812 obediret,
1272 2746 1505 2817 gratiam
1559 2754 1791 2801 vestram
1836 2747 2121 2815 obtineret,

523 2834 764 2889 concessi
808 2834 1083 2889 introitum
1114 2834 1394 2903 Ecclesiae,
1454 2835 1710 2904 quoniam
1764 2834 2010 2905 promisit
2066 2851 2123 2891 se

521 2930 839 2977 conaturum
882 2931 939 2977 ut
976 2938 1070 2977 rex
1109 2922 1441 2992 jussionibus
1482 2923 1673 2977 vestris
1712 2923 1781 2977 ad
1823 2923 2120 2978 ubertatem

518 3010 781 3066 Ecclesiae
812 3011 1167 3080 obtemperet.
1201 3010 1281 3064 De
1310 3011 1430 3064 aliis
1472 3018 1651 3065 autem
1695 3012 1763 3066 de
1810 3011 2005 3083 quibus
2029 3029 2120 3066 au-

2247 1870 2460 1929 vestrae,
2492 1870 2546 1918 et
2576 1879 2644 1918 ne
2673 1863 2746 1917 ita
2776 1864 3033 1935 afﬂigatis
3061 1880 3257 1935 corpus
3284 1866 3540 1920 vestrum.
3592 1865 3726 1921 Volo
3754 1881 3852 1921 au-

2249 1958 2355 2005 tem
2388 1959 2442 2006 et
2483 1951 2746 2022 praecipio
2776 1960 2833 2006 ut
2862 1951 3062 2023 ubique
3110 1968 3207 2023 per
3252 1968 3441 2008 omnes
3481 1954 3854 2023 possessiones

2248 2054 2397 2093 meas
2424 2039 2834 2095 Northmannia:
2865 2040 3139 2111 imperetis
3184 2041 3321 2095 sicut
3364 2057 3463 2112 per
3507 2051 3711 2097 vestras
3738 2043 3851 2099 Do-

2246 2126 2493 2194 minicas,
2525 2136 2579 2183 et
2606 2128 2867 2199 gaudebit
2895 2144 2990 2183 cor
3015 2144 3195 2183 meum
3253 2129 3295 2182 si
3352 2130 3456 2184 hoc
3484 2129 3660 2200 ipsum
3705 2130 3850 2187 fece-

2243 2214 2379 2269 ritis.
2438 2215 2594 2270 Nunc
2649 2232 2777 2271 vero
2834 2216 2983 2287 operi
3042 2232 3129 2271 me
3186 2216 3239 2269 in
3293 2218 3687 2273 Northmannia
3728 2219 3849 2291 Ego

2243 2303 2387 2357 enim
2418 2304 2543 2360 novi
2556 2312 2634 2359 ter
2663 2303 2921 2360 transibo.
2971 2304 3129 2359 Teste
3156 2304 3475 2361 Walderico
3504 2306 3651 2377 apud
3681 2307 3847 2362 Win-

2239 2391 2390 2447 deles
2420 2393 2597 2447 horas.

2736 2480 3071 2537 EPISTOLA
3109 2481 3350 2537 LXXVI.

2518 2583 2816 2625 MATHILDIS
2845 2585 3070 2625 RBGINB
3115 2585 3187 2624 AD
3232 2585 3548 2626 ANSBLIUI.

2311 2656 2541 2712 Domino
2571 2673 2688 2725 suo,
2719 2666 2770 2713 et
2803 2658 2942 2713 Patri
2991 2658 3307 2713 charissimo
3346 2661 3618 2714 AnsaLuo
3660 2662 3834 2716 archi-

2233 2744 2509 2815 episc0po,
2541 2747 2853 2801 MATIIILDIS
2880 2747 3176 2818 Anglorum
3208 2747 3415 2818 regina,
3446 2748 3631 2804 salutis
3671 2749 3835 2805 bonae

2229 2832 2616 2889 valetudinem.

2307 2921 2694 2977 Exsultatiouis
2723 2922 2957 2994 Opinataz
2981 2923 3296 2993 jucunditas
3322 2932 3514 2980 vestra:
3554 2926 3687 2980 mihi
3734 2944 3833 2982 nu-

2228 3026 2329 3081 per
2375 3010 2653 3081 spondens
2708 3011 3004 3066 sanctitatis
3058 3013 3380 3080 adventum,
3439 3023 3640 3085 quanto
3696 3016 3831 3071 mihi

517 3098 817 3154 ctoritatem
848 3107 1081 3153 vestram
1110 3115 1211 3169 per
1239 3098 1447 3170 legatos
1487 3099 1721 3168 requiro,
1754 3101 1872 3169 ejus
1899 3116 2120 3170 respon-
2149 3147 2198 3210 Ο
2228 3098 2412 3171 gaudii
2469 3098 2756 3170 solatiique
2809 3100 2931 3171 plus
2985 3100 3247 3155 collatura
3304 3101 3422 3169 fuit,
3464 3112 3609 3158 tanto
3650 3105 3830 3175 majus

517 3186 720 3210 -Ξ,...-,.-
794 3188 831 3210 ..2
874 3187 1047 3210 ΜΙΑΑΑΔ
1110 3202 1210 3210 ...Α-
1251 3187 1464 3210 ΛΑ,«ιιΑ-“
1525 3188 1759 3210 λιθιῖημξιλ
1818 3188 1919 3210 Π..-
1965 3205 2085 3210 -----
2228 3187 2592 3210 ,η-κ-ΑᾹΣΑ-ΑΑ
2648 3187 2954 3210 -.-1-ι--.ἱζ....
3042 3188 3258 3210 ΔΑ--1,ιῖ
3320 3192 3533 3210 ____-__-__f
3623 3192 3647 3210 3,
3721 3209 3730 3210 κ

516 3186 745 3255 sionem,
791 3188 833 3241 si
874 3187 1070 3257 placet,
1110 3202 1210 3257 per
1248 3187 1468 3241 eosdem
1522 3188 1782 3258 efllagito.
1818 3188 1923 3243 Pro
1964 3205 2112 3244 reve-

514 3276 684 3330 rendo
738 3277 892 3330 Patre
949 3290 1070 3329 meo
1128 3274 1535 3345 archiepiscopo
1579 3276 1999 3347 Rothomagensi
2042 3278 2110 3332 ad

514 3371 691 3419 vestra
718 3364 948 3433 supplex
992 3371 1172 3418 mente
1214 3379 1300 3417 me
1328 3372 1608 3432 prosterno
1636 3364 1884 3436 vestigia,
1915 3374 2111 3436 quate-

513 3466 616 3504 nus
663 3452 956 3505 secundum
1001 3451 1148 3521 quod
1194 3467 1293 3519 per
1336 3451 1453 3520 ejus
1498 3452 1707 3524 legatos
1753 3456 2108 3524 cognoscetis,

516 3540 968 3607 supplicationem
998 3548 1049 3593 et
1082 3540 1459 3607 humilitatem,
1492 3541 1749 3596 Ecclesiae
1790 3559 1903 3597 sua:
1932 3560 2111 3598 neces-

515 3626 747 3695 sitatem,
780 3628 1093 3696 apostolica:
1124 3626 1507 3682 misericordia:
1538 3629 1614 3681 illi
1646 3629 1969 3700 impendatis
2019 3632 2111 3687 be-

515 3714 856 3785 nignitatem.
909 3714 1266 3784 Omnipotens
1310 3715 1455 3770 Deus
1483 3716 1538 3768 in
1566 3717 1711 3770 omni
1762 3719 2113 3788 prosperitate

515 3810 748 3858 vestram
780 3802 871 3856 diu
902 3802 1160 3857 Ecclesiae
1197 3818 1309 3857 suae
1338 3812 1620 3859 conservet
1665 3804 2107 3863 incolumitatem.

516 3892 706 3945 Amen.

1013 3996 1356 4053 EPISTOLA
1394 3997 1635 4055 LXXIV.

624 4100 923 4141 MATIHLDIS
969 4101 1274 4143 ANGLORUM
1304 4103 1523 4142 RBGINE
1569 4104 1640 4143 AD
1685 4104 2002 4146 ΑΝεΕιιιυιί.

590 4202 949 4257 Dilectissimo
994 4202 1215 4257 domino
1262 4219 1359 4258 suo
1390 4212 1441 4258 et
1472 4204 1632 4273 Patri,
1662 4207 1930 4261 ANsaLuo
1977 4209 2113 4265 Can-

521 4292 773 4347 tuariensi
824 4291 1271 4360 archiepiscopo,
1321 4292 1634 4347 Marumms
1680 4294 1977 4364 Anglorum
2035 4316 2113 4354 rc-

521 4383 669 4453 gina,
701 4380 928 4435 salutem
972 4380 1281 4433 continuam
1329 4396 1449 4433 cum
1502 4381 1807 4452 dilectione,
1852 4391 1903 4438 et
1949 4388 2114 4442 servi-

521 4471 652 4525 tium
683 4468 861 4523 tidele.

590 4559 713 4612 Non
742 4558 971 4628 ignoret,
1004 4556 1316 4611 charissime
1360 4557 1533 4626 Pater,
1579 4568 1771 4615 vestra:
1818 4565 2113 4620 sanctitatis

520 4646 846 4701 consolati-ix
878 4646 1095 4701 dilectio
1126 4645 1362 4700 animam
1390 4661 1565 4700 meam
1587 4658 1762 4703 vestra
1794 4659 1901 4705 tam
1928 4653 2110 4725 longa,

518 4743 627 4789 tam
660 4734 884 4787 tardiosa
922 4733 1163 4787 absentia
1210 4734 1448 4804 graviter
1475 4734 1590 4789 fore
1622 4738 1906 4793 turbatam.
1943 4741 2111 4797 Vestri

517 4822 714 4877 etenim
746 4820 950 4875 reditus
1000 4822 1167 4891 optati
1215 4823 1491 4891 terminus,
1544 4834 1744 4895 quanto
1789 4828 2015 4884 celerior
2060 4840 2112 4887 et

511 4909 870 4979 pmpinquior
910 4924 940 4961 a
986 4908 1229 4977 pluribus
1267 4910 1398 4963 mihi
1429 4913 1775 4983 promittitur,
1811 4925 1955 4973 tanto
1986 4934 2107 4973 ma-

512 4998 597 5068 gis
627 5013 659 5051 a
688 5012 775 5051 me
804 5005 979 5052 vestra
1008 4996 1111 5049 fini
1155 5005 1373 5065 Optante
1410 5002 1699 5067 praesentia
1740 5012 1793 5058 et
1837 5004 2108 5062 locutione

512 5086 866 5140 desideratur.
918 5084 1079 5139 Nullo
1129 5084 1328 5154 itaque,
1372 5090 1817 5147 reverendissime
1864 5094 2101 5164 domine,

504 5174 747 5245 perfecto
777 5172 980 5242 gaudio
1009 5172 1189 5225 anima
1228 5189 1349 5227 mea
1390 5175 1768 5249 Iaetiﬁcabitur,
1801 5182 1947 5237 nulla
1976 5199 2104 5240 vera

506 5261 795 5316 dilectione
840 5259 1247 5328 exhilarabitur,
1297 5277 1579 5334 quousque
1625 5277 1879 5339 vestram,
1937 5288 2100 5342 quam

502 5351 629 5405 totis
656 5348 851 5404 mentis
881 5362 1017 5402 meae
1046 5346 1253 5403 viribus
1290 5349 1560 5420 desidero,
1592 5358 1933 5424 praesentiam
1964 5360 2100 5415 revi-

503 5438 633 5493 dere
679 5438 981 5508 gaudenter
1022 5436 1255 5493 valeam.
1288 5437 1494 5493 Vestrae
1541 5442 1808 5512 siquidem
1854 5445 2101 5519 benigni-

498 5527 623 5582 tatis
652 5525 966 5581 melliﬂuam
1005 5540 1171 5580 exoro
1220 5525 1599 5597 dulcedinem,
1649 5539 1706 5585 ut
1751 5532 1963 5588 interim
2012 5551 2101 5590 me

489 5614 736 5672 bsentem
785 5622 978 5674 vestrae
1036 5613 1379 5673 amoenitate
1440 5618 1802 5689 correptionis
1851 5629 1906 5678 et
1959 5622 2097 5679 litte-

2225 3187 2595 3257 praepediente
2648 3187 2976 3256 valetudine,
3036 3188 3262 3244 desolati
3320 3192 3565 3245 maeroris
3619 3192 3827 3248 incom-

2223 3275 2445 3330 modum
2502 3275 2745 3330 contulit.
2807 3276 3203 3348 Praecognitum
3252 3277 3419 3349 igitur
3464 3280 3595 3333 mihi
3628 3289 3823 3337 vestrae

2220 3362 2556 3433 patemitatis
2583 3362 2833 3418 affectum
2876 3364 3169 3419 miserabili
3219 3366 3604 3437 lacrymatione
3631 3384 3822 3424 exora-

2222 3458 2333 3505 tum
2362 3451 2543 3519 venio,
2575 3460 2632 3506 ut
2679 3451 2723 3506 si
2770 3468 2898 3506 cura
2950 3452 3055 3507 mei
3102 3453 3250 3522 apud
3305 3470 3403 3509 vos
3455 3456 3669 3525 penitus
3707 3473 3819 3513 non

2220 3538 2426 3607 eviluit,
2459 3539 2783 3594 anxietatem
2827 3538 3207 3594 sollicitudinis
3254 3557 3391 3597 meae
3422 3544 3491 3598 de
3517 3553 3695 3600 vestra
3721 3562 3817 3601 va-

2218 3627 2457 3681 letudine
2510 3627 2754 3698 quolibet
2809 3627 3132 3683 internuntio
3196 3631 3515 3699 quantocius
3567 3649 3814 3689 securam

2219 3714 2477 3769 reddatis.
2509 3718 2613 3769 Aut
2641 3715 2784 3769 enim
2815 3715 3039 3770 indilate
3068 3716 3137 3770 de
3163 3725 3341 3771 vestra
3368 3718 3560 3774 eadem
3589 3722 3812 3791 quidem

2219 3810 2272 3857 et
2300 3818 2422 3857 mea
2468 3802 2640 3857 salute
2688 3802 2975 3873 gaudebo;
3010 3812 3120 3872 aut,
3152 3805 3299 3874 quod
3340 3806 3439 3861 Dei
3478 3818 3686 3865 avertat
3725 3811 3826 3865 mi-

2220 3890 2456 3945 seratio!
2515 3890 2817 3945 communis
2882 3906 3038 3946 casus
3097 3890 3400 3948 allisionem
3456 3895 3827 3953 indifferenter

2219 3978 2433 4034 subibo.
2466 3977 2766 4034 Convalere
2793 3994 2892 4034 vos
2940 3979 3104 4035 faciat
3149 3980 3393 4051 piissima
3430 3983 3527 4038 Dei
3576 3987 3824 4058 omnipo-

2222 4066 2405 4121 tentia.
2437 4068 2628 4121 Amen.

2595 4182 2763 4251 446
2806 4181 3143 4239 EPISTOLA
3181 4184 3453 4242 LXXVII.

2391 4301 2619 4341 llBNRICI
2664 4302 2823 4343 REGIS
2869 4302 3169 4346 ΑΝαιοιιωι
3216 4304 3291 4345 AD
3336 4307 3658 4351 ANSBLUUI.

2294 4393 2582 4449 HBNRICUS
2629 4410 2723 4448 rex
2770 4395 3088 4467 Anglorum,
3132 4396 3330 4453 dilecto
3379 4397 3521 4453 Patri
3568 4416 3665 4456 suo
3709 4405 3824 4458 AN-

2139 4501 2192 4563 D
2222 4496 2401 4537 samo
2433 4481 2799 4538 Cantuariensi
2848 4483 3284 4556 archiepiscopo,
3336 4486 3563 4542 salutem
3614 4498 3668 4546 et
3722 4490 3818 4547 ﬁlii

2227 4569 2592 4625 dilectionem.

2292 4658 2511 4725 Noscat,
2543 4658 2839 4715 reverende
2869 4660 3041 4730 Pater,
3093 4661 3343 4721 discretio
3390 4668 3685 4723 sanctitatis
3725 4684 3819 4726 ve-

2222 4752 2368 4814 strae,
2401 4746 2528 4816 quia
2560 4746 2724 4802 frater
2752 4761 2903 4801 meus
2932 4763 3114 4804 comes
3143 4750 3408 4808 Robertus
3438 4755 3509 4809 ad
3538 4771 3625 4811 me
3670 4759 3821 4813 venit

2220 4832 2275 4886 in
2315 4833 2567 4904 Angliam
2598 4843 2649 4889 et
2677 4834 2914 4907 benigne
2961 4839 3196 4894 recessit.
3245 4841 3331 4896 Me
3378 4850 3557 4897 autem
3603 4845 3813 4915 scitote,

2218 4921 2273 4975 in
2330 4922 2417 4976 die
2468 4923 2807 4979 Ascensionis
2838 4926 3075 4996 Domini,
3108 4942 3224 4983 esse
3270 4928 3341 4983 ad
3386 4945 3537 4987 mare
3564 4941 3813 5003 paratum

2218 5010 2460 5065 transire.
2511 5012 2580 5065 Et
2625 5028 2749 5066 cum
2781 5013 3059 5083 transiero,
3117 5031 3215 5087 per
3265 5032 3365 5073 vos
3414 5022 3469 5073 et
3525 5020 3810 5076 consilium

2212 5107 2467 5167 vestrum,
2492 5114 2555 5152 ea
2584 5116 2707 5169 quae
2738 5101 2953 5172 agenda
2981 5110 3153 5171 erunt,
3175 5119 3357 5176 agam.
3382 5105 3599 5162 Interim
3630 5117 3810 5164 autem

2210 5187 2254 5241 si
2287 5187 2609 5243 Guillelmus
2647 5189 2716 5244 de
2743 5189 3053 5246 Warelvast
3099 5193 3387 5264 caeterique
3434 5195 3599 5267 legati
3642 5197 3810 5253 nostri

2208 5274 2383 5331 Roma
2411 5276 2689 5346 redierint,
2741 5277 2794 5332 in
2842 5278 3065 5335 arbitrio
3121 5280 3414 5337 voluntatis
3467 5292 3660 5340 vestrae
3717 5286 3805 5356 sit,

2208 5371 2386 5419 utrum
2417 5366 2486 5420 ad
2516 5381 2603 5421 me
2635 5375 2903 5423 transeant
2931 5368 2986 5422 in
3013 5366 3286 5440 Angliam,
3320 5378 3609 5442 antequam
3640 5379 3809 5429 trans-

2207 5465 2350 5520 eam,
2384 5468 2452 5506 an
2479 5453 2759 5509 vobiscum
2789 5465 3121 5525 remaneant,
3155 5457 3329 5515 donec
3374 5459 3478 5531 ipsi
3523 5459 3808 5517 vobiscum

2207 5554 2420 5595 mecum
2476 5540 2782 5613 loquantur.
2834 5545 2990 5601 Teste
3035 5546 3132 5601 W.
3181 5546 3410 5606 cancell.
3469 5548 3614 5621 apud
3669 5550 3810 5607 Nor-

2207 5626 2603 5700 thamptonem.
