4036 6072
184 254 294 311 241

647 380 989 438 EPISTOLA
1017 381 1315 436 LXXVIII.

331 484 571 526 ΑΝεειιι
593 487 665 526 ΛΟ
697 486 957 528 BLFERUM
987 486 1229 527 PRIOREM
1266 486 1332 524 ΕΤ
1360 482 1663 524 MONACHOS

826 576 880 615 8.
898 574 1173 615 EDIUNDI.

246 647 561 703 Anssuws
588 646 1057 719 archiepiscOpus,
1090 646 1304 703 dilectis
1334 645 1458 701 ﬁliis
1503 654 1558 702 et
1604 644 1788 702 fratri-

158 736 296 790 bus.
334 736 564 791 Enrano
590 735 777 805 priori,
825 744 878 791 et
918 736 1118 791 aliisin
1151 734 1411 792 coenobio
1442 735 1628 790 Sancti
1673 734 1790 789 Ed-

164 824 369 880 mundi
402 826 516 880 Deo
544 824 949 892 famulantibus,
974 826 1203 880 salutem
1253 832 1308 879 et
1353 823 1788 880 benedictionem

162 912 276 969 Dei
299 921 358 969 et
387 928 572 968 suam.

238 1001 409 1070 Quod
438 1004 697 1060 hactenus
746 1018 832 1058 me
889 1001 1168 1057 substraxi
1199 1018 1231 1057 a
1276 1000 1662 1057 communione
1694 999 1790 1055 do-

168 1090 318 1145 mini
352 1090 598 1160 Roberti,
630 1089 737 1147 feci
784 1097 1004 1162 propter
1038 1097 1371 1161 praeceptum
1421 1098 1474 1144 et
1518 1088 1776 1144 obedien-

164 1179 311 1233 tiam
362 1178 571 1234 domini
617 1194 797 1251 papae.
871 1180 1028 1235 Nunc
1075 1186 1255 1234 autem
1298 1177 1529 1247 jubente
1591 1176 1785 1232 eodem

162 1266 403 1323 domino
432 1283 595 1339 papa,
649 1284 712 1324 ea
757 1268 968 1323 ratione
1016 1283 1122 1338 qua
1169 1266 1283 1338 ipse
1333 1266 1463 1321 mihi
1511 1264 1784 1338 praecedit,

163 1372 296 1412 eum
331 1355 387 1411 in
430 1372 619 1427 pacem
668 1364 723 1411 et
762 1356 1199 1413 communionem
1243 1355 1479 1427 suscepi,
1529 1361 1586 1411 et
1635 1353 1786 1409 vobis

173 1444 393 1501 mando
423 1452 597 1517 atque
627 1444 890 1517 praecipio
920 1452 976 1500 ut
1003 1444 1109 1515 ipsi
1129 1444 1387 1516 deinceps
1433 1443 1487 1498 in
1531 1442 1785 1500 omnibus

163 1533 495 1590 obedientes
538 1533 681 1599 sitis,
735 1541 790 1589 et
838 1534 889 1589 ei
939 1532 1342 1590 confessionem
1391 1540 1445 1588 et
1498 1532 1607 1588 alia
1658 1548 1786 1602 quae

163 1622 378 1678 debent
406 1624 658 1678 monachi
688 1622 899 1691 abbati,
933 1621 1167 1693 faciatis,
1199 1638 1301 1678 nec
1330 1622 1400 1677 ab
1431 1622 1508 1678 eis
1551 1621 1783 1676 desista-

166 1712 257 1779 tis,
291 1711 398 1767 nisi
428 1728 535 1785 ego
564 1712 620 1766 in
654 1712 842 1767 futuro
873 1712 1003 1767 inde
1050 1712 1197 1766 aliud
1248 1711 1581 1783 praecipiam.
1630 1711 1781 1783 Rego
1812 1734 1865 1793 Β

166 1808 359 1857 autem
406 1816 526 1869 vos,
575 1808 649 1870 et,
712 1801 893 1856 modis
940 1800 1138 1871 quibus
1199 1816 1445 1871 possum,
1498 1801 1682 1855 hortor
1732 1807 1785 1853 et

166 1905 377 1945 moneo
421 1896 687 1962 quatenus
734 1889 949 1946 solliciti
997 1889 1116 1943 sitis
1181 1888 1327 1944 circa
1383 1887 1787 1943 observantiam

164 1978 385 2033 ordinis
412 1979 600 2046 vestri,
635 1985 689 2033 ut
720 1978 854 2033 nihil
886 1978 958 2034 de
989 1978 1147 2033 vobis
1195 1977 1445 2033 audiatur
1492 1976 1594 2030 nisi
1642 1975 1789 2047 quod

165 2066 332 2122 decet
362 2066 541 2122 audiri
569 2066 636 2122 de
664 2066 823 2122 bonis
855 2067 1137 2122 monachis
1170 2074 1222 2121 et
1250 2065 1393 2122 veris
1435 2064 1609 2121 servis
1666 2064 1784 2120 Dei.

168 2158 372 2211 Amen.

661 2245 998 2301 EPISTOLA
1039 2245 1287 2300 LXXIX.

284 2348 531 2390 IIUGONIS
558 2350 954 2390 CLUNIACENSIS
985 2350 1211 2389 ABBATIS
1242 2350 1312 2388 AD
1342 2347 1674 2389 ANSELMUM.

250 2422 738 2479 Reverendissimo
768 2423 931 2490 Patri,
978 2431 1029 2478 et
1063 2421 1387 2478 dulcissimo
1434 2421 1616 2477 amico
1671 2423 1788 2477 AN-

176 2527 364 2567 saulo
396 2511 770 2568 Cantuariensi
798 2511 1237 2583 archiepiscOpo,
1268 2510 1484 2581 suisque
1515 2510 1787 2577 omnibus,

183 2599 361 2656 frater
390 2601 548 2655 Ηυαο
577 2608 850 2672 peccator,
883 2599 1256 2657 Cluniacensis
1314 2600 1507 2667 abbas,
1557 2598 1788 2655 salutem

180 2697 239 2744 et
266 2689 387 2744 sine
418 2688 531 2745 ﬁne
560 2690 845 2762 gaudium.

253 2777 525 2848 Quoniam
549 2793 873 2834 noveramus
899 2787 1099 2849 quanta
1126 2777 1265 2833 inter
1296 2793 1393 2833 vos
1423 2784 1476 2832 et
1504 2776 1787 2833 dominum

176 2867 472 2939 Hngonem
502 2866 919 2938 Lugdunensem
951 2866 1453 2938 archiepiscOpum,
1519 2867 1636 2922 Deo
1684 2881 1787 2921 vo-

173 2954 347 3023 lente,
381 2955 662 3011 exstiterat
684 2954 1051 3021 familiaritas,
1084 2955 1311 3027 dignum
1338 2954 1591 3009 duximus
1631 2954 1789 3010 vobis

1424 255 1559 310 LIB.
1606 255 1695 324 IV,
1745 254 1969 312 EPIST.
2013 257 2291 314 LXXXII.

1818 381 1873 441 A
1896 381 2192 439 direximus
2219 383 2289 439 ad
2316 391 2490 440 terras
2518 382 2637 439 illas
2682 381 2823 439 filios
2851 388 3089 447 nostros,
3121 386 3330 437 vestros
3375 396 3507 437 vero

3399 256 3509 312 242

1899 487 2085 527 servos
2124 478 2177 527 et
2222 471 2414 527 ﬁdeles
2442 471 2666 538 amicos,
2694 487 2794 542 pro
2823 470 3132 526 monasterii
3163 470 3331 524 nostri
3363 484 3509 524 com-

1900 560 2049 615 muni
2080 562 2321 633 negotio.
2355 560 2502 630 Quos
2533 569 2727 617 vestrae
2752 560 3025 616 sanctitati
3055 558 3503 615 commendantes

1900 651 2152 705 volumus
2180 658 2235 704 ut
2265 652 2409 722 quod
2440 650 2492 704 in
2515 650 2829 723 regionibus
2858 650 2965 702 illis
2980 649 3148 703 acturi
3168 654 3499 713 sunt,vestr0

1900 747 2261 811 exsequantur
2306 739 2551 805 consilio,
2595 746 2880 808 vestroque
2925 737 3231 791 muniantur
3276 736 3495 791 auxilie.

1899 828 1977 881 De
2035 843 2202 882 causa
2258 826 2355 881 filii
2412 827 2586 881 nostri
2640 826 2847 881 domini
2906 825 3158 886 Theardi,
3222 824 3496 895 praecipue

1900 916 2131 987 petimus
2161 920 2221 969 ut
2259 916 2385 987 quia
2414 914 2669 970 dominus
2718 930 2859 984 papa
2906 914 2972 969 de
3022 913 3332 967 ministerio
3376 913 3496 981 ejus

1898 1021 2117 1060 omnem
2173 1003 2228 1059 in
2288 1009 2473 1060 vestro
2537 1004 2759 1059 arbitrio
2820 1002 2999 1074 posuit
3057 1001 3494 1072 dispositionem,

1900 1109 2105 1165 vosque
2134 1092 2183 1149 ei
2214 1094 2341 1147 dum
2373 1093 2549 1148 adhuc
2595 1099 2744 1147 esset
2786 1091 2839 1145 in
2871 1090 3106 1146 clericali
3146 1090 3333 1144 habitu
3381 1090 3491 1145 sic-

1896 1190 1953 1238 ut
2009 1183 2077 1237 ad
2124 1181 2243 1255 ipso
2290 1181 2594 1248 didicimus,
2628 1179 2976 1236 concessistis
3024 1179 3185 1234 totius
3214 1179 3495 1235 ministerii

1895 1272 1975 1326 sui
2019 1272 2352 1339 facultatem,
2402 1286 2546 1324 nunc
2595 1269 2751 1324 nobis
2797 1284 2919 1323 cum
2950 1268 3065 1323 Deo
3113 1267 3398 1323 miserante
3426 1269 3495 1324 ad

1896 1360 2256 1431 principalem
2287 1359 2541 1414 reductus
2580 1358 2707 1414 estis
2745 1357 3095 1431 dignitatem,
3145 1373 3244 1428 per
3288 1356 3496 1412 litteras

1894 1450 2131 1505 scribere
2162 1448 2430 1520 quidquid
2463 1447 2512 1503 ei
2542 1447 2852 1502 mandaturi
2884 1462 3068 1501 sumus
3097 1460 3209 1499 non
3239 1446 3494 1516 dedigne-

1895 1537 2048 1591 mini.
2084 1535 2330 1591 Gaudeat
2355 1551 2452 1607 per
2496 1535 2722 1606 longum
2770 1532 3028 1589 sanctitas
3068 1540 3247 1589 vestra
3288 1547 3498 1588 memor

1892 1625 2082 1681 nostri.

2386 1711 2726 1768 EPISTOLA
2757 1712 3010 1767 LXXXI.

2226 1817 2467 1857 ANSELMI
2498 1818 2568 1856 AD
2600 1818 2871 1856 HUGONBM
2902 1817 3164 1856 COMITEM.

1967 1904 2266 1956 ANSELMUS
2297 1900 2759 1971 archiepiscopus,
2792 1900 3019 1955 domino
3052 1908 3100 1955 et
3134 1901 3310 1955 amico
3360 1903 3493 1956 cha-

1897 1991 2110 2044 rissimo
2156 1991 2377 2044 llroom
2435 1987 2638 2055 comiti,
2672 1989 2904 2043 salutem
2943 1998 2997 2044 et
3044 1989 3491 2045 benedictionem

1895 2076 1998 2130 Dei
2030 2083 2083 2129 et
2117 2090 2296 2128 suam.

1971 2164 2132 2217 Lator
2158 2163 2530 2233 praesentium,
2564 2164 2861 2219 monachus
2902 2162 3290 2231 Cluniacensis,
3350 2179 3497 2233 quae-

1897 2252 2029 2306 ritur
2058 2251 2203 2323 quod
2226 2266 2326 2306 vos
2357 2252 2581 2322 cepistis
2609 2258 2659 2306 et
2690 2251 2743 2304 in
2773 2251 3024 2320 captione
3055 2252 3249 2306 tenetis
3298 2268 3494 2321 quem-

1899 2341 2023 2395 dam
2091 2342 2417 2395 monachum
2468 2340 2907 2407 Cluniacensem,
2959 2347 3010 2395 et
3074 2340 3240 2394 alium
3288 2340 3499 2396 noviter

1899 2431 2223 2483 monachum
2254 2427 2473 2495 factum,
2505 2436 2667 2499 atque
2707 2427 3042 2496 defunctum,
3076 2428 3144 2483 ad
3190 2428 3501 2483 hominibus

1899 2520 2092 2573 vestris
2150 2517 2443 2583 sublatum,
2482 2524 2533 2570 et
2572 2516 2664 2571 ubi
2695 2516 2775 2572 eis
2823 2516 3023 2587 placuit
3060 2533 3176 2572 esse
3206 2517 3496 2588 sepultum.

1899 2608 2034 2663 Haec
2064 2607 2110 2661 si
2155 2606 2225 2661 ita
2254 2622 2312 2661 se
2354 2605 2577 2671 habent,
2626 2606 2854 2660 multum
2904 2605 3065 2661 doleo
3114 2606 3241 2661 inde
3274 2610 3501 2677 propter

1896 2711 2016 2765 vos,
2047 2695 2172 2766 quia
2202 2694 2359 2750 valde
2390 2695 2548 2750 aliter
2596 2695 2741 2750 facta
2786 2702 2910 2750 sunt
2939 2711 3097 2766 quam
3129 2711 3229 2751 vos
3285 2696 3495 2751 deceat.

1898 2785 2052 2841 Unde
2083 2786 2303 2851 mando,
2336 2798 2549 2854 precor,
2583 2791 2635 2838 et
2664 2784 2885 2838 consulo
2913 2784 3088 2853 vobis,
3120 2784 3259 2839 sicut
3300 2785 3497 2852 amico,

1897 2880 2165 2945 quatenus
2222 2874 2552 2927 monachum
2610 2888 2771 2943 quem
2829 2873 3040 2941 tenetis,
3099 2872 3332 2928 reddere
3390 2888 3502 2930 non

1894 2962 2212 3023 moremini;
2265 2968 2317 3016 et
2361 2961 2488 3032 quia
2516 2977 2637 3015 eum
2686 2960 2921 3032 cepistis,
2982 2961 3221 3018 offeratis
3278 2978 3374 3018 vos
3428 2963 3499 3017 ad

172 3042 498 3116 signiﬁcare
520 3043 768 3113 ejusdem
798 3044 1024 3111 obitum,
1059 3043 1216 3100 nobis
1246 3049 1301 3099 et
1329 3043 1583 3098 omnibus
1624 3041 1783 3098 bonis
1814 3089 1864 3153 Ο
1893 3051 2273 3105 rectitudinem
2331 3050 2459 3104 inde
2506 3049 2814 3105 faciendam
2883 3051 3071 3105 Ilonor
3127 3052 3270 3106 enim
3320 3059 3500 3106 vester

172 3132 299 3153 _..--
339 3148 550 3153 _---__-_
596 3132 1162 3153 -.ς-μμμμιειε.--
1216 3132 1498 3153 ,1-1-...ι--μ
1591 3139 1742 3153 _--_.-
1960 3148 1969 3153 .
2063 3148 2071 3153 .
2136 3141 2147 3153 .
2275 3138 2297 3153 ..
2558 3139 2598 3153 ν,
2669 3147 2677 3153 .
2975 3139 2985 3149 .
3052 3139 3085 3153 ..
3169 3139 3217 3153 ..
3278 3141 3291 3153 .
3352 3139 3366 3153 .
3427 3141 3459 3153 ..

171 3132 302 3188 viris
331 3148 556 3205 gravem
588 3142 643 3189 et
670 3132 1163 3203 irrecuperabiliter
1209 3132 1525 3201 dolendum,
1584 3139 1778 3204 quate-

169 3236 274 3276 nus
300 3226 362 3276 et
389 3238 486 3292 per
521 3237 622 3278 vos
651 3230 704 3277 et
731 3237 833 3293 per
867 3230 1095 3287 vestros,
1149 3237 1336 3277 veram
1384 3236 1548 3293 quam
1592 3222 1780 3277 vivens

170 3310 424 3366 exhibuit
470 3310 839 3379 dilectionem,
884 3327 1027 3366 nunc
1074 3309 1123 3366 ei
1168 3310 1429 3367 defuncto
1485 3324 1777 3381 repensare

168 3399 455 3471 satagatis.
486 3398 636 3455 Obiit
665 3399 810 3454 enim
838 3400 894 3454 in
953 3415 1087 3471 pace
1115 3400 1287 3455 Nonis
1331 3398 1583 3455 Octobris
1630 3398 1777 3469 apud

174 3488 452 3556 Scusiam,
479 3488 607 3543 dum
640 3488 744 3543 iret
770 3489 838 3542 ad
872 3489 1184 3557 apostolicae
1230 3488 1534 3544 vocationis
1580 3488 1772 3543 conci-

173 3576 332 3643 lium,
367 3576 724 3647 sepultusque
746 3584 828 3632 est
855 3577 1055 3632 ibidem
1086 3578 1217 3632 satis
1238 3577 1463 3633 honeste
1493 3576 1775 3632 inabbatia

172 3664 360 3722 Sancti
416 3664 577 3720 Justi.
626 3666 879 3720 Vestram
927 3669 1109 3721 autem
1155 3665 1516 3721 reverentiam
1562 3664 1774 3736 plenius

164 3769 398 3810 noscere
429 3752 829 3820 desideramus,
890 3762 1190 3825 vestraeque
1239 3753 1609 3826 prosperitatis
1637 3769 1773 3810 nun-

169 3842 241 3897 tio
271 3842 637 3898 abundantius
665 3842 955 3911 laetiﬁcari,
987 3858 1111 3899 cum
1152 3858 1274 3898 sese
1322 3851 1531 3914 tempus
1579 3842 1770 3899 locus-

166 3946 271 4001 que
298 3939 642 4002 Opportunus
670 3931 949 3988 extulerit.
1008 3932 1252 3987 Christus
1299 3933 1476 4001 Jesus,
1520 3931 1768 3988 Pontifex

162 4035 429 4085 summus,
465 4019 519 4074 in
546 4020 799 4076 omnibus
828 4023 1083 4092 operetur
1113 4021 1417 4076 vobiscum.

650 4151 1009 4209 EPISTOLA
1040 4152 1273 4208 LXXX.

621 4256 875 4298 HUGONIS
938 4255 1011 4296 AD
1067 4256 1320 4299 Βσιωεκ.

228 4330 614 4386 Amantissimo
662 4340 823 4404 atque
868 4332 1112 4403 glorioso
1161 4331 1326 4399 Patri,
1374 4330 1598 4387 domino
1644 4334 1764 4386 AN-

159 4435 362 4485 saulo,
428 4419 734 4476 venerabili
790 4418 1263 4475 Cantuariensium
1319 4419 1758 4492 archiepiscopo,
1788 4445 1841 4507 Ι)

161 4506 320 4563 frater
338 4508 502 4563 Hueo
532 4516 810 4579 peccator,
863 4506 1239 4563 Cluniacensis
1285 4508 1472 4575 abbas,
1522 4509 1755 4564 salutem

160 4598 356 4650 mentis
386 4603 439 4653 et
467 4597 718 4668 comoris
746 4596 800 4651 in
832 4596 1066 4662 Christo,
1098 4603 1151 4651 et
1175 4596 1291 4651 sine
1322 4596 1426 4652 fine
1467 4597 1757 4670 gaudium.

224 4684 522 4756 Postquam
553 4702 585 4741 a
615 4685 775 4740 nobis
831 4685 1185 4751 discessistis,
1238 4686 1321 4741 vir
1377 4687 1492 4741 Deo
1538 4687 1754 4755 dilecte,

158 4773 500 4845 nequivimus
532 4775 815 4846 percipere
845 4773 975 4844 quid
1024 4772 1284 4830 acciderit
1328 4775 1599 4832 sanctitati
1656 4792 1754 4833 ve-

158 4870 297 4923 strae;
352 4862 457 4917 hoc
506 4864 687 4919 tamen
745 4861 813 4918 de
865 4862 965 4918 Dei
1022 4863 1394 4919 misericordia
1449 4879 1752 4936 speramus,

161 4951 278 5021 quia
307 4950 614 5021 ubicunque
644 4958 834 5007 vestra
864 4950 1057 5024 religio
1088 4951 1267 5018 fuerit,
1316 4952 1558 5008 divinum
1602 4954 1754 5009 auxi-

159 5039 283 5095 lium
313 5047 513 5112 praasto
544 5040 812 5096 habuerit.
845 5039 981 5109 Quis
1010 5039 1153 5096 enim
1190 5056 1423 5111 unquam
1456 5049 1546 5097 tan
1589 5043 1751 5099 inhu-

164 5145 347 5184 manus
377 5127 559 5196 fuerit,
590 5129 682 5202 qui
706 5136 989 5200 postquam
1034 5134 1295 5201 expertus
1342 5131 1505 5187 fuerit
1560 5131 1751 5188 dulce-

164 5218 341 5273 dinem
375 5216 545 5273 vestri
575 5216 852 5289 colloquii,
886 5233 983 5272 vos
1014 5234 1118 5273 non
1138 5218 1359 5289 recipiat
1382 5228 1435 5275 et
1461 5228 1753 5277 veneretur

163 5306 310 5376 quasi
351 5306 614 5377 angelum
662 5306 814 5362 Dei?
854 5306 1011 5363 Unde
1051 5322 1170 5373 nos,
1202 5307 1326 5364 licet
1353 5309 1486 5365 satis
1514 5310 1745 5383 indigni,

162 5396 400 5451 divinam
421 5394 774 5465 imploramus
799 5395 1164 5461 clementiam.
1194 5403 1252 5451 ut
1281 5398 1374 5470 qui
1411 5399 1568 5453 vobis
1625 5409 1747 5456 tan-

164 5492 263 5541 tam
291 5483 528 5557 gratiam
558 5482 783 5539 contulit
804 5482 858 5538 in
888 5484 1068 5554 terris,
1101 5484 1222 5556 ipse
1252 5486 1407 5542 vobis
1453 5489 1752 5546 concedere

163 5573 410 5646 dignetur
430 5579 692 5630 aeternam
724 5571 954 5645 gloriam
986 5560 1037 5629 ib
1070 5574 1238 5631 caelis.
1280 5574 1341 5632 Et
1373 5594 1531 5647 nunc,
1571 5577 1751 5647 Pater,

1893 3148 1976 3195 est
2021 3148 2078 3194 ut
2136 3141 2240 3194 hoc
2273 3138 2498 3194 faciatis.
2558 3139 2756 3194 Postea
2784 3154 2914 3193 vero
2944 3139 2987 3192 si
3018 3139 3221 3210 aliquid
3278 3139 3493 3196 habetis

1887 3245 2051 3299 super
2093 3228 2421 3283 monachum
2462 3227 2645 3293 istum,
2696 3227 2998 3283 clamorem
3030 3227 3156 3282 inde
3196 3227 3379 3295 facite,
3440 3234 3493 3283 et

1888 3316 1979 3372 ﬁet
2009 3317 2167 3372 vobis
2197 3315 2322 3370 inde
2354 3314 2496 3385 quod
2556 3314 2673 3369 ﬁeri
2726 3316 2872 3385 juste
2924 3315 3106 3370 debet.
3139 3316 3219 3369 De
3274 3323 3489 3371 mortuo

1886 3421 2102 3477 quoque
2132 3404 2357 3460 consulo
2382 3411 2439 3457 ut
2468 3403 2718 3457 similiter
2745 3418 2842 3458 vos
2873 3402 2941 3457 ad
2972 3410 3179 3458 rectum
3226 3401 3485 3471 offeratis,

1884 3502 1937 3549 et
1967 3493 2139 3548 sicubi
2164 3493 2361 3563 justius
2390 3508 2509 3547 esse
2530 3492 2710 3546 debet.
2745 3491 3099 3547 Familiariter
3127 3497 3308 3546 autem
3364 3491 3486 3547 dico

1882 3583 2061 3648 vobis,
2117 3581 2254 3637 sicut
2294 3580 2497 3636 homini
2558 3580 2709 3650 cujus
2782 3582 3043 3635 honorem
3090 3589 3143 3635 et
3196 3579 3485 3636 utilitatem

1882 3671 2108 3726 multum
2140 3686 2284 3738 amo,
2318 3670 2443 3741 quia
2472 3670 2519 3722 si
2549 3685 2655 3725 non
2686 3668 2920 3724 feceritis
2963 3668 3107 3739 quod
3152 3669 3295 3735 dico,
3354 3669 3481 3725 inde

1879 3758 2427 3830 blasphemabimini;
2463 3766 2515 3813 et
2548 3773 2652 3830 ego
2681 3758 2843 3813 etiam
2901 3757 2943 3812 si
2975 3774 3081 3814 non
3126 3759 3306 3814 fecero
3336 3760 3480 3829 quod

1878 3847 2249 3905 ecclesiastica
2277 3846 2566 3918 disciplina
2594 3847 2840 3918 praecipit
2866 3846 2991 3902 inde
3022 3846 3159 3911 fieri,
3211 3863 3240 3901 a
3296 3848 3479 3903 multis

1879 3935 2325 4008 blasphemabor.
2358 3936 2545 3991 Saluto
2575 3952 2803 3992 uxorem
2831 3944 3069 3992 vestram
3125 3936 3293 3992 ﬁliam
3350 3940 3475 3992 cha-

1879 4025 2149 4081 rissimam
2180 4039 2356 4080 meam
2372 4065 2385 4077 .

2238 4140 2405 4207 447
2450 4138 2786 4195 EPISTOLA
2825 4139 3094 4194 Lxxxn.
3306 4208 3313 4211 λ

2045 4241 2290 4284 ANSBLHI
2318 4241 2391 4281 AD
2423 4239 2710 4279 HBNRICUM
2750 4239 2937 4279 REGE!
2973 4240 3297 4279 ANGLORUM.

1947 4339 2200 4392 HB‘NRICO
2230 4332 2397 4406 gratia
2442 4330 2538 4385 Dei
2579 4330 2825 4403 glorioso
2880 4331 2998 4402 regi
3056 4330 3358 4403 Anglorum
3415 4337 3469 4385 et

1877 4426 1998 4482 duci
2028 4426 2544 4485 Northmannorum,
2572 4422 2872 4475 Ansanuus
2900 4418 3358 4490 archiepiseOpus,
3413 4418 3473 4472 ﬁ-

1866 4517 1993 4573 dele
2021 4512 2297 4569 servitium
2326 4526 2448 4566 cum
2466 4508 2718 4564 ﬁdelibus
2746 4507 3104 4573 orationibus,
3147 4514 3201 4562 et
3248 4522 3470 4579 semper

1866 4607 1935 4661 ad
1966 4602 2176 4673 majora
2207 4607 2263 4657 et
2311 4600 2536 4655 meliora
2594 4611 2859 4665 crescere,
2918 4605 2971 4652 et
3028 4612 3299 4668 nunquam
3356 4598 3460 4653 de-

1864 4708 2115 4753 crescere
2128 4732 2141 4746 .

1937 4781 2164 4838 Gaudeo
2184 4786 2238 4836 et
2283 4777 2486 4850 gratias
2542 4791 2669 4847 ago,
2706 4781 2904 4845 quanto
2962 4774 3158 4832 effectu
3211 4792 3451 4847 possum,

1863 4874 2000 4939 Deo,
2033 4886 2064 4926 a
2094 4884 2204 4945 quo
2232 4868 2375 4923 bona
2404 4872 2600 4922 cuncta
2627 4865 2947 4934 procedunt,
2979 4881 3080 4937 pro
3112 4873 3290 4921 vestra
3320 4882 3456 4937 pro-

1863 4961 2127 5033 speritate
2157 4966 2212 5013 et
2239 4972 2337 5026 pro
2366 4954 2556 5010 vestris
2600 4953 2959 5010 successibus.
3010 4954 3236 5011 Gaudeo
3294 4956 3456 5011 etiam

1862 5060 1915 5106 et
1943 5047 2149 5121 gratias
2177 5060 2286 5118 ago
2325 5060 2393 5099 ex
2423 5042 2615 5097 intimo
2664 5042 2848 5111 corde,
2881 5043 3025 5115 quia,
3058 5059 3181 5099 cum
3219 5060 3453 5116 prospe-

1860 5138 2016 5194 ritate
2050 5144 2279 5202 terrena,
2310 5133 2388 5189 sic
2406 5147 2501 5187 cor
2528 5140 2763 5186 vestrum
2794 5148 2889 5186 sua
2933 5131 3113 5204 gratia
3160 5133 3449 5201 illuminat,

1862 5235 1920 5282 ut
1947 5223 2078 5280 nihil
2112 5224 2164 5276 in
2194 5220 2477 5278 beneﬁciis
2507 5220 2629 5291 ejus
2684 5228 2737 5276 et
2780 5220 3026 5292 profectu
3057 5230 3260 5287 vestro,
3293 5223 3452 5278 vobis

1856 5323 1946 5371 aut
1976 5312 2233 5368 humanis
2263 5310 2483 5378 viribus,
2543 5309 2638 5364 sed
2699 5317 2869 5365 totum
2911 5310 3024 5378 ejus
3068 5310 3453 5368 misericordia:

1857 5400 2147 5474 imputetis,
2176 5407 2229 5455 et
2276 5398 2401 5472 quia
2449 5415 2639 5470 pacem
2687 5406 2739 5454 et
2796 5398 3098 5455 libertatem
3166 5399 3446 5466 Ecclesiae,

1861 5498 2121 5565 quantum
2153 5490 2207 5543 in
2254 5487 2409 5544 vobis
2465 5496 2566 5556 est,
2598 5487 2927 5559 promittitis,
2960 5489 3012 5542 in
3062 5503 3168 5559 quo
3225 5488 3450 5542 multum

1862 5596 2053 5655 precor
2083 5588 2134 5635 et
2185 5578 2427 5645 consulo,
2459 5576 2592 5633 sicut
2639 5576 2813 5631 ﬁdelis
2855 5584 3052 5643 vester,
3083 5584 3144 5658 ut.
3197 5591 3451 5658 perseve-
