4024 6078
562 307 669 365 243

560 433 717 502 retis,
751 432 876 506 quia
902 431 956 487 in
986 434 1090 488 hoc
1117 433 1217 489 erit
1243 433 1415 489 robur
1441 432 1786 488 sublimitatis
1814 441 2027 488 vestrae.
2047 432 2156 489 Oro
2189 432 2239 492 A

572 529 750 577 autem
787 538 884 578 ore
932 529 984 578 et
1028 523 1214 583 corde,
1245 531 1502 593 quantum
1533 521 1676 577 valet
1717 538 1869 577 mens
1913 537 2057 590 mea,
2107 530 2160 577 et

563 627 668 681 per
697 626 785 665 me
815 614 869 665 et
897 626 996 680 per
1031 611 1166 666 alios
1195 611 1367 665 Deum
1418 610 1861 681 omnipotentem,
1896 619 2162 682 quatenus

564 699 618 753 in
650 698 1016 754 misericordia
1046 700 1236 770 gratia:
1266 715 1379 754 suae
1428 716 1588 771 quam
1646 699 1802 753 vobis
1856 699 2020 770 cmpit
2073 700 2164 753 im-

571 787 836 858 pendere,
868 787 1240 842 indesinenter
1267 788 1536 858 persistat,
1568 795 1625 841 ut
1654 787 1721 842 de
1752 796 1974 843 terrena
2002 789 2161 843 exal-

565 874 767 929 tatione
800 883 919 944 post
949 876 1092 931 hanc
1121 877 1304 944 vitam,
1339 875 1406 930 ad
1439 877 1657 932 caeleste
1683 893 1912 950 regnum
1947 885 2000 931 et
2045 878 2163 949 glo-

560 963 699 1018 riam
727 971 988 1019 aeternam
1019 980 1115 1020 vos
1145 966 1424 1034 perducat.
1455 968 1646 1020 Amen.

1033 1061 1378 1118 EPISTOLA
1410 1063 1708 1122 LXXXIII.

864 1158 1161 1197 PASCHALIS
1190 1159 1228 1196 II
1260 1156 1416 1196 ΡΑΡᾸΞ
1443 1159 1514 1196 AD
1544 1158 1863 1199 ANSELMUM.

640 1232 962 1298 PASCHALIS,
995 1247 1188 1285 servus
1216 1246 1493 1285 servorum
1523 1231 1644 1299 Dei,
1678 1233 1976 1287 venerabili
2011 1233 2162 1287 fratri

566 1321 834 1375 Assumo
905 1318 1274 1374 Cantuariensi
1333 1319 1760 1392 archiepiscopo,
1820 1322 2050 1376 salutem
2113 1330 2167 1376 et

570 1407 927 1479 apostolicam
958 1407 1392 1462 benedictionem
1407 1450 1419 1461 .

633 1495 1006 1567 Omnipotenti
1037 1497 1153 1552 Deo
1174 1497 1379 1567 gratias
1407 1497 1620 1568 agimus
1649 1497 1888 1570 quiatuis
1917 1499 2166 1570 plurimis

567 1584 850 1639 laboribus
878 1585 933 1638 in
960 1584 1186 1655 Anglica
1214 1585 1457 1640 Ecclesia
1487 1586 1687 1658 fugatis
1731 1587 1966 1642 tenebris
2021 1589 2164 1642 anti-

569 1690 735 1744 quum
766 1673 948 1727 lumen
976 1673 1202 1728 refulsit.
1247 1675 1590 1746 Vigilandum
1649 1683 1830 1730 tamen
1860 1684 1941 1731 est
1995 1694 2060 1730 ne
2111 1676 2166 1730 in

564 1762 850 1818 Dominico
881 1776 1014 1833 agro
1044 1778 1208 1832 super
1236 1762 1438 1817 bonum
1489 1780 1672 1818 semen
1718 1764 1965 1820 inimicus
2020 1766 2164 1820 ziza-

566 1851 711 1905 niam
743 1850 1014 1921 projiciat,
1046 1858 1205 1920 atque
1237 1866 1407 1920 prava
1435 1853 1586 1905 radix
1617 1869 1845 1922 pravum
1875 1854 2167 1925 virgultum

565 1939 854 2010 producat.
887 1939 1206 1993 Audivimus
1248 1940 1483 2012 denique
1515 1942 1659 2010 quod
1703 1942 1926 2014 quidam
1983 1958 2168 1998 comes

564 2028 859 2097 Robertus,
892 2029 981 2096 qui
1012 2028 1083 2082 ab
1113 2029 1340 2100 Anglico
1384 2045 1514 2101 rege
1545 2029 1598 2083 in
1647 2031 1894 2100 captione
1938 2039 2165 2086 tenetur,

565 2117 668 2171 sub
698 2116 1070 2185 prohibitione
1101 2117 1586 2190 consanguinitatis
1642 2134 1870 2174 uxorem
1928 2121 2164 2187 duxerit,

566 2221 728 2274 quam
788 2204 904 2272 ejus
959 2205 1245 2276 propinqui
1297 2205 1520 2274 praefato
1578 2207 1761 2261 comiti
1821 2209 2164 2263 remiserunt.

563 2293 716 2349 Unde
749 2294 1072 2348 mandamus
1099 2293 1374 2350 dilectioni
1408 2303 1529 2364 tuae,
1561 2297 1888 2351 uteumdem
1912 2298 2165 2352 comitem

561 2380 877 2448 convenias,
904 2389 958 2436 et
987 2382 1031 2435 si
1077 2383 1193 2438 haec
1242 2398 1372 2439 vera
1413 2400 1531 2438 esse
1575 2385 1859 2454 repereris,
1911 2385 2169 2441 adhibitis

560 2471 772 2527 idoneis
807 2470 1034 2525 testibus
1066 2471 1140 2525 ita
1171 2472 1448 2542 sapienter
1477 2473 1753 2544 disponas,
1791 2482 1840 2527 ut
1875 2475 2087 2546 utrique
2137 2492 2169 2529 a

560 2561 800 2633 peccatis
833 2560 1068 2628 liberati,
1098 2560 1268 2615 libere
1298 2561 1414 2616 Deo
1463 2561 1710 2616 famulari
1741 2563 1974 2618 valeant.
2035 2563 2169 2619 Oret

568 2664 671 2722 pro
705 2649 862 2705 nobis
887 2648 1109 2704 dilectio
1145 2658 1337 2703 vestra.

1042 2745 1378 2802 EPISTOLA
1409 2747 1703 2803 LXXXIV.

758 2845 998 2885 ANSELMI
1027 2845 1098 2884 AD
1129 2846 1417 2885 IIENRICUM
1451 2847 1637 2886 REGI-2M
1662 2848 1984 2888 ANGLORUM.

637 2919 891 2973 Hammo
920 2917 1243 2974 charissimo
1274 2935 1372 2973 suo
1402 2919 1644 2988 domino,
1678 2921 1776 2974 Dei
1820 2923 1996 2993 gratia
2052 2923 2170 2996 regi

571 3007 892 3079 Anglorum,
920 3009 1221 3063 Ansawus
1247 3006 1872 3078 archiepiscopusﬁdele
1890 3011 2168 3067 servitium

565 3111 689 3151 cum
720 3095 1072 3150 orationibus.

643 3184 855 3239 Gratias
886 3200 990 3256 ago
1019 3185 1135 3239 Deo
1166 3200 1262 3255 pro
1292 3184 1438 3239 bona
1467 3185 1764 3254 voluntate,
1799 3203 1960 3258 quam
2016 3189 2174 3244 vobis

572 3272 742 3341 dedit,
775 3281 829 3327 et
877 3272 1028 3327 vobis
1084 3273 1175 3343 qui
1222 3288 1342 3328 eam
1397 3289 1611 3328 servare
1667 3275 1910 3330 studetis.
1972 3277 2175 3346 Quaerit

568 3361 854 3418 consilium
885 3361 1148 3417 celsitudo
1177 3371 1355 3417 vestra
1385 3363 1513 3434 quid
1543 3363 1642 3417 sibi
1675 3364 1979 3419 faciendum
2011 3367 2079 3420 sit
2108 3367 2176 3422 de

571 3453 676 3506 hoc
707 3451 834 3522 quia
876 3458 1035 3522 pacta
1064 3459 1144 3505 est
1191 3451 1359 3505 ﬁliam
1389 3467 1542 3505 suam
1601 3453 1731 3508 dare
1780 3453 2076 3510 Guillelmo
2109 3457 2175 3511 de

573 3539 878 3602 Vuarenne;
914 3555 1041 3594 cum
1077 3540 1191 3610 ipse
1220 3549 1271 3594 et
1301 3540 1412 3595 ﬁlia
1442 3549 1612 3596 vestra
1635 3557 1698 3596 ex
1731 3557 1838 3595 una
1868 3552 2022 3613 parte
2071 3544 2179 3599 sint

573 3627 793 3698 cognati
823 3628 877 3681 in
915 3636 1103 3698 quarta
1131 3628 1502 3698 generatione,
1537 3637 1588 3684 et
1617 3645 1684 3684 ex
1715 3631 1887 3684 altera
1925 3631 1979 3684 in
2005 3642 2174 3687 sexta.

577 3715 780 3770 Scitote
819 3715 1027 3785 absque
1058 3716 1223 3769 dubio
1254 3717 1381 3786 quia
1435 3717 1646 3771 nullum
1705 3725 1918 3788 pactum
1975 3722 2178 3776 servari

579 3802 742 3857 debet
770 3811 955 3858 contra
983 3804 1164 3875 legem
1195 3803 1628 3859 Christianitatis.
1661 3806 1745 3860 Illi
1778 3815 1976 3876 autem,
2032 3810 2072 3862 si
2107 3810 2180 3864 ita

579 3891 868 3964 propinqui
898 3900 1038 3960 sunt,
1070 3891 1218 3946 nullo
1250 3892 1412 3947 modo
1454 3892 1700 3966 legitime
1756 3895 1994 3966 copulari
2050 3913 2180 3968 pos-

581 3987 724 4047 sunt,
783 3996 963 4050 neque
1019 3981 1135 4036 sine
1193 3980 1540 4037 damnatione
1588 3982 1884 4037 animarum
1940 4000 2178 4054 suarum,

580 4085 757 4140 neque
812 4069 926 4124 sine
957 4084 1160 4141 magno
1191 4078 1416 4141 peccato
1459 4085 1646 4125 eorum
1676 4071 1765 4140 qui
1821 4073 1927 4127 hoc
1981 4081 2038 4128 ut
2091 4073 2184 4129 ﬁat

579 4157 965 4230 procurabunt.
992 4159 1194 4213 Precor
1222 4158 1390 4230 igitur
1426 4167 1480 4214 et
1509 4159 1731 4214 consulo
1761 4160 1917 4215 vobis
1939 4177 2004 4216 ex
2028 4170 2182 4232 parte

578 4246 676 4302 Dei
708 4247 846 4300 sicut
869 4246 1196 4302 charissimo
1227 4248 1469 4315 domino,
1501 4255 1558 4302 ut
1586 4248 1888 4304 nullatenus
1916 4265 2013 4304 vos
2056 4250 2182 4306 huic

578 4343 806 4407 peccato
837 4335 1128 4402 misceatis,
1162 4352 1336 4407 neque
1365 4336 1533 4391 ﬁliam
1565 4344 1799 4391 vestram
1832 4338 2009 4393 eidem
2033 4338 2182 4393 Guil-

576 4423 741 4479 lelmo
797 4431 984 4480 contra
1034 4425 1216 4496 legem
1267 4433 1322 4480 et
1377 4426 1711 4482 voluntatem
1765 4428 1864 4482 Dei
1941 4427 2177 4482 tradatis.

576 4513 936 4583 Omnipotens
965 4513 1112 4567 Deus
1143 4513 1344 4587 dirigat
1371 4530 1471 4570 vos
1501 4521 1554 4570 et
1573 4530 1762 4572 omnes
1791 4525 1938 4572 actus
1965 4524 2172 4573 vestros
2202 4503 2253 4563 Π

576 4601 632 4656 in
653 4601 992 4672 beneplacito
1022 4617 1140 4656 suo.

1037 4711 1380 4768 EPISTOLA
1412 4713 1679 4769 LXXXV.

717 4814 1093 4854 EURIARDACHI
1125 4817 1284 4857 REGIS
1318 4817 1604 4858 IIIBBRNIJ'I
1632 4819 1702 4857 AD
1733 4817 2050 4863 ANSBLMUH.

650 4897 1087 4954 Mummmcnus
1115 4914 1213 4954 rex
1241 4900 1533 4970 Hiberniae,
1570 4903 1838 4958 Ansewo
1880 4903 2174 4975 Anglorum

580 4986 724 5040 arclii
733 4987 970 5057 praesuli,
992 4987 1240 5055 salutem,
1274 4998 1327 5044 et
1355 4988 1520 5045 ﬁdele
1541 4989 1838 5046 servitium.

651 5072 827 5142 Quam
849 5090 1078 5148 magnas
1099 5075 1253 5132 vobis
1270 5086 1474 5148 grates,
1507 5077 1749 5147 domine,
1779 5079 1984 5136 referre
2001 5079 2174 5136 debeo

580 5163 704 5236 quia
735 5163 878 5220 sicut
914 5164 1045 5220 mihi
1076 5165 1300 5221 relatum
1332 5173 1434 5235 est,
1467 5167 1786 5223 memoriam
1816 5169 1924 5224 mei
1970 5185 2174 5240 pecca-

579 5254 710 5311 toris
739 5255 798 5309 in
826 5253 1097 5309 continuis
1113 5255 1304 5311 vestris
1325 5255 1543 5328 peragis
1572 5257 1933 5326 orationibus,
1967 5259 2064 5314 sed
2121 5261 2176 5314 et

576 5357 781 5414 genero
811 5358 934 5398 meo
964 5341 1186 5398 Ernulfo
1218 5344 1420 5399 auxilio
1460 5352 1514 5400 et
1569 5344 1975 5414 interventione,
2009 5362 2174 5417 quan-

580 5440 698 5488 tum
729 5430 906 5486 fuerat
925 5431 1174 5504 dignitati
1205 5441 1400 5490 vestra:
1430 5433 1529 5500 fas,
1572 5434 1904 5490 succurristi.
1938 5435 2089 5490 Scias
2119 5442 2172 5491 tu

574 5537 788 5593 quoque
826 5537 912 5576 me
951 5519 1106 5578 vobis
1127 5521 1179 5577 in
1211 5522 1278 5578 iis
1305 5538 1424 5599 quae
1482 5524 1826 5579 mandaveris
1879 5523 2170 5581 famulatu-

567 5627 707 5669 rum.
744 5610 894 5667 Vale.

1132 308 1196 364 S.
1230 308 1539 365 ANSELMI
1569 307 1916 363 CANTUAR.
1956 307 2276 363 ARCHIEP.
2309 306 2462 364 OPP.
2497 305 2676 361 PARS
2705 307 2802 361 III.
2835 334 2904 347 --
2932 303 3309 363 EPISTOLE.

3760 306 3868 358 244

2711 431 3053 488 EPISTOLA
3120 431 3423 487 LXXXVI.

2495 517 2818 559 GISLEBERTI
2849 517 3174 558 LUNICBNSIS
3203 519 3274 556 AD
3303 515 3630 556 ANSBLMUI.

2339 593 2611 648 ANSELMo
2635 591 2736 647 Dei
2759 592 2935 663 gratia
2957 590 3256 663 Anglorum
3270 587 3880 660 archipraesuli,G15LE-

2272 697 2480 736 nnarvs
2511 681 2611 735 Dei
2643 697 2858 752 quoque
2888 681 3260 736 misericordia
3297 678 3609 734 Lunicensis
3650 677 3880 748 episco-

2269 787 2390 842 pus,
2423 769 2582 825 ﬁdele
2611 769 2887 824 servitium
2920 778 2972 824 et
2999 769 3292 825 orationes.

2341 866 2606 931 Audiens,
2641 867 2823 936 Pater,
2850 865 3159 922 certaminis
3189 865 3356 922 vestri
3385 864 3660 930 laborem,
3689 870 3743 918 et
3788 863 3879 916 la-

2270 956 2417 1011 boris
2465 955 2765 1022 victoriam,
2811 955 3058 1010 subditas
3105 970 3228 1008 esse
3277 954 3529 1009 videlicet
3577 952 3877 1006 indomitas

2271 1045 2769 1099 Nortbmannorum
2801 1052 3010 1098 mentes
3041 1043 3384 1116 regularibus
3414 1049 3730 1097 sanctorum
3763 1043 3876 1095 Pa-

2275 1138 2417 1188 trum
2446 1133 2698 1199 decretis,
2731 1141 2786 1187 ut
2813 1133 3139 1204 regulariter
3164 1131 3256 1186 ﬁat
3283 1132 3543 1186 abbatum
3567 1138 3620 1185 et
3650 1145 3878 1201 praesu-

2274 1223 2384 1276 lum
2415 1222 2607 1277 electio
2637 1229 2689 1276 et
2718 1221 3082 1287 consecratio,
3101 1221 3399 1276 immensas
3415 1220 3618 1275 divinae
3637 1220 3883 1275 clemen-

2276 1313 2366 1366 tia:
2395 1311 2579 1366 refero
2607 1311 2833 1383 gratias,
2863 1315 2918 1366 et
2947 1325 3087 1382 quas
3118 1325 3337 1380 possum
3370 1310 3485 1364 Deo
3535 1324 3731 1379 preces
3787 1308 3882 1363 ef-

2273 1399 2459 1468 fundo,
2493 1408 2549 1454 ut
2579 1399 3031 1470 perseverantiam
3061 1399 3214 1454 vobis
3245 1405 3299 1452 et
3329 1397 3467 1452 tanti
3496 1397 3704 1452 laboris
3738 1413 3883 1467 prae-

2273 1488 2438 1542 mium
2491 1488 2770 1560 largiatur.
2817 1487 3192 1542 Munusculum
3259 1486 3596 1558 paupertatis
3644 1501 3782 1541 meae
3831 1493 3888 1540 et

2274 1576 2579 1633 devotionis
2621 1576 2928 1632 transmitto
2971 1571 3165 1648 viginti
3211 1577 3448 1648 quinque
3491 1575 3890 1646 margaretulas

2274 1664 2416 1720 inter
2445 1665 2684 1737 Optimae
2716 1670 2771 1720 et
2799 1665 3040 1731 viliores,
3074 1673 3126 1721 et
3156 1680 3294 1737 rogo
3327 1680 3394 1718 ne
3423 1663 3548 1718 sitis
3597 1663 3892 1719 immemor

2278 1755 2384 1809 mei
2419 1755 2472 1807 in
2504 1753 2842 1810 orationibus
2887 1754 3088 1810 vestris
3137 1753 3191 1808 in
3225 1753 3422 1824 quibus
3454 1760 3577 1824 post
3633 1752 3885 1809 divinam

2275 1842 2585 1915 largitatem
2615 1841 2850 1898 conﬁdo.
2885 1846 3078 1899 Amen.

2736 1951 3073 2006 EPISTOLA
3103 1949 3424 2006 LXXXVII.

2275 2054 2520 2096 ANSBLMI
2549 2055 2620 2094 AD
2664 2055 3066 2095 JOTSBRANNUM
3118 2053 3596 2094 ARCIIIEPISCOPUM
3655 2053 3877 2092 LUGDU-

2932 2127 3164 2166 NENSBM
3178 2152 3190 2165 .

2345 2200 2709 2254 JOTSERANNO
2735 2198 2981 2264 domino,
3012 2207 3174 2271 atque
3218 2214 3339 2255 cum
3371 2197 3660 2253 dilectione
3711 2213 3880 2252 reve-

2275 2287 2472 2354 rendo,
2501 2295 2554 2343 et
2601 2304 2722 2342 cum
2771 2288 3069 2342 reverentia
3129 2287 3415 2357 diligendo
3469 2286 3885 2356 archiepiscOpo

2277 2376 2647 2449 Lugdunensi,
2676 2379 2979 2431 ANSELMUS
3008 2377 3270 2447 Ecclesiae
3302 2375 3710 2432 Cantuariensis
3761 2391 3884 2429 ser-

2275 2482 2396 2531 vus,
2427 2466 2654 2521 salutem
2683 2481 2805 2520 cum
2837 2465 3174 2520 orationibus
3204 2472 3258 2520 et
3287 2465 3529 2520 servitio.

2350 2553 2511 2616 Quod
2544 2571 2670 2609 vera
2728 2555 2968 2609 charitas
3024 2562 3201 2608 vestra
3249 2553 3663 2626 congratulatur
3701 2553 3885 2618 nobis,

2279 2643 2405 2712 quia
2440 2643 2580 2697 Deus
2605 2643 2694 2712 qui
2725 2658 2834 2697 non
2867 2642 3197 2714 derelinquit
3227 2650 3509 2712 sperantes
3556 2642 3609 2696 in
3649 2658 3732 2708 se,
3783 2657 3887 2711 pro

2278 2731 2470 2786 diebus
2513 2731 2707 2801 quibus
2737 2746 2846 2787 non
2886 2731 3198 2787 humiliavit
3225 2746 3324 2786 sua
3361 2746 3468 2786 non
3517 2730 3888 2786 consolatione

2276 2818 2584 2886 laetiﬁcavit,
2616 2819 2816 2891 gratias
2833 2820 3045 2890 agimus
3071 2862 3083 2886 ,
3116 2827 3170 2874 et
3215 2819 3337 2890 quia
3369 2834 3465 2874 vos
3530 2818 3885 2891 congaudere

2275 2909 2558 2974 sentimus,
2591 2909 2767 2980 magis
2797 2908 3118 2980 gaudemus.
3163 2907 3431 2977 Quoniam
3461 2917 3641 2963 autem
3695 2907 3888 2962 multis

2277 3005 2330 3054 et
2360 2997 2640 3052 immensis
2687 2997 3145 3063 tribulationibus,
3166 2997 3234 3051 ab
3265 2997 3328 3051 iis
3355 2996 3590 3069 aquibus
3619 2996 3885 3051 auxilium

2280 3094 2336 3142 et
2362 3086 2787 3142 consolationem
2821 3085 2874 3139 in
2905 3085 3324 3141 necessitatibus
3352 3084 3658 3157 sperabatis
3691 3090 3883 3140 vestra

2283 3176 2526 3246 pulsatur
2553 3176 2880 3241 reverentia,
2913 3175 3269 3246 compatimur
3295 3183 3348 3229 et
3375 3173 3884 3230 condolemus.Sed

2285 3265 2387 3320 hoc
2415 3265 2722 3319 consolatur
2768 3280 2869 3319 nos
2899 3265 3025 3334 quia
3066 3263 3387 3319 conﬁdimus
3446 3263 3501 3317 in
3563 3263 3676 3319 Deo
3734 3265 3882 3334 quod

2285 3354 2433 3408 nullo
2483 3354 2780 3421 fluminum,
2841 3353 2990 3408 nullo
3053 3361 3336 3408 ventorum
3395 3353 3630 3423 impulsu
3697 3360 3886 3407 vestra

2284 3443 2623 3498 concutietur
2650 3441 2968 3507 constantia,
3000 3448 3052 3496 et
3082 3441 3211 3512 quia
3238 3442 3386 3496 Deus
3414 3442 3505 3512 qui
3566 3462 3589 3492 α
3632 3441 3886 3511 superbis

2286 3531 2506 3594 resistit,
2532 3530 2824 3585 humilibus
2855 3538 3033 3584 autem
3064 3529 3157 3584 dat
3187 3529 3414 3600 gratiam
3433 3530 3480 3598 (Ι
3493 3530 3822 3599 Peter-v.5),
3859 3549 3881 3579 ι

2287 3619 2603 3690 superbiam
2652 3619 3074 3690 malignantium
3135 3618 3370 3690 franget,
3431 3625 3485 3672 et
3537 3617 3889 3673 auctoritatis

2288 3717 2483 3762 vestrae
2513 3707 2774 3778 perdibus
2803 3707 3128 3773 substernet,
3158 3714 3210 3761 et
3234 3723 3354 3762 cum
3379 3707 3548 3762 virtus
3565 3714 3745 3761 vestra
3768 3722 3892 3777 pro-

2291 3796 2416 3850 bata
2473 3795 2646 3862 fuerit,
2700 3795 2930 3867 accipiet
2967 3811 3227 3851 coronam
3283 3794 3412 3851 vitae
3483 3795 3890 3866 repromissam.

2290 3883 2534 3954 Qualiter
2560 3889 2742 3939 autem
2772 3893 3020 3939 nostrum
3049 3900 3168 3939 esse
3197 3884 3290 3952 sit,
3324 3884 3470 3955 quod
3501 3891 3685 3939 vestra
3722 3884 3890 3938 beni-

2289 3973 2469 4046 gnitas
2496 3988 2656 4027 nosse
2683 3973 2977 4042 desiderat,
3010 3972 3202 4027 melius
3243 3989 3340 4043 per
3386 3973 3598 4044 legatos
3655 3981 3885 4042 vestros,

2290 4077 2448 4134 quam
2481 4077 2578 4133 per
2605 4061 2888 4132 epistolam
2919 4062 3167 4132 poteritis
3197 4077 3555 4133 cognoscere.

2644 4185 2812 4254 448
2844 4184 3180 4240 EPISTOLA
3218 4185 3564 4240 LXXXVIII.

2287 4291 2529 4330 ANSBLMI
2559 4291 2630 4329 AD
2673 4289 2902 4330 ΤΗΟΜΛΜ
2932 4289 3333 4329 BBORACENSBM
3379 4289 3888 4332 ARCHIEPISCOPUM.

2361 4366 2667 4420 ANSBLMUS
2715 4362 3165 4434 archiepiscopus
3225 4363 3651 4430 Cantuariensis,
3711 4364 3897 4420 amico

2288 4467 2389 4508 suo
2417 4453 2632 4509 THOMJE
2662 4451 2836 4508 electo
2867 4452 3274 4522 archiepiscopo
3324 4451 3681 4520 Eboracensi,
3735 4453 3896 4508 salu-

2283 4549 2414 4598 tem.

2357 4629 2652 4686 Mandastis
2681 4627 2814 4684 mihi
2841 4627 2900 4683 in
2933 4627 3130 4684 litteris
3155 4629 3348 4684 vestris
3379 4629 3524 4701 quod
3567 4630 3801 4685 termino
3866 4647 3899 4686 a

2285 4736 2373 4776 me
2403 4719 2560 4776 vobis
2589 4717 2898 4787 constituto,
2931 4719 3046 4773 Deo
3076 4717 3390 4784 auxiliante,
3425 4719 3723 4773 Cantuarize
3783 4720 3900 4774 eri-

2283 4809 2351 4864 tis
2381 4809 2426 4864 si
2475 4815 2788 4881 opportune
2835 4807 3096 4878 potcritis,
3148 4813 3497 4878 suscepturus
3541 4816 3600 4863 et
3647 4807 3898 4864 facturus

2285 4898 2437 4970 quod
2465 4896 2734 4952 debebitis
2763 4911 2776 4950 :
2807 4895 3015 4966 rogatis
3045 4910 3262 4967 quoque
3290 4904 3346 4949 ut
3375 4897 3422 4950 si
3452 4895 3505 4950 id
3537 4894 3748 4952 efﬁcere
3781 4913 3898 4952 non

2287 4985 2503 5056 veletis,
2533 4984 2895 5041 concederem
2927 4992 3192 5056 quatenus
3226 4984 3278 5038 in
3311 4983 3442 5038 mihi
3473 4984 3663 5039 decem
3693 4984 3901 5041 diebus

2283 5084 2409 5132 ante
2439 5075 2749 5130 renuntiare
2805 5073 3059 5145 possetis.
3120 5072 3228 5129 Sed
3281 5073 3610 5128 Guillelmus
3657 5073 3898 5130 clericus

2284 5164 2505 5221 nuntius
2531 5173 2720 5219 vester
2748 5170 2998 5234 precatus
3019 5169 3099 5218 est
3129 5178 3216 5216 me
3242 5177 3309 5217 ex
3341 5169 3525 5217 vestra
3547 5169 3722 5233 parte,
3746 5179 3896 5234 qua—

2285 5263 2438 5311 tenus
2466 5269 2573 5327 ego
2608 5253 2784 5324 ipsum
2816 5251 3105 5306 terminum
3137 5251 3402 5306 adventus
3435 5250 3600 5305 vestri
3632 5251 3896 5321 aliquan-

2281 5345 2458 5400 tulum
2498 5342 2869 5406 extenderem,
2905 5347 2959 5394 ut
3003 5340 3072 5394 ad
3114 5354 3212 5395 nos
3242 5339 3596 5412 opportunius
3653 5342 3897 5410 possetis

2281 5433 2481 5490 venire.
2515 5431 2671 5502 Quod
2705 5439 2759 5486 et
2785 5445 2889 5503 ego
2920 5445 3078 5484 causa
3110 5429 3276 5484 vestri
3305 5429 3507 5484 amoris
3537 5436 3590 5483 et
3617 5439 3892 5501 opportu-

2281 5523 2463 5578 nitatis
2493 5521 2734 5577 libenter
2773 5519 2932 5576 facio.
2965 5519 3047 5574 Ne
3106 5519 3294 5588 itaque
3336 5533 3473 5589 opus
3520 5517 3590 5572 sit
3621 5533 3721 5573 vos
3754 5519 3892 5575 mihi

2279 5610 2579 5683 quidquam
2605 5617 2726 5666 ante
2757 5609 2823 5665 de
2867 5615 3048 5665 vestro
3091 5606 3325 5666 adventu
3381 5606 3714 5676 renuntiare,
3749 5609 3891 5666 sub-
