4036 6072
291 263 400 318 245

1575 263 1700 318 LIB.
1733 262 1825 331 IV,
1867 261 2089 320 EPIST.
2121 265 2316 321 XCIII.

3491 276 3596 332 246

291 401 492 442 moneo
524 401 622 443 vos
650 393 708 442 ut
735 386 823 442 die
853 387 1156 454 Dominico,
1191 387 1280 456 qui
1312 387 1412 442 erit
1433 387 1621 458 quinto
1653 387 1882 443 Kalend.
1913 388 1969 448 A
2001 407 2138 462 queo
2169 393 2409 450 invenire
2440 395 2607 452 verba
2637 397 2834 469 quibus
2863 396 3133 466 affectum,
3179 415 3342 472 quem
3401 408 3585 455 servat

287 474 484 530 Octob.
546 477 853 532 Cantuaria
909 477 1025 531 sitis
1080 477 1152 531 ad
1186 477 1494 532 faciendum
1526 477 1673 547 quod
1711 477 1886 533 facere

286 563 601 630 debetis,et
620 564 687 619 ad
710 565 1114 635 suscipiendam
1137 566 1600 621 consecrationem
1622 573 1880 620 vestram.

288 654 569 708 Praeterea
599 653 743 722 quod
769 653 948 708 dicitis
977 654 1030 708 in
1061 654 1255 708 litteris
1300 655 1516 718 vestris,
1567 669 1664 709 vos
1713 670 1884 724 pecu-

285 740 434 795 niam
469 757 717 812 quarere
748 749 804 796 ut
838 743 1058 797 Romam
1089 743 1309 797 mittatis
1339 757 1439 813 pro
1483 742 1648 812 pallio
1694 742 1884 798 Eccle-

285 829 388 885 sia
439 838 652 895 vestra,
702 845 809 884 non
857 831 1119 886 concedo.
1169 832 1234 884 Et
1275 839 1403 902 puto
1434 832 1563 901 quia
1594 831 1646 885 id
1679 830 1884 886 frustra

285 917 565 986 faceretis,
624 919 880 988 quoniam
938 921 1117 974 nullus
1188 919 1352 974 debet
1400 919 1600 974 habere
1657 919 1882 990 pallium

283 1015 577 1077 antequam
608 1007 680 1060 sit
706 1011 1077 1062 consecratus.
1105 1009 1336 1064 Litteras
1366 1023 1505 1080 quas
1535 1007 1880 1078 requiritisin

283 1095 659 1150 testimonium
692 1111 942 1166 persona
970 1097 1318 1152 etelectionis
1340 1105 1554 1161 vestra,
1585 1111 1713 1151 cum
1748 1097 1879 1151 mihi

283 1181 502 1239 locutus
535 1183 762 1250 fueritis,
797 1193 849 1240 et
888 1185 1238 1241 ostenderitis
1269 1184 1357 1240 cui
1388 1200 1479 1240 eas
1508 1183 1744 1256 dirigere
1773 1185 1876 1240 de—

283 1271 410 1340 beo,
442 1271 674 1328 libenter
700 1273 893 1329 faciam
922 1289 1021 1345 pro
1053 1274 1230 1340 vobis,
1263 1274 1404 1329 sicut
1443 1287 1544 1345 pro
1584 1272 1758 1329 amico
1791 1273 1875 1328 fa-

279 1376 410 1416 cere
438 1361 633 1418 debeo.

737 1449 1082 1507 EPISTOLA
1122 1453 1424 1507 LXXXIX.

280 1553 527 1596 Ακεωι
551 1555 622 1594 ΑΙ)
650 1555 1006 1598 συιιιεωίυιί
1051 1557 1541 1598 ROTIIOHAGBNSBH
1582 1556 1872 1596 ARCHIEPI-

957 1628 1195 1668 SCOPUM.

1996 496 2215 552 semper
2242 499 2335 538 cor
2364 501 2546 539 meum
2578 501 2757 540 coram
2789 487 2902 541 Deo
2932 487 3001 542 de
3034 488 3208 553 vobis,
3241 487 3447 558 possim
3496 505 3587 542 ex-

1994 570 2249 640 primere,
2301 573 2400 627 nisi
2437 574 2572 629 forte
2620 591 2717 646 per
2763 578 2866 630 hoc
2904 577 3053 631 illum
3085 577 3278 632 melius
3309 578 3577 648 exprimo,

1995 659 2115 728 quia
2147 677 2233 715 me
2266 661 2436 716 fateor
2465 664 2769 734 exprimere
2800 680 2907 717 non
2945 681 3123 734 posse.
3184 665 3398 736 Quippe
3456 682 3577 721 cum

1993 759 2170 802 mente
2202 759 2421 820 peracto
2452 749 2794 806 affectuosam
2827 753 3170 808 dilectionem
3203 771 3364 824 quam
3405 755 3459 808 in
3489 771 3580 810 vo-

1992 836 2074 889 bis
2104 847 2320 907 propter
2351 839 2520 894 Deum
2553 855 2687 910 erga
2719 857 2803 894 me
2834 841 3014 894 multis
3047 842 3221 896 modis
3239 859 3356 896 sum
3375 859 3577 913 exper-

1989 933 2091 988 tus,
2126 925 2259 979 nihil
2290 926 2342 979 in
2373 943 2459 982 me
2492 942 2708 998 possum
2740 928 2974 999 cogitare
3006 930 3150 999 quod
3181 931 3249 984 ad
3281 931 3398 999 ejus
3428 931 3579 986 retri-

1990 1013 2285 1081 butionem,
2346 1022 2437 1070 aut
2492 1015 2790 1088 gratiarum
2847 1017 3112 1072 actionem
3155 1019 3448 1073 secundum
3485 1034 3576 1074 vo-

1987 1101 2245 1158 luntatcm
2279 1119 2455 1158 meam
2499 1105 2669 1174 possit
2697 1104 2964 1161 sufficere.
2997 1105 3267 1174 Quoniam
3299 1123 3430 1178 ergo
3462 1123 3572 1162 me-

1987 1191 2096 1245 lius
2128 1208 2226 1246 nec
2254 1192 2367 1248 scio
2398 1209 2498 1249 nec
2531 1193 2699 1259 valeo,
2731 1194 2796 1248 ad
2831 1195 2999 1248 Deum
3060 1211 3146 1249 me
3203 1203 3486 1261 converto,
3519 1200 3576 1251 et.

1984 1295 2079 1336 oro
2108 1288 2165 1334 ut
2193 1280 2310 1352 ipse
2339 1281 2612 1337 dilectioni
2643 1289 2835 1337 vestra
2864 1298 3015 1337 suam
3046 1298 3142 1353 pro
3192 1299 3280 1338 me
3325 1283 3574 1338 dilectio-

1984 1384 2106 1424 nem
2138 1385 2256 1441 qua
2285 1377 2501 1440 superat
2530 1371 2720 1425 omnia
2752 1371 2953 1426 merita
2983 1370 3260 1426 hominum
3291 1372 3570 1427 retribuat.

1984 1457 2099 1513 Hoc
2129 1457 2368 1529 quotidie
2399 1458 2561 1525 facio,
2582 1461 2684 1514 hoc
2700 1461 2942 1529 quandiu
2968 1461 3150 1515 vivam
3170 1462 3285 1516 Deo
3303 1469 3573 1516 annuente

1983 1545 2162 1601 facere
2194 1562 2300 1600 non
2331 1547 2610 1604 desistam.
2643 1547 2824 1602 Nostis
2878 1547 3214 1603 desiderium
3270 1565 3450 1605 meum
3507 1550 3575 1604 de

1983 1634 2158 1701 vobis,
2191 1635 2338 1706 quod
2370 1636 2569 1691 utinam
2601 1635 2818 1690 audiam
2875 1645 3169 1706 antequam
3228 1639 3425 1693 moriar
3480 1653 3577 1708 per

351 1699 583 1797 Βοωίξω
598 1708 666 1809 ξι
693 1699 834 1755 Patri
864 1701 1157 1809 Γθνθτξηάο
1216 1700 1653 1809 διὀιῖίθρίδοοροτξ
1674 1701 1874 1809 ³9⁸119·
1900 1748 1954 1809 Β
1986 1699 2223 1796 gratiam
2249 1725 2346 1779 Dei
2377 1725 2706 1795 completum
2739 1741 2880 1780 esse.
2909 1699 3105 1781 Verum
3127 1727 3252 1781 dico
3274 1726 3428 1781 vobis
3450 1699 3575 1796 quia

278 1788 534 1858 magensi
597 1788 942 1857 GUlLLELMO,
1001 1793 1322 1859 ANSBLML’S,
1383 1807 1570 1845 servus
1614 1789 1874 1845 Ecclesia

279 1877 702 1946 Cantuariensis,
766 1878 1016 1946 salutem,
1072 1886 1124 1932 et
1182 1878 1372 1933 fideles
1427 1877 1706 1934 orationes
1753 1893 1875 1933 cum

274 1964 520 2020 servitio.

351 2053 655 2108 Mandastis
686 2053 820 2109 mihi
847 2056 903 2108 in
931 2055 1124 2110 litteris
1153 2055 1348 2111 vestris
1379 2054 1506 2127 quia
1553 2053 1880 2110 Guillelmus

273 2142 614 2197 camerarius
643 2152 695 2198 et
724 2159 863 2197 uxor
894 2144 1013 2212 ejus
1041 2144 1225 2199 dicunt
1251 2160 1340 2198 me
1367 2143 1471 2198 sibi
1495 2143 1696 2198 dixisse
1732 2143 1875 2213 quod

276 2230 383 2299 ipsi
416 2239 643 2301 possent
671 2231 1030 2304 eleemosynis
1062 2233 1326 2288 redimere
1376 2240 1654 2303 peccatum
1693 2247 1872 2295 suum,

276 2319 410 2374 illud
440 2321 650 2376 scilicet
679 2322 814 2392 quia
847 2321 962 2392 ipse
995 2322 1316 2378 Guillelmus
1361 2322 1413 2376 in
1460 2338 1680 2376 uxorem
1713 2319 1877 2374 habet

279 2423 399 2462 eam
433 2425 558 2478 qua
587 2408 690 2463 fuit
720 2411 936 2481 cognati
966 2411 1071 2465 sui.
1111 2409 1265 2478 Quod
1296 2410 1434 2466 sciat
1476 2409 1728 2464 sanctitas
1775 2425 1874 2464 ve-

280 2504 396 2550 stra
428 2512 515 2552 me
543 2514 821 2568 nunquam
853 2499 932 2553 eis
963 2499 1184 2565 dixisse,
1215 2499 1312 2553 sed
1346 2499 1521 2570 potius
1571 2497 1697 2552 dico
1749 2496 1877 2569 quia

280 2593 471 2640 neuter
527 2586 765 2654 illorum,
825 2588 867 2641 si
927 2587 980 2641 in
1028 2589 1130 2642 hoc
1160 2592 1389 2659 peccato
1419 2595 1662 2643 mortuus
1690 2585 1873 2656 fuerit,

281 2673 490 2730 videbit
518 2675 752 2747 gloriam
784 2677 904 2732 Dei.
940 2676 1144 2732 Valete.

815 2798 1166 2856 EPISTOLA
1224 2801 1338 2854 XC.

428 2904 667 2942 ANSELII
699 2904 770 2942 AD
811 2905 1286 2943 ARCIIIEPISCOPUM
1307 2903 1727 2944 LINDONBNSBM.

347 2979 650 3033 Axssuws
707 2977 1153 3048 archiepiscOpus
1205 2977 1524 3044 Cantuaria,
1575 2975 1874 3032 reverendo

1984 1813 2163 1868 latior
2191 1815 2356 1868 exiret
2385 1814 2565 1868 anima
2593 1813 2661 1868 de
2692 1829 2942 1883 corpore.
2986 1815 3245 1869 Nostrum
3277 1831 3396 1870 esse
3426 1815 3572 1886 quod

1982 1902 2120 1956 scire
2150 1901 2495 1967 desideratis,
2530 1902 2666 1956 lator
2696 1902 3045 1972 prasentium
3076 1903 3212 1956 satis
3241 1903 3396 1958 vobis
3425 1911 3575 1975 pote-

1982 1991 2052 2044 rit
2082 1990 2321 2046 edicere.
2355 1991 2586 2061 Spiritus
2615 2000 2834 2046 sanctus
2867 1992 2934 2046 sit
2965 2007 3186 2063 semper
3201 2000 3380 2048 custos
3400 2001 3452 2047 et
3482 1992 3570 2046 di-

1983 2088 2168 2135 rector
2197 2079 2381 2134 cordis
2409 2080 2577 2135 vestri
2607 2087 2659 2134 et
2691 2080 2813 2136 vita
2843 2089 3066 2137 vestra.
3105 2083 3299 2136 Amen.

2493 2205 2829 2260 EPISTOLA
2883 2206 3051 2259 XCII.

2300 2307 2538 2347 ANSBLMI
2576 2309 2647 2346 ΑΙ)
2687 2308 2949 2347 IIACONBM
2989 2309 3252 2347 COMITEM.

2049 2385 2350 2436 Ausemus
2381 2381 2555 2450 gratia
2586 2381 2703 2446 Dei,
2736 2380 3178 2451 archiepiscopus
3209 2382 3569 2436 Cantuarien—

1981 2470 2076 2534 sis,
2111 2471 2323 2523 Hacom
2353 2469 2537 2523 comiti
2568 2469 2988 2537 Orcadensium,
3007 2471 3234 2524 salutem
3259 2479 3313 2526 et.
3340 2471 3573 2525 benedi-

1981 2559 2213 2614 ctionem
2246 2557 2365 2612 Dei.

2053 2646 2226 2700 Audio
2259 2646 2382 2718 quia
2414 2652 2640 2718 propter
2670 2646 3024 2719 indigentiam
3054 2647 3361 2714 doctorum,
3393 2647 3575 2703 minus

1982 2751 2140 2806 quam
2174 2735 2412 2806 expedit,
2447 2736 2678 2806 pepulus
2711 2735 2800 2807 qui
2832 2735 2932 2790 sub
2963 2745 3150 2791 vestra
3173 2740 3445 2807 potestate
3468 2745 3571 2802 cst,

1981 2833 2276 2896 cognoscat
2307 2832 2357 2878 et
2388 2823 2528 2879 colat
2550 2823 2916 2878 Christianam
2941 2825 3281 2896 religionem.
3317 2825 3422 2880 Sed
3443 2842 3574 2897 gau-

1981 2915 2084 2968 deo
2117 2914 2237 2984 quia
2269 2914 2536 2968 referente
2565 2913 2819 2984 episcopo
2850 2929 3012 2984 quem
3044 2929 3185 2970 nunc
3215 2930 3312 2984 per
3337 2916 3572 2986 gratiam

1981 3001 2078 3056 Dei
2113 3001 2343 3065 habetis,
2377 3001 2538 3055 didici
2582 3001 2707 3073 quia
2764 3002 3042 3072 prudentia
3101 3010 3290 3057 vestra
3346 3002 3576 3058 libenter

276 3065 559 3160 Ῑοιξηδοηίδ
585 3067 668 3134 (in
690 3065 1174 3160 δηίωβξείξίεείφ
1196 3064 1707 3160 διίῨ-Ῑῖίὲρίδίδορονδί
1729 3080 1873 3130 “ero,
1905 3087 1954 3150 C
1982 3089 2205 3160 suscipit
2235 3064 2456 3143 verbum
2489 3064 2615 3154 Dei,
2639 3098 2689 3144 et
2719 3064 3004 3145 consilium
3038 3090 3182 3160 quod
3213 3091 3447 3159 pertinet
3505 3092 3571 3145 ad

271 3152 495 3208 salutem
528 3161 580 3208 et
613 3169 791 3209 veram
818 3154 1106 3209 amicitiam
1139 3155 1193 3208 in
1241 3155 1478 3208 Christo.

347 3242 505 3309 Quod
557 3259 644 3297 me
687 3242 919 3314 regestis
965 3242 1033 3297 de
1075 3243 1277 3297 domno
1325 3243 1576 3298 Alberico
1607 3240 1873 3298 cardinali

275 3330 536 3388 Romana
563 3331 827 3386 Ecclesia
860 3331 1092 3386 libenter
1122 3331 1249 3397 feci,
1284 3339 1393 3385 tum
1426 3338 1646 3402 propter
1692 3331 1869 3385 hono-

273 3434 392 3473 rem
443 3420 701 3474 Romana
742 3420 1024 3487 Ecclesia,
1074 3428 1184 3474 tum
1215 3428 1436 3490 propter
1476 3427 1736 3484 vestrum,
1769 3433 1870 3490 pro

273 3523 383 3578 quo
414 3507 648 3562 libenter
679 3507 856 3563 facere
880 3508 1026 3573 volo,
1059 3508 1103 3562 si
1133 3508 1261 3580 quid
1284 3507 1428 3578 quod
1451 3507 1869 3578 placeatsancti-

275 3596 370 3652 tati
403 3605 601 3652 vestra
630 3595 981 3652 intellexero.
1019 3597 1233 3653 Gratias
1261 3596 1481 3668 agimus
1513 3597 1628 3651 Deo
1675 3595 1763 3665 qui
1813 3595 1868 3648 in

271 3701 451 3756 regno
484 3686 758 3740 Danorum
790 3694 1024 3740 vestram
1055 3685 1372 3757 religiosam
1423 3684 1781 3755 prudentiam,
1815 3692 1868 3738 et

269 3773 595 3845 prudentem
627 3773 948 3844 religionem
969 3774 1035 3827 ad
1064 3773 1586 3844 archiepiscopatum
1609 3772 1864 3827 sublima-

270 3862 371 3918 vit.
407 3861 740 3917 Conﬁdimus
769 3863 911 3916 enim
941 3863 1089 3934 quia,
1120 3862 1296 3935 gratia
1353 3862 1450 3916 Dei
1511 3869 1858 3931 cooperante,

267 3967 333 4010 ea
381 3968 508 4022 qua
566 3951 893 4022 corrigenda
940 3958 1065 4005 sunt
1114 3949 1420 4022 corrigetis,
1451 3957 1504 4004 et
1535 3966 1656 4020 qua
1684 3947 1860 4004 aditi-

265 4040 442 4098 canda
469 4039 830 4105 adiﬁcabitis,
865 4043 920 4094 et
949 4055 1074 4112 qua
1117 4039 1396 4093 nutrienda
1447 4037 1710 4092 nutrietis.
1745 4040 1860 4092 Au-

264 4127 498 4182 divimus
529 4143 763 4199 namque
792 4143 821 4181 a
855 4127 1082 4199 praefato
1113 4127 1372 4182 cardinali
1415 4125 1586 4181 multa
1617 4125 1758 4179 bona
1791 4126 1857 4181 de

263 4216 462 4283 vobis;
497 4217 640 4270 unde
667 4215 825 4270 istam
857 4216 1120 4270 habemus
1152 4215 1419 4280 ﬁduciam,
1453 4222 1507 4268 et
1551 4229 1770 4268 oramus
1801 4222 1858 4268 ut

262 4304 433 4370 Deus,
466 4304 557 4376 qui
587 4305 690 4359 hoc
713 4303 936 4372 incapit
965 4304 1016 4357 in
1048 4304 1225 4371 vobis,
1259 4303 1324 4357 ad
1371 4303 1572 4358 bonum
1606 4302 1853 4358 effectum

1986 3178 2244 3232 salutem.
2281 3179 2394 3233 Hac
2423 3177 2590 3248 igitur
2618 3177 2811 3234 fiducia
2842 3179 2995 3233 mitto
3025 3179 3333 3233 strenuitati
3377 3189 3569 3236 vestra

1983 3266 2189 3320 litteras
2221 3266 2534 3320 monitionis
2562 3282 2718 3333 mea,
2752 3274 3015 3336 quatenus
3043 3283 3102 3321 se
3133 3267 3374 3322 studiose
3413 3283 3569 3323 com-

1981 3355 2157 3409 mittat
2188 3353 2562 3424 pradicationi
2592 3362 2640 3408 et
2663 3355 2922 3410 doctrina
2943 3354 3187 3424 ejusdem
3209 3355 3457 3426 episcopi
3483 3363 3569 3418 ;et

1980 3452 2237 3515 quantum
2269 3443 2323 3496 in
2354 3443 2510 3498 vobis
2539 3450 2623 3496 est
2653 3443 2910 3498 sludeatis
2937 3444 3236 3514 utp0pulus
3258 3453 3440 3498 vester
3462 3447 3570 3500 hoc

1979 3531 2154 3602 ipsum
2189 3532 2370 3586 faciat.
2400 3530 2545 3586 Nihil
2576 3531 2718 3586 enim
2750 3532 2928 3587 facere
2958 3532 3185 3601 potestis
3216 3533 3357 3588 unde
3388 3533 3565 3603 magis

1976 3619 2349 3675 remissionem
2410 3627 2776 3690 peccatorum,
2835 3627 2886 3674 et
2932 3621 3056 3676 vita
3084 3628 3298 3676 aeterna
3328 3620 3564 3693 gloriam

1977 3708 2206 3778 adipisci
2239 3709 2462 3763 valeatis
2491 3723 2652 3779 quam
2684 3709 2727 3763 si
2758 3708 3016 3779 pepulum
3047 3717 3291 3764 vestrum
3335 3709 3408 3764 ad
3437 3710 3561 3766 cul-

1974 3801 2088 3851 tum
2120 3797 2446 3852 Christiana
2474 3797 2754 3868 religionis
2781 3797 3074 3862 monendo,
3115 3807 3166 3853 et
3223 3798 3558 3869 quibuscun-

1974 3902 2079 3954 que
2106 3885 2284 3940 modis
2315 3886 2541 3956 potestis
2573 3885 2730 3941 vobis
2750 3903 2868 3940 eum
2889 3885 3168 3940 attrahitis.
3202 3887 3358 3954 Quod
3375 3887 3556 3943 efﬁca-

1970 3973 2123 4041 citer,
2149 3976 2262 4029 Deo
2284 3974 2466 4040 dante,
2489 3974 2714 4044 implere
2736 3974 2998 4045 poteritis,
3014 3973 3078 4039 si,
3099 3975 3558 4045 quemadmodum

1968 4078 2130 4133 supra
2161 4063 2276 4116 dixi
2306 4062 2480 4128 vobis,
2514 4078 2612 4116 vos
2640 4062 2834 4117 devote
2866 4069 2918 4117 et
2947 4071 3135 4117 sancta
3165 4064 3465 4119 humilitate
3497 4073 3551 4119 et

1966 4166 2103 4221 pura
2133 4150 2407 4205 voluntate
2437 4150 2690 4220 episcopo
2721 4159 2901 4205 vestro
2931 4151 3182 4205 subditis.
3207 4151 3262 4204 Si
3294 4167 3391 4206 vos
3421 4167 3556 4207 con-

1964 4240 2086 4294 silio
2118 4247 2299 4294 nostro
2331 4247 2384 4294 et
2413 4238 2792 4304 exhortationi,
2825 4239 2941 4293 Deo
2972 4239 3293 4309 inspirante,
3327 4240 3555 4309 acquie-

1962 4342 2114 4383 scere
2144 4326 2441 4392 volueritis,
2471 4341 2570 4382 oro
2600 4327 2774 4380 Deum
2831 4325 3257 4396 omnipotentem
3315 4335 3372 4381 ut
3427 4329 3550 4398 ipsa

260 4402 496 4504 ξ’(ξδίτδω
528 4409 748 4504 5’me"
777 4392 1041 4504 Ρίξνίίυοθί
1069 4391 1429 4504 ν⁰¹¹¹ηί²ξξιθτξλ
1465 4392 1617 4504 ΒΟ.ῧο
1646 4390 1852 4504 ⁸ξ⁰⁰ξ3“
1881 4443 1934 4504 D
1966 4433 2064 4474 vos
2094 4425 2146 4471 et
2175 4423 2342 4470 totum
2360 4390 2634 4488 populum
2663 4422 2900 4471 vestrum
2930 4390 3031 4469 sua
3059 4415 3234 4486 gratia
3263 4390 3463 4486 dirigat
3499 4424 3553 4472 et

260 4489 426 4538 tatem
459 4490 689 4539 vestram
723 4489 986 4554 quatenus
1016 4497 1245 4552 regnum
1274 4480 1406 4535 illud
1436 4489 1620 4536 vestro
1661 4487 1851 4536 sancto

258 4571 442 4626 studio
476 4569 786 4626 emundetis
818 4571 887 4624 ab
917 4569 1202 4641 apostatis,
1234 4577 1288 4623 ut
1319 4568 1496 4623 nullus
1543 4568 1848 4640 alienigena

258 4659 337 4714 ibi
365 4659 594 4729 recipiat
623 4658 867 4732 aliquem
929 4657 1355 4715 ecclesiasticum
1410 4656 1675 4722 ordinem,
1727 4655 1852 4727 quia

256 4747 337 4803 illi
366 4747 458 4817 qui
487 4747 557 4802 ab
574 4747 846 4819 episc0pis
876 4746 959 4801 sui
991 4745 1349 4816 repelluntur,
1379 4743 1504 4801 illuc
1540 4753 1768 4817 pergunt
1798 4752 1853 4800 et

257 4835 610 4894 exitiabiliter
638 4835 706 4891 ad
728 4835 982 4892 diversos
1005 4833 1222 4890 ordines
1241 4841 1546 4890 sacranlur.
1570 4834 1774 4903 Valete,
1798 4842 1850 4891 et

253 4933 405 4982 orate
434 4939 537 4997 pro
566 4941 652 4980 me
665 4965 678 4979 .

789 5011 1126 5068 EPISTOLA
1177 5011 1318 5068 XCI.

575 5118 818 5159 ANSBLII
852 5118 923 5156 AD
952 5117 1101 5156 ADAM
1133 5115 1487 5157 οοωτιεεΑιί.

329 5208 578 5264 Domina
608 5217 664 5265 et
693 5208 850 5264 matri
880 5209 935 5262 in
966 5209 1081 5264 Deo
1111 5206 1448 5264 charissima
1477 5211 1630 5275 Ana,
1689 5223 1853 5264 vene-

259 5296 419 5354 rabili
448 5296 766 5365 comitissa,
789 5299 1318 5361 Asssnuus,servus
1331 5294 1598 5350 Ecclesia
1627 5296 1856 5351 Cantua-

262 5385 486 5452 riensis,
519 5386 664 5457 quod
695 5385 910 5452 melius,
941 5383 1086 5456 quod
1113 5382 1348 5449 dulcius,
1400 5383 1543 5452 quod
1599 5382 1859 5441 affectuo-

263 5473 381 5530 sius
411 5482 608 5545 potest,
642 5474 937 5530 secundum
969 5475 1162 5529 Deum.

340 5564 474 5616 Cum
506 5569 698 5619 vestra
727 5561 850 5620 volo
879 5561 1122 5619 scribere
1153 5559 1476 5630 celsitudini,
1518 5561 1701 5636 utique
1760 5579 1858 5618 ne-

1966 4512 2240 4576 protegat,
2273 4513 2328 4559 et
2357 4519 2508 4558 suam
2541 4502 2971 4559 benedictionem
3001 4510 3053 4558 et
3075 4501 3467 4558 absolutionem
3498 4513 3551 4560 et

1959 4595 2234 4649 orationes
2291 4592 2611 4648 humilitatis
2641 4609 2774 4648 mea
2802 4608 2866 4648 ex
2898 4591 3059 4648 corde
3107 4591 3264 4647 vobis
3321 4593 3543 4648 mando.

1961 4681 2315 4752 Omnipotens
2344 4683 2492 4736 Deus
2519 4681 2598 4736 sic
2628 4696 2725 4736 vos
2756 4680 2911 4736 faciat
2941 4681 3124 4736 vivere
3145 4680 3200 4734 in
3221 4681 3323 4737 hoc
3343 4682 3546 4738 saculo

1958 4777 2013 4824 ut
2044 4771 2101 4824 in
2133 4770 2312 4825 futuro
2335 4769 2642 4840 jungamini
2672 4769 2828 4826 beato
2871 4770 3190 4840 angelorum
3247 4770 3538 4826 consortio.

1957 4861 2151 4914 Amen.

2353 4948 2522 5016 449
2576 4947 2907 5004 EPISTOLA
2963 4946 3153 5002 XCIII.

2163 5051 2390 5090 IIBNRICI
2419 5051 2723 5091 ANGLORUM
2753 5051 2913 5091 REGIS
2943 5052 3013 5090 Αἰ)
3041 5051 3362 5092 ANSBLIUM.

2029 5125 2338 5188 Ilsxmcus,
2397 5124 2575 5195 gratia
2631 5123 2731 5179 Dei
2789 5140 2886 5178 rex
2917 5123 3236 5196 Anglorum,
3280 5129 3547 5182 Assumo

1963 5212 2336 5266 Cantuariensi
2366 5212 2805 5284 archiepiscOpo,
2854 5211 3177 5269 charissimo
3233 5215 3372 5268 Patri
3430 5233 3549 5282 suo,

1963 5300 2190 5355 salutem
2221 5309 2272 5354 et
2301 5301 2665 5357 dilectionem.

2036 5392 2308 5457 Agnosce,
2344 5391 2496 5445 Pater
2526 5391 2620 5458 mi,
2654 5390 2784 5460 quia
2813 5407 2918 5461 ego
2939 5394 3120 5463 gratia
3137 5393 3237 5446 Dei
3260 5409 3418 5447 sanus
3438 5411 3556 5449 sum

1968 5485 2022 5533 et
2079 5476 2384 5545 incolumis,
2442 5487 2496 5534 et
2549 5480 2735 5535 omnia
2791 5496 2912 5534 mea
2958 5481 3195 5535 salubria
3225 5481 3479 5536 incedunt
3511 5493 3563 5537 et

1970 5582 2252 5640 prospere.
2287 5566 2452 5638 Quod
2480 5577 2660 5625 autem
2690 5569 2758 5624 de
2789 5576 2839 5624 te
2871 5583 2936 5626 ac
2964 5570 3134 5626 salute
3165 5577 3250 5624 tua
3307 5585 3408 5641 per
3462 5573 3565 5624 Au-
