4024 6078
412 220 520 273 247

993 221 1053 277 S.
1081 219 1384 278 ANSELMI
1415 215 1753 274 CANTUAR.
1782 211 2108 271 ARCHIEP.
2141 209 2294 267 OPP.
2327 210 2500 267 PARS
2526 212 2627 266 Ill.
2664 239 2736 251 —-
2762 206 3141 267 EPISTOLE.

3608 202 3712 255 248

415 341 620 398 fridum
650 343 902 402 clericum
932 353 1081 401 tuum
1110 353 1163 402 et
1190 362 1289 417 per
1316 344 1453 400 alios
1483 341 1690 413 accepi,
1739 356 1841 396 nec
1895 354 2005 393 non
2038 337 2089 398 Α
2115 349 2227 390 rem
2284 341 2524 390 vestrum
2580 332 2843 388 auxilium
2901 340 2955 389 et
2984 330 3360 388 fortitudinem
3412 334 3524 417 toto
3547 324 3715 417 corde

415 432 485 487 de
514 431 578 487 iis
609 449 729 504 qua
785 434 927 491 circa
981 442 1033 490 te
1089 442 1347 506 geruntur
1400 432 1655 488 felicitate
1710 428 1902 485 salutis
1950 435 2004 484 et

413 521 783 591 prosperitatis
837 522 1053 596 agitari,
1113 506 1248 578 scito
1306 537 1395 577 me
1450 518 1812 592 congratulari
1896 532 2006 572 non

415 608 726 665 minimum.
766 612 881 666 Nec
911 627 1041 667 vero
1071 611 1456 667 conscientiam
1477 607 1872 665 benevolentiae
1900 614 2005 661 tua

416 696 603 764 lateat,
637 699 912 768 quomodo
941 699 1230 773 contigerit
1254 699 1412 755 nobis
1440 698 1507 753 de
1527 696 1798 768 colloquio
1820 703 2007 751 nostro

415 785 558 840 inter
579 802 664 841 me
682 794 734 841 et
756 788 1087 843 Lodovicum
1106 789 1349 845 Francia
1364 803 1579 861 regem,
1594 786 1732 842 scias
1752 784 2007 856 quoniam

417 888 522 945 ego
550 889 673 928 cum
701 875 961 947 pleraque
991 877 1147 948 copia
1175 877 1406 932 militum
1464 891 1728 943 meorum,
1787 880 1841 929 et
1894 872 2008 943 ipse

418 974 543 1016 cum
600 961 934 1031 fortitudine,
993 981 1088 1020 sua
1143 965 1379 1036 undique
1435 965 1661 1020 collecta
1742 960 2011 1017 tenuimus

417 1049 769 1121 colloquium.
800 1053 917 1125 Ego
946 1060 1132 1109 autem
1161 1055 1382 1110 studens
1410 1052 1608 1109 rationi
1661 1058 1716 1108 et
1770 1048 2013 1122 aequitati

417 1154 541 1193 cum
572 1139 850 1196 moderata
904 1141 1223 1210 humilitate,
1283 1143 1577 1199 observata
1629 1149 1816 1196 tamen
1865 1137 2013 1211 regia

418 1227 750 1297 austeritate,
785 1236 988 1285 tantum
1021 1248 1177 1301 aquo
1234 1238 1287 1287 et
1336 1232 1481 1302 justo
1539 1228 1806 1304 acquievi,
1839 1229 2013 1283 donec

420 1314 541 1387 ipse
571 1315 712 1372 fastu
740 1326 1174 1389 prasumptuoso
1203 1320 1367 1376 nimia
1397 1337 1460 1376 ac
1488 1319 1725 1391 superba
1756 1317 1886 1372 mihi
1915 1334 2011 1371 su-

421 1406 791 1476 perquasivit.
814 1408 897 1477 Et,
920 1408 995 1463 ita
1022 1409 1342 1481 disponente
1373 1409 1604 1481 Spiritus
1622 1406 1793 1462 sancti
1815 1405 2011 1479 gratia,

421 1492 835 1550 collocationem
918 1512 1095 1553 meam
1153 1496 1322 1567 ﬁuivi,
1379 1506 1437 1553 ut
1517 1497 1808 1553 comitibus
1882 1490 2015 1549 mihi

422 1582 781 1639 existentibus
810 1584 1015 1642 ratione
1043 1595 1097 1642 et
1118 1585 1323 1658 justitia
1355 1586 1694 1642 recesserim.
1726 1587 1808 1640 Ita
1849 1584 2011 1639 etiam

2112 422 2385 495 supplico,
2418 431 2478 477 ut
2506 422 2826 495 dignitatem
2860 422 3127 478 Ecclesia
3185 415 3588 475 Cantuariensis
3640 415 3716 470 ab

2112 511 2549 568 antecessoribus
2578 511 2773 567 vestris
2828 518 3118 580 servatam,
3180 524 3341 580 quam
3398 507 3544 561 Deus
3600 502 3716 559 tui-

2113 600 2250 655 tioni
2280 608 2472 656 vestra
2499 598 2792 667 commisit,
2853 606 2905 654 et
2960 598 3125 669 cujus
3174 599 3350 653 honor
3404 600 3586 651 vester
3611 600 3712 661 est,

2114 688 2372 744 minorari
2401 704 2508 743 non
2528 687 2869 758 permittatis.
2889 688 2970 744 De
2987 704 3075 743 me
3095 694 3239 742 certe
3264 684 3388 739 dico
3408 682 3568 738 vobis
3587 680 3719 751 quia

2114 777 2295 849 potius
2324 784 2547 848 paratus
2569 793 2687 832 sum
2717 777 2876 846 mori,
2909 785 2967 832 ut
3024 777 3147 846 ejus
3204 773 3443 846 dignitas
3497 772 3717 841 integra

2114 873 2375 932 servetur,
2408 882 2573 937 quam
2602 874 2659 921 ut
2688 882 2813 921 mea
2840 866 3177 940 negligentia
3223 863 3561 934 aliquatenus
3588 859 3718 915 vio-

2116 954 2276 1011 letur.
2309 953 2850 1027 Omnipotens'Deus
2883 971 2985 1011 vos
3015 964 3068 1011 et
3099 961 3283 1011 vestra
3312 965 3534 1022 semper
3572 947 3717 1004 diri-

2116 1050 2213 1117 gat
2239 1051 2293 1098 et
2318 1050 2585 1116 protegat.
2617 1044 2811 1099 Amen.

2641 1157 2980 1215 EPISTOLA
3009 1157 3155 1213 XCV
3167 1197 3179 1211 .

2438 1245 2679 1286 ANSBLMI
2735 1246 2806 1284 AD
2863 1245 3187 1285 PASCHALBM
3218 1242 3419 1282 PAPAM.

2194 1318 2461 1374 Pascmu
2492 1334 2707 1373 summo
2736 1316 2999 1388 pontiﬁci,
3032 1333 3157 1375 cum
3216 1314 3507 1370 dilectione
3547 1324 3716 1366 reve-

2118 1407 2309 1476 rendo,
2342 1415 2395 1462 et
2423 1424 2546 1462 cum
2577 1406 2877 1463 reverentia
2905 1407 3209 1480 diligendo,
3266 1407 3563 1459 Anssums
3593 1413 3717 1453 ser-

2119 1512 2222 1553 vus
2252 1495 2509 1551 Ecclesia
2547 1496 2966 1564 Cantuariensis,
3025 1495 3267 1551 debitam
3322 1489 3718 1562 subjectionem

2121 1600 2243 1640 cum
2275 1584 2583 1640 orationum
2615 1585 2952 1640 assiduitate.

423 1678 483 1725 ut
511 1670 619 1741 ipsi
650 1687 787 1744 quos
816 1673 931 1744 ipse
962 1675 1265 1731 Lodovicus
1320 1675 1376 1730 in
1431 1674 1788 1732 conventione
1826 1680 2013 1727 nostra
2039 1694 2094 1757 Β
2194 1672 2451 1740 Quamvis
2504 1687 2613 1728 non
2668 1689 2738 1729 ex
2792 1673 2995 1729 meritis
3050 1673 3208 1741 meis,
3267 1679 3446 1726 tamen
3492 1666 3719 1739 quidam

421 1758 557 1813 mihi
586 1759 871 1832 hostagios
902 1778 966 1817 ex
995 1771 1145 1834 parte
1167 1778 1265 1818 sua
1277 1764 1479 1835 posuit,
1498 1763 1634 1834 parti
1663 1777 1843 1818 causa
1873 1774 2012 1814 mea

423 1844 740 1913 essentiam,
800 1852 853 1900 et
908 1861 1130 1901 causam
1188 1863 1364 1903 meam
1396 1855 1664 1914 tueantur,
1698 1855 1752 1901 et
1789 1859 2015 1900 causam

423 1932 677 1988 Lodovici
733 1931 1006 1989 inﬁrmant
1061 1939 1115 1991 et
1170 1936 1475 2007 reprobant.
1538 1937 1820 2006 Propterea
1876 1932 2018 1987 scias

424 2020 681 2093 quoniam
712 2022 990 2093 negotium
1022 2026 1174 2094 quod
1205 2025 1346 2080 inter
1374 2040 1463 2080 me
1519 2033 1571 2080 et
1627 2024 2017 2095 imperatorem

425 2110 794 2166 Romanorum
852 2113 1201 2181 tractabatur,
1260 2112 1440 2186 gratia
1493 2113 1592 2169 Dei
1650 2113 1719 2169 ad
1757 2113 2018 2168 honorem

423 2197 522 2253 Dei
553 2205 605 2254 et
634 2206 899 2267 nostrum,
957 2209 1013 2257 et
1067 2210 1270 2259 sanctae
1323 2202 1583 2259 Ecclesiae
1638 2211 1693 2257 et
1735 2198 2023 2256 Christiani

422 2286 609 2358 populi
640 2289 710 2342 ad
739 2288 906 2344 ﬁnem
936 2290 1316 2361 perduximus.
1354 2292 1435 2346 De
1463 2299 1680 2358 caetero,
1711 2290 1779 2345 dc
1808 2289 1873 2344 iis
1901 2305 2021 2361 qua

424 2374 481 2429 in
536 2375 732 2448 Anglia
786 2385 927 2446 sunt,
990 2388 1044 2433 et
1072 2396 1193 2452 qua
1224 2379 1302 2435 ibi
1334 2388 1641 2449 tractantur,
1674 2380 1798 2436 volo
1827 2387 1884 2432 ut
1930 2394 2021 2433 vo-

424 2462 617 2519 luntati
676 2472 780 2521 tua
835 2476 1056 2537 pareant
1113 2478 1165 2523 et
1222 2469 1450 2524 consilio
1505 2476 1599 2524 tuo
1628 2468 2014 2539 disponantur.

427 2552 590 2621 Quod
618 2554 781 2609 etiam
811 2570 916 2626 ego
939 2555 1261 2625 justiciariis
1315 2557 1516 2613 nostris
1574 2557 1677 2612 feci
1722 2555 2020 2627 cognitum.

428 2640 624 2695 Filium
655 2658 837 2699 meum
869 2650 921 2699 et
950 2643 1116 2699 ﬁliam
1175 2646 1271 2701 tibi
1326 2645 1627 2713 committo,
1688 2653 1746 2699 ut
1800 2648 2027 2716 paterna

429 2728 723 2787 dilectione
779 2746 876 2788 eos
928 2733 1138 2802 foveas,
1198 2738 1256 2789 et
1309 2734 1378 2789 de
1434 2734 1509 2788 iis
1566 2732 1816 2789 tiliastino
1844 2748 2027 2788 amore

429 2833 615 2876 curam
646 2835 798 2891 agas.
830 2820 989 2877 Teste
1047 2822 1281 2879 Ranull‘o
1337 2822 1665 2879 cancellario
1721 2822 1868 2892 apud
1914 2822 2028 2877 Ro-

427 2906 765 2982 thomagum.

942 2999 1275 3057 EPISTOLA
1321 3000 1512 3057 XCIV.

621 3109 863 3151 ANSBLMI
892 3111 963 3151 AD
991 3111 1279 3154 HENRICUM
1307 3114 1496 3155 RBGBH
1523 3113 1847 3153 ANGLORUM.

509 3200 744 3257 Domino
800 3218 898 3259 suo
955 3204 1280 3261 cbarissimo
1336 3206 1610 3273 Hammo,
1696 3204 1871 3277 gratia
1934 3203 2050 3272 Dei,

441 3289 688 3361 glorioso
715 3292 831 3362 regi
861 3293 1182 3365 Anglorum,
1239 3296 1540 3351 ANSELMUS
1596 3294 2036 3366 archiepiscopus

445 3378 875 3449 Cantuariensis,
909 3380 1067 3438 ﬁdele
1095 3382 1375 3438 servitium
1432 3398 1556 3440 cum
1598 3383 1952 3451 orationibus,
1985 3389 2039 3438 et

443 3466 879 3525 benedictionem
910 3470 1009 3525 Dei
1039 3479 1092 3526 et
1120 3488 1294 3539 suam,
1326 3481 1592 3543 quantum
1624 3472 1785 3528 valet.

519 3556 734 3611 Gratias
762 3572 868 3630 ago
926 3559 1280 3630 omnipotenti
1336 3562 1452 3616 Deo
1507 3575 1576 3616 ex
1632 3561 1824 3616 intimo
1862 3559 2040 3615 cordis

452 3642 647 3699 affectu
677 3661 774 3716 pro
830 3647 1037 3702 cunctis
1096 3648 1548 3719 prosperitatibus
1605 3658 1657 3704 et
1693 3648 2039 3705 successibus

450 3747 588 3801 quos
617 3734 765 3788 Deus
804 3750 904 3803 per
958 3750 1113 3790 suam
1171 3737 1407 3808 gratiam
1465 3753 1594 3809 erga
1649 3753 1746 3792 vos
1803 3737 2039 3808 benigne

450 3820 710 3892 dignatur
763 3824 994 3893 operari,
1026 3832 1079 3880 et
1135 3840 1233 3880 oro
1263 3840 1383 3881 eum
1416 3833 1471 3881 ut
1498 3841 1714 3896 semper
1753 3826 2043 3881 celsitudi-

454 3924 579 3964 nem
610 3919 845 3966 vestram
875 3913 947 3967 ad
978 3914 1180 3983 majora
1211 3922 1265 3970 et
1291 3914 1518 3970 meliora
1545 3914 1706 3970 faciat
1753 3914 2038 3986 proﬁcere,

452 4007 507 4054 et
535 4016 635 4071 per
662 4001 973 4056 continuam
1003 4003 1200 4058 terreni
1232 4003 1387 4075 regni
1406 4004 1825 4075 prosperitatem
1844 4004 2045 4074 perdu-

448 4097 536 4145 cat
589 4089 660 4145 ad
715 4090 953 4146 calcatis
1008 4092 1163 4164 regni
1221 4091 1550 4148 felicitatem.
1611 4093 1826 4149 Gratias
1879 4093 2044 4147 etiam

449 4195 557 4251 ago
587 4179 885 4251 dignationi
916 4188 1130 4248 vestra,
1164 4197 1285 4251 qua
1314 4181 1466 4250 mihi,
1496 4181 1635 4237 sicut
1662 4181 1807 4237 fideli
1838 4190 1892 4237 et
1919 4196 2046 4237 vere

451 4268 696 4325 dilectori
725 4285 847 4337 suo,
879 4269 1236 4326 amicabiliter
1265 4286 1387 4342 qua
1416 4271 1561 4326 circa
1616 4287 1675 4325 se
1732 4279 1872 4332 sunt.
1906 4271 2046 4326 litte-

448 4358 523 4413 ris
550 4358 661 4412 suis
690 4357 1035 4430 signiﬁcavit,
1094 4367 1149 4414 et
1202 4374 1299 4415 cor
1352 4375 1535 4414 meum
1592 4361 1661 4414 de
1715 4359 1902 4415 latitia
1946 4374 2046 4413 sua

452 4450 508 4502 et
536 4447 898 4518 prosperitate
926 4446 1234 4504 latiﬁcavit.
1267 4447 1424 4516 Quod
1473 4451 1655 4503 autem
1712 4464 1848 4504 mea
1902 4463 2044 4503 cura

453 4544 614 4607 atque
643 4534 916 4592 dilectioni
947 4535 1117 4591 ﬁlium
1160 4545 1399 4592 vestrum
1429 4545 1484 4592 et
1538 4534 1703 4590 ﬁliam
1753 4545 1857 4591 tam
1915 4536 2045 4590 dili-

450 4632 641 4697 genter
671 4624 1083 4693 commendatis,
1114 4634 1168 4681 et
1195 4626 1341 4698 quod
1359 4624 1618 4682 voluntati
1646 4641 1786 4682 mea
1814 4640 2044 4697 regnum

450 4720 696 4770 vestrum
726 4722 781 4769 et
808 4713 1031 4787 negotia
1059 4715 1214 4787 regni
1246 4714 1406 4770 vestri
1462 4714 1813 4783 committitis,
1846 4729 2043 4786 quam-

446 4802 529 4859 vis
558 4802 613 4856 in
642 4817 730 4857 me
757 4816 867 4857 non
895 4802 965 4857 sit
990 4802 1255 4872 sapientia
1284 4802 1354 4858 ad
1383 4804 1486 4859 hoc
1516 4802 1804 4869 suﬁiciens,
1863 4811 2043 4858 tamen

448 4891 576 4963 quia
604 4889 1041 4946 benevolentiam
1072 4895 1307 4946 vestram
1338 4891 1683 4960 immensam,
1728 4896 1784 4948 et
1810 4891 2042 4964 gratiam

446 4996 582 5051 erga
631 4995 720 5034 me
775 4977 1042 5050 intelligo,
1102 4987 1363 5051 quantum
1418 4979 1473 5035 in
1516 4997 1604 5036 me
1633 4988 1730 5048 est,
1763 4989 2044 5053 gratanter

443 5068 696 5139 suscipio,
755 5075 810 5124 et
863 5084 984 5139 qua
1031 5067 1163 5122 mihi
1215 5068 1565 5138 committitis,
1624 5070 1724 5125 Dei
1755 5086 1852 5141 per
1879 5086 2038 5141 quem

442 5166 638 5216 cuncta
690 5158 832 5213 bene
887 5156 1264 5228 disponuntur,
1322 5159 1648 5214 commendo
1695 5157 2039 5228 dispositioni

441 5258 493 5307 et
522 5248 744 5305 auxilio.
777 5249 857 5302 De
908 5247 1082 5302 electo
1137 5247 1499 5303 Eboracensis
1550 5248 1811 5304 Ecclesia
1866 5249 2038 5303 archi-

444 5340 724 5413 episcopo,
768 5336 1236 5407 quemadmodum
1269 5351 1329 5392 se
1357 5353 1443 5392 res
1471 5337 1661 5403 habet,
1721 5354 1819 5408 per
1872 5338 2035 5392 dom-

442 5446 571 5487 num
602 5425 1002 5483 Baldeuvinum
1060 5423 1277 5481 ﬁdelem
1335 5434 1387 5481 et
1436 5426 1761 5482 dilectorem
1801 5435 2035 5482 vestrum

440 5516 761 5578 sublimitati
817 5523 1013 5574 vestrae
1068 5513 1192 5573 viva
1246 5529 1381 5573 voce
1436 5512 1709 5588 signiﬁco.
1740 5515 1822 5571 Ad
1872 5531 2034 5587 quam

2124 1761 2246 1833 quia
2276 1760 2457 1817 vident
2488 1777 2576 1817 me
2605 1762 2661 1816 in
2690 1763 2868 1832 causis
2896 1762 3033 1818 meis
3052 1759 3448 1834 benignitatem
3478 1764 3719 1814 vestram

2122 1865 2341 1920 semper
2367 1849 2569 1905 habere
2596 1860 2945 1921 prasentem,
2975 1856 3169 1922 putant
3225 1866 3309 1905 me
3364 1846 3511 1918 apud
3549 1841 3717 1900 celsi-

2126 1938 2364 1993 tudinem
2396 1946 2629 1994 vestram
2660 1940 2713 1993 in
2743 1940 2811 1994 iis
2840 1954 2960 2011 qua
2988 1938 3134 1994 illam
3163 1939 3360 1993 decent
3385 1935 3520 1989 sicut
3571 1931 3716 1987 ﬁde-

2123 2025 2231 2082 lem
2288 2042 2506 2084 servum
2561 2027 2763 2100 aliquid
2818 2043 3004 2099 posse.
3064 2028 3410 2098 Quapropter
3488 2023 3723 2079 aliorum

2127 2114 2383 2185 precibus
2410 2125 2630 2171 coactus
2661 2116 2932 2187 majestati
2962 2123 3158 2172 vestra
3215 2115 3519 2186 supplicare
3574 2125 3731 2181 pra-

2129 2216 2307 2269 sumo,
2342 2211 2397 2259 ut
2427 2203 2618 2259 latoris
2650 2205 3256 2275 prasentium‘causam
3312 2201 3498 2257 audire
3527 2199 3735 2271 digne-

2131 2298 2246 2354 tur;
2280 2299 2333 2346 et
2360 2292 2428 2347 de
2457 2309 2521 2348 ea
2552 2295 2699 2365 quod
2729 2293 3015 2364 sapientia
3064 2309 3178 2349 sua
3208 2291 3466 2363 placebit,
3524 2285 3733 2359 praci-

2129 2395 2276 2450 pere.
2339 2380 2703 2451 Omnipotens
2757 2383 2906 2437 Deus
2961 2381 3018 2436 in
3073 2382 3332 2437 diuturna
3372 2375 3736 2449 prosperitate

2132 2469 2475 2525 sanctitatem
2507 2478 2741 2527 vestram
2773 2470 2930 2526 nobis
2961 2477 3267 2527 conservet.
3300 2470 3496 2523 Amen.

2644 2585 2987 2643 EPISTOLA
3016 2586 3206 2641 XCVI.

2205 2688 2447 2730 AllSELMI
2478 2691 2548 2729 AD
2578 2689 2875 2732 SAHSONBH
2905 2691 3323 2731 “'IGORNENSBM
3356 2686 3660 2728 BPISCOPUM

2207 2763 2509 2818 ANSBLuus
2568 2763 3014 2833 archiepiscopus
3099 2762 3424 2831 Cantuaria,
3483 2760 3734 2817 Sausom

2136 2849 2395 2923 episcopo
2423 2850 2805 2924 Wigornensi,
2837 2852 3094 2908 salutem.

2210 2938 2320 2994 Vos
2350 2939 2502 2994 scitis
2532 2939 2665 3012 quid
2697 2940 2937 2995 Ecclesia
2966 2938 3335 2996 Eboracensis
3389 2937 3584 2993 debeat
3631 2936 3734 2991 Ec-

2054 3048 2105 3112 C
2138 3026 2319 3083 clesia
2374 3027 2763 3095 Cantuariensi,
2797 3038 2850 3083 et
2871 3028 3143 3100 quomodo
3173 3027 3253 3083 illi
3271 3027 3520 3098 subjecta
3536 3025 3739 3080 debeat

2138 3132 2282 3172 esse.
2342 3117 2629 3187 Postquam
2678 3133 2817 3189 ergo
2845 3119 3082 3173 Thomas
3113 3118 3319 3173 electus
3348 3123 3429 3172 est
3456 3114 3739 3186 archiepi—

2141 3220 2341 3275 scopus
2370 3205 2752 3274 Eboracensis,
2778 3206 3253 3278 debuitrequirere
3273 3203 3741 3262 consecrationem

2143 3310 2319 3362 suam,
2351 3300 2403 3349 et
2432 3293 2669 3365 proﬁteri
2699 3294 3068 3350 obedientiam
3117 3310 3279 3366 quam
3336 3293 3500 3349 debet
3552 3290 3742 3347 archi-

2146 3382 2437 3453 episcopus
2453 3383 2715 3439 Eboraca
2728 3382 3143 3454 archiepiscopo
3160 3391 3213 3438 et
3232 3381 3490 3438 Ecclesiae
3509 3381 3744 3435 Cantua-

2145 3471 2260 3526 ria.
2285 3471 2620 3542 Contempsit
2637 3470 2822 3527 facere
2842 3473 2988 3542 quod
3009 3470 3187 3528 facere
3207 3471 3411 3527 debuit.
3425 3471 3544 3543 Ego
3557 3476 3746 3524 tamen

2145 3574 2221 3616 ex
2251 3560 2584 3616 abundantia
2612 3560 2884 3616 charitatis
2912 3559 3136 3618 invitavi
3165 3576 3287 3616 eum
3333 3559 3418 3614 bis
3444 3574 3543 3629 per
3568 3555 3742 3613 cleri-

2146 3664 2239 3704 cos
2267 3654 2500 3717 nostros,
2534 3657 2587 3704 et
2615 3649 2771 3705 tertio
2800 3665 2899 3720 per
2926 3650 3063 3705 duos
3104 3649 3408 3719 episcOpos,
3443 3652 3500 3702 ut
3528 3646 3742 3704 veniret

2147 3736 2214 3792 ad
2244 3746 2473 3793 matrem
2529 3754 2683 3793 suam
2740 3738 3181 3794 Cantuariensem
3239 3735 3555 3804 Ecclesiam,
3586 3742 3643 3791 et
3669 3734 3742 3789 ad

2148 3842 2235 3880 me
2266 3826 2351 3881 cui
2382 3825 2744 3882 ministerium
2775 3826 2892 3897 ejus
2920 3827 3273 3882 commissum
3303 3835 3404 3894 est,
3451 3833 3504 3881 et
3533 3824 3743 3880 faceret

2149 3921 2202 3969 et
2230 3915 2528 3984 susciperet
2557 3917 2704 3988 quod
2733 3916 2975 3972 deberet.
3009 3915 3112 3984 Qui
3142 3916 3287 3987 quod
3316 3914 3503 3970 debuit
3556 3913 3744 3968 facere

2150 4003 2410 4075 neglexit,
2443 4012 2497 4060 et
2525 4005 2802 4074 respondit
2831 4022 2887 4059 se
2916 4004 3127 4061 misisse
3181 4005 3399 4060 nuntios
3451 4018 3581 4059 suos
3636 4002 3745 4057 Ro-

2153 4109 2319 4159 mam,
2379 4101 2433 4148 et
2487 4093 2543 4147 in
2597 4093 3084 4157 Northmanniam;
3145 4093 3236 4165 qui
3292 4109 3415 4148 cum
3482 4090 3743 4159 redirent,

2152 4180 2353 4237 faceret
2384 4183 2526 4252 quod
2558 4181 2788 4238 consilio
2816 4198 3038 4238 suorum
3068 4181 3361 4252 acciperet.
3420 4180 3579 4250 Quod
3621 4195 3747 4234 res-

2153 4286 2383 4341 ponsum
2414 4271 2468 4324 in
2499 4270 2603 4326 hoc
2634 4270 2852 4343 negotio
2883 4271 3239 4343 intelligimus
3277 4286 3384 4326 non
3442 4285 3562 4326 esse
3615 4283 3747 4322 sus-

2070 4399 2126 4461 D
2154 4358 2428 4430 ceptibile.
2462 4360 2660 4414 Mando
2688 4375 2820 4432 ergo
2850 4359 3008 4416 vobis
3038 4359 3173 4415 sicut
3200 4358 3376 4415 amico
3404 4366 3457 4413 et
3497 4356 3749 4428 professo

2157 4448 2417 4504 Ecclesia
2448 4455 2666 4517 nostra,
2698 4457 2757 4503 ut
2783 4456 2970 4504 contra
2999 4449 3138 4504 hanc
3165 4447 3444 4518 injuriam,
3477 4463 3599 4519 qua
3631 4462 3746 4500 non

2153 4546 2233 4593 est
2263 4545 2466 4593 tantum
2496 4553 2661 4608 super
2687 4552 2796 4604 me,
2835 4536 2932 4593 sed
2988 4553 3156 4608 super
3209 4552 3401 4593 omnes
3456 4536 3748 4607 episcOpos

2153 4633 2207 4681 et
2261 4624 2524 4682 ecclesias
2579 4622 3084 4695 archiepiscopatus
3138 4633 3191 4680 et
3244 4624 3508 4696 primatus
3550 4621 3742 4689 nostri,

2151 4730 2318 4785 super
2344 4730 2572 4786 regnum
2602 4713 2763 4768 etiam
2811 4712 3043 4785 Anglia,
3075 4713 3192 4768 sitis
3221 4713 3353 4768 mihi
3396 4714 3451 4767 in
3482 4710 3744 4768 auxilium

2152 4803 2220 4858 ad
2252 4802 2717 4873 comprimendam
2765 4810 2872 4856 tam
2902 4800 3301 4858 intolerabilem
3357 4799 3745 4871 praesumptio-

2150 4908 2295 4948 nem.
2358 4892 2514 4947 Certa
2569 4890 2760 4962 utique
2814 4889 2882 4945 sit
2912 4898 3091 4947 vestra
3118 4891 3415 4948 reverentia
3446 4889 3575 4962 quia
3604 4888 3747 4944 nihil

2151 4982 2296 5053 quod
2352 4979 2534 5036 facere
2589 4978 2820 5050 possim,
2878 4987 2970 5035 aut
3025 4980 3169 5050 apud
3227 4981 3401 5035 Deum
3458 4987 3549 5034 aut
3594 4979 3743 5048 apud

2149 5068 2397 5126 homines
2425 5067 2712 5135 dimittam,
2772 5077 2829 5122 ut
2884 5068 3004 5124 hac
3058 5068 3176 5137 ejus
3232 5068 3537 5123 inordinata
3590 5084 3743 5137 pra-

2149 5157 2387 5228 sumptio
2416 5155 2763 5211 annihiletur.
2806 5156 3117 5213 Meminisse
3146 5158 3369 5213 deberet
3398 5156 3524 5228 quia
3578 5157 3743 5212 ordi-

2146 5263 2247 5302 nes
2278 5247 2514 5316 majores
2545 5261 2680 5316 quos
2710 5244 2873 5300 habet
2901 5246 2958 5300 in
2990 5246 3455 5317 archiepiscopatu
3512 5262 3657 5312 meo,
3689 5254 3747 5301 et

2145 5335 2504 5391 sacerdotium
2536 5351 2658 5389 mea
2681 5334 2932 5405 jussione
2960 5334 3214 5405 suscepit,
3274 5345 3327 5391 et
3382 5351 3505 5390 meo
3552 5335 3744 5392 favore

2144 5425 2261 5493 ejus
2290 5424 2484 5480 electio
2515 5422 2654 5478 facta
2683 5422 2800 5478 fuit.
2834 5422 3181 5494 Quapropter
3206 5424 3249 5478 si
3278 5431 3424 5480 recte
3478 5424 3741 5480 conside-

2144 5521 2306 5583 raret,
2366 5529 2474 5570 non
2531 5528 2591 5569 se
2646 5511 2869 5570 deberet
2925 5520 3034 5569 tam
3076 5511 3381 5570 inordinate
3409 5519 3597 5569 contra
3627 5530 3736 5582 me,
