  <div class='ocr_page' id='page_1' title='image "/cluster/home/n/w/nwhite01/storage/ocr_20150623/159/hvd.32044054760178/130.png"; bbox 0 0 4036 6072; ppageno 0'>
   <div class='ocr_carea' id='block_1_1' title="bbox 279 236 390 293">
    <p class='ocr_par' dir='ltr' id='par_1_1' title="bbox 279 236 390 293">
     <span class='ocr_line' id='line_1_1' title="bbox 279 236 390 293; baseline 0 0"><span class='ocrx_word' id='word_1_1' title='bbox 279 236 390 293; x_wconf 72' lang='grc'><strong>249</strong></span> 
     </span>
    </p>
   </div>
   <div class='ocr_carea' id='block_1_2' title="bbox 278 357 1676 442">
    <p class='ocr_par' dir='ltr' id='par_1_2' title="bbox 278 357 1676 442">
     <span class='ocr_line' id='line_1_2' title="bbox 278 357 1676 442; baseline 0.021 -30"><span class='ocrx_word' id='word_1_2' title='bbox 278 357 394 415; x_wconf 91' lang='lat' dir='ltr'><strong>imo</strong></span> <span class='ocrx_word' id='word_1_3' title='bbox 440 376 603 433; x_wconf 80' lang='lat' dir='ltr'><strong>super</strong></span> <span class='ocrx_word' id='word_1_4' title='bbox 655 381 744 422; x_wconf 90' lang='lat' dir='ltr'><strong>me</strong></span> <span class='ocrx_word' id='word_1_5' title='bbox 775 367 995 442; x_wconf 75' lang='lat' dir='ltr'><strong>erigere</strong></span> <span class='ocrx_word' id='word_1_6' title='bbox 1027 389 1041 436; x_wconf 90' lang='lat'><strong>;</strong></span> <span class='ocrx_word' id='word_1_7' title='bbox 1073 374 1143 431; x_wconf 92' lang='lat' dir='ltr'><strong>de</strong></span> <span class='ocrx_word' id='word_1_8' title='bbox 1170 375 1275 433; x_wconf 88' lang='lat' dir='ltr'><strong>hac</strong></span> <span class='ocrx_word' id='word_1_9' title='bbox 1331 395 1392 434; x_wconf 87' lang='lat' dir='ltr'><strong>re</strong></span> <span class='ocrx_word' id='word_1_10' title='bbox 1441 391 1676 441; x_wconf 84' lang='lat' dir='ltr'><strong>vestrum</strong></span> 
     </span>
    </p>
   </div>
   <div class='ocr_carea' id='block_1_3' title="bbox 274 447 1472 541">
    <p class='ocr_par' dir='ltr' id='par_1_3' title="bbox 274 447 1472 541">
     <span class='ocr_line' id='line_1_3' title="bbox 274 447 1472 541; baseline 0.022 -40"><span class='ocrx_word' id='word_1_11' title='bbox 274 447 596 507; x_wconf 83' lang='lat' dir='ltr'><strong>consilium.</strong></span> <span class='ocrx_word' id='word_1_12' title='bbox 630 454 698 509; x_wconf 88' lang='lat' dir='ltr'><strong>Et</strong></span> <span class='ocrx_word' id='word_1_13' title='bbox 727 458 991 528; x_wconf 90' lang='lat' dir='ltr'><strong>quoniam</strong></span> <span class='ocrx_word' id='word_1_14' title='bbox 1021 461 1157 519; x_wconf 90' lang='lat' dir='ltr'><strong>duos</strong></span> <span class='ocrx_word' id='word_1_15' title='bbox 1186 466 1472 541; x_wconf 85' lang='lat' dir='ltr'><strong>episcopos</strong></span> 
     </span>
    </p>
   </div>
   <div class='ocr_carea' id='block_1_4' title="bbox 273 537 1887 634">
    <p class='ocr_par' dir='ltr' id='par_1_4' title="bbox 273 537 1887 634">
     <span class='ocr_line' id='line_1_4' title="bbox 273 537 1887 634; baseline 0.022 -44"><span class='ocrx_word' id='word_1_16' title='bbox 273 537 728 598; x_wconf 86' lang='lat' dir='ltr'><strong>Tedfordiensem</strong></span> <span class='ocrx_word' id='word_1_17' title='bbox 784 547 1013 605; x_wconf 91' lang='lat' dir='ltr'><strong>consilio</strong></span> <span class='ocrx_word' id='word_1_18' title='bbox 1061 537 1292 609; x_wconf 88' lang='lat' dir='ltr'><strong>aliorum</strong></span> <span class='ocrx_word' id='word_1_19' title='bbox 1366 537 1762 634; x_wconf 77' lang='lat' dir='ltr'><strong>episcoporum,</strong></span> <span class='ocrx_word' id='word_1_20' title='bbox 1816 570 1887 624; x_wconf 88' lang='lat' dir='ltr'><strong>ad</strong></span> 
     </span>
    </p>
   </div>
   <div class='ocr_carea' id='block_1_5' title="bbox 270 629 1884 726">
    <p class='ocr_par' dir='ltr' id='par_1_5' title="bbox 270 629 1884 726">
     <span class='ocr_line' id='line_1_5' title="bbox 270 629 1884 726; baseline 0.021 -48"><span class='ocrx_word' id='word_1_21' title='bbox 270 640 413 726; x_wconf 76' lang='lat' dir='ltr'><strong>quos</strong></span> <span class='ocrx_word' id='word_1_22' title='bbox 444 629 684 726; x_wconf 72' lang='lat' dir='ltr'><strong>pertinet</strong></span> <span class='ocrx_word' id='word_1_23' title='bbox 710 633 826 690; x_wconf 89' lang='lat' dir='ltr'><strong>bac</strong></span> <span class='ocrx_word' id='word_1_24' title='bbox 850 635 1067 706; x_wconf 82' lang='lat' dir='ltr'><strong>injuria,</strong></span> <span class='ocrx_word' id='word_1_25' title='bbox 1100 641 1311 699; x_wconf 79' lang='lat' dir='ltr'><strong>mittam</strong></span> <span class='ocrx_word' id='word_1_26' title='bbox 1344 629 1411 701; x_wconf 11' lang='lat' dir='ltr'><strong>in,</strong></span> <span class='ocrx_word' id='word_1_27' title='bbox 1431 629 1684 720; x_wconf 41' lang='lat' dir='ltr'><strong>prox—imo</strong></span> <span class='ocrx_word' id='word_1_28' title='bbox 1714 629 1884 726; x_wconf 66' lang='grc'><strong>450</strong></span> 
     </span>
    </p>
   </div>
   <div class='ocr_carea' id='block_1_6' title="bbox 267 713 1885 809">
    <p class='ocr_par' dir='ltr' id='par_1_6' title="bbox 267 713 1885 809">
     <span class='ocr_line' id='line_1_6' title="bbox 267 713 1885 809; baseline 0.022 -43"><span class='ocrx_word' id='word_1_29' title='bbox 267 713 343 768; x_wconf 91' lang='lat' dir='ltr'><strong>ad</strong></span> <span class='ocrx_word' id='word_1_30' title='bbox 374 714 657 774; x_wconf 89' lang='lat' dir='ltr'><strong>dominum</strong></span> <span class='ocrx_word' id='word_1_31' title='bbox 688 732 933 780; x_wconf 80' lang='lat' dir='ltr'><strong>nostrum</strong></span> <span class='ocrx_word' id='word_1_32' title='bbox 966 743 1172 801; x_wconf 91' lang='lat' dir='ltr'><strong>regem,</strong></span> <span class='ocrx_word' id='word_1_33' title='bbox 1215 748 1280 787; x_wconf 87' lang='lat' dir='ltr'><strong>ex</strong></span> <span class='ocrx_word' id='word_1_34' title='bbox 1312 713 1445 791; x_wconf 72' lang='lat' dir='ltr'><strong>mea</strong></span> <span class='ocrx_word' id='word_1_35' title='bbox 1482 748 1638 809; x_wconf 85' lang='lat' dir='ltr'><strong>parte</strong></span> <span class='ocrx_word' id='word_1_36' title='bbox 1687 713 1885 801; x_wconf 45' lang='grc' dir='ltr'>ρι’·ξοῖ</span> 
     </span>
    </p>
   </div>
   <div class='ocr_carea' id='block_1_7' title="bbox 263 805 1885 904">
    <p class='ocr_par' dir='ltr' id='par_1_7' title="bbox 263 805 1885 904">
     <span class='ocr_line' id='line_1_7' title="bbox 263 805 1885 904; baseline 0.021 -49"><span class='ocrx_word' id='word_1_37' title='bbox 263 817 409 904; x_wconf 55' lang='lat' dir='ltr'><strong>1mm,</strong></span> <span class='ocrx_word' id='word_1_38' title='bbox 470 805 595 875; x_wconf 85' lang='lat' dir='ltr'><strong>ejus</strong></span> <span class='ocrx_word' id='word_1_39' title='bbox 651 811 934 880; x_wconf 88' lang='lat' dir='ltr'><strong>postulare</strong></span> <span class='ocrx_word' id='word_1_40' title='bbox 990 819 1365 888; x_wconf 80' lang='lat' dir='ltr'><strong>auxilium,ad</strong></span> <span class='ocrx_word' id='word_1_41' title='bbox 1398 805 1710 885; x_wconf 78' lang='lat' dir='ltr'><strong>faciendum</strong></span> <span class='ocrx_word' id='word_1_42' title='bbox 1741 835 1885 904; x_wconf 92' lang='lat' dir='ltr'><strong>quod</strong></span> 
     </span>
    </p>
   </div>
   <div class='ocr_carea' id='block_1_8' title="bbox 264 889 1885 981">
    <p class='ocr_par' dir='ltr' id='par_1_8' title="bbox 264 889 1885 981">
     <span class='ocr_line' id='line_1_8' title="bbox 264 889 1885 981; baseline 0.022 -38"><span class='ocrx_word' id='word_1_43' title='bbox 264 889 341 981; x_wconf 83' lang='lat' dir='ltr'><strong>de</strong></span> <span class='ocrx_word' id='word_1_44' title='bbox 372 893 490 981; x_wconf 89' lang='lat' dir='ltr'><strong>hac</strong></span> <span class='ocrx_word' id='word_1_45' title='bbox 518 911 577 949; x_wconf 91' lang='lat' dir='ltr'><strong>re</strong></span> <span class='ocrx_word' id='word_1_46' title='bbox 623 901 887 957; x_wconf 77' lang='lat' dir='ltr'><strong>canonice</strong></span> <span class='ocrx_word' id='word_1_47' title='bbox 914 903 1090 961; x_wconf 89' lang='lat' dir='ltr'><strong>debeo</strong></span> <span class='ocrx_word' id='word_1_48' title='bbox 1138 917 1191 963; x_wconf 91' lang='lat' dir='ltr'><strong>et</strong></span> <span class='ocrx_word' id='word_1_49' title='bbox 1222 910 1345 967; x_wconf 82' lang='lat' dir='ltr'><strong>volo</strong></span> <span class='ocrx_word' id='word_1_50' title='bbox 1374 912 1550 971; x_wconf 89' lang='lat' dir='ltr'><strong>facere</strong></span> <span class='ocrx_word' id='word_1_51' title='bbox 1584 935 1597 981; x_wconf 87' lang='lat'><strong>;</strong></span> <span class='ocrx_word' id='word_1_52' title='bbox 1631 889 1885 979; x_wconf 69' lang='lat' dir='ltr'><strong>mandate</strong></span> 
     </span>
    </p>
   </div>
   <div class='ocr_carea' id='block_1_9' title="bbox 267 979 1881 1071">
    <p class='ocr_par' dir='ltr' id='par_1_9' title="bbox 267 979 1881 1071">
     <span class='ocr_line' id='line_1_9' title="bbox 267 979 1881 1071; baseline 0.02 -38"><span class='ocrx_word' id='word_1_53' title='bbox 267 979 481 1036; x_wconf 85' lang='lat' dir='ltr'><strong>eisdem</strong></span> <span class='ocrx_word' id='word_1_54' title='bbox 538 985 830 1059; x_wconf 78' lang='lat' dir='ltr'><strong>episcopis,</strong></span> <span class='ocrx_word' id='word_1_55' title='bbox 889 1000 947 1046; x_wconf 91' lang='lat' dir='ltr'><strong>ut</strong></span> <span class='ocrx_word' id='word_1_56' title='bbox 1001 1009 1075 1049; x_wconf 81' lang='lat' dir='ltr'><strong>ex</strong></span> <span class='ocrx_word' id='word_1_57' title='bbox 1130 1005 1314 1054; x_wconf 87' lang='lat' dir='ltr'><strong>vestra</strong></span> <span class='ocrx_word' id='word_1_58' title='bbox 1342 1011 1493 1071; x_wconf 88' lang='lat' dir='ltr'><strong>parte</strong></span> <span class='ocrx_word' id='word_1_59' title='bbox 1550 979 1686 1063; x_wconf 80' lang='lat' dir='ltr'><strong>sicut</strong></span> <span class='ocrx_word' id='word_1_60' title='bbox 1741 1010 1881 1065; x_wconf 89' lang='lat' dir='ltr'><strong>alio-</strong></span> 
     </span>
    </p>
   </div>
   <div class='ocr_carea' id='block_1_10' title="bbox 266 1072 1880 1210">
    <p class='ocr_par' dir='ltr' id='par_1_10' title="bbox 266 1072 1880 1210">
     <span class='ocr_line' id='line_1_10' title="bbox 266 1072 1880 1210; baseline 0.02 -89"><span class='ocrx_word' id='word_1_61' title='bbox 266 1083 396 1210; x_wconf 43' lang='lat' dir='ltr'><strong>rum</strong></span> <span class='ocrx_word' id='word_1_62' title='bbox 426 1072 806 1145; x_wconf 89' lang='lat' dir='ltr'><strong>episcoporum</strong></span> <span class='ocrx_word' id='word_1_63' title='bbox 827 1079 1151 1152; x_wconf 80' lang='lat' dir='ltr'><strong>legationem</strong></span> <span class='ocrx_word' id='word_1_64' title='bbox 1172 1102 1326 1143; x_wconf 87' lang='lat' dir='ltr'><strong>suam</strong></span> <span class='ocrx_word' id='word_1_65' title='bbox 1348 1103 1738 1163; x_wconf 86' lang='lat' dir='ltr'><strong>exsequantur.</strong></span> <span class='ocrx_word' id='word_1_66' title='bbox 1771 1100 1880 1156; x_wconf 88' lang='lat' dir='ltr'><strong>Va-</strong></span> 
     </span>
     <span class='ocr_line' id='line_1_11' title="bbox 292 1164 403 1210; baseline 0 0"><span class='ocrx_word' id='word_1_67' title='bbox 292 1164 403 1210; x_wconf 90' lang='lat' dir='ltr'><strong>ete.</strong></span> 
     </span>
    </p>
   </div>
   <div class='ocr_carea' id='block_1_11' title="bbox 292 1164 403 1212">
    <p class='ocr_par' dir='ltr' id='par_1_11' title="bbox 292 1164 403 1212">
     <span class='ocr_line' id='line_1_12' title="bbox 292 1164 403 1212; baseline 0.009 -1"><span class='ocrx_word' id='word_1_68' title='bbox 292 1164 403 1212; x_wconf 87' lang='lat' dir='ltr'><strong>ete.</strong></span> 
     </span>
    </p>
   </div>
   <div class='ocr_carea' id='block_1_12' title="bbox 783 1256 1370 1323">
    <p class='ocr_par' dir='ltr' id='par_1_12' title="bbox 783 1256 1370 1323">
     <span class='ocr_line' id='line_1_13' title="bbox 783 1256 1370 1323; baseline 0.02 -12"><span class='ocrx_word' id='word_1_69' title='bbox 783 1256 1119 1318; x_wconf 83' lang='lat' dir='ltr'><strong>EPISTOLA</strong></span> <span class='ocrx_word' id='word_1_70' title='bbox 1156 1266 1370 1323; x_wconf 86' lang='lat' dir='ltr'><strong>XCVII.</strong></span> 
     </span>
    </p>
   </div>
   <div class='ocr_carea' id='block_1_13' title="bbox 313 1367 1831 1440">
    <p class='ocr_par' dir='ltr' id='par_1_13' title="bbox 313 1367 1831 1440">
     <span class='ocr_line' id='line_1_14' title="bbox 313 1367 1831 1440; baseline 0.019 -32"><span class='ocrx_word' id='word_1_71' title='bbox 313 1367 592 1415; x_wconf 69' lang='lat' dir='ltr'><strong>SAMSONIS</strong></span> <span class='ocrx_word' id='word_1_72' title='bbox 625 1375 1059 1425; x_wconf 75' lang='lat' dir='ltr'><strong>WIGORINIENSIS</strong></span> <span class='ocrx_word' id='word_1_73' title='bbox 1088 1386 1363 1430; x_wconf 70' lang='lat' dir='ltr'><strong>ECCLBSIE</strong></span> <span class='ocrx_word' id='word_1_74' title='bbox 1392 1391 1731 1440; x_wconf 76' lang='lat' dir='ltr'><strong>SACERDOTIS</strong></span> <span class='ocrx_word' id='word_1_75' title='bbox 1761 1400 1831 1439; x_wconf 75' lang='lat' dir='ltr'><strong>AD</strong></span> 
     </span>
    </p>
   </div>
   <div class='ocr_carea' id='block_1_14' title="bbox 907 1454 1233 1500">
    <p class='ocr_par' dir='ltr' id='par_1_14' title="bbox 907 1454 1233 1500">
     <span class='ocr_line' id='line_1_15' title="bbox 907 1454 1233 1500; baseline 0.015 -7"><span class='ocrx_word' id='word_1_76' title='bbox 907 1454 1205 1500; x_wconf 74' lang='lat' dir='ltr'><strong>ANSELML&#39;M</strong></span> <span class='ocrx_word' id='word_1_77' title='bbox 1220 1486 1233 1498; x_wconf 92' lang='lat'><strong>.</strong></span> 
     </span>
    </p>
   </div>
   <div class='ocr_carea' id='block_1_15' title="bbox 338 1534 1875 1627">
    <p class='ocr_par' dir='ltr' id='par_1_15' title="bbox 338 1534 1875 1627">
     <span class='ocr_line' id='line_1_16' title="bbox 338 1534 1875 1627; baseline 0.02 -38"><span class='ocrx_word' id='word_1_78' title='bbox 338 1534 574 1594; x_wconf 89' lang='lat' dir='ltr'><strong>Domino</strong></span> <span class='ocrx_word' id='word_1_79' title='bbox 604 1555 702 1596; x_wconf 92' lang='lat' dir='ltr'><strong>suo</strong></span> <span class='ocrx_word' id='word_1_80' title='bbox 732 1550 785 1597; x_wconf 91' lang='lat' dir='ltr'><strong>et</strong></span> <span class='ocrx_word' id='word_1_81' title='bbox 813 1544 962 1600; x_wconf 91' lang='lat' dir='ltr'><strong>Patri</strong></span> <span class='ocrx_word' id='word_1_82' title='bbox 991 1549 1310 1608; x_wconf 88' lang='lat' dir='ltr'><strong>charissimo</strong></span> <span class='ocrx_word' id='word_1_83' title='bbox 1356 1557 1645 1627; x_wconf 67' lang='lat' dir='ltr'><strong>Ansauro,</strong></span> <span class='ocrx_word' id='word_1_84' title='bbox 1706 1579 1875 1619; x_wconf 89' lang='lat' dir='ltr'><strong>vene-</strong></span> 
     </span>
    </p>
   </div>
   <div class='ocr_carea' id='block_1_16' title="bbox 264 1623 1874 1724">
    <p class='ocr_par' dir='ltr' id='par_1_16' title="bbox 264 1623 1874 1724">
     <span class='ocr_line' id='line_1_17' title="bbox 264 1623 1874 1724; baseline 0.02 -49"><span class='ocrx_word' id='word_1_85' title='bbox 264 1623 434 1679; x_wconf 85' lang='lat' dir='ltr'><strong>rabili</strong></span> <span class='ocrx_word' id='word_1_86' title='bbox 464 1626 834 1686; x_wconf 84' lang='lat' dir='ltr'><strong>Cantuariensi</strong></span> <span class='ocrx_word' id='word_1_87' title='bbox 883 1636 1320 1712; x_wconf 77' lang='lat' dir='ltr'><strong>archiepiscopo,</strong></span> <span class='ocrx_word' id='word_1_88' title='bbox 1354 1643 1581 1700; x_wconf 78' lang='lat' dir='ltr'><strong>SAMSON</strong></span> <span class='ocrx_word' id='word_1_89' title='bbox 1634 1623 1874 1724; x_wconf 32' lang='lat' dir='ltr'><strong>&#39;Wigor-</strong></span> 
     </span>
    </p>
   </div>
   <div class='ocr_carea' id='block_1_17' title="bbox 267 1711 2032 1831">
    <p class='ocr_par' dir='ltr' id='par_1_17' title="bbox 267 1711 2032 1831">
     <span class='ocr_line' id='line_1_18' title="bbox 267 1711 2032 1831; baseline 0.018 -67"><span class='ocrx_word' id='word_1_90' title='bbox 267 1711 475 1768; x_wconf 89' lang='lat' dir='ltr'><strong>niensis</strong></span> <span class='ocrx_word' id='word_1_91' title='bbox 533 1716 795 1831; x_wconf 56' lang='lat' dir='ltr'><strong>Ecclesia</strong></span> <span class='ocrx_word' id='word_1_92' title='bbox 850 1725 1124 1795; x_wconf 84' lang='lat' dir='ltr'><strong>sacerdos,</strong></span> <span class='ocrx_word' id='word_1_93' title='bbox 1157 1729 1406 1800; x_wconf 86' lang='lat' dir='ltr'><strong>salutem,</strong></span> <span class='ocrx_word' id='word_1_94' title='bbox 1467 1741 1520 1789; x_wconf 90' lang='lat' dir='ltr'><strong>et</strong></span> <span class='ocrx_word' id='word_1_95' title='bbox 1575 1711 1872 1809; x_wconf 70' lang='lat' dir='ltr'><strong>servitium,</strong></span> <span class='ocrx_word' id='word_1_96' title='bbox 1905 1759 1958 1821; x_wconf 82' lang='grc' dir='ltr'><strong>Β</strong></span> <span class='ocrx_word' id='word_1_97' title='bbox 1988 1777 2032 1831; x_wconf 76' lang='grc' dir='ltr'>Ε</span> 
     </span>
     <span class='ocr_line' id='line_1_19' title="bbox 267 1803 843 1831; baseline 0 0"><span class='ocrx_word' id='word_1_98' title='bbox 267 1806 315 1831; x_wconf 69' lang='lat' dir='ltr'><strong>nl</strong></span> <span class='ocrx_word' id='word_1_99' title='bbox 348 1803 624 1831; x_wconf 59' lang='grc' dir='ltr'><strong>,ηειδελ-υ...</strong></span> <span class='ocrx_word' id='word_1_100' title='bbox 674 1808 843 1831; x_wconf 56' lang='grc'><strong>-.1-1--</strong></span> 
     </span>
    </p>
   </div>
   <div class='ocr_carea' id='block_1_18' title="bbox 262 1803 867 1876">
    <p class='ocr_par' dir='ltr' id='par_1_18' title="bbox 262 1803 867 1876">
     <span class='ocr_line' id='line_1_20' title="bbox 262 1803 867 1876; baseline 0.021 -22"><span class='ocrx_word' id='word_1_101' title='bbox 262 1806 317 1855; x_wconf 85' lang='lat' dir='ltr'><strong>et</strong></span> <span class='ocrx_word' id='word_1_102' title='bbox 347 1803 625 1860; x_wconf 87' lang='lat' dir='ltr'><strong>orationes</strong></span> <span class='ocrx_word' id='word_1_103' title='bbox 656 1807 867 1876; x_wconf 70' lang='lat' dir='ltr'><strong>ﬁdeles.</strong></span> 
     </span>
    </p>
   </div>
   <div class='ocr_carea' id='block_1_19' title="bbox 338 1889 1879 1982">
    <p class='ocr_par' dir='ltr' id='par_1_19' title="bbox 338 1889 1879 1982">
     <span class='ocr_line' id='line_1_21' title="bbox 338 1889 1879 1982; baseline 0.02 -39"><span class='ocrx_word' id='word_1_104' title='bbox 338 1889 632 1982; x_wconf 72' lang='lat' dir='ltr'><strong>mandastis</strong></span> <span class='ocrx_word' id='word_1_105' title='bbox 687 1898 842 1967; x_wconf 90' lang='lat' dir='ltr'><strong>mihi,</strong></span> <span class='ocrx_word' id='word_1_106' title='bbox 876 1901 1116 1972; x_wconf 90' lang='lat' dir='ltr'><strong>domine,</strong></span> <span class='ocrx_word' id='word_1_107' title='bbox 1176 1914 1231 1962; x_wconf 93' lang='lat' dir='ltr'><strong>et</strong></span> <span class='ocrx_word' id='word_1_108' title='bbox 1276 1908 1411 1965; x_wconf 86' lang='lat' dir='ltr'><strong>sicut</strong></span> <span class='ocrx_word' id='word_1_109' title='bbox 1439 1912 1750 1982; x_wconf 79' lang='lat' dir='ltr'><strong>professum</strong></span> <span class='ocrx_word' id='word_1_110' title='bbox 1780 1919 1879 1975; x_wconf 90' lang='lat' dir='ltr'><strong>Ec-</strong></span> 
     </span>
    </p>
   </div>
   <div class='ocr_carea' id='block_1_20' title="bbox 266 1977 1877 2074">
    <p class='ocr_par' dir='ltr' id='par_1_20' title="bbox 266 1977 1877 2074">
     <span class='ocr_line' id='line_1_22' title="bbox 266 1977 1877 2074; baseline 0.019 -43"><span class='ocrx_word' id='word_1_111' title='bbox 266 1977 450 2074; x_wconf 72' lang='lat' dir='ltr'><strong>etesia</strong></span> <span class='ocrx_word' id='word_1_112' title='bbox 506 1992 705 2040; x_wconf 87' lang='lat' dir='ltr'><strong>vestra</strong></span> <span class='ocrx_word' id='word_1_113' title='bbox 763 1995 813 2043; x_wconf 90' lang='lat' dir='ltr'><strong>et</strong></span> <span class='ocrx_word' id='word_1_114' title='bbox 861 1999 1103 2048; x_wconf 90' lang='lat' dir='ltr'><strong>vestrum</strong></span> <span class='ocrx_word' id='word_1_115' title='bbox 1152 1977 1561 2071; x_wconf 77' lang='lat' dir='ltr'><strong>submonuistis,</strong></span> <span class='ocrx_word' id='word_1_116' title='bbox 1612 2014 1877 2074; x_wconf 84' lang='lat' dir='ltr'><strong>quatenus</strong></span> 
     </span>
    </p>
   </div>
   <div class='ocr_carea' id='block_1_21' title="bbox 267 2065 1878 2151">
    <p class='ocr_par' dir='ltr' id='par_1_21' title="bbox 267 2065 1878 2151">
     <span class='ocr_line' id='line_1_23' title="bbox 267 2065 1878 2151; baseline 0.019 -31"><span class='ocrx_word' id='word_1_117' title='bbox 267 2065 338 2122; x_wconf 89' lang='lat' dir='ltr'><strong>de</strong></span> <span class='ocrx_word' id='word_1_118' title='bbox 385 2072 609 2142; x_wconf 88' lang='lat' dir='ltr'><strong>negotio</strong></span> <span class='ocrx_word' id='word_1_119' title='bbox 657 2077 803 2146; x_wconf 91' lang='lat' dir='ltr'><strong>quod</strong></span> <span class='ocrx_word' id='word_1_120' title='bbox 852 2089 932 2134; x_wconf 92' lang='lat' dir='ltr'><strong>est</strong></span> <span class='ocrx_word' id='word_1_121' title='bbox 962 2081 1107 2137; x_wconf 89' lang='lat' dir='ltr'><strong>inter</strong></span> <span class='ocrx_word' id='word_1_122' title='bbox 1138 2100 1239 2140; x_wconf 89' lang='lat' dir='ltr'><strong>vos</strong></span> <span class='ocrx_word' id='word_1_123' title='bbox 1269 2095 1323 2141; x_wconf 93' lang='lat' dir='ltr'><strong>et</strong></span> <span class='ocrx_word' id='word_1_124' title='bbox 1368 2065 1878 2151; x_wconf 47' lang='lat' dir='ltr'><strong>Thomam-Ebora-</strong></span> 
     </span>
    </p>
   </div>
   <div class='ocr_carea' id='block_1_22' title="bbox 265 2158 1878 2239">
    <p class='ocr_par' dir='ltr' id='par_1_22' title="bbox 265 2158 1878 2239">
     <span class='ocr_line' id='line_1_24' title="bbox 265 2158 1878 2239; baseline 0.019 -31"><span class='ocrx_word' id='word_1_125' title='bbox 265 2158 447 2212; x_wconf 87' lang='lat' dir='ltr'><strong>censis</strong></span> <span class='ocrx_word' id='word_1_126' title='bbox 475 2160 739 2220; x_wconf 90' lang='lat' dir='ltr'><strong>Ecclesia</strong></span> <span class='ocrx_word' id='word_1_127' title='bbox 768 2166 1018 2237; x_wconf 87' lang='lat' dir='ltr'><strong>electum,</strong></span> <span class='ocrx_word' id='word_1_128' title='bbox 1051 2170 1106 2225; x_wconf 88' lang='lat' dir='ltr'><strong>in</strong></span> <span class='ocrx_word' id='word_1_129' title='bbox 1137 2174 1337 2230; x_wconf 82' lang='lat' dir='ltr'><strong>auxilio</strong></span> <span class='ocrx_word' id='word_1_130' title='bbox 1360 2178 1514 2233; x_wconf 89' lang='lat' dir='ltr'><strong>vobis</strong></span> <span class='ocrx_word' id='word_1_131' title='bbox 1546 2188 1598 2235; x_wconf 88' lang='lat' dir='ltr'><strong>et</strong></span> <span class='ocrx_word' id='word_1_132' title='bbox 1618 2182 1878 2239; x_wconf 88' lang='lat' dir='ltr'><strong>Ecclesia</strong></span> 
     </span>
    </p>
   </div>
   <div class='ocr_carea' id='block_1_23' title="bbox 266 2250 1876 2332">
    <p class='ocr_par' dir='ltr' id='par_1_23' title="bbox 266 2250 1876 2332">
     <span class='ocr_line' id='line_1_25' title="bbox 266 2250 1876 2332; baseline 0.02 -35"><span class='ocrx_word' id='word_1_133' title='bbox 266 2250 495 2317; x_wconf 83' lang='lat' dir='ltr'><strong>vestra,</strong></span> <span class='ocrx_word' id='word_1_134' title='bbox 574 2252 780 2309; x_wconf 87' lang='lat' dir='ltr'><strong>scilicet</strong></span> <span class='ocrx_word' id='word_1_135' title='bbox 849 2256 1243 2332; x_wconf 88' lang='lat' dir='ltr'><strong>Cantuariensi,</strong></span> <span class='ocrx_word' id='word_1_136' title='bbox 1321 2267 1642 2326; x_wconf 77' lang='lat' dir='ltr'><strong>existerem.</strong></span> <span class='ocrx_word' id='word_1_137' title='bbox 1726 2273 1876 2329; x_wconf 83' lang='lat' dir='ltr'><strong>Unde</strong></span> 
     </span>
    </p>
   </div>
   <div class='ocr_carea' id='block_1_24' title="bbox 261 2340 1876 2417">
    <p class='ocr_par' dir='ltr' id='par_1_24' title="bbox 261 2340 1876 2417">
     <span class='ocr_line' id='line_1_26' title="bbox 261 2340 1876 2417; baseline 0.018 -30"><span class='ocrx_word' id='word_1_138' title='bbox 261 2346 463 2403; x_wconf 90' lang='lat' dir='ltr'><strong>precor</strong></span> <span class='ocrx_word' id='word_1_139' title='bbox 508 2340 887 2400; x_wconf 83' lang='lat' dir='ltr'><strong>excellentiam</strong></span> <span class='ocrx_word' id='word_1_140' title='bbox 934 2356 1194 2417; x_wconf 79' lang='lat' dir='ltr'><strong>vestram,</strong></span> <span class='ocrx_word' id='word_1_141' title='bbox 1248 2369 1314 2408; x_wconf 93' lang='lat' dir='ltr'><strong>ne</strong></span> <span class='ocrx_word' id='word_1_142' title='bbox 1363 2354 1430 2410; x_wconf 91' lang='lat' dir='ltr'><strong>de</strong></span> <span class='ocrx_word' id='word_1_143' title='bbox 1480 2373 1568 2412; x_wconf 92' lang='lat' dir='ltr'><strong>me</strong></span> <span class='ocrx_word' id='word_1_144' title='bbox 1618 2358 1876 2416; x_wconf 73' lang='lat' dir='ltr'><strong>dubitetis</strong></span> 
     </span>
    </p>
   </div>
   <div class='ocr_carea' id='block_1_25' title="bbox 263 2423 1878 2517">
    <p class='ocr_par' dir='ltr' id='par_1_25' title="bbox 263 2423 1878 2517">
     <span class='ocr_line' id='line_1_27' title="bbox 263 2423 1878 2517; baseline 0.019 -42"><span class='ocrx_word' id='word_1_145' title='bbox 263 2423 410 2492; x_wconf 90' lang='lat' dir='ltr'><strong>quod</strong></span> <span class='ocrx_word' id='word_1_146' title='bbox 458 2427 877 2517; x_wconf 81' lang='lat' dir='ltr'><strong>professionem,</strong></span> <span class='ocrx_word' id='word_1_147' title='bbox 920 2453 1081 2507; x_wconf 88' lang='lat' dir='ltr'><strong>quam</strong></span> <span class='ocrx_word' id='word_1_148' title='bbox 1130 2439 1235 2495; x_wconf 86' lang='lat' dir='ltr'><strong>feci</strong></span> <span class='ocrx_word' id='word_1_149' title='bbox 1286 2446 1342 2496; x_wconf 85' lang='lat' dir='ltr'><strong>et</strong></span> <span class='ocrx_word' id='word_1_150' title='bbox 1388 2444 1567 2502; x_wconf 89' lang='lat' dir='ltr'><strong>adhuc</strong></span> <span class='ocrx_word' id='word_1_151' title='bbox 1619 2447 1782 2517; x_wconf 86' lang='lat' dir='ltr'><strong>facio,</strong></span> <span class='ocrx_word' id='word_1_152' title='bbox 1825 2458 1878 2504; x_wconf 92' lang='lat' dir='ltr'><strong>et</strong></span> 
     </span>
    </p>
   </div>
   <div class='ocr_carea' id='block_1_26' title="bbox 259 2516 1877 2607">
    <p class='ocr_par' dir='ltr' id='par_1_26' title="bbox 259 2516 1877 2607">
     <span class='ocr_line' id='line_1_28' title="bbox 259 2516 1877 2607; baseline 0.018 -43"><span class='ocrx_word' id='word_1_153' title='bbox 259 2525 364 2607; x_wconf 67' lang='lat' dir='ltr'><strong>per</strong></span> <span class='ocrx_word' id='word_1_154' title='bbox 419 2516 605 2571; x_wconf 87' lang='lat' dir='ltr'><strong>omnia</strong></span> <span class='ocrx_word' id='word_1_155' title='bbox 651 2521 884 2579; x_wconf 89' lang='lat' dir='ltr'><strong>retinere</strong></span> <span class='ocrx_word' id='word_1_156' title='bbox 932 2526 1077 2593; x_wconf 85' lang='lat' dir='ltr'><strong>volo,</strong></span> <span class='ocrx_word' id='word_1_157' title='bbox 1136 2528 1191 2581; x_wconf 90' lang='lat' dir='ltr'><strong>in</strong></span> <span class='ocrx_word' id='word_1_158' title='bbox 1246 2529 1431 2600; x_wconf 88' lang='lat' dir='ltr'><strong>aliquo</strong></span> <span class='ocrx_word' id='word_1_159' title='bbox 1486 2534 1574 2588; x_wconf 87' lang='lat' dir='ltr'><strong>vel</strong></span> <span class='ocrx_word' id='word_1_160' title='bbox 1649 2516 1877 2607; x_wconf 75' lang='lat' dir='ltr'><strong>propter</strong></span> 
     </span>
    </p>
   </div>
   <div class='ocr_carea' id='block_1_27' title="bbox 261 2598 1870 2692">
    <p class='ocr_par' dir='ltr' id='par_1_27' title="bbox 261 2598 1870 2692">
     <span class='ocr_line' id='line_1_29' title="bbox 261 2598 1870 2692; baseline 0.019 -40"><span class='ocrx_word' id='word_1_161' title='bbox 261 2598 498 2692; x_wconf 74' lang='lat' dir='ltr'><strong>aliquem</strong></span> <span class='ocrx_word' id='word_1_162' title='bbox 522 2605 775 2667; x_wconf 82' lang='lat' dir='ltr'><strong>fraudare</strong></span> <span class='ocrx_word' id='word_1_163' title='bbox 789 2612 978 2669; x_wconf 89' lang='lat' dir='ltr'><strong>velim.</strong></span> <span class='ocrx_word' id='word_1_164' title='bbox 1014 2616 1281 2673; x_wconf 80' lang='lat' dir='ltr'><strong>Existimo</strong></span> <span class='ocrx_word' id='word_1_165' title='bbox 1303 2598 1443 2675; x_wconf 75' lang='lat' dir='ltr'><strong>enim</strong></span> <span class='ocrx_word' id='word_1_166' title='bbox 1473 2623 1625 2692; x_wconf 90' lang='lat' dir='ltr'><strong>quod</strong></span> <span class='ocrx_word' id='word_1_167' title='bbox 1649 2598 1870 2681; x_wconf 59' lang='lat' dir='ltr'><strong>multum</strong></span> 
     </span>
    </p>
   </div>
   <div class='ocr_carea' id='block_1_28' title="bbox 258 2685 1872 2784">
    <p class='ocr_par' dir='ltr' id='par_1_28' title="bbox 258 2685 1872 2784">
     <span class='ocr_line' id='line_1_30' title="bbox 258 2685 1872 2784; baseline 0.019 -44"><span class='ocrx_word' id='word_1_168' title='bbox 258 2685 314 2740; x_wconf 91' lang='lat' dir='ltr'><strong>in</strong></span> <span class='ocrx_word' id='word_1_169' title='bbox 346 2704 517 2748; x_wconf 86' lang='lat' dir='ltr'><strong>causa</strong></span> <span class='ocrx_word' id='word_1_170' title='bbox 546 2704 723 2752; x_wconf 87' lang='lat' dir='ltr'><strong>vestra</strong></span> <span class='ocrx_word' id='word_1_171' title='bbox 770 2701 1041 2759; x_wconf 88' lang='lat' dir='ltr'><strong>habebitis</strong></span> <span class='ocrx_word' id='word_1_172' title='bbox 1088 2704 1414 2777; x_wconf 82' lang='lat' dir='ltr'><strong>fideliorem,</strong></span> <span class='ocrx_word' id='word_1_173' title='bbox 1447 2685 1504 2766; x_wconf 72' lang='lat' dir='ltr'><strong>et</strong></span> <span class='ocrx_word' id='word_1_174' title='bbox 1557 2728 1659 2782; x_wconf 88' lang='lat' dir='ltr'><strong>pro</strong></span> <span class='ocrx_word' id='word_1_175' title='bbox 1711 2730 1872 2784; x_wconf 90' lang='lat' dir='ltr'><strong>posse</strong></span> 
     </span>
    </p>
   </div>
   <div class='ocr_carea' id='block_1_29' title="bbox 258 2780 1872 2862">
    <p class='ocr_par' dir='ltr' id='par_1_29' title="bbox 258 2780 1872 2862">
     <span class='ocr_line' id='line_1_31' title="bbox 258 2780 1872 2862; baseline 0.019 -33"><span class='ocrx_word' id='word_1_176' title='bbox 258 2790 383 2833; x_wconf 87' lang='lat' dir='ltr'><strong>meo</strong></span> <span class='ocrx_word' id='word_1_177' title='bbox 438 2780 567 2851; x_wconf 90' lang='lat' dir='ltr'><strong>plus</strong></span> <span class='ocrx_word' id='word_1_178' title='bbox 616 2786 872 2844; x_wconf 90' lang='lat' dir='ltr'><strong>devotum</strong></span> <span class='ocrx_word' id='word_1_179' title='bbox 922 2792 1245 2862; x_wconf 88' lang='lat' dir='ltr'><strong>adjutorem.</strong></span> <span class='ocrx_word' id='word_1_180' title='bbox 1300 2798 1380 2852; x_wconf 91' lang='lat' dir='ltr'><strong>De</strong></span> <span class='ocrx_word' id='word_1_181' title='bbox 1428 2780 1655 2858; x_wconf 83' lang='lat' dir='ltr'><strong>consilio</strong></span> <span class='ocrx_word' id='word_1_182' title='bbox 1694 2780 1872 2859; x_wconf 73' lang='lat' dir='ltr'><strong>autem</strong></span> 
     </span>
    </p>
   </div>
   <div class='ocr_carea' id='block_1_30' title="bbox 257 2867 1872 2959">
    <p class='ocr_par' dir='ltr' id='par_1_30' title="bbox 257 2867 1872 2959">
     <span class='ocr_line' id='line_1_32' title="bbox 257 2867 1872 2959; baseline 0.018 -41"><span class='ocrx_word' id='word_1_183' title='bbox 257 2867 406 2934; x_wconf 85' lang='lat' dir='ltr'><strong>quod</strong></span> <span class='ocrx_word' id='word_1_184' title='bbox 449 2883 481 2924; x_wconf 87' lang='lat' dir='ltr'><strong>a</strong></span> <span class='ocrx_word' id='word_1_185' title='bbox 510 2888 598 2928; x_wconf 90' lang='lat' dir='ltr'><strong>me</strong></span> <span class='ocrx_word' id='word_1_186' title='bbox 628 2877 921 2949; x_wconf 84' lang='lat' dir='ltr'><strong>quasistis,</strong></span> <span class='ocrx_word' id='word_1_187' title='bbox 946 2881 992 2936; x_wconf 89' lang='lat' dir='ltr'><strong>si</strong></span> <span class='ocrx_word' id='word_1_188' title='bbox 1024 2882 1222 2939; x_wconf 87' lang='lat' dir='ltr'><strong>scirem</strong></span> <span class='ocrx_word' id='word_1_189' title='bbox 1252 2887 1515 2943; x_wconf 85' lang='lat' dir='ltr'><strong>veraciter</strong></span> <span class='ocrx_word' id='word_1_190' title='bbox 1534 2890 1663 2959; x_wconf 90' lang='lat' dir='ltr'><strong>quid</strong></span> <span class='ocrx_word' id='word_1_191' title='bbox 1712 2892 1872 2947; x_wconf 85' lang='lat' dir='ltr'><strong>vobis</strong></span> 
     </span>
    </p>
   </div>
   <div class='ocr_carea' id='block_1_31' title="bbox 256 2956 1866 3038">
    <p class='ocr_par' dir='ltr' id='par_1_31' title="bbox 256 2956 1866 3038">
     <span class='ocr_line' id='line_1_33' title="bbox 256 2956 1866 3038; baseline 0.018 -31"><span class='ocrx_word' id='word_1_192' title='bbox 256 2961 310 3007; x_wconf 89' lang='lat' dir='ltr'><strong>et</strong></span> <span class='ocrx_word' id='word_1_193' title='bbox 345 2956 504 3013; x_wconf 91' lang='lat' dir='ltr'><strong>nobis</strong></span> <span class='ocrx_word' id='word_1_194' title='bbox 559 2964 734 3036; x_wconf 91' lang='lat' dir='ltr'><strong>magis</strong></span> <span class='ocrx_word' id='word_1_195' title='bbox 773 2970 1085 3038; x_wconf 80' lang='lat' dir='ltr'><strong>expediret,</strong></span> <span class='ocrx_word' id='word_1_196' title='bbox 1142 2972 1327 3029; x_wconf 87' lang='lat' dir='ltr'><strong>dicere</strong></span> <span class='ocrx_word' id='word_1_197' title='bbox 1379 2992 1490 3030; x_wconf 90' lang='lat' dir='ltr'><strong>non</strong></span> <span class='ocrx_word' id='word_1_198' title='bbox 1550 2956 1866 3036; x_wconf 59' lang='lat' dir='ltr'><strong>differrem.</strong></span> 
     </span>
    </p>
   </div>
   <div class='ocr_carea' id='block_1_32' title="bbox 255 3041 1869 3137">
    <p class='ocr_par' dir='ltr' id='par_1_32' title="bbox 255 3041 1869 3137">
     <span class='ocr_line' id='line_1_34' title="bbox 255 3041 1869 3137; baseline 0.017 -41"><span class='ocrx_word' id='word_1_199' title='bbox 255 3041 374 3100; x_wconf 84' lang='lat' dir='ltr'><strong>Hoc</strong></span> <span class='ocrx_word' id='word_1_200' title='bbox 400 3054 632 3137; x_wconf 67' lang='lat' dir='ltr'><strong>_tantum</strong></span> <span class='ocrx_word' id='word_1_201' title='bbox 689 3054 812 3112; x_wconf 87' lang='lat' dir='ltr'><strong>dico</strong></span> <span class='ocrx_word' id='word_1_202' title='bbox 843 3058 970 3128; x_wconf 86' lang='lat' dir='ltr'><strong>quia</strong></span> <span class='ocrx_word' id='word_1_203' title='bbox 1010 3060 1140 3115; x_wconf 91' lang='lat' dir='ltr'><strong>mihi</strong></span> <span class='ocrx_word' id='word_1_204' title='bbox 1172 3062 1384 3118; x_wconf 90' lang='lat' dir='ltr'><strong>videtur</strong></span> <span class='ocrx_word' id='word_1_205' title='bbox 1412 3065 1692 3137; x_wconf 88' lang='lat' dir='ltr'><strong>indignum</strong></span> <span class='ocrx_word' id='word_1_206' title='bbox 1751 3085 1869 3124; x_wconf 86' lang='lat' dir='ltr'><strong>esse</strong></span> 
     </span>
    </p>
   </div>
   <div class='ocr_carea' id='block_1_33' title="bbox 251 3134 1871 3213">
    <p class='ocr_par' dir='ltr' id='par_1_33' title="bbox 251 3134 1871 3213">
     <span class='ocr_line' id='line_1_35' title="bbox 251 3134 1871 3213; baseline 0.017 -27"><span class='ocrx_word' id='word_1_207' title='bbox 251 3147 357 3200; x_wconf 89' lang='lat' dir='ltr'><strong>pro</strong></span> <span class='ocrx_word' id='word_1_208' title='bbox 400 3134 504 3193; x_wconf 89' lang='lat' dir='ltr'><strong>hac</strong></span> <span class='ocrx_word' id='word_1_209' title='bbox 559 3156 725 3198; x_wconf 89' lang='lat' dir='ltr'><strong>causa</strong></span> <span class='ocrx_word' id='word_1_210' title='bbox 781 3161 879 3202; x_wconf 92' lang='lat' dir='ltr'><strong>vos</strong></span> <span class='ocrx_word' id='word_1_211' title='bbox 925 3147 1087 3203; x_wconf 88' lang='lat' dir='ltr'><strong>nimis</strong></span> <span class='ocrx_word' id='word_1_212' title='bbox 1140 3150 1330 3208; x_wconf 89' lang='lat' dir='ltr'><strong>irasci.</strong></span> <span class='ocrx_word' id='word_1_213' title='bbox 1389 3134 1553 3209; x_wconf 31' lang='lat' dir='ltr'><strong>Cum“</strong></span> <span class='ocrx_word' id='word_1_214' title='bbox 1589 3156 1733 3211; x_wconf 90' lang='lat' dir='ltr'><strong>enim</strong></span> <span class='ocrx_word' id='word_1_215' title='bbox 1793 3166 1871 3213; x_wconf 88' lang='lat' dir='ltr'><strong>tot</strong></span> 
     </span>
    </p>
   </div>
   <div class='ocr_carea' id='block_1_34' title="bbox 253 3220 1871 3309">
    <p class='ocr_par' dir='ltr' id='par_1_34' title="bbox 253 3220 1871 3309">
     <span class='ocr_line' id='line_1_36' title="bbox 253 3220 1871 3309; baseline 0.015 -32"><span class='ocrx_word' id='word_1_216' title='bbox 253 3220 566 3296; x_wconf 85' lang='lat' dir='ltr'><strong>episcopos,</strong></span> <span class='ocrx_word' id='word_1_217' title='bbox 600 3237 677 3287; x_wconf 92' lang='lat' dir='ltr'><strong>tot</strong></span> <span class='ocrx_word' id='word_1_218' title='bbox 704 3232 954 3305; x_wconf 83' lang='lat' dir='ltr'><strong>abbates,</strong></span> <span class='ocrx_word' id='word_1_219' title='bbox 987 3244 1067 3294; x_wconf 89' lang='lat' dir='ltr'><strong>tot</strong></span> <span class='ocrx_word' id='word_1_220' title='bbox 1092 3239 1385 3309; x_wconf 83' lang='lat' dir='ltr'><strong>Optimates</strong></span> <span class='ocrx_word' id='word_1_221' title='bbox 1427 3242 1574 3300; x_wconf 91' lang='lat' dir='ltr'><strong>viros</strong></span> <span class='ocrx_word' id='word_1_222' title='bbox 1604 3245 1871 3302; x_wconf 84' lang='lat' dir='ltr'><strong>habemus</strong></span> 
     </span>
    </p>
   </div>
   <div class='ocr_carea' id='block_1_35' title="bbox 254 3314 1871 3400">
    <p class='ocr_par' dir='ltr' id='par_1_35' title="bbox 254 3314 1871 3400">
     <span class='ocr_line' id='line_1_37' title="bbox 254 3314 1871 3400; baseline 0.017 -37"><span class='ocrx_word' id='word_1_223' title='bbox 254 3314 446 3379; x_wconf 86' lang='lat' dir='ltr'><strong>testes,</strong></span> <span class='ocrx_word' id='word_1_224' title='bbox 488 3314 648 3375; x_wconf 86' lang='lat' dir='ltr'><strong>facile</strong></span> <span class='ocrx_word' id='word_1_225' title='bbox 708 3323 839 3378; x_wconf 87' lang='lat' dir='ltr'><strong>mihi</strong></span> <span class='ocrx_word' id='word_1_226' title='bbox 898 3325 1111 3381; x_wconf 89' lang='lat' dir='ltr'><strong>videtur</strong></span> <span class='ocrx_word' id='word_1_227' title='bbox 1157 3336 1261 3383; x_wconf 85' lang='lat' dir='ltr'><strong>tam</strong></span> <span class='ocrx_word' id='word_1_228' title='bbox 1310 3347 1494 3400; x_wconf 88' lang='lat' dir='ltr'><strong>parva</strong></span> <span class='ocrx_word' id='word_1_229' title='bbox 1551 3333 1637 3388; x_wconf 87' lang='lat' dir='ltr'><strong>vel</strong></span> <span class='ocrx_word' id='word_1_230' title='bbox 1672 3334 1871 3390; x_wconf 86' lang='lat' dir='ltr'><strong>nullius</strong></span> 
     </span>
    </p>
   </div>
   <div class='ocr_carea' id='block_1_36' title="bbox 250 3403 1868 3485">
    <p class='ocr_par' dir='ltr' id='par_1_36' title="bbox 250 3403 1868 3485">
     <span class='ocr_line' id='line_1_38' title="bbox 250 3403 1868 3485; baseline 0.015 -30"><span class='ocrx_word' id='word_1_231' title='bbox 250 3403 587 3461; x_wconf 88' lang='lat' dir='ltr'><strong>auctoritatis</strong></span> <span class='ocrx_word' id='word_1_232' title='bbox 642 3410 868 3468; x_wconf 88' lang='lat' dir='ltr'><strong>clericos</strong></span> <span class='ocrx_word' id='word_1_233' title='bbox 926 3431 1088 3485; x_wconf 91' lang='lat' dir='ltr'><strong>posse</strong></span> <span class='ocrx_word' id='word_1_234' title='bbox 1137 3418 1384 3474; x_wconf 90' lang='lat' dir='ltr'><strong>refutari.</strong></span> <span class='ocrx_word' id='word_1_235' title='bbox 1445 3422 1665 3476; x_wconf 84' lang='lat' dir='ltr'><strong>Illorum</strong></span> <span class='ocrx_word' id='word_1_236' title='bbox 1727 3425 1868 3479; x_wconf 90' lang='lat' dir='ltr'><strong>enim</strong></span> 
     </span>
    </p>
   </div>
   <div class='ocr_carea' id='block_1_37' title="bbox 252 3493 1871 3577">
    <p class='ocr_par' dir='ltr' id='par_1_37' title="bbox 252 3493 1871 3577">
     <span class='ocr_line' id='line_1_39' title="bbox 252 3493 1871 3577; baseline 0.012 -30"><span class='ocrx_word' id='word_1_237' title='bbox 252 3498 338 3547; x_wconf 87' lang='lat' dir='ltr'><strong>est</strong></span> <span class='ocrx_word' id='word_1_238' title='bbox 387 3493 507 3548; x_wconf 86' lang='lat' dir='ltr'><strong>talis</strong></span> <span class='ocrx_word' id='word_1_239' title='bbox 561 3501 951 3569; x_wconf 84' lang='lat' dir='ltr'><strong>controversia,</strong></span> <span class='ocrx_word' id='word_1_240' title='bbox 1011 3522 1261 3573; x_wconf 88' lang='lat' dir='ltr'><strong>quorum,</strong></span> <span class='ocrx_word' id='word_1_241' title='bbox 1320 3508 1451 3563; x_wconf 91' lang='lat' dir='ltr'><strong>mihi</strong></span> <span class='ocrx_word' id='word_1_242' title='bbox 1483 3510 1710 3577; x_wconf 79' lang='lat' dir='ltr'><strong>videtur,</strong></span> <span class='ocrx_word' id='word_1_243' title='bbox 1762 3530 1871 3568; x_wconf 90' lang='lat' dir='ltr'><strong>non</strong></span> 
     </span>
    </p>
   </div>
   <div class='ocr_carea' id='block_1_38' title="bbox 250 3589 1870 3661">
    <p class='ocr_par' dir='ltr' id='par_1_38' title="bbox 250 3589 1870 3661">
     <span class='ocr_line' id='line_1_40' title="bbox 250 3589 1870 3661; baseline 0.013 -26"><span class='ocrx_word' id='word_1_244' title='bbox 250 3589 329 3636; x_wconf 86' lang='lat' dir='ltr'><strong>est</strong></span> <span class='ocrx_word' id='word_1_245' title='bbox 360 3598 528 3653; x_wconf 85' lang='lat' dir='ltr'><strong>grave</strong></span> <span class='ocrx_word' id='word_1_246' title='bbox 572 3591 1013 3661; x_wconf 85' lang='lat' dir='ltr'><strong>prasumptivam</strong></span> <span class='ocrx_word' id='word_1_247' title='bbox 1073 3595 1372 3652; x_wconf 89' lang='lat' dir='ltr'><strong>annihilare</strong></span> <span class='ocrx_word' id='word_1_248' title='bbox 1429 3598 1733 3655; x_wconf 88' lang='lat' dir='ltr'><strong>audaciam.</strong></span> <span class='ocrx_word' id='word_1_249' title='bbox 1790 3602 1870 3656; x_wconf 90' lang='lat' dir='ltr'><strong>De</strong></span> 
     </span>
    </p>
   </div>
   <div class='ocr_carea' id='block_1_39' title="bbox 249 3668 1869 3752">
    <p class='ocr_par' dir='ltr' id='par_1_39' title="bbox 249 3668 1869 3752">
     <span class='ocr_line' id='line_1_41' title="bbox 249 3668 1869 3752; baseline 0.013 -29"><span class='ocrx_word' id='word_1_250' title='bbox 249 3668 369 3739; x_wconf 90' lang='lat' dir='ltr'><strong>ipso</strong></span> <span class='ocrx_word' id='word_1_251' title='bbox 400 3688 530 3728; x_wconf 86' lang='lat' dir='ltr'><strong>vero</strong></span> <span class='ocrx_word' id='word_1_252' title='bbox 550 3674 746 3745; x_wconf 90' lang='lat' dir='ltr'><strong>electo,</strong></span> <span class='ocrx_word' id='word_1_253' title='bbox 779 3686 836 3733; x_wconf 90' lang='lat' dir='ltr'><strong>ut</strong></span> <span class='ocrx_word' id='word_1_254' title='bbox 878 3680 1081 3736; x_wconf 89' lang='lat' dir='ltr'><strong>credidi</strong></span> <span class='ocrx_word' id='word_1_255' title='bbox 1112 3693 1161 3737; x_wconf 90' lang='lat' dir='ltr'><strong>et</strong></span> <span class='ocrx_word' id='word_1_256' title='bbox 1214 3685 1400 3752; x_wconf 86' lang='lat' dir='ltr'><strong>credo,</strong></span> <span class='ocrx_word' id='word_1_257' title='bbox 1457 3696 1508 3742; x_wconf 86' lang='lat' dir='ltr'><strong>et</strong></span> <span class='ocrx_word' id='word_1_258' title='bbox 1564 3688 1667 3742; x_wconf 89' lang='lat' dir='ltr'><strong>sibi</strong></span> <span class='ocrx_word' id='word_1_259' title='bbox 1722 3689 1869 3745; x_wconf 87' lang='lat' dir='ltr'><strong>credi</strong></span> 
     </span>
    </p>
   </div>
   <div class='ocr_carea' id='block_1_40' title="bbox 250 3765 1871 3845">
    <p class='ocr_par' dir='ltr' id='par_1_40' title="bbox 250 3765 1871 3845">
     <span class='ocr_line' id='line_1_42' title="bbox 250 3765 1871 3845; baseline 0.014 -33"><span class='ocrx_word' id='word_1_260' title='bbox 250 3767 485 3831; x_wconf 85' lang='lat' dir='ltr'><strong>Oportet,</strong></span> <span class='ocrx_word' id='word_1_261' title='bbox 508 3765 775 3819; x_wconf 88' lang='lat' dir='ltr'><strong>veraciter</strong></span> <span class='ocrx_word' id='word_1_262' title='bbox 801 3767 1014 3825; x_wconf 88' lang='lat' dir='ltr'><strong>afﬁrmo</strong></span> <span class='ocrx_word' id='word_1_263' title='bbox 1043 3770 1172 3841; x_wconf 85' lang='lat' dir='ltr'><strong>quia</strong></span> <span class='ocrx_word' id='word_1_264' title='bbox 1202 3787 1335 3845; x_wconf 87' lang='lat' dir='ltr'><strong>erga</strong></span> <span class='ocrx_word' id='word_1_265' title='bbox 1390 3791 1489 3830; x_wconf 90' lang='lat' dir='ltr'><strong>vos</strong></span> <span class='ocrx_word' id='word_1_266' title='bbox 1518 3793 1626 3832; x_wconf 90' lang='lat' dir='ltr'><strong>non</strong></span> <span class='ocrx_word' id='word_1_267' title='bbox 1673 3779 1871 3835; x_wconf 88' lang='lat' dir='ltr'><strong>habeat</strong></span> 
     </span>
    </p>
   </div>
   <div class='ocr_carea' id='block_1_41' title="bbox 245 3847 1866 3935">
    <p class='ocr_par' dir='ltr' id='par_1_41' title="bbox 245 3847 1866 3935">
     <span class='ocr_line' id='line_1_43' title="bbox 245 3847 1866 3935; baseline 0.015 -35"><span class='ocrx_word' id='word_1_268' title='bbox 245 3847 489 3903; x_wconf 84' lang='lat' dir='ltr'><strong>animum</strong></span> <span class='ocrx_word' id='word_1_269' title='bbox 521 3851 624 3906; x_wconf 89' lang='lat' dir='ltr'><strong>nisi</strong></span> <span class='ocrx_word' id='word_1_270' title='bbox 654 3853 878 3923; x_wconf 89' lang='lat' dir='ltr'><strong>bonum,</strong></span> <span class='ocrx_word' id='word_1_271' title='bbox 914 3864 968 3913; x_wconf 90' lang='lat' dir='ltr'><strong>et</strong></span> <span class='ocrx_word' id='word_1_272' title='bbox 997 3856 1053 3912; x_wconf 89' lang='lat' dir='ltr'><strong>in</strong></span> <span class='ocrx_word' id='word_1_273' title='bbox 1102 3869 1361 3929; x_wconf 89' lang='lat' dir='ltr'><strong>quantum</strong></span> <span class='ocrx_word' id='word_1_274' title='bbox 1417 3863 1676 3935; x_wconf 80' lang='lat' dir='ltr'><strong>vixeritis,</strong></span> <span class='ocrx_word' id='word_1_275' title='bbox 1709 3868 1866 3924; x_wconf 89' lang='lat' dir='ltr'><strong>vobis</strong></span> 
     </span>
    </p>
   </div>
   <div class='ocr_carea' id='block_1_42' title="bbox 248 3937 1861 4025">
    <p class='ocr_par' dir='ltr' id='par_1_42' title="bbox 248 3937 1861 4025">
     <span class='ocr_line' id='line_1_44' title="bbox 248 3937 1861 4025; baseline 0.014 -36"><span class='ocrx_word' id='word_1_276' title='bbox 248 3944 301 3990; x_wconf 89' lang='lat' dir='ltr'><strong>et</strong></span> <span class='ocrx_word' id='word_1_277' title='bbox 324 3937 593 3995; x_wconf 85' lang='lat' dir='ltr'><strong>Ecclesia</strong></span> <span class='ocrx_word' id='word_1_278' title='bbox 610 3951 803 3999; x_wconf 89' lang='lat' dir='ltr'><strong>vestra</strong></span> <span class='ocrx_word' id='word_1_279' title='bbox 822 3961 925 4014; x_wconf 89' lang='lat' dir='ltr'><strong>per</strong></span> <span class='ocrx_word' id='word_1_280' title='bbox 954 3948 1136 4002; x_wconf 86' lang='lat' dir='ltr'><strong>omnia</strong></span> <span class='ocrx_word' id='word_1_281' title='bbox 1156 3948 1509 4008; x_wconf 89' lang='lat' dir='ltr'><strong>devotissime</strong></span> <span class='ocrx_word' id='word_1_282' title='bbox 1536 3954 1861 4025; x_wconf 88' lang='lat' dir='ltr'><strong>subjectum.</strong></span> 
     </span>
    </p>
   </div>
   <div class='ocr_carea' id='block_1_43' title="bbox 248 4025 1867 4111">
    <p class='ocr_par' dir='ltr' id='par_1_43' title="bbox 248 4025 1867 4111">
     <span class='ocr_line' id='line_1_45' title="bbox 248 4025 1867 4111; baseline 0.014 -33"><span class='ocrx_word' id='word_1_283' title='bbox 248 4025 391 4080; x_wconf 89' lang='lat' dir='ltr'><strong>Illud</strong></span> <span class='ocrx_word' id='word_1_284' title='bbox 425 4036 609 4083; x_wconf 90' lang='lat' dir='ltr'><strong>autem</strong></span> <span class='ocrx_word' id='word_1_285' title='bbox 668 4030 850 4100; x_wconf 88' lang='lat' dir='ltr'><strong>placet</strong></span> <span class='ocrx_word' id='word_1_286' title='bbox 906 4035 1037 4089; x_wconf 85' lang='lat' dir='ltr'><strong>mihi</strong></span> <span class='ocrx_word' id='word_1_287' title='bbox 1069 4036 1196 4107; x_wconf 87' lang='lat' dir='ltr'><strong>quia</strong></span> <span class='ocrx_word' id='word_1_288' title='bbox 1249 4038 1450 4094; x_wconf 87' lang='lat' dir='ltr'><strong>fecistis</strong></span> <span class='ocrx_word' id='word_1_289' title='bbox 1486 4042 1630 4111; x_wconf 89' lang='lat' dir='ltr'><strong>quod</strong></span> <span class='ocrx_word' id='word_1_290' title='bbox 1687 4042 1867 4101; x_wconf 85' lang='lat' dir='ltr'><strong>facere</strong></span> 
     </span>
    </p>
   </div>
   <div class='ocr_carea' id='block_1_44' title="bbox 249 4114 1863 4198">
    <p class='ocr_par' dir='ltr' id='par_1_44' title="bbox 249 4114 1863 4198">
     <span class='ocr_line' id='line_1_46' title="bbox 249 4114 1863 4198; baseline 0.014 -31"><span class='ocrx_word' id='word_1_291' title='bbox 249 4114 540 4184; x_wconf 86' lang='lat' dir='ltr'><strong>debuistis,</strong></span> <span class='ocrx_word' id='word_1_292' title='bbox 597 4135 665 4174; x_wconf 84' lang='lat' dir='ltr'><strong>ex</strong></span> <span class='ocrx_word' id='word_1_293' title='bbox 712 4121 856 4177; x_wconf 90' lang='lat' dir='ltr'><strong>bona</strong></span> <span class='ocrx_word' id='word_1_294' title='bbox 905 4124 1182 4180; x_wconf 85' lang='lat' dir='ltr'><strong>voluntate</strong></span> <span class='ocrx_word' id='word_1_295' title='bbox 1211 4127 1510 4198; x_wconf 89' lang='lat' dir='ltr'><strong>suadendo,</strong></span> <span class='ocrx_word' id='word_1_296' title='bbox 1570 4140 1622 4186; x_wconf 91' lang='lat' dir='ltr'><strong>et</strong></span> <span class='ocrx_word' id='word_1_297' title='bbox 1668 4148 1733 4187; x_wconf 80' lang='lat' dir='ltr'><strong>ex</strong></span> <span class='ocrx_word' id='word_1_298' title='bbox 1764 4149 1863 4188; x_wconf 83' lang='lat' dir='ltr'><strong>au-</strong></span> 
     </span>
    </p>
   </div>
   <div class='ocr_carea' id='block_1_45' title="bbox 249 4205 1865 4286">
    <p class='ocr_par' dir='ltr' id='par_1_45' title="bbox 249 4205 1865 4286">
     <span class='ocr_line' id='line_1_47' title="bbox 249 4205 1865 4286; baseline 0.012 -28"><span class='ocrx_word' id='word_1_299' title='bbox 249 4205 504 4262; x_wconf 86' lang='lat' dir='ltr'><strong>ctoritate</strong></span> <span class='ocrx_word' id='word_1_300' title='bbox 567 4208 752 4265; x_wconf 88' lang='lat' dir='ltr'><strong>debita</strong></span> <span class='ocrx_word' id='word_1_301' title='bbox 798 4212 1186 4284; x_wconf 82' lang='lat' dir='ltr'><strong>pracipiendo,</strong></span> <span class='ocrx_word' id='word_1_302' title='bbox 1234 4215 1360 4286; x_wconf 89' lang='lat' dir='ltr'><strong>quia</strong></span> <span class='ocrx_word' id='word_1_303' title='bbox 1416 4218 1459 4271; x_wconf 92' lang='lat' dir='ltr'><strong>si</strong></span> <span class='ocrx_word' id='word_1_304' title='bbox 1507 4219 1560 4272; x_wconf 90' lang='lat' dir='ltr'><strong>in</strong></span> <span class='ocrx_word' id='word_1_305' title='bbox 1610 4220 1865 4277; x_wconf 83' lang='lat' dir='ltr'><strong>dilatione</strong></span> 
     </span>
    </p>
   </div>
   <div class='ocr_carea' id='block_1_46' title="bbox 245 4297 1861 4378">
    <p class='ocr_par' dir='ltr' id='par_1_46' title="bbox 245 4297 1861 4378">
     <span class='ocr_line' id='line_1_48' title="bbox 245 4297 1861 4378; baseline 0.012 -31"><span class='ocrx_word' id='word_1_306' title='bbox 245 4297 676 4353; x_wconf 85' lang='lat' dir='ltr'><strong>consecrationis</strong></span> <span class='ocrx_word' id='word_1_307' title='bbox 731 4307 812 4355; x_wconf 88' lang='lat' dir='ltr'><strong>est</strong></span> <span class='ocrx_word' id='word_1_308' title='bbox 866 4311 1172 4371; x_wconf 88' lang='lat' dir='ltr'><strong>peccatum,</strong></span> <span class='ocrx_word' id='word_1_309' title='bbox 1249 4306 1469 4360; x_wconf 78' lang='lat' dir='ltr'><strong>alterius</strong></span> <span class='ocrx_word' id='word_1_310' title='bbox 1543 4325 1704 4378; x_wconf 90' lang='lat' dir='ltr'><strong>quam</strong></span> <span class='ocrx_word' id='word_1_311' title='bbox 1771 4328 1861 4367; x_wconf 84' lang='lat' dir='ltr'><strong>ve—</strong></span> 
     </span>
    </p>
   </div>
   <div class='ocr_carea' id='block_1_47' title="bbox 241 4391 434 4437">
    <p class='ocr_par' dir='ltr' id='par_1_47' title="bbox 241 4391 434 4437">
     <span class='ocr_line' id='line_1_49' title="bbox 241 4391 434 4437; baseline 0.005 -1"><span class='ocrx_word' id='word_1_312' title='bbox 241 4391 434 4437; x_wconf 89' lang='lat' dir='ltr'><strong>strum.</strong></span> 
     </span>
    </p>
   </div>
   <div class='ocr_carea' id='block_1_48' title="bbox 356 4460 1354 4519">
    <p class='ocr_par' dir='ltr' id='par_1_48' title="bbox 356 4460 1354 4519">
     <span class='ocr_line' id='line_1_50' title="bbox 356 4460 1354 4519; baseline 0.007 -7"><span class='ocrx_word' id='word_1_313' title='bbox 356 4476 364 4481; x_wconf 67' lang='grc'><em>”</em></span> <span class='ocrx_word' id='word_1_314' title='bbox 730 4460 1071 4517; x_wconf 81' lang='lat' dir='ltr'><strong>EPISTOLA</strong></span> <span class='ocrx_word' id='word_1_315' title='bbox 1109 4464 1354 4519; x_wconf 85' lang='lat' dir='ltr'><strong>XCVIII.</strong></span> 
     </span>
    </p>
   </div>
   <div class='ocr_carea' id='block_1_49' title="bbox 624 4562 1461 4611">
    <p class='ocr_par' dir='ltr' id='par_1_49' title="bbox 624 4562 1461 4611">
     <span class='ocr_line' id='line_1_51' title="bbox 624 4562 1461 4611; baseline 0.012 -10"><span class='ocrx_word' id='word_1_316' title='bbox 624 4562 862 4604; x_wconf 74' lang='grc' dir='ltr'><strong>ΑΝεΕιω</strong></span> <span class='ocrx_word' id='word_1_317' title='bbox 891 4563 966 4603; x_wconf 82' lang='grc' dir='ltr'><strong>ΑΙ)</strong></span> <span class='ocrx_word' id='word_1_318' title='bbox 994 4566 1162 4607; x_wconf 74' lang='lat' dir='ltr'><strong>BLIAM</strong></span> <span class='ocrx_word' id='word_1_319' title='bbox 1191 4569 1461 4611; x_wconf 68' lang='lat' dir='ltr'><strong>COIITEM.</strong></span> 
     </span>
    </p>
   </div>
   <div class='ocr_carea' id='block_1_50' title="bbox 310 4653 1852 4727">
    <p class='ocr_par' dir='ltr' id='par_1_50' title="bbox 310 4653 1852 4727">
     <span class='ocr_line' id='line_1_52' title="bbox 310 4653 1852 4727; baseline 0.01 -22"><span class='ocrx_word' id='word_1_320' title='bbox 310 4653 613 4709; x_wconf 68' lang='lat' dir='ltr'><strong>Ansawus</strong></span> <span class='ocrx_word' id='word_1_321' title='bbox 634 4669 822 4711; x_wconf 91' lang='lat' dir='ltr'><strong>servus</strong></span> <span class='ocrx_word' id='word_1_322' title='bbox 855 4656 1113 4713; x_wconf 87' lang='lat' dir='ltr'><strong>Ecclesia</strong></span> <span class='ocrx_word' id='word_1_323' title='bbox 1151 4659 1579 4727; x_wconf 87' lang='lat' dir='ltr'><strong>Cantuariensis,</strong></span> <span class='ocrx_word' id='word_1_324' title='bbox 1631 4662 1852 4721; x_wconf 91' lang='lat' dir='ltr'><strong>domino</strong></span> 
     </span>
    </p>
   </div>
   <div class='ocr_carea' id='block_1_51' title="bbox 238 4741 1846 4820">
    <p class='ocr_par' dir='ltr' id='par_1_51' title="bbox 238 4741 1846 4820">
     <span class='ocr_line' id='line_1_53' title="bbox 238 4741 1846 4820; baseline 0.008 -25"><span class='ocrx_word' id='word_1_325' title='bbox 238 4746 292 4795; x_wconf 90' lang='lat' dir='ltr'><strong>et</strong></span> <span class='ocrx_word' id='word_1_326' title='bbox 325 4741 527 4807; x_wconf 86' lang='lat' dir='ltr'><strong>amico,</strong></span> <span class='ocrx_word' id='word_1_327' title='bbox 560 4749 613 4797; x_wconf 90' lang='lat' dir='ltr'><strong>et</strong></span> <span class='ocrx_word' id='word_1_328' title='bbox 638 4742 692 4797; x_wconf 91' lang='lat' dir='ltr'><strong>in</strong></span> <span class='ocrx_word' id='word_1_329' title='bbox 710 4745 829 4800; x_wconf 92' lang='lat' dir='ltr'><strong>Deo</strong></span> <span class='ocrx_word' id='word_1_330' title='bbox 860 4744 1219 4802; x_wconf 90' lang='lat' dir='ltr'><strong>dilectissimo</strong></span> <span class='ocrx_word' id='word_1_331' title='bbox 1245 4749 1397 4804; x_wconf 67' lang='lat' dir='ltr'><strong>Eua</strong></span> <span class='ocrx_word' id='word_1_332' title='bbox 1446 4750 1651 4820; x_wconf 90' lang='lat' dir='ltr'><strong>comiti,</strong></span> <span class='ocrx_word' id='word_1_333' title='bbox 1696 4752 1846 4808; x_wconf 88' lang='lat' dir='ltr'><strong>salu-</strong></span> 
     </span>
    </p>
   </div>
   <div class='ocr_carea' id='block_1_52' title="bbox 235 4829 1563 4912">
    <p class='ocr_par' dir='ltr' id='par_1_52' title="bbox 235 4829 1563 4912">
     <span class='ocr_line' id='line_1_54' title="bbox 235 4829 1563 4912; baseline 0.01 -30"><span class='ocrx_word' id='word_1_334' title='bbox 235 4834 370 4896; x_wconf 89' lang='lat' dir='ltr'><strong>tem,</strong></span> <span class='ocrx_word' id='word_1_335' title='bbox 403 4836 456 4884; x_wconf 91' lang='lat' dir='ltr'><strong>et</strong></span> <span class='ocrx_word' id='word_1_336' title='bbox 485 4829 663 4901; x_wconf 87' lang='lat' dir='ltr'><strong>gratia</strong></span> <span class='ocrx_word' id='word_1_337' title='bbox 692 4832 792 4889; x_wconf 89' lang='lat' dir='ltr'><strong>Dei</strong></span> <span class='ocrx_word' id='word_1_338' title='bbox 820 4849 1036 4903; x_wconf 87' lang='lat' dir='ltr'><strong>semper</strong></span> <span class='ocrx_word' id='word_1_339' title='bbox 1061 4836 1224 4908; x_wconf 79' lang='lat' dir='ltr'><strong>dirigi</strong></span> <span class='ocrx_word' id='word_1_340' title='bbox 1253 4847 1305 4892; x_wconf 90' lang='lat' dir='ltr'><strong>et</strong></span> <span class='ocrx_word' id='word_1_341' title='bbox 1332 4840 1563 4912; x_wconf 83' lang='lat' dir='ltr'><strong>protegi.</strong></span> 
     </span>
    </p>
   </div>
   <div class='ocr_carea' id='block_1_53' title="bbox 307 4916 1850 4999">
    <p class='ocr_par' dir='ltr' id='par_1_53' title="bbox 307 4916 1850 4999">
     <span class='ocr_line' id='line_1_55' title="bbox 307 4916 1850 4999; baseline 0.01 -29"><span class='ocrx_word' id='word_1_342' title='bbox 307 4916 536 4999; x_wconf 73' lang='lat' dir='ltr'><strong>Gaudeo</strong></span> <span class='ocrx_word' id='word_1_343' title='bbox 564 4926 620 4974; x_wconf 86' lang='lat' dir='ltr'><strong>et</strong></span> <span class='ocrx_word' id='word_1_344' title='bbox 646 4920 854 4993; x_wconf 79' lang='lat' dir='ltr'><strong>gratias</strong></span> <span class='ocrx_word' id='word_1_345' title='bbox 882 4938 987 4993; x_wconf 83' lang='lat' dir='ltr'><strong>ago</strong></span> <span class='ocrx_word' id='word_1_346' title='bbox 1032 4924 1147 4979; x_wconf 87' lang='lat' dir='ltr'><strong>Deo</strong></span> <span class='ocrx_word' id='word_1_347' title='bbox 1182 4926 1538 4996; x_wconf 89' lang='lat' dir='ltr'><strong>omnipotenti</strong></span> <span class='ocrx_word' id='word_1_348' title='bbox 1568 4943 1602 4984; x_wconf 87' lang='lat' dir='ltr'><strong>a</strong></span> <span class='ocrx_word' id='word_1_349' title='bbox 1632 4946 1737 4999; x_wconf 89' lang='lat' dir='ltr'><strong>quo</strong></span> <span class='ocrx_word' id='word_1_350' title='bbox 1769 4938 1850 4986; x_wconf 89' lang='lat' dir='ltr'><strong>est</strong></span> 
     </span>
    </p>
   </div>
   <div class='ocr_carea' id='block_1_54' title="bbox 235 4994 1848 5080">
    <p class='ocr_par' dir='ltr' id='par_1_54' title="bbox 235 4994 1848 5080">
     <span class='ocr_line' id='line_1_56' title="bbox 235 4994 1848 5080; baseline 0.009 -21"><span class='ocrx_word' id='word_1_351' title='bbox 235 4994 400 5061; x_wconf 82' lang='lat' dir='ltr'><strong>omne</strong></span> <span class='ocrx_word' id='word_1_352' title='bbox 446 5006 667 5075; x_wconf 90' lang='lat' dir='ltr'><strong>bonum,</strong></span> <span class='ocrx_word' id='word_1_353' title='bbox 714 5010 806 5080; x_wconf 90' lang='lat' dir='ltr'><strong>qui</strong></span> <span class='ocrx_word' id='word_1_354' title='bbox 848 5026 944 5067; x_wconf 89' lang='lat' dir='ltr'><strong>eor</strong></span> <span class='ocrx_word' id='word_1_355' title='bbox 978 5020 1210 5068; x_wconf 89' lang='lat' dir='ltr'><strong>vestrum</strong></span> <span class='ocrx_word' id='word_1_356' title='bbox 1269 4994 1411 5069; x_wconf 81' lang='lat' dir='ltr'><strong>bona</strong></span> <span class='ocrx_word' id='word_1_357' title='bbox 1459 5016 1739 5073; x_wconf 88' lang='lat' dir='ltr'><strong>voluntate</strong></span> <span class='ocrx_word' id='word_1_358' title='bbox 1794 5028 1848 5074; x_wconf 90' lang='lat' dir='ltr'><strong>et</strong></span> 
     </span>
    </p>
   </div>
   <div class='ocr_carea' id='block_1_55' title="bbox 233 5096 1844 5176">
    <p class='ocr_par' dir='ltr' id='par_1_55' title="bbox 233 5096 1844 5176">
     <span class='ocr_line' id='line_1_57' title="bbox 233 5096 1844 5176; baseline 0.01 -29"><span class='ocrx_word' id='word_1_359' title='bbox 233 5100 427 5150; x_wconf 82' lang='lat' dir='ltr'><strong>sancta</strong></span> <span class='ocrx_word' id='word_1_360' title='bbox 456 5096 751 5153; x_wconf 89' lang='lat' dir='ltr'><strong>intentione</strong></span> <span class='ocrx_word' id='word_1_361' title='bbox 770 5099 847 5154; x_wconf 90' lang='lat' dir='ltr'><strong>ita</strong></span> <span class='ocrx_word' id='word_1_362' title='bbox 868 5099 1113 5170; x_wconf 88' lang='lat' dir='ltr'><strong>implevit</strong></span> <span class='ocrx_word' id='word_1_363' title='bbox 1159 5110 1215 5156; x_wconf 89' lang='lat' dir='ltr'><strong>ut</strong></span> <span class='ocrx_word' id='word_1_364' title='bbox 1243 5102 1642 5161; x_wconf 89' lang='lat' dir='ltr'><strong>studiosissime</strong></span> <span class='ocrx_word' id='word_1_365' title='bbox 1690 5124 1844 5176; x_wconf 87' lang='lat' dir='ltr'><strong>qua-</strong></span> 
     </span>
    </p>
   </div>
   <div class='ocr_carea' id='block_1_56' title="bbox 235 5182 1844 5260">
    <p class='ocr_par' dir='ltr' id='par_1_56' title="bbox 235 5182 1844 5260">
     <span class='ocr_line' id='line_1_58' title="bbox 235 5182 1844 5260; baseline 0.009 -24"><span class='ocrx_word' id='word_1_366' title='bbox 235 5182 369 5237; x_wconf 88' lang='lat' dir='ltr'><strong>ratis</strong></span> <span class='ocrx_word' id='word_1_367' title='bbox 396 5183 710 5252; x_wconf 80' lang='lat' dir='ltr'><strong>consilium,</strong></span> <span class='ocrx_word' id='word_1_368' title='bbox 741 5188 869 5257; x_wconf 87' lang='lat' dir='ltr'><strong>quia</strong></span> <span class='ocrx_word' id='word_1_369' title='bbox 895 5188 983 5244; x_wconf 87' lang='lat' dir='ltr'><strong>via</strong></span> <span class='ocrx_word' id='word_1_370' title='bbox 1013 5198 1065 5243; x_wconf 91' lang='lat' dir='ltr'><strong>et</strong></span> <span class='ocrx_word' id='word_1_371' title='bbox 1091 5206 1197 5260; x_wconf 89' lang='lat' dir='ltr'><strong>qua</strong></span> <span class='ocrx_word' id='word_1_372' title='bbox 1227 5190 1334 5246; x_wconf 88' lang='lat' dir='ltr'><strong>vita</strong></span> <span class='ocrx_word' id='word_1_373' title='bbox 1362 5193 1600 5248; x_wconf 87' lang='lat' dir='ltr'><strong>securius</strong></span> <span class='ocrx_word' id='word_1_374' title='bbox 1641 5204 1693 5250; x_wconf 90' lang='lat' dir='ltr'><strong>et</strong></span> <span class='ocrx_word' id='word_1_375' title='bbox 1726 5195 1844 5250; x_wconf 85' lang='lat' dir='ltr'><strong>eﬁi-</strong></span> 
     </span>
    </p>
   </div>
   <div class='ocr_carea' id='block_1_57' title="bbox 236 5271 1842 5352">
    <p class='ocr_par' dir='ltr' id='par_1_57' title="bbox 236 5271 1842 5352">
     <span class='ocr_line' id='line_1_59' title="bbox 236 5271 1842 5352; baseline 0.009 -27"><span class='ocrx_word' id='word_1_376' title='bbox 236 5271 426 5327; x_wconf 87' lang='lat' dir='ltr'><strong>cacius</strong></span> <span class='ocrx_word' id='word_1_377' title='bbox 441 5274 663 5343; x_wconf 89' lang='lat' dir='ltr'><strong>possitis</strong></span> <span class='ocrx_word' id='word_1_378' title='bbox 692 5278 973 5345; x_wconf 89' lang='lat' dir='ltr'><strong>pervenire</strong></span> <span class='ocrx_word' id='word_1_379' title='bbox 1003 5279 1071 5332; x_wconf 91' lang='lat' dir='ltr'><strong>ad</strong></span> <span class='ocrx_word' id='word_1_380' title='bbox 1120 5296 1347 5352; x_wconf 83' lang='lat' dir='ltr'><strong>regnum</strong></span> <span class='ocrx_word' id='word_1_381' title='bbox 1377 5282 1638 5337; x_wconf 76' lang='lat' dir='ltr'><strong>calorum</strong></span> <span class='ocrx_word' id='word_1_382' title='bbox 1688 5293 1742 5339; x_wconf 90' lang='lat' dir='ltr'><strong>et</strong></span> <span class='ocrx_word' id='word_1_383' title='bbox 1773 5286 1842 5339; x_wconf 89' lang='lat' dir='ltr'><strong>ad</strong></span> 
     </span>
    </p>
   </div>
   <div class='ocr_carea' id='block_1_58' title="bbox 231 5360 1846 5440">
    <p class='ocr_par' dir='ltr' id='par_1_58' title="bbox 231 5360 1846 5440">
     <span class='ocr_line' id='line_1_60' title="bbox 231 5360 1846 5440; baseline 0.009 -27"><span class='ocrx_word' id='word_1_384' title='bbox 231 5360 447 5415; x_wconf 84' lang='lat' dir='ltr'><strong>beatam</strong></span> <span class='ocrx_word' id='word_1_385' title='bbox 477 5363 787 5419; x_wconf 89' lang='lat' dir='ltr'><strong>societatem</strong></span> <span class='ocrx_word' id='word_1_386' title='bbox 843 5366 1183 5438; x_wconf 85' lang='lat' dir='ltr'><strong>angelorum.</strong></span> <span class='ocrx_word' id='word_1_387' title='bbox 1216 5368 1375 5437; x_wconf 87' lang='lat' dir='ltr'><strong>Quod</strong></span> <span class='ocrx_word' id='word_1_388' title='bbox 1426 5372 1681 5440; x_wconf 88' lang='lat' dir='ltr'><strong>quoniam</strong></span> <span class='ocrx_word' id='word_1_389' title='bbox 1704 5390 1735 5427; x_wconf 92' lang='lat' dir='ltr'><strong>a</strong></span> <span class='ocrx_word' id='word_1_390' title='bbox 1760 5391 1846 5428; x_wconf 88' lang='lat' dir='ltr'><strong>me</strong></span> 
     </span>
    </p>
   </div>
   <div class='ocr_carea' id='block_1_59' title="bbox 232 5448 1842 5527">
    <p class='ocr_par' dir='ltr' id='par_1_59' title="bbox 232 5448 1842 5527">
     <span class='ocr_line' id='line_1_61' title="bbox 232 5448 1842 5527; baseline 0.01 -27"><span class='ocrx_word' id='word_1_391' title='bbox 232 5448 497 5517; x_wconf 77' lang='lat' dir='ltr'><strong>quaeritis,</strong></span> <span class='ocrx_word' id='word_1_392' title='bbox 538 5452 740 5507; x_wconf 89' lang='lat' dir='ltr'><strong>mando</strong></span> <span class='ocrx_word' id='word_1_393' title='bbox 797 5452 928 5508; x_wconf 89' lang='lat' dir='ltr'><strong>illud</strong></span> <span class='ocrx_word' id='word_1_394' title='bbox 982 5456 1135 5511; x_wconf 85' lang='lat' dir='ltr'><strong>vobis</strong></span> <span class='ocrx_word' id='word_1_395' title='bbox 1161 5472 1262 5527; x_wconf 86' lang='lat' dir='ltr'><strong>per</strong></span> <span class='ocrx_word' id='word_1_396' title='bbox 1315 5458 1572 5514; x_wconf 86' lang='lat' dir='ltr'><strong>dilectum</strong></span> <span class='ocrx_word' id='word_1_397' title='bbox 1624 5461 1842 5518; x_wconf 84' lang='lat' dir='ltr'><strong>fratrem</strong></span> 
     </span>
    </p>
   </div>
   <div class='ocr_carea' id='block_1_60' title="bbox 229 5536 1842 5613">
    <p class='ocr_par' dir='ltr' id='par_1_60' title="bbox 229 5536 1842 5613">
     <span class='ocr_line' id='line_1_62' title="bbox 229 5536 1842 5613; baseline 0.01 -24"><span class='ocrx_word' id='word_1_398' title='bbox 229 5536 478 5591; x_wconf 83' lang='lat' dir='ltr'><strong>Hardum</strong></span> <span class='ocrx_word' id='word_1_399' title='bbox 510 5540 742 5595; x_wconf 88' lang='lat' dir='ltr'><strong>amicum</strong></span> <span class='ocrx_word' id='word_1_400' title='bbox 773 5550 823 5596; x_wconf 87' lang='lat' dir='ltr'><strong>et</strong></span> <span class='ocrx_word' id='word_1_401' title='bbox 871 5542 1188 5601; x_wconf 85' lang='lat' dir='ltr'><strong>familiarem</strong></span> <span class='ocrx_word' id='word_1_402' title='bbox 1241 5555 1497 5613; x_wconf 88' lang='lat' dir='ltr'><strong>vestrum,</strong></span> <span class='ocrx_word' id='word_1_403' title='bbox 1543 5548 1679 5604; x_wconf 83' lang='lat' dir='ltr'><strong>sicut</strong></span> <span class='ocrx_word' id='word_1_404' title='bbox 1735 5567 1842 5606; x_wconf 91' lang='lat' dir='ltr'><strong>me-</strong></span> 
     </span>
    </p>
   </div>
   <div class='ocr_carea' id='block_1_61' title="bbox 1600 266 2266 338">
    <p class='ocr_par' dir='ltr' id='par_1_61' title="bbox 1600 266 2266 338">
     <span class='ocr_line' id='line_1_63' title="bbox 1600 266 2266 338; baseline 0.026 -20"><span class='ocrx_word' id='word_1_405' title='bbox 1600 266 1732 321; x_wconf 87' lang='lat' dir='ltr'><strong>LIB.</strong></span> <span class='ocrx_word' id='word_1_406' title='bbox 1778 270 1874 338; x_wconf 88' lang='lat' dir='ltr'><strong>IV,</strong></span> <span class='ocrx_word' id='word_1_407' title='bbox 1917 272 2134 332; x_wconf 87' lang='lat' dir='ltr'><strong>EPIST.</strong></span> <span class='ocrx_word' id='word_1_408' title='bbox 2180 278 2266 335; x_wconf 84' lang='lat' dir='ltr'><strong>CI.</strong></span> 
     </span>
    </p>
   </div>
   <div class='ocr_carea' id='block_1_62' title="bbox 3486 293 3593 346">
    <p class='ocr_par' dir='ltr' id='par_1_62' title="bbox 3486 293 3593 346">
     <span class='ocr_line' id='line_1_64' title="bbox 3486 293 3593 346; baseline 0 0"><span class='ocrx_word' id='word_1_409' title='bbox 3486 293 3593 346; x_wconf 67' lang='grc'><strong>250</strong></span> 
     </span>
    </p>
   </div>
   <div class='ocr_carea' id='block_1_63' title="bbox 1514 390 3597 529">
    <p class='ocr_par' dir='ltr' id='par_1_63' title="bbox 1514 390 3597 529">
     <span class='ocr_line' id='line_1_65' title="bbox 1514 390 3597 489; baseline -0.001 -15"><span class='ocrx_word' id='word_1_410' title='bbox 1514 391 1676 441; x_wconf 55' lang='lat' dir='ltr'><strong>suum</strong></span> <span class='ocrx_word' id='word_1_411' title='bbox 1724 390 1887 463; x_wconf 55' lang='grc' dir='ltr'><strong>θχίὲο</strong></span> <span class='ocrx_word' id='word_1_412' title='bbox 1915 395 1972 457; x_wconf 83' lang='grc' dir='ltr'><strong>Α</strong></span> <span class='ocrx_word' id='word_1_413' title='bbox 2001 397 2105 455; x_wconf 69' lang='lat' dir='ltr'><strong>lius</strong></span> <span class='ocrx_word' id='word_1_414' title='bbox 2159 420 2384 474; x_wconf 72' lang='lat' dir='ltr'><strong>Possum</strong></span> <span class='ocrx_word' id='word_1_415' title='bbox 2413 410 2718 486; x_wconf 72' lang='lat' dir='ltr'><strong>intelligere</strong></span> <span class='ocrx_word' id='word_1_416' title='bbox 2769 432 2783 485; x_wconf 89' lang='lat'><strong>;</strong></span> <span class='ocrx_word' id='word_1_417' title='bbox 2844 418 3307 488; x_wconf 88' lang='lat' dir='ltr'><strong>quemadmodum</strong></span> <span class='ocrx_word' id='word_1_418' title='bbox 3355 435 3455 489; x_wconf 89' lang='lat' dir='ltr'><strong>per</strong></span> <span class='ocrx_word' id='word_1_419' title='bbox 3481 418 3597 487; x_wconf 79' lang='lat' dir='ltr'><strong>ejus</strong></span> 
     </span>
     <span class='ocr_line' id='line_1_66' title="bbox 1514 473 3567 529; baseline 0 0"><span class='ocrx_word' id='word_1_420' title='bbox 1514 473 1806 529; x_wconf 85' lang='lat' dir='ltr'><strong>Rofensem</strong></span> <span class='ocrx_word' id='word_1_421' title='bbox 1837 489 1892 529; x_wconf 80' lang='lat' dir='ltr'><strong>et</strong></span> <span class='ocrx_word' id='word_1_422' title='bbox 2001 488 2177 529; x_wconf 77' lang='lat' dir='ltr'><strong>vivam</strong></span> <span class='ocrx_word' id='word_1_423' title='bbox 2227 511 2415 529; x_wconf 68' lang='grc' dir='ltr'><strong><em>υηηηηι</em></strong></span> <span class='ocrx_word' id='word_1_424' title='bbox 2449 503 2689 529; x_wconf 52' lang='lat' dir='ltr'><strong>“nimam.</strong></span> <span class='ocrx_word' id='word_1_425' title='bbox 2743 514 2925 529; x_wconf 61' lang='grc' dir='ltr'><strong>..-η-μ.</strong></span> <span class='ocrx_word' id='word_1_426' title='bbox 2982 522 3297 529; x_wconf 65' lang='lat'><strong>_--_-_-__-</strong></span> <span class='ocrx_word' id='word_1_427' title='bbox 3384 505 3567 529; x_wconf 67' lang='lat' dir='ltr'><strong>.L_-1.-</strong></span> 
     </span>
    </p>
   </div>
   <div class='ocr_carea' id='block_1_64' title="bbox 1562 489 1892 537">
    <p class='ocr_par' dir='ltr' id='par_1_64' title="bbox 1562 489 1892 537">
     <span class='ocr_line' id='line_1_67' title="bbox 1562 489 1892 537; baseline 0.021 -7"><span class='ocrx_word' id='word_1_428' title='bbox 1562 489 1806 534; x_wconf 84' lang='lat' dir='ltr'><strong>etensem</strong></span> <span class='ocrx_word' id='word_1_429' title='bbox 1837 489 1892 537; x_wconf 92' lang='lat' dir='ltr'><strong>et</strong></span> 
     </span>
    </p>
   </div>
   <div class='ocr_carea' id='block_1_65' title="bbox 2001 488 3598 579">
    <p class='ocr_par' dir='ltr' id='par_1_65' title="bbox 2001 488 3598 579">
     <span class='ocr_line' id='line_1_68' title="bbox 2001 488 3598 579; baseline 0.012 -38"><span class='ocrx_word' id='word_1_430' title='bbox 2001 488 2180 547; x_wconf 88' lang='lat' dir='ltr'><strong>vivam</strong></span> <span class='ocrx_word' id='word_1_431' title='bbox 2227 511 2417 552; x_wconf 90' lang='lat' dir='ltr'><strong>vocem</strong></span> <span class='ocrx_word' id='word_1_432' title='bbox 2448 503 2692 569; x_wconf 88' lang='lat' dir='ltr'><strong>poteritis</strong></span> <span class='ocrx_word' id='word_1_433' title='bbox 2742 514 2929 574; x_wconf 87' lang='lat' dir='ltr'><strong>aperte</strong></span> <span class='ocrx_word' id='word_1_434' title='bbox 2975 522 3321 579; x_wconf 86' lang='lat' dir='ltr'><strong>cognoscere.</strong></span> <span class='ocrx_word' id='word_1_435' title='bbox 3364 488 3598 561; x_wconf 56' lang='lat' dir='ltr'><strong>Absolu-</strong></span> 
     </span>
    </p>
   </div>
   <div class='ocr_carea' id='block_1_66' title="bbox 1999 577 3597 663">
    <p class='ocr_par' dir='ltr' id='par_1_66' title="bbox 1999 577 3597 663">
     <span class='ocr_line' id='line_1_69' title="bbox 1999 577 3597 663; baseline 0.01 -31"><span class='ocrx_word' id='word_1_436' title='bbox 1999 577 2197 635; x_wconf 86' lang='lat' dir='ltr'><strong>tionem</strong></span> <span class='ocrx_word' id='word_1_437' title='bbox 2228 593 2483 653; x_wconf 84' lang='lat' dir='ltr'><strong>nostram,</strong></span> <span class='ocrx_word' id='word_1_438' title='bbox 2519 607 2677 659; x_wconf 88' lang='lat' dir='ltr'><strong>quam</strong></span> <span class='ocrx_word' id='word_1_439' title='bbox 2720 609 2818 663; x_wconf 91' lang='lat' dir='ltr'><strong>per</strong></span> <span class='ocrx_word' id='word_1_440' title='bbox 2856 577 3106 649; x_wconf 84' lang='lat' dir='ltr'><strong>eumdem</strong></span> <span class='ocrx_word' id='word_1_441' title='bbox 3164 595 3403 660; x_wconf 87' lang='lat' dir='ltr'><strong>fratrem,</strong></span> <span class='ocrx_word' id='word_1_442' title='bbox 3454 593 3597 648; x_wconf 87' lang='lat' dir='ltr'><strong>sicut</strong></span> 
     </span>
    </p>
   </div>
   <div class='ocr_carea' id='block_1_67' title="bbox 1995 667 3597 751">
    <p class='ocr_par' dir='ltr' id='par_1_67' title="bbox 1995 667 3597 751">
     <span class='ocr_line' id='line_1_70' title="bbox 1995 667 3597 751; baseline 0.01 -30"><span class='ocrx_word' id='word_1_443' title='bbox 1995 667 2111 736; x_wconf 91' lang='lat' dir='ltr'><strong>ipse</strong></span> <span class='ocrx_word' id='word_1_444' title='bbox 2144 673 2275 726; x_wconf 88' lang='lat' dir='ltr'><strong>mihi</strong></span> <span class='ocrx_word' id='word_1_445' title='bbox 2307 676 2504 743; x_wconf 89' lang='lat' dir='ltr'><strong>retulit,</strong></span> <span class='ocrx_word' id='word_1_446' title='bbox 2538 695 2569 732; x_wconf 88' lang='lat' dir='ltr'><strong>a</strong></span> <span class='ocrx_word' id='word_1_447' title='bbox 2599 696 2685 735; x_wconf 92' lang='lat' dir='ltr'><strong>me</strong></span> <span class='ocrx_word' id='word_1_448' title='bbox 2730 682 2932 751; x_wconf 89' lang='lat' dir='ltr'><strong>petitis,</strong></span> <span class='ocrx_word' id='word_1_449' title='bbox 2966 691 3017 737; x_wconf 91' lang='lat' dir='ltr'><strong>et</strong></span> <span class='ocrx_word' id='word_1_450' title='bbox 3047 684 3236 750; x_wconf 90' lang='lat' dir='ltr'><strong>corde,</strong></span> <span class='ocrx_word' id='word_1_451' title='bbox 3290 691 3344 738; x_wconf 90' lang='lat' dir='ltr'><strong>et</strong></span> <span class='ocrx_word' id='word_1_452' title='bbox 3398 698 3510 749; x_wconf 90' lang='lat' dir='ltr'><strong>ore,</strong></span> <span class='ocrx_word' id='word_1_453' title='bbox 3542 690 3597 737; x_wconf 88' lang='lat' dir='ltr'><strong>et</strong></span> 
     </span>
    </p>
   </div>
   <div class='ocr_carea' id='block_1_68' title="bbox 1994 757 3595 841">
    <p class='ocr_par' dir='ltr' id='par_1_68' title="bbox 1994 757 3595 841">
     <span class='ocr_line' id='line_1_71' title="bbox 1994 757 3595 841; baseline 0.014 -33"><span class='ocrx_word' id='word_1_454' title='bbox 1994 757 2259 827; x_wconf 88' lang='lat' dir='ltr'><strong>scriptura</strong></span> <span class='ocrx_word' id='word_1_455' title='bbox 2302 763 2575 821; x_wconf 89' lang='lat' dir='ltr'><strong>dilectioni</strong></span> <span class='ocrx_word' id='word_1_456' title='bbox 2622 779 2814 824; x_wconf 85' lang='lat' dir='ltr'><strong>vestra</strong></span> <span class='ocrx_word' id='word_1_457' title='bbox 2870 771 3043 837; x_wconf 89' lang='lat' dir='ltr'><strong>mitto,</strong></span> <span class='ocrx_word' id='word_1_458' title='bbox 3100 780 3151 827; x_wconf 86' lang='lat' dir='ltr'><strong>et</strong></span> <span class='ocrx_word' id='word_1_459' title='bbox 3209 771 3452 841; x_wconf 89' lang='lat' dir='ltr'><strong>quotidie</strong></span> <span class='ocrx_word' id='word_1_460' title='bbox 3496 786 3595 841; x_wconf 84' lang='lat' dir='ltr'><strong>pro</strong></span> 
     </span>
    </p>
   </div>
   <div class='ocr_carea' id='block_1_69' title="bbox 1993 844 3593 925">
    <p class='ocr_par' dir='ltr' id='par_1_69' title="bbox 1993 844 3593 925">
     <span class='ocr_line' id='line_1_72' title="bbox 1993 844 3593 925; baseline 0.009 -27"><span class='ocrx_word' id='word_1_461' title='bbox 1993 844 2149 900; x_wconf 90' lang='lat' dir='ltr'><strong>vobis</strong></span> <span class='ocrx_word' id='word_1_462' title='bbox 2204 865 2321 905; x_wconf 94' lang='lat' dir='ltr'><strong>oro.</strong></span> <span class='ocrx_word' id='word_1_463' title='bbox 2371 852 2726 925; x_wconf 91' lang='lat' dir='ltr'><strong>Omnipotens</strong></span> <span class='ocrx_word' id='word_1_464' title='bbox 2772 860 2918 913; x_wconf 90' lang='lat' dir='ltr'><strong>Deus</strong></span> <span class='ocrx_word' id='word_1_465' title='bbox 2957 868 3207 915; x_wconf 88' lang='lat' dir='ltr'><strong>sanctum</strong></span> <span class='ocrx_word' id='word_1_466' title='bbox 3260 859 3593 915; x_wconf 90' lang='lat' dir='ltr'><strong>desiderium</strong></span> 
     </span>
    </p>
   </div>
   <div class='ocr_carea' id='block_1_70' title="bbox 1993 943 3591 1018">
    <p class='ocr_par' dir='ltr' id='par_1_70' title="bbox 1993 943 3591 1018">
     <span class='ocr_line' id='line_1_73' title="bbox 1993 943 3591 1018; baseline 0.008 -30"><span class='ocrx_word' id='word_1_467' title='bbox 1993 943 2229 991; x_wconf 90' lang='lat' dir='ltr'><strong>vestrum</strong></span> <span class='ocrx_word' id='word_1_468' title='bbox 2284 943 2460 1012; x_wconf 87' lang='lat' dir='ltr'><strong>magis</strong></span> <span class='ocrx_word' id='word_1_469' title='bbox 2516 960 2580 999; x_wconf 83' lang='lat' dir='ltr'><strong>ac.</strong></span> <span class='ocrx_word' id='word_1_470' title='bbox 2616 947 2793 1018; x_wconf 87' lang='lat' dir='ltr'><strong>magis</strong></span> <span class='ocrx_word' id='word_1_471' title='bbox 2819 949 3098 1016; x_wconf 85' lang='lat' dir='ltr'><strong>accendat,</strong></span> <span class='ocrx_word' id='word_1_472' title='bbox 3147 958 3199 1005; x_wconf 91' lang='lat' dir='ltr'><strong>et</strong></span> <span class='ocrx_word' id='word_1_473' title='bbox 3251 949 3318 1003; x_wconf 90' lang='lat' dir='ltr'><strong>ad</strong></span> <span class='ocrx_word' id='word_1_474' title='bbox 3375 948 3591 1003; x_wconf 90' lang='lat' dir='ltr'><strong>beatum</strong></span> 
     </span>
    </p>
   </div>
   <div class='ocr_carea' id='block_1_71' title="bbox 1990 1023 2768 1098">
    <p class='ocr_par' dir='ltr' id='par_1_71' title="bbox 1990 1023 2768 1098">
     <span class='ocr_line' id='line_1_74' title="bbox 1990 1023 2768 1098; baseline 0.015 -21"><span class='ocrx_word' id='word_1_475' title='bbox 1990 1023 2238 1079; x_wconf 68' lang='lat' dir='ltr'><strong>effectum</strong></span> <span class='ocrx_word' id='word_1_476' title='bbox 2265 1031 2549 1098; x_wconf 84' lang='lat' dir='ltr'><strong>perducat.</strong></span> <span class='ocrx_word' id='word_1_477' title='bbox 2576 1037 2768 1091; x_wconf 85' lang='lat' dir='ltr'><strong>Amen.</strong></span> 
     </span>
    </p>
   </div>
   <div class='ocr_carea' id='block_1_72' title="bbox 2506 1140 3071 1200">
    <p class='ocr_par' dir='ltr' id='par_1_72' title="bbox 2506 1140 3071 1200">
     <span class='ocr_line' id='line_1_75' title="bbox 2506 1140 3071 1200; baseline 0.009 -7"><span class='ocrx_word' id='word_1_478' title='bbox 2506 1140 2839 1199; x_wconf 84' lang='lat' dir='ltr'><strong>EPISTOLA</strong></span> <span class='ocrx_word' id='word_1_479' title='bbox 2876 1145 3071 1200; x_wconf 83' lang='lat' dir='ltr'><strong>XCIX.</strong></span> 
     </span>
    </p>
   </div>
   <div class='ocr_carea' id='block_1_73' title="bbox 2285 1240 3282 1289">
    <p class='ocr_par' dir='ltr' id='par_1_73' title="bbox 2285 1240 3282 1289">
     <span class='ocr_line' id='line_1_76' title="bbox 2285 1240 3282 1289; baseline 0.009 -11"><span class='ocrx_word' id='word_1_480' title='bbox 2285 1240 2524 1283; x_wconf 75' lang='lat' dir='ltr'><strong>ANSELMI</strong></span> <span class='ocrx_word' id='word_1_481' title='bbox 2564 1245 2635 1285; x_wconf 79' lang='lat' dir='ltr'><strong>AD</strong></span> <span class='ocrx_word' id='word_1_482' title='bbox 2674 1246 2979 1289; x_wconf 74' lang='lat' dir='ltr'><strong>ROBERTUM</strong></span> <span class='ocrx_word' id='word_1_483' title='bbox 3018 1248 3282 1289; x_wconf 71' lang='lat' dir='ltr'><strong>COMITEM.</strong></span> 
     </span>
    </p>
   </div>
   <div class='ocr_carea' id='block_1_74' title="bbox 2057 1333 3588 1408">
    <p class='ocr_par' dir='ltr' id='par_1_74' title="bbox 2057 1333 3588 1408">
     <span class='ocr_line' id='line_1_77' title="bbox 2057 1333 3588 1408; baseline 0.007 -25"><span class='ocrx_word' id='word_1_484' title='bbox 2057 1333 2358 1389; x_wconf 70' lang='lat' dir='ltr'><strong>Ansawvs</strong></span> <span class='ocrx_word' id='word_1_485' title='bbox 2389 1335 2829 1408; x_wconf 88' lang='lat' dir='ltr'><strong>archiepisc0pus</strong></span> <span class='ocrx_word' id='word_1_486' title='bbox 2874 1339 3196 1406; x_wconf 84' lang='lat' dir='ltr'><strong>Cantuaria,</strong></span> <span class='ocrx_word' id='word_1_487' title='bbox 3256 1339 3477 1395; x_wconf 89' lang='lat' dir='ltr'><strong>domino</strong></span> <span class='ocrx_word' id='word_1_488' title='bbox 3536 1346 3588 1394; x_wconf 92' lang='lat' dir='ltr'><strong>et</strong></span> 
     </span>
    </p>
   </div>
   <div class='ocr_carea' id='block_1_75' title="bbox 1986 1418 3587 1484">
    <p class='ocr_par' dir='ltr' id='par_1_75' title="bbox 1986 1418 3587 1484">
     <span class='ocr_line' id='line_1_78' title="bbox 1986 1418 3587 1484; baseline 0.007 -13"><span class='ocrx_word' id='word_1_489' title='bbox 1986 1418 2161 1474; x_wconf 89' lang='lat' dir='ltr'><strong>amico</strong></span> <span class='ocrx_word' id='word_1_490' title='bbox 2229 1437 2326 1477; x_wconf 89' lang='lat' dir='ltr'><strong>suo</strong></span> <span class='ocrx_word' id='word_1_491' title='bbox 2383 1424 2698 1481; x_wconf 87' lang='lat' dir='ltr'><strong>charissimo</strong></span> <span class='ocrx_word' id='word_1_492' title='bbox 2763 1430 3025 1484; x_wconf 76' lang='lat' dir='ltr'><strong>Ronan&#39;ro</strong></span> <span class='ocrx_word' id='word_1_493' title='bbox 3100 1428 3283 1483; x_wconf 88' lang='lat' dir='ltr'><strong>comiti</strong></span> <span class='ocrx_word' id='word_1_494' title='bbox 3334 1430 3402 1484; x_wconf 89' lang='lat' dir='ltr'><strong>de</strong></span> <span class='ocrx_word' id='word_1_495' title='bbox 3456 1427 3587 1482; x_wconf 82' lang='lat' dir='ltr'><strong>Mel-</strong></span> 
     </span>
    </p>
   </div>
   <div class='ocr_carea' id='block_1_76' title="bbox 1985 1492 3585 1587">
    <p class='ocr_par' dir='ltr' id='par_1_76' title="bbox 1985 1492 3585 1587">
     <span class='ocr_line' id='line_1_79' title="bbox 1985 1492 3585 1587; baseline 0.004 -22"><span class='ocrx_word' id='word_1_496' title='bbox 1985 1492 2147 1577; x_wconf 82' lang='lat' dir='ltr'><strong>lento,</strong></span> <span class='ocrx_word' id='word_1_497' title='bbox 2170 1512 2398 1567; x_wconf 88' lang='lat' dir='ltr'><strong>salutem</strong></span> <span class='ocrx_word' id='word_1_498' title='bbox 2429 1521 2481 1569; x_wconf 92' lang='lat' dir='ltr'><strong>et</strong></span> <span class='ocrx_word' id='word_1_499' title='bbox 2504 1513 2944 1574; x_wconf 88' lang='lat' dir='ltr'><strong>benedictionem</strong></span> <span class='ocrx_word' id='word_1_500' title='bbox 2973 1516 3074 1573; x_wconf 88' lang='lat' dir='ltr'><strong>Dei</strong></span> <span class='ocrx_word' id='word_1_501' title='bbox 3103 1525 3155 1573; x_wconf 90' lang='lat' dir='ltr'><strong>et</strong></span> <span class='ocrx_word' id='word_1_502' title='bbox 3202 1533 3377 1587; x_wconf 90' lang='lat' dir='ltr'><strong>suam,</strong></span> <span class='ocrx_word' id='word_1_503' title='bbox 3409 1532 3585 1587; x_wconf 89' lang='lat' dir='ltr'><strong>quan-</strong></span> 
     </span>
    </p>
   </div>
   <div class='ocr_carea' id='block_1_77' title="bbox 1983 1605 2324 1670">
    <p class='ocr_par' dir='ltr' id='par_1_77' title="bbox 1983 1605 2324 1670">
     <span class='ocr_line' id='line_1_80' title="bbox 1983 1605 2324 1670; baseline 0.006 -18"><span class='ocrx_word' id='word_1_504' title='bbox 1983 1605 2093 1653; x_wconf 90' lang='lat' dir='ltr'><strong>tum</strong></span> <span class='ocrx_word' id='word_1_505' title='bbox 2126 1609 2324 1670; x_wconf 85' lang='lat' dir='ltr'><strong>potest.</strong></span> 
     </span>
    </p>
   </div>
   <div class='ocr_carea' id='block_1_78' title="bbox 2052 1690 3585 1763">
    <p class='ocr_par' dir='ltr' id='par_1_78' title="bbox 2052 1690 3585 1763">
     <span class='ocr_line' id='line_1_81' title="bbox 2052 1690 3585 1763; baseline 0.004 -20"><span class='ocrx_word' id='word_1_506' title='bbox 2052 1690 2132 1744; x_wconf 90' lang='lat' dir='ltr'><strong>De</strong></span> <span class='ocrx_word' id='word_1_507' title='bbox 2180 1707 2337 1745; x_wconf 88' lang='lat' dir='ltr'><strong>causa</strong></span> <span class='ocrx_word' id='word_1_508' title='bbox 2380 1710 2501 1763; x_wconf 87' lang='lat' dir='ltr'><strong>qua</strong></span> <span class='ocrx_word' id='word_1_509' title='bbox 2532 1702 2612 1749; x_wconf 89' lang='lat' dir='ltr'><strong>est</strong></span> <span class='ocrx_word' id='word_1_510' title='bbox 2667 1694 2805 1750; x_wconf 91' lang='lat' dir='ltr'><strong>inter</strong></span> <span class='ocrx_word' id='word_1_511' title='bbox 2834 1712 2919 1751; x_wconf 89' lang='lat' dir='ltr'><strong>me</strong></span> <span class='ocrx_word' id='word_1_512' title='bbox 2961 1703 3014 1751; x_wconf 88' lang='lat' dir='ltr'><strong>et</strong></span> <span class='ocrx_word' id='word_1_513' title='bbox 3043 1697 3307 1751; x_wconf 86' lang='lat' dir='ltr'><strong>Thomam</strong></span> <span class='ocrx_word' id='word_1_514' title='bbox 3355 1695 3585 1750; x_wconf 89' lang='lat' dir='ltr'><strong>electum</strong></span> 
     </span>
    </p>
   </div>
   <div class='ocr_carea' id='block_1_79' title="bbox 2039 1777 3583 1856">
    <p class='ocr_par' dir='ltr' id='par_1_79' title="bbox 2039 1777 3583 1856">
     <span class='ocr_line' id='line_1_82' title="bbox 2039 1777 3583 1856; baseline 0.003 -24"><span class='ocrx_word' id='word_1_515' title='bbox 2039 1777 2409 1847; x_wconf 88' lang='lat' dir='ltr'><strong>boracensem,</strong></span> <span class='ocrx_word' id='word_1_516' title='bbox 2462 1784 2662 1839; x_wconf 90' lang='lat' dir='ltr'><strong>mando</strong></span> <span class='ocrx_word' id='word_1_517' title='bbox 2709 1786 2869 1840; x_wconf 88' lang='lat' dir='ltr'><strong>vobis</strong></span> <span class='ocrx_word' id='word_1_518' title='bbox 2897 1793 2947 1840; x_wconf 90' lang='lat' dir='ltr'><strong>et</strong></span> <span class='ocrx_word' id='word_1_519' title='bbox 2976 1802 3187 1856; x_wconf 84' lang='lat' dir='ltr'><strong>precor,</strong></span> <span class='ocrx_word' id='word_1_520' title='bbox 3219 1785 3357 1841; x_wconf 86' lang='lat' dir='ltr'><strong>sicut</strong></span> <span class='ocrx_word' id='word_1_521' title='bbox 3394 1800 3583 1841; x_wconf 88' lang='lat' dir='ltr'><strong>verum</strong></span> 
     </span>
    </p>
   </div>
   <div class='ocr_carea' id='block_1_80' title="bbox 1986 1866 3585 1940">
    <p class='ocr_par' dir='ltr' id='par_1_80' title="bbox 1986 1866 3585 1940">
     <span class='ocr_line' id='line_1_83' title="bbox 1986 1866 3585 1940; baseline 0.005 -21"><span class='ocrx_word' id='word_1_522' title='bbox 1986 1866 2220 1922; x_wconf 90' lang='lat' dir='ltr'><strong>amicum</strong></span> <span class='ocrx_word' id='word_1_523' title='bbox 2251 1878 2302 1923; x_wconf 90' lang='lat' dir='ltr'><strong>et</strong></span> <span class='ocrx_word' id='word_1_524' title='bbox 2332 1869 2497 1925; x_wconf 89' lang='lat' dir='ltr'><strong>ﬁlium</strong></span> <span class='ocrx_word' id='word_1_525' title='bbox 2531 1873 2716 1927; x_wconf 78' lang='lat' dir='ltr'><strong>matris</strong></span> <span class='ocrx_word' id='word_1_526' title='bbox 2748 1874 3006 1930; x_wconf 83' lang='lat' dir='ltr'><strong>Ecclesia</strong></span> <span class='ocrx_word' id='word_1_527' title='bbox 3052 1873 3471 1940; x_wconf 86' lang='lat' dir='ltr'><strong>Cantuariensis,</strong></span> <span class='ocrx_word' id='word_1_528' title='bbox 3531 1881 3585 1927; x_wconf 92' lang='lat' dir='ltr'><strong>et</strong></span> 
     </span>
    </p>
   </div>
   <div class='ocr_carea' id='block_1_81' title="bbox 1986 1958 3582 2029">
    <p class='ocr_par' dir='ltr' id='par_1_81' title="bbox 1986 1958 3582 2029">
     <span class='ocr_line' id='line_1_84' title="bbox 1986 1958 3582 2029; baseline 0.005 -21"><span class='ocrx_word' id='word_1_529' title='bbox 1986 1958 2230 2024; x_wconf 88' lang='lat' dir='ltr'><strong>consulo,</strong></span> <span class='ocrx_word' id='word_1_530' title='bbox 2279 1959 2415 2014; x_wconf 89' lang='lat' dir='ltr'><strong>sicut</strong></span> <span class='ocrx_word' id='word_1_531' title='bbox 2462 1960 2606 2015; x_wconf 87' lang='lat' dir='ltr'><strong>ﬁdeli</strong></span> <span class='ocrx_word' id='word_1_532' title='bbox 2639 1962 2962 2029; x_wconf 88' lang='lat' dir='ltr'><strong>Christiano,</strong></span> <span class='ocrx_word' id='word_1_533' title='bbox 3011 1972 3063 2018; x_wconf 93' lang='lat' dir='ltr'><strong>et</strong></span> <span class='ocrx_word' id='word_1_534' title='bbox 3090 1962 3324 2018; x_wconf 90' lang='lat' dir='ltr'><strong>ﬁdeliter</strong></span> <span class='ocrx_word' id='word_1_535' title='bbox 3379 1961 3582 2018; x_wconf 87' lang='lat' dir='ltr'><strong>amanti</strong></span> 
     </span>
    </p>
   </div>
   <div class='ocr_carea' id='block_1_82' title="bbox 1988 2044 3575 2124">
    <p class='ocr_par' dir='ltr' id='par_1_82' title="bbox 1988 2044 3575 2124">
     <span class='ocr_line' id='line_1_85' title="bbox 1988 2044 3575 2124; baseline 0.005 -27"><span class='ocrx_word' id='word_1_536' title='bbox 1988 2044 2246 2102; x_wconf 86' lang='lat' dir='ltr'><strong>honorem</strong></span> <span class='ocrx_word' id='word_1_537' title='bbox 2278 2057 2329 2103; x_wconf 90' lang='lat' dir='ltr'><strong>et</strong></span> <span class='ocrx_word' id='word_1_538' title='bbox 2351 2048 2667 2121; x_wconf 86' lang='lat' dir='ltr'><strong>dignitatem</strong></span> <span class='ocrx_word' id='word_1_539' title='bbox 2696 2053 2838 2123; x_wconf 84' lang='lat' dir='ltr'><strong>regis</strong></span> <span class='ocrx_word' id='word_1_540' title='bbox 2871 2061 2921 2107; x_wconf 90' lang='lat' dir='ltr'><strong>et</strong></span> <span class='ocrx_word' id='word_1_541' title='bbox 2943 2052 3103 2108; x_wconf 89' lang='lat' dir='ltr'><strong>totius</strong></span> <span class='ocrx_word' id='word_1_542' title='bbox 3132 2052 3285 2124; x_wconf 80' lang='lat' dir='ltr'><strong>regni</strong></span> <span class='ocrx_word' id='word_1_543' title='bbox 3341 2051 3575 2122; x_wconf 79' lang='lat' dir='ltr'><strong>Anglia,</strong></span> 
     </span>
    </p>
   </div>
   <div class='ocr_carea' id='block_1_83' title="bbox 1987 2136 3580 2210">
    <p class='ocr_par' dir='ltr' id='par_1_83' title="bbox 1987 2136 3580 2210">
     <span class='ocr_line' id='line_1_86' title="bbox 1987 2136 3580 2210; baseline 0.004 -23"><span class='ocrx_word' id='word_1_544' title='bbox 1987 2142 2254 2203; x_wconf 88' lang='lat' dir='ltr'><strong>quatenus</strong></span> <span class='ocrx_word' id='word_1_545' title='bbox 2312 2136 2727 2210; x_wconf 84' lang='lat' dir='ltr'><strong>diligentissime</strong></span> <span class='ocrx_word' id='word_1_546' title='bbox 2783 2149 2834 2195; x_wconf 86' lang='lat' dir='ltr'><strong>et</strong></span> <span class='ocrx_word' id='word_1_547' title='bbox 2889 2140 3275 2196; x_wconf 84' lang='lat' dir='ltr'><strong>studiosissime</strong></span> <span class='ocrx_word' id='word_1_548' title='bbox 3322 2140 3580 2195; x_wconf 87' lang='lat' dir='ltr'><strong>conside-</strong></span> 
     </span>
    </p>
   </div>
   <div class='ocr_carea' id='block_1_84' title="bbox 1988 2223 3580 2300">
    <p class='ocr_par' dir='ltr' id='par_1_84' title="bbox 1988 2223 3580 2300">
     <span class='ocr_line' id='line_1_87' title="bbox 1988 2223 3580 2300; baseline 0.005 -24"><span class='ocrx_word' id='word_1_549' title='bbox 1988 2223 2117 2277; x_wconf 88' lang='lat' dir='ltr'><strong>retis</strong></span> <span class='ocrx_word' id='word_1_550' title='bbox 2146 2226 2358 2294; x_wconf 89' lang='lat' dir='ltr'><strong>pondus</strong></span> <span class='ocrx_word' id='word_1_551' title='bbox 2416 2229 2549 2282; x_wconf 87' lang='lat' dir='ltr'><strong>tanti</strong></span> <span class='ocrx_word' id='word_1_552' title='bbox 2605 2230 2732 2284; x_wconf 89' lang='lat' dir='ltr'><strong>mali</strong></span> <span class='ocrx_word' id='word_1_553' title='bbox 2790 2232 2934 2300; x_wconf 90' lang='lat' dir='ltr'><strong>quod</strong></span> <span class='ocrx_word' id='word_1_554' title='bbox 2992 2231 3106 2300; x_wconf 89' lang='lat' dir='ltr'><strong>ipse</strong></span> <span class='ocrx_word' id='word_1_555' title='bbox 3136 2230 3370 2284; x_wconf 87' lang='lat' dir='ltr'><strong>Thomas</strong></span> <span class='ocrx_word' id='word_1_556' title='bbox 3399 2229 3580 2284; x_wconf 85' lang='lat' dir='ltr'><strong>facere</strong></span> 
     </span>
    </p>
   </div>
   <div class='ocr_carea' id='block_1_85' title="bbox 1985 2316 3578 2388">
    <p class='ocr_par' dir='ltr' id='par_1_85' title="bbox 1985 2316 3578 2388">
     <span class='ocr_line' id='line_1_88' title="bbox 1985 2316 3578 2388; baseline 0.004 -22"><span class='ocrx_word' id='word_1_557' title='bbox 1985 2321 2229 2382; x_wconf 89' lang='lat' dir='ltr'><strong>conatur,</strong></span> <span class='ocrx_word' id='word_1_558' title='bbox 2262 2324 2315 2370; x_wconf 90' lang='lat' dir='ltr'><strong>et</strong></span> <span class='ocrx_word' id='word_1_559' title='bbox 2335 2316 2586 2372; x_wconf 89' lang='lat' dir='ltr'><strong>omnibus</strong></span> <span class='ocrx_word' id='word_1_560' title='bbox 2614 2318 2818 2373; x_wconf 78' lang='lat' dir='ltr'><strong>vitibus</strong></span> <span class='ocrx_word' id='word_1_561' title='bbox 2838 2319 2975 2374; x_wconf 90' lang='lat' dir='ltr'><strong>sicut</strong></span> <span class='ocrx_word' id='word_1_562' title='bbox 3003 2318 3256 2387; x_wconf 89' lang='lat' dir='ltr'><strong>injuriam</strong></span> <span class='ocrx_word' id='word_1_563' title='bbox 3304 2326 3357 2373; x_wconf 89' lang='lat' dir='ltr'><strong>et</strong></span> <span class='ocrx_word' id='word_1_564' title='bbox 3411 2317 3578 2388; x_wconf 87' lang='lat' dir='ltr'><strong>igno—</strong></span> 
     </span>
    </p>
   </div>
   <div class='ocr_carea' id='block_1_86' title="bbox 1984 2403 3577 2480">
    <p class='ocr_par' dir='ltr' id='par_1_86' title="bbox 1984 2403 3577 2480">
     <span class='ocr_line' id='line_1_89' title="bbox 1984 2403 3577 2480; baseline 0.003 -23"><span class='ocrx_word' id='word_1_565' title='bbox 1984 2403 2227 2473; x_wconf 88' lang='lat' dir='ltr'><strong>miniam,</strong></span> <span class='ocrx_word' id='word_1_566' title='bbox 2260 2414 2313 2460; x_wconf 90' lang='lat' dir='ltr'><strong>et</strong></span> <span class='ocrx_word' id='word_1_567' title='bbox 2342 2407 2488 2478; x_wconf 79' lang='lat' dir='ltr'><strong>regis</strong></span> <span class='ocrx_word' id='word_1_568' title='bbox 2519 2415 2570 2462; x_wconf 90' lang='lat' dir='ltr'><strong>et</strong></span> <span class='ocrx_word' id='word_1_569' title='bbox 2602 2406 2761 2462; x_wconf 89' lang='lat' dir='ltr'><strong>totius</strong></span> <span class='ocrx_word' id='word_1_570' title='bbox 2793 2408 2947 2479; x_wconf 85' lang='lat' dir='ltr'><strong>regni</strong></span> <span class='ocrx_word' id='word_1_571' title='bbox 3003 2407 3233 2480; x_wconf 80' lang='lat' dir='ltr'><strong>Anglia,</strong></span> <span class='ocrx_word' id='word_1_572' title='bbox 3292 2412 3345 2462; x_wconf 87' lang='lat' dir='ltr'><strong>et</strong></span> <span class='ocrx_word' id='word_1_573' title='bbox 3392 2405 3577 2461; x_wconf 86' lang='lat' dir='ltr'><strong>matris</strong></span> 
     </span>
    </p>
   </div>
   <div class='ocr_carea' id='block_1_87' title="bbox 1983 2494 3573 2567">
    <p class='ocr_par' dir='ltr' id='par_1_87' title="bbox 1983 2494 3573 2567">
     <span class='ocr_line' id='line_1_90' title="bbox 1983 2494 3573 2567; baseline 0.002 -20"><span class='ocrx_word' id='word_1_574' title='bbox 1983 2501 2176 2549; x_wconf 88' lang='lat' dir='ltr'><strong>vestra</strong></span> <span class='ocrx_word' id='word_1_575' title='bbox 2222 2494 2498 2563; x_wconf 75' lang='lat' dir='ltr'><strong>Ecclesia,</strong></span> <span class='ocrx_word' id='word_1_576' title='bbox 2557 2503 2609 2550; x_wconf 90' lang='lat' dir='ltr'><strong>et</strong></span> <span class='ocrx_word' id='word_1_577' title='bbox 2666 2496 3195 2567; x_wconf 82' lang='lat' dir='ltr'><strong>archiepiscoporum</strong></span> <span class='ocrx_word' id='word_1_578' title='bbox 3254 2494 3573 2563; x_wconf 85' lang='lat' dir='ltr'><strong>Cantuaria,</strong></span> 
     </span>
    </p>
   </div>
   <div class='ocr_carea' id='block_1_88' title="bbox 1983 2581 3575 2655">
    <p class='ocr_par' dir='ltr' id='par_1_88' title="bbox 1983 2581 3575 2655">
     <span class='ocr_line' id='line_1_91' title="bbox 1983 2581 3575 2655; baseline 0.003 -20"><span class='ocrx_word' id='word_1_579' title='bbox 1983 2581 2330 2638; x_wconf 88' lang='lat' dir='ltr'><strong>intentionem</strong></span> <span class='ocrx_word' id='word_1_580' title='bbox 2372 2585 2489 2653; x_wconf 84' lang='lat' dir='ltr'><strong>ejus</strong></span> <span class='ocrx_word' id='word_1_581' title='bbox 2545 2584 2868 2655; x_wconf 85' lang='lat' dir='ltr'><strong>reprimatis.</strong></span> <span class='ocrx_word' id='word_1_582' title='bbox 2926 2586 3005 2640; x_wconf 90' lang='lat' dir='ltr'><strong>De</strong></span> <span class='ocrx_word' id='word_1_583' title='bbox 3062 2602 3146 2640; x_wconf 92' lang='lat' dir='ltr'><strong>me</strong></span> <span class='ocrx_word' id='word_1_584' title='bbox 3167 2585 3351 2654; x_wconf 89' lang='lat' dir='ltr'><strong>utique</strong></span> <span class='ocrx_word' id='word_1_585' title='bbox 3379 2583 3433 2638; x_wconf 91' lang='lat' dir='ltr'><strong>in</strong></span> <span class='ocrx_word' id='word_1_586' title='bbox 3477 2599 3575 2654; x_wconf 90' lang='lat' dir='ltr'><strong>spe</strong></span> 
     </span>
    </p>
   </div>
   <div class='ocr_carea' id='block_1_89' title="bbox 1979 2670 3579 2745">
    <p class='ocr_par' dir='ltr' id='par_1_89' title="bbox 1979 2670 3579 2745">
     <span class='ocr_line' id='line_1_92' title="bbox 1979 2670 3579 2745; baseline 0.001 -20"><span class='ocrx_word' id='word_1_587' title='bbox 1979 2670 2165 2726; x_wconf 76' lang='lat' dir='ltr'><strong>auxilii</strong></span> <span class='ocrx_word' id='word_1_588' title='bbox 2213 2671 2311 2728; x_wconf 93' lang='lat' dir='ltr'><strong>Dei</strong></span> <span class='ocrx_word' id='word_1_589' title='bbox 2367 2672 2599 2741; x_wconf 90' lang='lat' dir='ltr'><strong>afﬁrmo,</strong></span> <span class='ocrx_word' id='word_1_590' title='bbox 2659 2674 2785 2744; x_wconf 88' lang='lat' dir='ltr'><strong>quia</strong></span> <span class='ocrx_word' id='word_1_591' title='bbox 2816 2691 3085 2745; x_wconf 86' lang='lat' dir='ltr'><strong>nunquam</strong></span> <span class='ocrx_word' id='word_1_592' title='bbox 3131 2691 3231 2745; x_wconf 89' lang='lat' dir='ltr'><strong>per</strong></span> <span class='ocrx_word' id='word_1_593' title='bbox 3259 2689 3346 2729; x_wconf 91' lang='lat' dir='ltr'><strong>me</strong></span> <span class='ocrx_word' id='word_1_594' title='bbox 3375 2673 3493 2741; x_wconf 91' lang='lat' dir='ltr'><strong>erit,</strong></span> <span class='ocrx_word' id='word_1_595' title='bbox 3526 2680 3579 2727; x_wconf 87' lang='lat' dir='ltr'><strong>et</strong></span> 
     </span>
    </p>
   </div>
   <div class='ocr_carea' id='block_1_90' title="bbox 1978 2761 3575 2833">
    <p class='ocr_par' dir='ltr' id='par_1_90' title="bbox 1978 2761 3575 2833">
     <span class='ocr_line' id='line_1_93' title="bbox 1978 2761 3575 2833; baseline 0 -18"><span class='ocrx_word' id='word_1_596' title='bbox 1978 2761 2023 2815; x_wconf 89' lang='lat' dir='ltr'><strong>si</strong></span> <span class='ocrx_word' id='word_1_597' title='bbox 2081 2761 2274 2816; x_wconf 88' lang='lat' dir='ltr'><strong>scirem</strong></span> <span class='ocrx_word' id='word_1_598' title='bbox 2322 2778 2408 2816; x_wconf 89' lang='lat' dir='ltr'><strong>me</strong></span> <span class='ocrx_word' id='word_1_599' title='bbox 2465 2777 2584 2817; x_wconf 90' lang='lat' dir='ltr'><strong>cras</strong></span> <span class='ocrx_word' id='word_1_600' title='bbox 2636 2762 2951 2818; x_wconf 89' lang='lat' dir='ltr'><strong>moriturum</strong></span> <span class='ocrx_word' id='word_1_601' title='bbox 3011 2770 3298 2833; x_wconf 89' lang='lat' dir='ltr'><strong>antequam</strong></span> <span class='ocrx_word' id='word_1_602' title='bbox 3328 2763 3427 2816; x_wconf 88' lang='lat' dir='ltr'><strong>ista</strong></span> <span class='ocrx_word' id='word_1_603' title='bbox 3456 2761 3575 2831; x_wconf 84' lang='lat' dir='ltr'><strong>ejus</strong></span> 
     </span>
    </p>
   </div>
   <div class='ocr_carea' id='block_1_91' title="bbox 1980 2849 3570 2923">
    <p class='ocr_par' dir='ltr' id='par_1_91' title="bbox 1980 2849 3570 2923">
     <span class='ocr_line' id='line_1_94' title="bbox 1980 2849 3570 2923; baseline -0.001 -18"><span class='ocrx_word' id='word_1_604' title='bbox 1980 2849 2253 2905; x_wconf 86' lang='lat' dir='ltr'><strong>calumnia</strong></span> <span class='ocrx_word' id='word_1_605' title='bbox 2282 2851 2544 2906; x_wconf 82' lang='lat' dir='ltr'><strong>exstincta</strong></span> <span class='ocrx_word' id='word_1_606' title='bbox 2590 2860 2746 2921; x_wconf 84' lang='lat' dir='ltr'><strong>esset,</strong></span> <span class='ocrx_word' id='word_1_607' title='bbox 2770 2868 3029 2923; x_wconf 88' lang='lat' dir='ltr'><strong>ponerem</strong></span> <span class='ocrx_word' id='word_1_608' title='bbox 3070 2868 3235 2922; x_wconf 84' lang='lat' dir='ltr'><strong>super</strong></span> <span class='ocrx_word' id='word_1_609' title='bbox 3262 2868 3386 2906; x_wconf 90' lang='lat' dir='ltr'><strong>eum</strong></span> <span class='ocrx_word' id='word_1_610' title='bbox 3442 2866 3570 2905; x_wconf 88' lang='lat' dir='ltr'><strong>scn-</strong></span> 
     </span>
    </p>
   </div>
   <div class='ocr_carea' id='block_1_92' title="bbox 1978 2939 3568 3012">
    <p class='ocr_par' dir='ltr' id='par_1_92' title="bbox 1978 2939 3568 3012">
     <span class='ocr_line' id='line_1_95' title="bbox 1978 2939 3568 3012; baseline 0.002 -20"><span class='ocrx_word' id='word_1_611' title='bbox 1978 2939 2201 2993; x_wconf 85' lang='lat' dir='ltr'><strong>tentiam</strong></span> <span class='ocrx_word' id='word_1_612' title='bbox 2249 2948 2450 3009; x_wconf 90' lang='lat' dir='ltr'><strong>quanto</strong></span> <span class='ocrx_word' id='word_1_613' title='bbox 2507 2941 2815 3012; x_wconf 87' lang='lat' dir='ltr'><strong>graviorem</strong></span> <span class='ocrx_word' id='word_1_614' title='bbox 2848 2957 2936 2996; x_wconf 88' lang='lat' dir='ltr'><strong>me</strong></span> <span class='ocrx_word' id='word_1_615' title='bbox 2989 2957 3155 3011; x_wconf 89' lang='lat' dir='ltr'><strong>posse</strong></span> <span class='ocrx_word' id='word_1_616' title='bbox 3183 2940 3568 3011; x_wconf 86' lang='lat' dir='ltr'><strong>intelligerem.</strong></span> 
     </span>
    </p>
   </div>
   <div class='ocr_carea' id='block_1_93' title="bbox 1976 3027 3570 3099">
    <p class='ocr_par' dir='ltr' id='par_1_93' title="bbox 1976 3027 3570 3099">
     <span class='ocr_line' id='line_1_96' title="bbox 1976 3027 3570 3099; baseline 0.001 -18"><span class='ocrx_word' id='word_1_617' title='bbox 1976 3027 2055 3081; x_wconf 91' lang='lat' dir='ltr'><strong>De</strong></span> <span class='ocrx_word' id='word_1_618' title='bbox 2100 3029 2203 3083; x_wconf 91' lang='lat' dir='ltr'><strong>hoc</strong></span> <span class='ocrx_word' id='word_1_619' title='bbox 2259 3036 2438 3084; x_wconf 89' lang='lat' dir='ltr'><strong>autem</strong></span> <span class='ocrx_word' id='word_1_620' title='bbox 2468 3039 2615 3086; x_wconf 87' lang='lat' dir='ltr'><strong>certa</strong></span> <span class='ocrx_word' id='word_1_621' title='bbox 2644 3031 2713 3085; x_wconf 89' lang='lat' dir='ltr'><strong>sit</strong></span> <span class='ocrx_word' id='word_1_622' title='bbox 2758 3039 2934 3086; x_wconf 87' lang='lat' dir='ltr'><strong>vestra</strong></span> <span class='ocrx_word' id='word_1_623' title='bbox 2965 3030 3182 3086; x_wconf 89' lang='lat' dir='ltr'><strong>dilectio</strong></span> <span class='ocrx_word' id='word_1_624' title='bbox 3213 3029 3337 3099; x_wconf 91' lang='lat' dir='ltr'><strong>quia</strong></span> <span class='ocrx_word' id='word_1_625' title='bbox 3392 3028 3570 3083; x_wconf 90' lang='lat' dir='ltr'><strong>nullus</strong></span> 
     </span>
    </p>
   </div>
   <div class='ocr_carea' id='block_1_94' title="bbox 1900 3117 3571 3189">
    <p class='ocr_par' dir='ltr' id='par_1_94' title="bbox 1900 3117 3571 3189">
     <span class='ocr_line' id='line_1_97' title="bbox 1900 3117 3571 3189; baseline 0 -19"><span class='ocrx_word' id='word_1_626' title='bbox 1900 3117 1948 3180; x_wconf 89' lang='lat' dir='ltr'>C</span> <span class='ocrx_word' id='word_1_627' title='bbox 1978 3117 2115 3171; x_wconf 89' lang='lat' dir='ltr'><strong>hanc</strong></span> <span class='ocrx_word' id='word_1_628' title='bbox 2164 3118 2281 3188; x_wconf 87' lang='lat' dir='ltr'><strong>ejus</strong></span> <span class='ocrx_word' id='word_1_629' title='bbox 2311 3120 2791 3189; x_wconf 70' lang='lat' dir='ltr'><strong>praesumptionem</strong></span> <span class='ocrx_word' id='word_1_630' title='bbox 2836 3118 2948 3175; x_wconf 91' lang='lat' dir='ltr'><strong>ullo</strong></span> <span class='ocrx_word' id='word_1_631' title='bbox 3004 3120 3168 3174; x_wconf 88' lang='lat' dir='ltr'><strong>modo</strong></span> <span class='ocrx_word' id='word_1_632' title='bbox 3200 3135 3359 3172; x_wconf 89' lang='lat' dir='ltr'><strong>manu</strong></span> <span class='ocrx_word' id='word_1_633' title='bbox 3392 3126 3571 3172; x_wconf 87' lang='lat' dir='ltr'><strong>tenere</strong></span> 
     </span>
    </p>
   </div>
   <div class='ocr_carea' id='block_1_95' title="bbox 1978 3206 3561 3280">
    <p class='ocr_par' dir='ltr' id='par_1_95' title="bbox 1978 3206 3561 3280">
     <span class='ocr_line' id='line_1_98' title="bbox 1978 3206 3561 3280; baseline -0.001 -19"><span class='ocrx_word' id='word_1_634' title='bbox 1978 3214 2171 3275; x_wconf 87' lang='lat' dir='ltr'><strong>potest,</strong></span> <span class='ocrx_word' id='word_1_635' title='bbox 2233 3207 2346 3263; x_wconf 90' lang='lat' dir='ltr'><strong>sine</strong></span> <span class='ocrx_word' id='word_1_636' title='bbox 2403 3223 2499 3263; x_wconf 86' lang='lat' dir='ltr'><strong>suo</strong></span> <span class='ocrx_word' id='word_1_637' title='bbox 2556 3224 2757 3280; x_wconf 84' lang='lat' dir='ltr'><strong>magno</strong></span> <span class='ocrx_word' id='word_1_638' title='bbox 2802 3217 3024 3278; x_wconf 90' lang='lat' dir='ltr'><strong>peccato</strong></span> <span class='ocrx_word' id='word_1_639' title='bbox 3081 3217 3131 3263; x_wconf 90' lang='lat' dir='ltr'><strong>et</strong></span> <span class='ocrx_word' id='word_1_640' title='bbox 3187 3207 3301 3262; x_wconf 88' lang='lat' dir='ltr'><strong>sine</strong></span> <span class='ocrx_word' id='word_1_641' title='bbox 3329 3207 3408 3261; x_wconf 83' lang='lat' dir='ltr'><strong>ira</strong></span> <span class='ocrx_word' id='word_1_642' title='bbox 3437 3206 3561 3261; x_wconf 90' lang='lat' dir='ltr'><strong>Dei.</strong></span> 
     </span>
    </p>
   </div>
   <div class='ocr_carea' id='block_1_96' title="bbox 1978 3293 3563 3369">
    <p class='ocr_par' dir='ltr' id='par_1_96' title="bbox 1978 3293 3563 3369">
     <span class='ocr_line' id='line_1_99' title="bbox 1978 3293 3563 3369; baseline -0.001 -20"><span class='ocrx_word' id='word_1_643' title='bbox 1978 3293 2208 3364; x_wconf 89' lang='lat' dir='ltr'><strong>Spiritus</strong></span> <span class='ocrx_word' id='word_1_644' title='bbox 2253 3304 2471 3351; x_wconf 87' lang='lat' dir='ltr'><strong>sanctus</strong></span> <span class='ocrx_word' id='word_1_645' title='bbox 2525 3295 2728 3369; x_wconf 87' lang='lat' dir='ltr'><strong>dirigat</strong></span> <span class='ocrx_word' id='word_1_646' title='bbox 2782 3312 2877 3352; x_wconf 89' lang='lat' dir='ltr'><strong>cor</strong></span> <span class='ocrx_word' id='word_1_647' title='bbox 2926 3304 3167 3353; x_wconf 89' lang='lat' dir='ltr'><strong>vestrum</strong></span> <span class='ocrx_word' id='word_1_648' title='bbox 3210 3295 3263 3349; x_wconf 91' lang='lat' dir='ltr'><strong>in</strong></span> <span class='ocrx_word' id='word_1_649' title='bbox 3321 3295 3563 3350; x_wconf 88' lang='lat' dir='ltr'><strong>veritate.</strong></span> 
     </span>
    </p>
   </div>
   <div class='ocr_carea' id='block_1_97' title="bbox 1975 3385 2166 3438">
    <p class='ocr_par' dir='ltr' id='par_1_97' title="bbox 1975 3385 2166 3438">
     <span class='ocr_line' id='line_1_100' title="bbox 1975 3385 2166 3438; baseline 0 -1"><span class='ocrx_word' id='word_1_650' title='bbox 1975 3385 2166 3438; x_wconf 81' lang='lat' dir='ltr'><strong>Amen.</strong></span> 
     </span>
    </p>
   </div>
   <div class='ocr_carea' id='block_1_98' title="bbox 2558 3473 2988 3531">
    <p class='ocr_par' dir='ltr' id='par_1_98' title="bbox 2558 3473 2988 3531">
     <span class='ocr_line' id='line_1_101' title="bbox 2558 3473 2988 3531; baseline -0.002 -2"><span class='ocrx_word' id='word_1_651' title='bbox 2558 3473 2894 3531; x_wconf 86' lang='lat' dir='ltr'><strong>EPISTOLA</strong></span> <span class='ocrx_word' id='word_1_652' title='bbox 2930 3474 2988 3529; x_wconf 89' lang='lat' dir='ltr'><strong>C.</strong></span> 
     </span>
    </p>
   </div>
   <div class='ocr_carea' id='block_1_99' title="bbox 2011 3592 3520 3637">
    <p class='ocr_par' dir='ltr' id='par_1_99' title="bbox 2011 3592 3520 3637">
     <span class='ocr_line' id='line_1_102' title="bbox 2011 3592 3520 3637; baseline -0.002 -4"><span class='ocrx_word' id='word_1_653' title='bbox 2011 3594 2247 3637; x_wconf 72' lang='lat' dir='ltr'><strong>ANSBLHI</strong></span> <span class='ocrx_word' id='word_1_654' title='bbox 2285 3598 2356 3635; x_wconf 76' lang='lat' dir='ltr'><strong>AD</strong></span> <span class='ocrx_word' id='word_1_655' title='bbox 2396 3596 2694 3637; x_wconf 77' lang='lat' dir='ltr'><strong>RODULFUM</strong></span> <span class='ocrx_word' id='word_1_656' title='bbox 2733 3594 3149 3636; x_wconf 74' lang='lat' dir='ltr'><strong>CICBSTRBNSEM</strong></span> <span class='ocrx_word' id='word_1_657' title='bbox 3190 3592 3520 3634; x_wconf 81' lang='lat' dir='ltr'><strong>BPISCOPUM.</strong></span> 
     </span>
    </p>
   </div>
   <div class='ocr_carea' id='block_1_100' title="bbox 2044 3685 3566 3758">
    <p class='ocr_par' dir='ltr' id='par_1_100' title="bbox 2044 3685 3566 3758">
     <span class='ocr_line' id='line_1_103' title="bbox 2044 3685 3566 3758; baseline -0.002 -17"><span class='ocrx_word' id='word_1_658' title='bbox 2044 3690 2362 3757; x_wconf 77' lang='lat' dir='ltr'><strong>ANSELMUS,</strong></span> <span class='ocrx_word' id='word_1_659' title='bbox 2419 3687 2866 3758; x_wconf 86' lang='lat' dir='ltr'><strong>archiepiscopus</strong></span> <span class='ocrx_word' id='word_1_660' title='bbox 2923 3686 3240 3742; x_wconf 87' lang='lat' dir='ltr'><strong>Cantuaria.</strong></span> <span class='ocrx_word' id='word_1_661' title='bbox 3300 3685 3566 3741; x_wconf 75' lang='lat' dir='ltr'><strong>Ronuu&#39;o</strong></span> 
     </span>
    </p>
   </div>
   <div class='ocr_carea' id='block_1_101' title="bbox 1971 3776 2878 3847">
    <p class='ocr_par' dir='ltr' id='par_1_101' title="bbox 1971 3776 2878 3847">
     <span class='ocr_line' id='line_1_104' title="bbox 1971 3776 2878 3847; baseline 0.004 -16"><span class='ocrx_word' id='word_1_662' title='bbox 1971 3776 2229 3847; x_wconf 87' lang='lat' dir='ltr'><strong>episcopo</strong></span> <span class='ocrx_word' id='word_1_663' title='bbox 2260 3777 2599 3844; x_wconf 89' lang='lat' dir='ltr'><strong>Cicestrensi,</strong></span> <span class='ocrx_word' id='word_1_664' title='bbox 2630 3778 2878 3835; x_wconf 88' lang='lat' dir='ltr'><strong>salutem.</strong></span> 
     </span>
    </p>
   </div>
   <div class='ocr_carea' id='block_1_102' title="bbox 2043 3862 3567 3937">
    <p class='ocr_par' dir='ltr' id='par_1_102' title="bbox 2043 3862 3567 3937">
     <span class='ocr_line' id='line_1_105' title="bbox 2043 3862 3567 3937; baseline -0.001 -17"><span class='ocrx_word' id='word_1_665' title='bbox 2043 3867 2241 3922; x_wconf 85' lang='lat' dir='ltr'><strong>Audivi</strong></span> <span class='ocrx_word' id='word_1_666' title='bbox 2275 3868 2417 3937; x_wconf 89' lang='lat' dir='ltr'><strong>quod</strong></span> <span class='ocrx_word' id='word_1_667' title='bbox 2476 3867 2887 3923; x_wconf 89' lang='lat' dir='ltr'><strong>archidiaconus</strong></span> <span class='ocrx_word' id='word_1_668' title='bbox 2918 3874 3091 3923; x_wconf 89' lang='lat' dir='ltr'><strong>vester</strong></span> <span class='ocrx_word' id='word_1_669' title='bbox 3119 3865 3329 3935; x_wconf 88' lang='lat' dir='ltr'><strong>accepit</strong></span> <span class='ocrx_word' id='word_1_670' title='bbox 3383 3862 3567 3920; x_wconf 89' lang='lat' dir='ltr'><strong>homi-</strong></span> 
     </span>
    </p>
   </div>
   <div class='ocr_carea' id='block_1_103' title="bbox 1973 3953 3573 4025">
    <p class='ocr_par' dir='ltr' id='par_1_103' title="bbox 1973 3953 3573 4025">
     <span class='ocr_line' id='line_1_106' title="bbox 1973 3953 3573 4025; baseline 0 -17"><span class='ocrx_word' id='word_1_671' title='bbox 1973 3970 2068 4010; x_wconf 90' lang='lat' dir='ltr'><strong>nes</strong></span> <span class='ocrx_word' id='word_1_672' title='bbox 2127 3971 2278 4010; x_wconf 90' lang='lat' dir='ltr'><strong>meos</strong></span> <span class='ocrx_word' id='word_1_673' title='bbox 2307 3955 2460 4025; x_wconf 88' lang='lat' dir='ltr'><strong>quasi</strong></span> <span class='ocrx_word' id='word_1_674' title='bbox 2506 3970 2606 4025; x_wconf 91' lang='lat' dir='ltr'><strong>pro</strong></span> <span class='ocrx_word' id='word_1_675' title='bbox 2638 3955 2975 4012; x_wconf 86' lang='lat' dir='ltr'><strong>forisfactura</strong></span> <span class='ocrx_word' id='word_1_676' title='bbox 3006 3957 3192 4011; x_wconf 85' lang='lat' dir='ltr'><strong>fracta</strong></span> <span class='ocrx_word' id='word_1_677' title='bbox 3232 3953 3573 4021; x_wconf 82' lang='lat' dir='ltr'><strong>festivitatis,</strong></span> 
     </span>
    </p>
   </div>
   <div class='ocr_carea' id='block_1_104' title="bbox 1969 4042 3562 4115">
    <p class='ocr_par' dir='ltr' id='par_1_104' title="bbox 1969 4042 3562 4115">
     <span class='ocr_line' id='line_1_107' title="bbox 1969 4042 3562 4115; baseline -0.001 -18"><span class='ocrx_word' id='word_1_678' title='bbox 1969 4051 2021 4097; x_wconf 92' lang='lat' dir='ltr'><strong>et</strong></span> <span class='ocrx_word' id='word_1_679' title='bbox 2068 4043 2135 4097; x_wconf 90' lang='lat' dir='ltr'><strong>de</strong></span> <span class='ocrx_word' id='word_1_680' title='bbox 2190 4042 2255 4097; x_wconf 88' lang='lat' dir='ltr'><strong>iis</strong></span> <span class='ocrx_word' id='word_1_681' title='bbox 2296 4043 2512 4115; x_wconf 86' lang='lat' dir='ltr'><strong>plegios</strong></span> <span class='ocrx_word' id='word_1_682' title='bbox 2566 4044 2792 4113; x_wconf 84' lang='lat' dir='ltr'><strong>accepit,</strong></span> <span class='ocrx_word' id='word_1_683' title='bbox 2852 4060 2952 4099; x_wconf 90' lang='lat' dir='ltr'><strong>nec</strong></span> <span class='ocrx_word' id='word_1_684' title='bbox 2995 4052 3119 4099; x_wconf 87' lang='lat' dir='ltr'><strong>ante</strong></span> <span class='ocrx_word' id='word_1_685' title='bbox 3146 4060 3239 4099; x_wconf 88' lang='lat' dir='ltr'><strong>eos</strong></span> <span class='ocrx_word' id='word_1_686' title='bbox 3286 4042 3459 4098; x_wconf 91' lang='lat' dir='ltr'><strong>voluit</strong></span> <span class='ocrx_word' id='word_1_687' title='bbox 3478 4043 3562 4097; x_wconf 85' lang='lat' dir='ltr'><strong>di-</strong></span> 
     </span>
    </p>
   </div>
   <div class='ocr_carea' id='block_1_105' title="bbox 1969 4131 3564 4203">
    <p class='ocr_par' dir='ltr' id='par_1_105' title="bbox 1969 4131 3564 4203">
     <span class='ocr_line' id='line_1_108' title="bbox 1969 4131 3564 4203; baseline 0.001 -18"><span class='ocrx_word' id='word_1_688' title='bbox 1969 4132 2182 4187; x_wconf 90' lang='lat' dir='ltr'><strong>mittere</strong></span> <span class='ocrx_word' id='word_1_689' title='bbox 2237 4148 2398 4201; x_wconf 90' lang='lat' dir='ltr'><strong>quam</strong></span> <span class='ocrx_word' id='word_1_690' title='bbox 2451 4131 2672 4203; x_wconf 85' lang='lat' dir='ltr'><strong>plegios</strong></span> <span class='ocrx_word' id='word_1_691' title='bbox 2727 4133 2947 4188; x_wconf 90' lang='lat' dir='ltr'><strong>haberet</strong></span> <span class='ocrx_word' id='word_1_692' title='bbox 2980 4148 2993 4199; x_wconf 90' lang='lat'><strong>;</strong></span> <span class='ocrx_word' id='word_1_693' title='bbox 3026 4134 3171 4202; x_wconf 92' lang='lat' dir='ltr'><strong>quod</strong></span> <span class='ocrx_word' id='word_1_694' title='bbox 3202 4148 3301 4187; x_wconf 90' lang='lat' dir='ltr'><strong>nec</strong></span> <span class='ocrx_word' id='word_1_695' title='bbox 3328 4131 3434 4186; x_wconf 91' lang='lat' dir='ltr'><strong>sibi</strong></span> <span class='ocrx_word' id='word_1_696' title='bbox 3463 4147 3564 4187; x_wconf 90' lang='lat' dir='ltr'><strong>nec</strong></span> 
     </span>
    </p>
   </div>
   <div class='ocr_carea' id='block_1_106' title="bbox 1967 4220 3559 4290">
    <p class='ocr_par' dir='ltr' id='par_1_106' title="bbox 1967 4220 3559 4290">
     <span class='ocr_line' id='line_1_109' title="bbox 1967 4220 3559 4290; baseline 0 -15"><span class='ocrx_word' id='word_1_697' title='bbox 1967 4221 2130 4276; x_wconf 89' lang='lat' dir='ltr'><strong>alicui</strong></span> <span class='ocrx_word' id='word_1_698' title='bbox 2180 4236 2428 4290; x_wconf 84' lang='lat' dir='ltr'><strong>persona</strong></span> <span class='ocrx_word' id='word_1_699' title='bbox 2475 4220 2601 4276; x_wconf 92' lang='lat' dir='ltr'><strong>licet</strong></span> <span class='ocrx_word' id='word_1_700' title='bbox 2655 4236 2819 4290; x_wconf 88' lang='lat' dir='ltr'><strong>super</strong></span> <span class='ocrx_word' id='word_1_701' title='bbox 2859 4221 3110 4276; x_wconf 85' lang='lat' dir='ltr'><strong>homines</strong></span> <span class='ocrx_word' id='word_1_702' title='bbox 3166 4236 3337 4276; x_wconf 90' lang='lat' dir='ltr'><strong>meos.</strong></span> <span class='ocrx_word' id='word_1_703' title='bbox 3397 4221 3559 4277; x_wconf 88' lang='lat' dir='ltr'><strong>Unde</strong></span> 
     </span>
    </p>
   </div>
   <div class='ocr_carea' id='block_1_107' title="bbox 1967 4309 3557 4382">
    <p class='ocr_par' dir='ltr' id='par_1_107' title="bbox 1967 4309 3557 4382">
     <span class='ocr_line' id='line_1_110' title="bbox 1967 4309 3557 4382; baseline 0 -18"><span class='ocrx_word' id='word_1_704' title='bbox 1967 4311 2167 4364; x_wconf 88' lang='lat' dir='ltr'><strong>mando</strong></span> <span class='ocrx_word' id='word_1_705' title='bbox 2200 4310 2354 4364; x_wconf 87' lang='lat' dir='ltr'><strong>vobis</strong></span> <span class='ocrx_word' id='word_1_706' title='bbox 2391 4318 2448 4364; x_wconf 91' lang='lat' dir='ltr'><strong>ut</strong></span> <span class='ocrx_word' id='word_1_707' title='bbox 2477 4310 2622 4365; x_wconf 89' lang='lat' dir='ltr'><strong>idem</strong></span> <span class='ocrx_word' id='word_1_708' title='bbox 2670 4309 2838 4382; x_wconf 86' lang='lat' dir='ltr'><strong>plegii</strong></span> <span class='ocrx_word' id='word_1_709' title='bbox 2868 4319 3131 4365; x_wconf 89' lang='lat' dir='ltr'><strong>vocentur</strong></span> <span class='ocrx_word' id='word_1_710' title='bbox 3160 4310 3345 4379; x_wconf 91' lang='lat' dir='ltr'><strong>quieti,</strong></span> <span class='ocrx_word' id='word_1_711' title='bbox 3404 4317 3457 4364; x_wconf 86' lang='lat' dir='ltr'><strong>et</strong></span> <span class='ocrx_word' id='word_1_712' title='bbox 3487 4310 3557 4365; x_wconf 92' lang='lat' dir='ltr'><strong>de</strong></span> 
     </span>
    </p>
   </div>
   <div class='ocr_carea' id='block_1_108' title="bbox 1966 4397 3554 4470">
    <p class='ocr_par' dir='ltr' id='par_1_108' title="bbox 1966 4397 3554 4470">
     <span class='ocr_line' id='line_1_111' title="bbox 1966 4397 3554 4470; baseline 0 -17"><span class='ocrx_word' id='word_1_713' title='bbox 1966 4398 2349 4454; x_wconf 88' lang='lat' dir='ltr'><strong>archidiacono</strong></span> <span class='ocrx_word' id='word_1_714' title='bbox 2381 4398 2511 4453; x_wconf 91' lang='lat' dir='ltr'><strong>mihi</strong></span> <span class='ocrx_word' id='word_1_715' title='bbox 2536 4399 2800 4470; x_wconf 89' lang='lat' dir='ltr'><strong>justitiam</strong></span> <span class='ocrx_word' id='word_1_716' title='bbox 2850 4398 3031 4464; x_wconf 87' lang='lat' dir='ltr'><strong>facite,</strong></span> <span class='ocrx_word' id='word_1_717' title='bbox 3091 4397 3219 4469; x_wconf 89' lang='lat' dir='ltr'><strong>quia</strong></span> <span class='ocrx_word' id='word_1_718' title='bbox 3245 4398 3373 4453; x_wconf 88' lang='lat' dir='ltr'><strong>talia</strong></span> <span class='ocrx_word' id='word_1_719' title='bbox 3401 4415 3554 4468; x_wconf 87' lang='lat' dir='ltr'><strong>pra-</strong></span> 
     </span>
    </p>
   </div>
   <div class='ocr_carea' id='block_1_109' title="bbox 1881 4477 3555 4557">
    <p class='ocr_par' dir='ltr' id='par_1_109' title="bbox 1881 4477 3555 4557">
     <span class='ocr_line' id='line_1_112' title="bbox 1881 4477 3555 4557; baseline 0 -17"><span class='ocrx_word' id='word_1_720' title='bbox 1881 4477 1937 4540; x_wconf 90' lang='lat' dir='ltr'><strong>D</strong></span> <span class='ocrx_word' id='word_1_721' title='bbox 1969 4487 2201 4557; x_wconf 90' lang='lat' dir='ltr'><strong>sumpsit</strong></span> <span class='ocrx_word' id='word_1_722' title='bbox 2256 4504 2419 4557; x_wconf 91' lang='lat' dir='ltr'><strong>super</strong></span> <span class='ocrx_word' id='word_1_723' title='bbox 2472 4489 2720 4543; x_wconf 83' lang='lat' dir='ltr'><strong>homines</strong></span> <span class='ocrx_word' id='word_1_724' title='bbox 2761 4504 2933 4543; x_wconf 90' lang='lat' dir='ltr'><strong>meos.</strong></span> <span class='ocrx_word' id='word_1_725' title='bbox 2992 4486 3150 4555; x_wconf 88' lang='lat' dir='ltr'><strong>Quod</strong></span> <span class='ocrx_word' id='word_1_726' title='bbox 3208 4495 3385 4542; x_wconf 88' lang='lat' dir='ltr'><strong>autem</strong></span> <span class='ocrx_word' id='word_1_727' title='bbox 3421 4486 3555 4542; x_wconf 91' lang='lat' dir='ltr'><strong>mihi</strong></span> 
     </span>
    </p>
   </div>
   <div class='ocr_carea' id='block_1_110' title="bbox 1962 4575 3557 4649">
    <p class='ocr_par' dir='ltr' id='par_1_110' title="bbox 1962 4575 3557 4649">
     <span class='ocr_line' id='line_1_113' title="bbox 1962 4575 3557 4649; baseline 0.001 -19"><span class='ocrx_word' id='word_1_728' title='bbox 1962 4577 2260 4631; x_wconf 86' lang='lat' dir='ltr'><strong>mandastis</strong></span> <span class='ocrx_word' id='word_1_729' title='bbox 2291 4585 2348 4631; x_wconf 88' lang='lat' dir='ltr'><strong>ut</strong></span> <span class='ocrx_word' id='word_1_730' title='bbox 2375 4577 2703 4649; x_wconf 89' lang='lat' dir='ltr'><strong>castigarem</strong></span> <span class='ocrx_word' id='word_1_731' title='bbox 2750 4575 2998 4632; x_wconf 91' lang='lat' dir='ltr'><strong>homines</strong></span> <span class='ocrx_word' id='word_1_732' title='bbox 3052 4585 3285 4642; x_wconf 89' lang='lat' dir='ltr'><strong>nostros,</strong></span> <span class='ocrx_word' id='word_1_733' title='bbox 3345 4592 3413 4632; x_wconf 89' lang='lat' dir='ltr'><strong>ne</strong></span> <span class='ocrx_word' id='word_1_734' title='bbox 3464 4576 3557 4632; x_wconf 89' lang='lat' dir='ltr'><strong>alii</strong></span> 
     </span>
    </p>
   </div>
   <div class='ocr_carea' id='block_1_111' title="bbox 1961 4663 3555 4737">
    <p class='ocr_par' dir='ltr' id='par_1_111' title="bbox 1961 4663 3555 4737">
     <span class='ocr_line' id='line_1_114' title="bbox 1961 4663 3555 4737; baseline 0.001 -17"><span class='ocrx_word' id='word_1_735' title='bbox 1961 4665 2227 4735; x_wconf 86' lang='lat' dir='ltr'><strong>accipiant</strong></span> <span class='ocrx_word' id='word_1_736' title='bbox 2258 4665 2463 4720; x_wconf 88' lang='lat' dir='ltr'><strong>malum</strong></span> <span class='ocrx_word' id='word_1_737' title='bbox 2493 4665 2803 4735; x_wconf 86' lang='lat' dir='ltr'><strong>exemplum</strong></span> <span class='ocrx_word' id='word_1_738' title='bbox 2826 4663 2897 4718; x_wconf 88' lang='lat' dir='ltr'><strong>ab</strong></span> <span class='ocrx_word' id='word_1_739' title='bbox 2928 4663 3024 4733; x_wconf 88' lang='lat' dir='ltr'><strong>eis,</strong></span> <span class='ocrx_word' id='word_1_740' title='bbox 3055 4673 3243 4737; x_wconf 86' lang='lat' dir='ltr'><strong>grates</strong></span> <span class='ocrx_word' id='word_1_741' title='bbox 3272 4665 3467 4733; x_wconf 89' lang='lat' dir='ltr'><strong>refero,</strong></span> <span class='ocrx_word' id='word_1_742' title='bbox 3501 4674 3555 4722; x_wconf 92' lang='lat' dir='ltr'><strong>et</strong></span> 
     </span>
    </p>
   </div>
   <div class='ocr_carea' id='block_1_112' title="bbox 1957 4753 3547 4825">
    <p class='ocr_par' dir='ltr' id='par_1_112' title="bbox 1957 4753 3547 4825">
     <span class='ocr_line' id='line_1_115' title="bbox 1957 4753 3547 4825; baseline 0.003 -18"><span class='ocrx_word' id='word_1_743' title='bbox 1957 4755 2102 4825; x_wconf 89' lang='lat' dir='ltr'><strong>quod</strong></span> <span class='ocrx_word' id='word_1_744' title='bbox 2161 4753 2288 4809; x_wconf 87' lang='lat' dir='ltr'><strong>inde</strong></span> <span class='ocrx_word' id='word_1_745' title='bbox 2333 4753 2513 4810; x_wconf 84' lang='lat' dir='ltr'><strong>facere</strong></span> <span class='ocrx_word' id='word_1_746' title='bbox 2568 4754 2829 4809; x_wconf 91' lang='lat' dir='ltr'><strong>debuero.</strong></span> <span class='ocrx_word' id='word_1_747' title='bbox 2864 4755 2978 4809; x_wconf 89' lang='lat' dir='ltr'><strong>Deo</strong></span> <span class='ocrx_word' id='word_1_748' title='bbox 3035 4762 3303 4810; x_wconf 89' lang='lat' dir='ltr'><strong>annuente</strong></span> <span class='ocrx_word' id='word_1_749' title='bbox 3335 4754 3547 4811; x_wconf 85' lang='lat' dir='ltr'><strong>faciam.</strong></span> 
     </span>
    </p>
   </div>
   <div class='ocr_carea' id='block_1_113' title="bbox 1959 4842 2163 4897">
    <p class='ocr_par' dir='ltr' id='par_1_113' title="bbox 1959 4842 2163 4897">
     <span class='ocr_line' id='line_1_116' title="bbox 1959 4842 2163 4897; baseline 0.005 -1"><span class='ocrx_word' id='word_1_750' title='bbox 1959 4842 2163 4897; x_wconf 88' lang='lat' dir='ltr'><strong>Valete.</strong></span> 
     </span>
    </p>
   </div>
   <div class='ocr_carea' id='block_1_114' title="bbox 2523 4913 2980 4971">
    <p class='ocr_par' dir='ltr' id='par_1_114' title="bbox 2523 4913 2980 4971">
     <span class='ocr_line' id='line_1_117' title="bbox 2523 4913 2980 4971; baseline -0.002 -2"><span class='ocrx_word' id='word_1_751' title='bbox 2523 4913 2858 4971; x_wconf 86' lang='lat' dir='ltr'><strong>EPISTOLA</strong></span> <span class='ocrx_word' id='word_1_752' title='bbox 2895 4914 2980 4969; x_wconf 92' lang='lat' dir='ltr'><strong>CI.</strong></span> 
     </span>
    </p>
   </div>
   <div class='ocr_carea' id='block_1_115' title="bbox 2337 5035 3159 5080">
    <p class='ocr_par' dir='ltr' id='par_1_115' title="bbox 2337 5035 3159 5080">
     <span class='ocr_line' id='line_1_118' title="bbox 2337 5035 3159 5080; baseline 0.002 -6"><span class='ocrx_word' id='word_1_753' title='bbox 2337 5035 2581 5076; x_wconf 74' lang='lat' dir='ltr'><strong>ANSBLMI</strong></span> <span class='ocrx_word' id='word_1_754' title='bbox 2619 5036 2689 5076; x_wconf 79' lang='lat' dir='ltr'><strong>AD</strong></span> <span class='ocrx_word' id='word_1_755' title='bbox 2730 5037 2784 5076; x_wconf 73' lang='grc' dir='ltr'><strong>ιι.</strong></span> <span class='ocrx_word' id='word_1_756' title='bbox 2827 5036 3159 5080; x_wconf 69' lang='grc' dir='ltr'><strong>ΒΡΙΞΟΟΡΠΜ.</strong></span> 
     </span>
    </p>
   </div>
   <div class='ocr_carea' id='block_1_116' title="bbox 2024 5110 3549 5180">
    <p class='ocr_par' dir='ltr' id='par_1_116' title="bbox 2024 5110 3549 5180">
     <span class='ocr_line' id='line_1_119' title="bbox 2024 5110 3549 5180; baseline 0.005 -17"><span class='ocrx_word' id='word_1_757' title='bbox 2024 5111 2347 5178; x_wconf 75' lang='lat' dir='ltr'><strong>ANSBLMUS,</strong></span> <span class='ocrx_word' id='word_1_758' title='bbox 2380 5110 2821 5180; x_wconf 88' lang='lat' dir='ltr'><strong>archiepiscopus</strong></span> <span class='ocrx_word' id='word_1_759' title='bbox 2877 5111 3294 5179; x_wconf 84' lang='lat' dir='ltr'><strong>Cantuariensis,</strong></span> <span class='ocrx_word' id='word_1_760' title='bbox 3354 5113 3549 5171; x_wconf 90' lang='lat' dir='ltr'><strong>dilecto</strong></span> 
     </span>
    </p>
   </div>
   <div class='ocr_carea' id='block_1_117' title="bbox 1952 5197 3262 5269">
    <p class='ocr_par' dir='ltr' id='par_1_117' title="bbox 1952 5197 3262 5269">
     <span class='ocr_line' id='line_1_120' title="bbox 1952 5197 3262 5269; baseline 0.004 -18"><span class='ocrx_word' id='word_1_761' title='bbox 1952 5197 2127 5252; x_wconf 88' lang='lat' dir='ltr'><strong>amico</strong></span> <span class='ocrx_word' id='word_1_762' title='bbox 2157 5213 2254 5253; x_wconf 88' lang='lat' dir='ltr'><strong>suo</strong></span> <span class='ocrx_word' id='word_1_763' title='bbox 2285 5199 2580 5253; x_wconf 89' lang='lat' dir='ltr'><strong>reverendo</strong></span> <span class='ocrx_word' id='word_1_764' title='bbox 2611 5199 2869 5269; x_wconf 87' lang='lat' dir='ltr'><strong>episcopo</strong></span> <span class='ocrx_word' id='word_1_765' title='bbox 2897 5199 2985 5265; x_wconf 68' lang='lat' dir='ltr'><strong>IL,</strong></span> <span class='ocrx_word' id='word_1_766' title='bbox 3017 5199 3262 5257; x_wconf 88' lang='lat' dir='ltr'><strong>salutem.</strong></span> 
     </span>
    </p>
   </div>
   <div class='ocr_carea' id='block_1_118' title="bbox 2024 5287 3547 5357">
    <p class='ocr_par' dir='ltr' id='par_1_118' title="bbox 2024 5287 3547 5357">
     <span class='ocr_line' id='line_1_121' title="bbox 2024 5287 3547 5357; baseline 0.007 -18"><span class='ocrx_word' id='word_1_767' title='bbox 2024 5287 2222 5341; x_wconf 82' lang='lat' dir='ltr'><strong>Mando</strong></span> <span class='ocrx_word' id='word_1_768' title='bbox 2279 5294 2332 5341; x_wconf 91' lang='lat' dir='ltr'><strong>et</strong></span> <span class='ocrx_word' id='word_1_769' title='bbox 2378 5287 2639 5356; x_wconf 85' lang='lat' dir='ltr'><strong>praeipio</strong></span> <span class='ocrx_word' id='word_1_770' title='bbox 2680 5287 2837 5342; x_wconf 86' lang='lat' dir='ltr'><strong>vobis</strong></span> <span class='ocrx_word' id='word_1_771' title='bbox 2894 5305 2991 5357; x_wconf 91' lang='lat' dir='ltr'><strong>per</strong></span> <span class='ocrx_word' id='word_1_772' title='bbox 3030 5299 3269 5345; x_wconf 88' lang='lat' dir='ltr'><strong>sanctam</strong></span> <span class='ocrx_word' id='word_1_773' title='bbox 3289 5293 3547 5348; x_wconf 86' lang='lat' dir='ltr'><strong>obedien-</strong></span> 
     </span>
    </p>
   </div>
   <div class='ocr_carea' id='block_1_119' title="bbox 1954 5373 3548 5444">
    <p class='ocr_par' dir='ltr' id='par_1_119' title="bbox 1954 5373 3548 5444">
     <span class='ocr_line' id='line_1_122' title="bbox 1954 5373 3548 5444; baseline 0.006 -17"><span class='ocrx_word' id='word_1_774' title='bbox 1954 5373 2084 5428; x_wconf 88' lang='lat' dir='ltr'><strong>tiam</strong></span> <span class='ocrx_word' id='word_1_775' title='bbox 2170 5392 2332 5444; x_wconf 89' lang='lat' dir='ltr'><strong>quam</strong></span> <span class='ocrx_word' id='word_1_776' title='bbox 2420 5375 2675 5432; x_wconf 87' lang='lat' dir='ltr'><strong>Ecclesia</strong></span> <span class='ocrx_word' id='word_1_777' title='bbox 2737 5376 3103 5432; x_wconf 87' lang='lat' dir='ltr'><strong>Cantuariensi</strong></span> <span class='ocrx_word' id='word_1_778' title='bbox 3159 5386 3213 5434; x_wconf 90' lang='lat' dir='ltr'><strong>et</strong></span> <span class='ocrx_word' id='word_1_779' title='bbox 3268 5380 3398 5435; x_wconf 90' lang='lat' dir='ltr'><strong>mihi</strong></span> <span class='ocrx_word' id='word_1_780' title='bbox 3456 5382 3548 5437; x_wconf 90' lang='lat' dir='ltr'><strong>de-</strong></span> 
     </span>
    </p>
   </div>
   <div class='ocr_carea' id='block_1_120' title="bbox 1955 5463 3548 5538">
    <p class='ocr_par' dir='ltr' id='par_1_120' title="bbox 1955 5463 3548 5538">
     <span class='ocr_line' id='line_1_123' title="bbox 1955 5463 3548 5538; baseline 0.005 -22"><span class='ocrx_word' id='word_1_781' title='bbox 1955 5463 2111 5529; x_wconf 88' lang='lat' dir='ltr'><strong>betis,</strong></span> <span class='ocrx_word' id='word_1_782' title='bbox 2161 5472 2219 5517; x_wconf 89' lang='lat' dir='ltr'><strong>ut</strong></span> <span class='ocrx_word' id='word_1_783' title='bbox 2275 5464 2480 5519; x_wconf 87' lang='lat' dir='ltr'><strong>scilicet</strong></span> <span class='ocrx_word' id='word_1_784' title='bbox 2535 5465 2679 5535; x_wconf 90' lang='lat' dir='ltr'><strong>quod</strong></span> <span class='ocrx_word' id='word_1_785' title='bbox 2736 5465 2791 5519; x_wconf 91' lang='lat' dir='ltr'><strong>in</strong></span> <span class='ocrx_word' id='word_1_786' title='bbox 2850 5465 3105 5535; x_wconf 87' lang='lat' dir='ltr'><strong>subjectis</strong></span> <span class='ocrx_word' id='word_1_787' title='bbox 3151 5466 3341 5522; x_wconf 88' lang='lat' dir='ltr'><strong>litteris</strong></span> <span class='ocrx_word' id='word_1_788' title='bbox 3415 5485 3548 5538; x_wconf 88' lang='lat' dir='ltr'><strong>quas</strong></span> 
     </span>
    </p>
   </div>
   <div class='ocr_carea' id='block_1_121' title="bbox 1953 5551 3549 5612">
    <p class='ocr_par' dir='ltr' id='par_1_121' title="bbox 1953 5551 3549 5612">
     <span class='ocr_line' id='line_1_124' title="bbox 1953 5551 3549 5612; baseline 0.004 -7"><span class='ocrx_word' id='word_1_789' title='bbox 1953 5551 2177 5607; x_wconf 88' lang='lat' dir='ltr'><strong>Thoma</strong></span> <span class='ocrx_word' id='word_1_790' title='bbox 2206 5552 2379 5609; x_wconf 91' lang='lat' dir='ltr'><strong>electo</strong></span> <span class='ocrx_word' id='word_1_791' title='bbox 2427 5553 2690 5610; x_wconf 89' lang='lat' dir='ltr'><strong>Ecclesia</strong></span> <span class='ocrx_word' id='word_1_792' title='bbox 2746 5554 3079 5610; x_wconf 88' lang='lat' dir='ltr'><strong>Eboracensi</strong></span> <span class='ocrx_word' id='word_1_793' title='bbox 3122 5556 3376 5610; x_wconf 81' lang='lat' dir='ltr'><strong>destinari</strong></span> <span class='ocrx_word' id='word_1_794' title='bbox 3420 5558 3549 5612; x_wconf 85' lang='lat' dir='ltr'><strong>scri-</strong></span> 
     </span>
    </p>
   </div>
  </div>
