4036 6072
442 248 541 305 251

442 464 623 521 neatis
640 504 653 519 .

888 558 1051 625 451
1097 557 1438 613 EPISTOLA
1480 560 1592 614 CII.

782 661 1065 701 curusnau
1105 662 1174 700 Αι)
1212 662 1518 704 ANSELMUM
1549 650 1686 721 (48).

507 737 772 791 ANSBLMO
839 734 1240 789 Cantuariensis
1300 736 1558 793 Ecclesia:
1607 738 2040 811 archiepiscopo,

437 823 653 894 quidam
683 822 982 878 Dominicae
1009 824 1185 878 crucis
1214 841 1407 880 servus
1453 835 1507 881 et
1541 827 1788 884 minister
1843 830 2048 885 Pratel-

437 911 533 966 lini
589 910 851 981 coenobii,
929 928 1085 966 cursu
1136 913 1464 987 infatigabili
1507 916 1740 971 stadium
1798 926 2043 988 paterna:

434 999 891 1071 peregrinationis
914 1007 1170 1071 tanquam
1202 1003 1355 1058 militi
1385 1006 1586 1059 summi
1617 1006 1783 1078 Regis
1812 1006 2045 1063 feliciter

435 1103 835 1143 consummare.

507 1176 788 1247 Quamvis,
824 1178 980 1233 Pater
1008 1181 1315 1236 venerande
1344 1189 1396 1236 et
1416 1182 1554 1237 inter
1578 1184 1825 1240 membra
1847 1184 2041 1240 Christi

440 1272 697 1335 tanquam
754 1274 965 1322 amator
1002 1276 1054 1323 et
1111 1268 1288 1325 cultor
1315 1270 1559 1326 veritatis
1608 1271 1901 1342 plurimum
1921 1275 2040 1329 dili-

442 1354 644 1425 gende,
676 1354 899 1409 crebras
926 1356 1230 1412 simultates
1259 1366 1312 1413 et
1367 1359 1809 1432 impugnationes
1858 1362 2039 1416 homi-

443 1457 572 1497 num
603 1440 1058 1512 facinorosorum,
1092 1446 1218 1501 item
1248 1447 1463 1503 aculeos
1511 1448 1877 1521 malignorum
1933 1451 2042 1521 spi-

445 1530 642 1585 rituum
672 1530 994 1588 intrinsecus
1022 1534 1675 1608 plerumquejsustineam,
1704 1546 1882 1594 tamen
1906 1555 2039 1595 onus

447 1619 772 1675 obedientiaa
830 1638 990 1691 quam
1048 1623 1286 1693 imponis
1323 1625 1455 1679 mihi
1485 1627 1817 1682 levissimum
1849 1637 1900 1684 et
1916 1637 2037 1683 actu

448 1707 665 1778 quidem
723 1717 775 1763 et
816 1709 1028 1764 sincera
1080 1712 1369 1769 devotione
1396 1731 1503 1787 qua
1535 1722 1584 1769 te
1616 1716 1786 1788 diligo
1812 1733 2039 1788 prorsus

449 1796 677 1852 mstimo.
711 1796 928 1868 Quippe
948 1798 1078 1853 nihil
1107 1799 1329 1855 difﬁcile
1346 1803 1610 1872 reperitur
1637 1806 1782 1874 quod
1823 1805 2045 1860 cuilibet

452 1886 582 1959 igne
627 1887 825 1942 amoris
853 1890 1165 1944 exazstuanti
1199 1890 1353 1946 facile
1410 1908 1517 1947 non
1564 1893 1832 1949 videatur.
1878 1894 2050 1967 Igitur

451 1974 510 2029 in
537 1974 731 2029 librum
754 1976 1029 2032 Geneseos
1054 1978 1167 2048 jam
1199 1980 1492 2035 enucleatis
1539 1997 1571 2036 a
1614 1999 1701 2037 me
1758 1984 2047 2054 mysteriis,

456 2071 688 2133 quatuor
743 2066 833 2135 qui
888 2074 1089 2121 restant
1160 2076 1247 2122 tua
1289 2069 1533 2137 jussione
1589 2086 1952 2144 aggressurus
1998 2080 2051 2128 et

458 2154 683 2208 dextera
730 2154 944 2209 Domini
978 2155 1085 2210 mei
1139 2158 1268 2211 Iesu
1325 2158 1523 2213 Christi
1554 2160 1821 2215 calamum
1871 2177 2050 2216 meum

454 2249 677 2313 regente
696 2244 1100 2313 explanaturus,
1132 2246 1427 2301 admodum
1452 2247 1552 2301 tuis
1581 2250 1913 2304 orationibus
1960 2251 2051 2303 in-

460 2330 643 2403 digeo,
667 2339 725 2385 ut
746 2331 789 2385 is
804 2334 899 2401 qui
916 2333 1134 2389 claudit
1147 2339 1203 2390 et
1218 2350 1383 2391 nemo
1395 2337 1599 2408 aperit,
1620 2340 1808 2409 aperit
1821 2342 2051 2395 διηθηιο

458 2419 678 2476 claudit
692 2420 879 2493 (Apoc.
903 2437 983 2489 in,
1014 2424 1094 2489 7),
1127 2423 1259 2476 mihi
1284 2422 1478 2478 librum
1521 2424 1791 2496 signatum
1824 2427 2051 2497 aperiat,

456 2508 613 2578 cujus
642 2509 919 2564 historiam
940 2527 1101 2581 quam
1133 2512 1324 2567 beatus
1344 2506 1672 2585 Augustinus
1720 2515 1875 2584 juxta
1905 2516 2053 2570 litte-

457 2611 576 2650 ram
623 2614 791 2667 usque
839 2600 912 2653 ad
962 2600 1165 2654 exitum
1223 2601 1385 2671 primi
1444 2603 1680 2672 parentis
1710 2604 1779 2657 de
1799 2604 2055 2673 paradiso

460 2685 812 2740 multifariam
865 2696 1184 2757 prosecutus
1253 2697 1332 2745 est
1382 2689 1641 2746 intactam
1698 2691 1930 2747 dimitto.
1989 2693 2058 2747 Et

462 2773 612 2829 enim
642 2776 975 2847 arrogantiae
1005 2777 1252 2847 deputari
1282 2786 1462 2848 posset
1491 2778 1840 2846 intolerabili,
1863 2781 1906 2834 si
1945 2797 2058 2835 ma-

462 2878 591 2916 num
620 2879 797 2918 meam
829 2880 1197 2935 superponere
1252 2882 1641 2936 praesumerem
1672 2868 1922 2938 ejusdem
1952 2886 2061 2924 ma-

460 2950 571 3006 nui.
627 2956 696 3007 At
742 2953 833 3007 ubi
876 2962 1095 3009 ventum
1151 2954 1311 3009 fuerit
1359 2956 1427 3009 ad
1479 2955 1658 3012 locum
1706 2956 1798 3011 ubi
1849 2958 2060 3013 senaria

460 3040 836 3097 distributione
893 3042 1082 3097 formae
1112 3042 1386 3097 visibilum
1444 3060 1625 3099 rerum
1683 3060 2060 3100 consumman-

460 3137 564 3195 tur,
614 3131 855 3190 tentabo,
888 3138 1049 3200 prout
1096 3130 1277 3186 divina
1308 3131 1574 3201 sapientia
1622 3133 1754 3188 mihi
1803 3134 2057 3200 adfuerit,

459 3216 689 3271 litteram
723 3219 883 3289 hujus
904 3218 1026 3272 libri
1079 3221 1374 3274 secundum
1406 3221 1670 3291 triplicem
1723 3222 2056 3277 intellectum

458 3304 750 3375 aliquando
776 3315 1026 3362 tractare.
1060 3309 1325 3362 Caeterum
1355 3310 1620 3364 Dominus
1649 3310 1888 3380 impiam
1920 3327 2057 3366 meae

454 3394 694 3449 scientia:
724 3397 893 3463 novit,
941 3412 1063 3450 cum
1095 3413 1201 3452 non
1232 3398 1352 3452 ficte
1408 3398 1642 3468 loquitur
1696 3400 2059 3453 testimonium

460 3498 600 3537 meae
628 3484 973 3540 conscientiae
1003 3486 1088 3541 vel
1118 3486 1450 3553 intentionis,
1476 3488 1602 3557 quia
1650 3503 1751 3542 nec
1780 3503 2059 3558 praesumo

462 3570 666 3626 viribus
722 3572 878 3640 meis,
930 3589 1031 3629 nec
1060 3575 1127 3628 ad
1158 3574 1409 3644 plausam
1441 3575 1769 3643 mortalium,
1830 3592 1934 3632 nec
1988 3577 2057 3631 ad

459 3656 695 3713 fructum
727 3661 1051 3716 transitoria:
1096 3663 1535 3719 remunerationis
1592 3679 1814 3733 operam
1840 3664 2058 3734 impen-

463 3746 554 3814 do,
606 3748 673 3801 ad
722 3748 1132 3817 explanandum
1187 3750 1449 3821 perplexa
1505 3752 1757 3823 mysteria
1807 3754 2059 3808 Mosaicae

458 3834 622 3906 legis.
655 3836 715 3890 In
742 3836 897 3905 cujus
918 3838 1185 3908 siquidem
1216 3839 1440 3894 amabili
1472 3840 1833 3897 contubernio
1863 3850 1915 3896 et
1932 3858 2058 3897 con-

461 3923 727 3979 tubernali
756 3941 940 3981 amore
972 3925 1138 3983 ferme
1168 3927 1285 3997 jam
1316 3937 1439 3983 sunt
1471 3929 1724 3985 transacti
1781 3930 1977 4003 viginti
2008 3941 2061 3988 et

462 4020 584 4068 octo
612 4013 759 4081 anni,
793 4022 962 4069 totum
994 4031 1080 4070 me
1111 4017 1322 4071 retrusi.
1357 4018 1416 4072 In
1445 4018 1599 4088 cujus
1629 4018 1885 4073 nimirum
1905 4035 2054 4073 man-

457 4100 598 4156 datis
645 4103 1037 4174 prosequendis
1094 4105 1223 4160 dum
1279 4105 1509 4175 desudo,
1545 4106 1700 4161 valde
1755 4107 2054 4179 requiesco.

458 4189 701 4261 Cumque
731 4192 802 4248 ab
851 4192 997 4248 illius
1026 4194 1369 4264 amplexibus
1428 4194 1834 4265 importunitate
1890 4212 2060 4268 nego-

457 4278 651 4335 tiorum
682 4282 1076 4337 mundanorum
1104 4284 1434 4353 praevalente
1488 4283 1799 4355 frequenter
1828 4284 2054 4343 avellor,

463 4384 567 4424 non
590 4370 865 4425 modicum
896 4371 1138 4426 laborem
1170 4372 1403 4428 incurro.
1453 4373 1534 4427 Ne
1562 4373 1665 4428 hoc
1714 4372 1934 4443 quidem
1957 4372 2057 4427 mi-

985 253 1043 309 S.
1077 256 1378 313 ANSELMI
1415 259 1754 315 CANTUAR.
1800 260 1981 315 ARCH
2005 261 2139 317 IEP.
2183 261 2336 320 OPP.
2379 264 2552 320 PARS
2590 267 2682 320 III.
2721 295 2795 306 —
2828 266 3207 325 EPISTOLE.

440 382 593 446 ptum
651 382 750 445 est,
808 392 907 433 vos
961 393 1093 451 erga
1147 378 1323 450 ipsum
1382 382 1647 437 Thomam
1712 382 1911 438 amodo
1963 391 2047 439 te-
2076 384 2132 451 Α

3648 270 3753 329 252

2693 390 3031 450 EPISTOLA
3081 398 3218 452 CIII.

2481 494 2719 537 usam
2754 498 2827 536 an
2873 499 3242 541 LANraANGUM
3270 486 3410 556 (49).

2239 568 2305 623 Ei
2333 584 2469 639 opus
2495 584 2683 644 suum,
2723 573 2866 643 quod
2901 574 3267 644 Monologium
3292 575 3649 644 inscribitur,

2364 640 2763 711 corrigendum
2780 647 2865 699 vel
2887 640 3308 717 approbantium
3329 647 3534 703 mittit.

2223 727 2544 785 Reverendo
2600 738 2653 785 et
2707 734 2949 788 amando
3006 735 3230 790 domino
3259 751 3356 791 suo
3386 743 3441 790 et
3500 734 3640 789 Patri
3694 745 3750 791 et

2153 815 2381 885 doctori,
2414 817 2721 874 Cantuariaa
2751 822 3163 894 archiepiscopo
3184 825 3481 895 Anglorum
3513 824 3745 896 primati,

2151 906 2307 960 matri
2339 907 2596 962 Ecclesiae
2653 909 2955 979 catholicae,
2988 911 3118 968 ﬁdei
3144 911 3497 984 utilitatisque
3551 914 3748 969 merito

2151 994 2374 1049 multum
2406 996 2780 1066 amplectendo
2801 999 3156 1068 Lanrwco,
3213 1001 3389 1057 frater
3443 1004 3745 1059 Ansnuus

2150 1083 2447 1150 Beccensis,
2479 1085 2588 1140 vita
2617 1094 2891 1155 peccator,
2918 1088 3109 1144 habitu
3129 1092 3447 1147 monachus.

2220 1171 2490 1241 Quoniam
2547 1176 2762 1246 agenda
2814 1180 2939 1231 sunt
2990 1178 3175 1235 omnia
3230 1180 3477 1247 consilio,
3508 1182 3604 1237 sed
3635 1196 3741 1237 non

2149 1262 2300 1316 omni
2330 1261 2577 1330 consilio,
2592 1263 2727 1319 sicut
2742 1265 3006 1335 scriptum
3026 1275 3106 1322 est
3127 1284 3142 1324 :
3159 1266 3357 1324 Omnia
3381 1270 3465 1326 fac
3480 1285 3603 1327 cum
3620 1286 3746 1326 con-

2148 1349 2477 1419 silio(Eccli.
2502 1367 2682 1417 xxxn,
2709 1354 2803 1426 24)
2828 1362 2945 1423 ;et:
2973 1356 3351 1415 Consiliariu:
3379 1360 3750 1416 tuussitunus

2147 1438 2213 1493 de
2241 1440 2401 1494 mille
2424 1439 2615 1507 (Eccli.
2648 1458 2722 1508 vr,
2754 1442 2809 1512 6)
2842 1462 2855 1507 ;
2888 1460 3053 1499 unum
3079 1461 3242 1516 quem
3303 1446 3470 1516 scitis,
3519 1462 3627 1503 non
3680 1448 3752 1503 de

2147 1526 2314 1593 mille,
2349 1528 2446 1581 sed
2475 1528 2543 1583 de
2572 1529 2824 1585 omnibus
2845 1532 3166 1587 mortalibus
3194 1534 3356 1607 elegi,
3417 1552 3579 1606 quem
3636 1552 3750 1608 prae

2145 1614 2398 1670 omnibus
2416 1616 2674 1672 haberem
2711 1619 3074 1678 consultorem
3129 1623 3184 1677 in
3214 1623 3411 1692 dubiis,
3469 1624 3750 1681 doctorem

2069 1742 2121 1805 Β
2152 1702 2205 1757 in
2223 1703 2550 1775 ignorantiis
2599 1707 2723 1776 [al.,
2743 1706 3047 1782 ignoratis],
3068 1710 3119 1764 in
3137 1712 3453 1768 excessibus
3485 1723 3755 1771 correcto-

2154 1808 2290 1859 rem,
2350 1792 2406 1847 in
2462 1803 2605 1851 recte
2652 1796 2784 1851 actis
2840 1799 3283 1869 approbatorem.
3328 1800 3445 1871 Quo
3502 1805 3753 1874 quamvis

2153 1883 2451 1936 secundum
2482 1891 2664 1939 votum
2695 1885 2769 1940 uti
2798 1902 2904 1943 non
2924 1889 3152 1957 possim,
3186 1890 3400 1947 decrevi
3431 1899 3610 1948 tamen
3652 1892 3750 1958 uti,

2155 1979 2412 2040 quantum
2468 1989 2710 2043 possum.
2770 1974 3030 2045 Quamvis
3087 1977 3231 2032 enim
3280 1979 3440 2036 valde
3469 1979 3621 2035 multi
3647 1980 3756 2037 sint

2157 2067 2354 2130 praeter
2408 2062 2752 2129 prudentiam
2809 2073 3060 2133 vestram,
3112 2066 3179 2122 de
3227 2084 3449 2139 quorum
3514 2069 3750 2126 multum

2156 2147 2420 2217 proﬁcere
2458 2149 2734 2220 imperitus
2790 2153 2992 2223 possim
3043 2154 3234 2225 peritia
3277 2156 3375 2228 [αι.
3424 2157 3752 2231 praesentia],

2158 2244 2211 2291 et
2239 2252 2464 2306 quorum
2486 2238 2766 2309 subjacere
2794 2256 3040 2298 censurae
3068 2260 3156 2299 me
3185 2260 3307 2300 mea
3342 2253 3503 2318 cogat
3534 2246 3753 2316 imperi-

2160 2325 2252 2391 tia,
2277 2325 2483 2380 nullum
2517 2335 2695 2383 tamen
2724 2345 2910 2386 eorum
2939 2330 3087 2401 novi,
3145 2334 3298 2403 cujus
3352 2350 3441 2389 me
3493 2334 3755 2393 doctrinas

2154 2412 2431 2482 judiciove
2496 2423 2603 2471 tam
2688 2417 3018 2475 confidenter
3072 2428 3289 2492 tamque
3317 2420 3564 2493 libenter,
3588 2439 3752 2495 quam

2160 2512 2342 2559 vestro
2374 2504 2657 2573 subjiciam
2687 2514 2739 2561 et
2763 2508 2854 2578 qui
2884 2508 3016 2564 mihi
3052 2518 3159 2564 tam
3188 2518 3412 2581 paterno
3442 2510 3638 2569 affectu
3666 2529 3748 2581 se,

2164 2591 2208 2646 si
2241 2608 2326 2647 res
2354 2592 2580 2666 indiget,
2613 2596 2887 2665 exhibeat,
2918 2606 3030 2663 aut,
3064 2598 3111 2653 si
3158 2615 3246 2655 res
3300 2599 3490 2674 exigit,
3522 2617 3757 2673 congau-

2165 2681 2307 2735 deat.
2342 2681 2525 2750 Quare
2553 2684 2805 2754 quoniam
2862 2686 3122 2758 quidquid
3169 2688 3238 2743 de
3293 2697 3520 2758 paterno
3575 2699 3757 2747 vestro

2166 2771 2296 2827 mihi
2344 2780 2559 2842 pectore
2610 2773 2963 2844 impenditur,
2996 2785 3047 2832 et
3083 2776 3344 2848 sapientia
3396 2787 3477 2835 est
3530 2778 3758 2849 exquisi-

2167 2868 2299 2929 tum,
2332 2869 2380 2916 et
2433 2862 2750 2919 auctoritate
2806 2865 3138 2933 roboratum,
3198 2875 3250 2922 et
3308 2867 3605 2924 dilectione
3632 2884 3758 2924 con-

2168 2948 2358 3017 ditum,
2386 2967 2509 3005 cum
2539 2950 2743 3023 aliquid
2774 2952 2900 3008 inde
2929 2954 3139 3023 haurio,
3173 2954 3228 3010 id
3250 2972 3336 3011 me
3363 2972 3460 3011 sua
3488 2964 3541 3012 et
3567 2955 3758 3012 dulce-

2169 3038 2298 3093 dine
2354 3038 2605 3107 delectat,
2656 3048 2707 3096 et
2765 3042 3052 3098 securitate
3106 3043 3287 3098 satiat.
3343 3044 3451 3100 Sed
3508 3044 3760 3116 quoniam

2172 3127 2285 3182 haec
2331 3126 2447 3197 ipsa
2503 3128 2695 3183 scienti
2765 3129 2975 3201 loquor,
3039 3132 3119 3186 his
3140 3132 3376 3201 omissis,
3426 3150 3521 3188 cur
3575 3148 3761 3190 eorum

2167 3216 2511 3271 meminerim
2540 3217 2852 3287 expediam.
2886 3220 3119 3287 Quidam
3149 3219 3362 3289 fratres,
3394 3223 3544 3277 servi
3576 3221 3757 3289 vestri,

2167 3312 2221 3358 et
2248 3305 2494 3360 conservi
2517 3307 2620 3361 mei
2653 3323 2739 3362 me
2769 3324 2912 3377 sape
2941 3310 3274 3378 multumque
3328 3318 3601 3383 rogantes,
3635 3319 3761 3365 tan-

2166 3393 2291 3447 dem
2322 3400 2616 3466 coegerunt
2640 3404 2697 3450 ut
2725 3397 3128 3466 acquiescerem
3186 3398 3292 3452 illis
3320 3400 3572 3470 quaedam
3628 3397 3760 3454 scri-

2167 3479 2316 3547 bere,
2349 3483 2485 3537 sicut
2514 3485 2567 3536 iu
2589 3484 2833 3553 ejusdem
2862 3485 3145 3556 scripturae
3174 3486 3581 3556 prae-ratiuncula
3620 3503 3759 3543 con-

2165 3570 2402 3626 siderare
2433 3572 2693 3642 poteritis.
2727 3573 2806 3629 De
2834 3590 2941 3644 quo
2970 3575 3229 3644 Opusculo
3258 3577 3363 3632 hoc
3391 3584 3590 3646 praeter
3607 3591 3759 3648 spem

2166 3657 2264 3731 [aL
2290 3668 2449 3729 prout
2477 3660 2644 3732 saepe]
2673 3662 2872 3731 evenit,
2930 3670 2987 3717 ut
3042 3680 3149 3719 non
3204 3665 3381 3719 solum
3409 3664 3506 3734 illi,
3565 3664 3761 3736 quibus

2165 3746 2490 3803 instantibus
2511 3750 2713 3805 editum
2743 3758 2841 3817 est,
2864 3752 2959 3807 sed
2989 3760 3041 3807 et
3068 3753 3251 3825 plures
3278 3753 3372 3808 alii
3401 3754 3543 3808 illud
3592 3753 3762 3809 velint

2168 3852 2275 3891 non
2304 3837 2481 3892 solum
2513 3838 2716 3911 legere,
2744 3840 2845 3895 sed
2874 3839 3033 3896 etiam
3066 3841 3448 3897 transcribere.
3500 3842 3764 3898 Dubitans

2164 3928 2328 4000 igitur
2354 3936 2530 3982 utrum
2561 3927 2693 3981 illud
2725 3927 3029 3985 volentibus
3065 3930 3340 4002 denegare
3397 3931 3646 3997 debeam,
3671 3939 3767 3986 aut

2166 4017 2487 4084 concedere,
2520 4033 2585 4070 ne
2617 4032 2703 4071 me
2734 4024 2825 4070 aut
2845 4015 3090 4073 invidum
3118 4027 3368 4088 putantes
3399 4020 3637 4086 oderint,
3669 4026 3764 4075 aut

2164 4104 2382 4159 stultum
2413 4112 2769 4176 agnoscentes
2792 4104 3095 4172 derideant,
3128 4107 3198 4161 ad
3227 4106 3557 4179 singularem
3581 4123 3761 4165 meum

2166 4209 2381 4249 recurro
2401 4192 2772 4248 consiliarium
2802 4202 2854 4248 et
2882 4194 3202 4265 scripturam
3232 4195 3403 4266 ipsam
3434 4196 3756 4255 examinan-

2165 4283 2290 4337 dam
2353 4290 2526 4337 vestro
2583 4282 2736 4337 mitto
2779 4282 3007 4352 judicio,
3067 4292 3123 4338 ut
3169 4285 3290 4354 ejus
3318 4285 3635 4341 auctoritate
3668 4291 3761 4340 aut

2163 4371 2343 4441 inepta
2364 4387 2396 4425 a
2424 4379 2715 4441 conspectu
2746 4370 3113 4442 prohibeatur,
3147 4378 3241 4428 aut
3297 4382 3540 4429 correcta
3569 4374 3760 4433 volen-

460 4474 600 4525 rum,
657 4459 783 4529 quia
813 4462 959 4529 apud
986 4460 1135 4515 illam
1157 4461 1311 4532 panis
1330 4461 1454 4516 vita:
1484 4470 1537 4515 et
1557 4461 1862 4516 intellectus
1895 4470 2057 4531 atque
2083 4448 2135 4508 D
2168 4460 2308 4514 tibus
2333 4459 2655 4530 praebeatur.

460 4554 621 4619 potus
674 4548 1043 4605 inveniuntur.
1100 4550 1259 4604 Panis
1312 4565 1413 4619 per
1439 4566 1599 4619 quem
1643 4550 1865 4604 amissae
1909 4551 2056 4605 vires

464 4635 659 4691 mentis
684 4635 972 4693 imbecillas
1009 4638 1064 4692 in
1094 4638 1378 4710 vignorem
1408 4638 1693 4708 pristinum
1715 4646 2053 4708 reparantur.

462 4725 649 4790 Potus,
679 4741 778 4795 per
823 4741 982 4795 quem
1014 4725 1130 4780 sitis
1161 4726 1557 4781 mundanarum
1599 4726 2059 4796 concupiscentia-

465 4830 587 4869 rum
617 4813 991 4885 exstinguitur,
1023 4822 1074 4868 et
1102 4816 1449 4884 postmodum
1481 4815 1799 4870 suavissimo
1845 4814 2061 4870 fervore

466 4902 536 4956 ad
593 4900 839 4956 rimanda
890 4901 1033 4955 illius
1086 4910 1291 4959 secreta
1342 4903 1698 4959 vehementer
1723 4903 1769 4957 is
1797 4902 1885 4973 qui
1933 4902 2062 4958 inde

466 4997 620 5060 potat
648 4990 978 5046 accenditur.
999 4991 1117 5044 Jam
1150 4991 1369 5046 demum
1397 4990 1573 5064 gratia
1598 4991 1697 5047 Dei
1722 4992 2063 5062 praecedente

468 5079 539 5134 ad
568 5078 741 5134 verba
770 5078 893 5132 libri
924 5077 1227 5147 veniamus,
1259 5088 1311 5134 et
1356 5080 1550 5135 virtute
1570 5079 1898 5137 obedientiae
1946 5095 2065 5151 sup-

467 5166 725 5236 pediante
742 5165 870 5237 quid
901 5174 1093 5237 gerant
1114 5167 1370 5239 mysterii,
1404 5176 1563 5239 prout
1616 5167 1882 5224 Dominus
1902 5166 2064 5222 nobis

428 5262 429 5265 ‘
469 5254 699 5323 dederit,
727 5255 1018 5327 diligenter
1044 5256 1322 5328 vestigare
1351 5264 1688 5330 satagamus.

542 5404 657 5476 (48)
688 5406 768 5460 Ex
791 5421 892 5460 ms.
926 5406 1238 5462 monasterii
1268 5407 1337 5462 de
1368 5406 1634 5462 Pratellis.
1668 5437 1739 5446 —
1769 5406 1872 5461 Est
1893 5405 2068 5461 Ricar-

472 5476 529 5532 di
557 5476 773 5532 abbatis
808 5477 878 5531 de
906 5476 1155 5531 Pratellis
1187 5493 1316 5533 suos
1344 5477 1399 5532 in
1430 5479 1668 5533 Genesin
1715 5479 2066 5533 Commenta-

471 5548 584 5605 rios
612 5548 669 5605 S.
699 5548 951 5603 Anselmo
970 5547 1216 5603 dicentis.

2710 4546 3043 4605 EPISTOLA
3082 4550 3215 4609 CIV.

2297 4652 2535 4692 ANSBLIU
2563 4652 2634 4691 AD
2664 4652 3003 4694 BERNARDUM
3032 4653 3276 4701 EIUSQUB
3303 4654 3620 4696 NONACHOS.

2235 4728 2558 4793 ANSBLMUS,
2615 4724 2716 4780 Dei
2761 4726 2935 4797 gratia
3017 4727 3478 4798 archiepiscopus,
3522 4725 3756 4783 Domino

2167 4813 2337 4885 priori
2366 4815 2689 4880 Baamano,
2722 4821 2774 4868 et
2801 4813 2923 4869 aliis
2940 4812 3192 4869 fratribus
3221 4813 3277 4869 in
3329 4815 3580 4871 cmnobio
3634 4815 3762 4870 San-

2168 4903 2238 4958 cti
2292 4901 2485 4957 Albani
2540 4902 3013 4973 conversantibus,
3062 4903 3288 4958 salutem
3344 4910 3398 4958 et
3439 4901 3763 4959 benedictio-

2168 5007 2315 5046 nem.

2243 5080 2457 5135 Fratres
2504 5095 2534 5134 a
2582 5087 2759 5136 vestra
2817 5079 3106 5137 dilectione
3153 5080 3225 5136 ad
3280 5095 3368 5136 me
3397 5080 3584 5137 directi
3614 5088 3763 5137 retu-

2172 5168 2349 5225 lerunt
2379 5167 2511 5223 mihi
2543 5169 2836 5239 quamdam
2858 5167 3252 5224 dubitationem
3290 5169 3430 5225 inter
3457 5184 3559 5225 vos
3590 5175 3763 5225 ortam

2173 5275 2293 5315 esse
2322 5274 2443 5314 cum
2472 5258 2656 5328 aliqua
2678 5257 3029 5326 dissentione,
3061 5257 3185 5313 inde
3214 5258 3340 5328 quia
3379 5256 3436 5313 in
3476 5257 3769 5315 catholico-

2248 5406 2380 5489 (49)Δ
2528 5423 2628 5461 ms.
2662 5408 2832 5462 Vatic.
2867 5405 2960 5461 fol.
2995 5410 3115 5474 100,
3155 5414 3209 5462 et
3237 5422 3301 5461 ex
3332 5422 3433 5460 ms.
3489 5404 3767 5480 Sagiensis

2176 5486 2505 5535 monasterii.
