4036 6072
388 242 497 299 253

1682 246 1812 301 LIB.
1853 243 1946 312 Ν,
1986 242 2207 298 EPIST.
2249 244 2391 302 CVI.

3589 252 3692 308 254

391 383 515 424 rum
560 369 786 425 Patrum
832 370 1045 443 scriptis
1083 370 1379 444 aliquando
1424 369 1677 428 invenitis
1717 372 1889 427 Deum
1938 378 1990 426 et
2017 371 2074 432 A
2103 378 2325 426 natura.
2370 371 2486 428 Hac
2515 371 2679 445 igitur
2707 371 3159 440 consideratione,
3193 388 3299 444 qua
3331 389 3441 429 una
3464 383 3545 430 est
3561 374 3698 431 ﬁdes

392 457 678 514 hominem
709 460 766 515 in
795 460 1006 516 Christo
1038 461 1399 517 convenirein
1420 477 1583 516 unam
1605 460 1984 525 substantiam,

393 546 694 617 aliquando
726 549 862 604 duas
912 549 1257 620 substantias,
1290 550 1533 609 divinam
1576 550 1777 605 scilicet
1805 558 1857 605 et
1886 549 1988 603 hu-

390 653 609 691 manam
657 654 821 693 unam
865 654 989 695 esse
1033 655 1321 710 personam
1370 639 1423 695 in
1472 640 1718 703 Christo;
1777 639 1989 694 videtur

391 725 538 781 enim
586 743 895 800 repugnare
927 729 1073 800 quod
1105 736 1157 785 et
1187 745 1295 784 una
1323 729 1623 785 substantia
1652 730 1722 784 sit
1750 730 1989 784 humana

388 823 445 871 et
475 815 658 870 divina
704 823 913 884 natura,
956 816 1109 873 sicuti
1152 834 1293 883 esse,
1344 834 1451 873 una
1494 834 1724 890 persona
1766 824 1820 873 et
1866 818 1987 873 dua

389 903 704 961 substantia
732 904 836 960 sint
866 906 921 960 in
951 906 1141 961 eadem
1187 923 1439 979 persona,
1486 908 1583 963 sed
1627 907 1672 962 si
1719 907 1858 962 bene
1897 907 1984 960 in-

386 990 667 1063 telligatur
714 994 988 1066 quomodo
1017 979 1184 1049 452
1236 997 1421 1053 dicant
1463 1012 1634 1051 unam
1680 1012 1800 1052 esse
1848 995 1975 1050 sub-

389 1081 652 1137 stantiam
702 1083 886 1154 plures
916 1092 1137 1140 naturas
1166 1086 1223 1140 in
1252 1085 1482 1154 Christo,
1516 1094 1609 1141 aut
1638 1086 1820 1157 plures
1849 1085 1985 1140 sub-

388 1170 622 1226 stantias
650 1188 810 1226 unam
840 1188 1155 1243 personam,
1175 1174 1312 1228 nihil
1331 1175 1405 1229 ibi
1429 1190 1743 1246 repugnans
1773 1190 1984 1246 cogno—

389 1266 576 1316 scetur
605 1276 743 1316 esse.
794 1261 968 1317 Deum
1000 1261 1142 1319 enim
1174 1279 1340 1319 unum
1370 1263 1643 1320 credimus
1672 1271 1722 1319 et
1756 1262 1984 1319 conﬁte-

385 1364 511 1403 mur
540 1364 659 1405 esse
699 1351 913 1406 Patrem
959 1356 1015 1407 et
1063 1351 1258 1407 Filium
1305 1360 1358 1409 et
1395 1353 1654 1423 Spiritum
1714 1360 1981 1408 sanctum.

387 1438 521 1493 Cum
555 1454 690 1512 ergo
718 1439 949 1496 dicimus
980 1441 1176 1510 Deum,
1210 1458 1318 1497 non
1349 1442 1453 1496 nisi
1481 1457 1645 1497 unum
1676 1441 1904 1496 dicimus
1935 1449 1989 1497 et

382 1526 761 1601 intelligimus.
794 1528 929 1585 Cum
962 1545 1091 1586 vero
1121 1531 1354 1587 dicimus
1382 1532 1594 1587 Patrem
1624 1539 1678 1586 et
1705 1531 1900 1586 Filium
1933 1539 1986 1586 et

389 1616 658 1689 Spiritum
688 1626 959 1682 sanctum,
993 1619 1184 1690 plures
1211 1620 1440 1676 dicimus
1469 1627 1520 1677 et
1547 1618 1856 1683 credimus;
1889 1621 1983 1675 sed

2099 456 2413 516 Gracorum
2443 469 2495 516 et
2519 460 2857 525 Latinorum,
2880 461 3172 533 aliquando
3202 461 3482 518 nominant
3504 479 3697 533 perso-

2096 561 2244 614 nam,
2278 549 2527 619 quamvis
2559 551 2661 606 hoc
2689 565 2815 605 raro
2846 549 3019 605 Latini
3049 550 3267 605 faciant.
3321 550 3478 619 Quod
3508 560 3693 607 autem

2097 635 2275 691 Graeci
2304 638 2487 693 dicant
2516 639 2574 692 in
2599 640 2835 694 Domino
2865 655 3026 694 unam
3066 655 3373 710 personam,
3409 648 3523 696 tres
3553 641 3692 698 sub-

2094 726 2344 793 stantias,
2406 731 2635 782 testatur
2690 728 2881 783 beatus
2927 728 3256 799 Augustinus
3310 729 3366 783 in
3415 729 3553 784 libro
3609 732 3691 788 De

2093 812 2373 869 Trinitate.
2407 817 2537 872 Hac
2565 816 2740 883 vobis,
2784 816 2992 883 fratres,
3035 816 3360 887 petentibus,
3392 819 3688 874 secundum

2093 903 2237 973 quod
2266 903 2506 959 intellexi
2554 905 2908 977 quastionem
2950 906 3090 961 inter
3138 920 3235 961 vos
3277 908 3486 961 versari
3536 906 3688 962 suﬁ-

2094 990 2300 1046 cienter
2328 1001 2458 1063 puto
2502 1011 2589 1049 me
2627 993 2995 1064 respondisse,
3045 994 3288 1066 quamvis
3331 995 3437 1050 dici
3479 997 3685 1064 possint

2092 1078 2245 1149 plura
2276 1081 2342 1135 de
2372 1082 2630 1137 Trinitate
2681 1090 2733 1137 et
2763 1082 3091 1152 pluralitate,
3144 1083 3417 1154 quomodo
3452 1084 3682 1139 Verbum

2091 1183 2255 1223 unum
2287 1170 2353 1224 sit
2392 1186 2513 1225 cum
2562 1173 2720 1226 Patre
2764 1179 2818 1227 et
2859 1186 2964 1226 non
3005 1187 3162 1241 unus,
3196 1178 3246 1226 et
3292 1188 3415 1226 cum
3463 1172 3684 1229 homine

2091 1264 2371 1329 assumpto
2405 1275 2545 1314 unus
2573 1268 2626 1315 et
2657 1276 2765 1315 non
2793 1276 2978 1314 unum.
3017 1259 3220 1316 Valete.

2647 1348 2987 1404 EPISTOLA
3027 1349 3133 1404 CV.

2089 1452 2327 1493 ANSELMI
2347 1452 2420 1492 AD
2442 1452 2788 1493 ABBATISSAM
2805 1453 2855 1492 F.
2880 1452 3123 1501 BJUSQUE
3144 1453 3680 1495 CONGKBGATIONEM.

2164 1531 2462 1583 ANSELMUS
2480 1527 2577 1581 Dei
2599 1526 2950 1598 dispositione
2972 1533 3194 1581 vocatus
3215 1527 3677 1598 archiepiscopus,

2089 1616 2323 1672 dominae
2351 1624 2404 1670 et
2433 1615 2589 1669 matri
2638 1615 2958 1670 reverendae
2997 1615 3277 1671 abbatissa
3309 1615 3366 1670 F.
3400 1622 3452 1670 et
3481 1623 3680 1671 sancta

385 1706 456 1761 de
484 1706 600 1762 Deo
629 1706 889 1762 habemus
917 1707 1312 1777 auctoritatem,
1345 1709 1472 1779 quia
1500 1709 1764 1764 debemus
1794 1709 1979 1764 dicere
2009 1726 2061 1786 Β
2090 1703 2504 1777 congregationi
2553 1703 2631 1758 illi
2678 1703 2982 1759 commissa
3030 1703 3085 1757 in
3131 1704 3413 1760 sanctitate
3459 1720 3684 1775 semper

381 1794 560 1849 Deum
588 1810 755 1849 unum
786 1795 1135 1867 singulariter
1163 1803 1217 1852 et
1245 1812 1353 1852 non
1383 1798 1586 1868 plures,
1622 1796 1979 1869 quemadmo-

383 1883 512 1937 dum
544 1882 812 1954 scriptum
831 1891 909 1939 est
933 1901 947 1938 :
982 1884 1145 1953 Audi,
1170 1884 1373 1952 Israel,
1396 1887 1666 1941 Dominus
1683 1889 1829 1942 Deus
1848 1889 1979 1942 tuus

381 1971 530 2027 Deus
561 1987 713 2028 unus
741 1976 827 2028 est
873 1971 1066 2044 (Deut.
1099 1988 1172 2041 vr,
1206 1974 1280 2044 4).
1329 1975 1409 2030 De
1456 1973 1564 2029 illis
1609 1991 1734 2030 vero
1784 1974 1976 2042 tribus,

381 2059 537 2114 Patre
566 2058 794 2129 scilicet,
827 2059 967 2116 Filio
998 2069 1051 2116 et
1081 2061 1281 2132 Spiritu
1302 2069 1513 2131 sancto,
1546 2078 1656 2117 non
1674 2061 1980 2118 invenimus

378 2147 438 2202 in
466 2150 751 2219 propheta,
786 2156 881 2204 aut
923 2150 1186 2221 apostolo,
1236 2158 1329 2205 aut
1371 2151 1727 2223 evangelista,
1775 2160 1832 2206 ut
1872 2166 1979 2207 uno

380 2237 603 2293 nomine
662 2237 942 2294 nominent
998 2253 1094 2294 eos
1148 2238 1453 2310 pluraliter,
1513 2256 1620 2311 quo
1675 2239 1981 2311 signiﬁcent

380 2325 530 2381 illam
561 2325 928 2397 pluralitatem
968 2343 1135 2400 quam
1170 2329 1227 2381 in
1258 2328 1362 2383 illis
1408 2328 1788 2401 intelligimus;
1849 2346 1978 2384 nus-

383 2431 543 2487 quam
576 2416 718 2470 enim
750 2415 935 2470 dicunt
981 2425 1089 2472 tres
1136 2432 1398 2488 personas
1435 2433 1531 2474 eos
1574 2403 1714 2484 esse,
1748 2427 1840 2473 aut
1871 2427 1981 2473 tres

383 2504 736 2570 substantias,
780 2508 875 2558 aut
917 2512 1031 2560 tres
1069 2506 1489 2577 omnipotentes,
1523 2516 1611 2561 aut
1641 2507 1845 2577 aliquid
1874 2508 1979 2562 hu-

375 2592 648 2663 jusmodi.
716 2592 833 2648 Hac
877 2595 1204 2650 necessitate
1244 2596 1431 2650 Patres
1473 2595 1719 2651 catholici
1764 2596 1981 2666 quando

381 2680 745 2751 loquebantur
772 2680 841 2736 de
872 2680 980 2736 illis
1011 2681 1201 2752 tribus,
1233 2683 1516 2755 elegerunt
1553 2684 1736 2740 omnia
1782 2685 1984 2755 quibus

381 2768 504 2824 illos
534 2776 647 2824 tres
678 2769 962 2825 nominare
983 2779 1206 2841 possent
1225 2770 1524 2842 pluraliter.
1557 2773 1731 2829 Graeci
1763 2773 1981 2845 quidem

382 2872 585 2913 nomen
614 2856 960 2927 substantia,
988 2859 1160 2915 Latini
1184 2876 1313 2915 vero
1342 2876 1541 2916 nomen
1570 2878 1855 2932 persona;
1888 2862 1983 2918 sed

384 2954 444 3002 ut
470 2947 692 3002 omnino
723 2947 866 3017 quod
896 2963 996 3003 nos
1024 2947 1102 3003 ibi
1142 2948 1496 3021 intelligimus
1540 2966 1639 3021 per
1668 2966 1978 3021 personam,

383 3037 489 3091 hoc
529 3034 631 3106 ipsi
673 3042 726 3091 et
775 3051 886 3091 non
932 3036 1075 3092 aliud
1119 3037 1425 3110 intelligant
1464 3056 1558 3110 per
1604 3039 1978 3094 substantiam.
2013 3082 2057 3110 η

2012 3084 2060 3146 C

386 3124 535 3180 Sicut
565 3140 697 3196 ergo
738 3140 838 3179 nos
873 3125 1102 3181 dicimus
1148 3127 1202 3181 in
1250 3128 1365 3183 Deo
1416 3144 1579 3182 unam
1628 3129 1981 3183 substantiam

385 3224 505 3264 esse
537 3216 643 3264 tres
688 3224 977 3280 personas,
1020 3210 1095 3266 ita
1140 3210 1219 3265 illi
1262 3211 1447 3267 dicunt
1488 3229 1651 3267 unam
1690 3227 1982 3284 personam

384 3312 509 3352 esse
541 3304 650 3353 tres
679 3298 1025 3367 substantias,
1059 3299 1195 3354 nihil
1239 3315 1272 3355 a
1317 3301 1473 3355 nobis
1515 3301 1735 3357 diverse
1779 3301 1979 3357 intelli—

382 3394 579 3458 gentes
609 3391 704 3442 aut
732 3386 1036 3442 credentes.
1083 3387 1350 3456 Quoniam
1398 3389 1540 3443 enim
1587 3406 1698 3444 non
1749 3391 1983 3446 habeant

383 3473 609 3529 nomina
666 3474 863 3546 quibus
914 3476 1128 3546 preprie
1167 3476 1291 3532 illos
1347 3485 1459 3532 tres
1508 3478 1875 3549 significarent
1925 3487 1984 3534 ut

377 3561 500 3634 jam
530 3561 667 3631 dixi,
701 3571 761 3617 ut
792 3563 970 3619 Graci
1013 3564 1254 3620 dicerent
1302 3583 1421 3622 esse
1470 3575 1577 3623 tres
1618 3567 1979 3637 substantias,

382 3665 484 3706 nos
526 3666 656 3708 vero
703 3659 812 3708 tres
859 3668 1142 3724 personas,
1188 3654 1454 3711 dederunt
1507 3656 1561 3710 in
1608 3657 1725 3712 Deo
1765 3656 1983 3713 duobus

382 3741 694 3796 nominibus
746 3741 897 3796 illam
929 3741 1404 3813 significationem,
1438 3762 1598 3816 quam
1630 3746 1688 3800 in
1720 3746 1827 3801 illis
1856 3747 1979 3818 plu-

382 3824 531 3879 ribus
562 3824 962 3898 intelligebant,
1005 3843 1107 3883 nec
1145 3843 1242 3884 suo
1281 3831 1509 3885 nomine
1548 3831 1794 3899 proferre
1822 3839 1981 3902 pote-

380 3921 524 3968 rant.
584 3913 742 3970 Sicut
770 3915 935 3987 igitur
976 3930 1078 3971 nos
1128 3917 1357 3973 dicimus
1386 3919 1512 3989 quia
1542 3917 1647 3974 alia
1676 3927 1756 3975 est
1783 3936 1981 3991 perso—

382 4018 454 4057 na
486 4002 673 4069 Patris,
721 4003 828 4059 alia
873 4004 1011 4073 Filii,
1060 4004 1162 4059 alia
1208 4005 1435 4077 Spiritus
1480 4008 1671 4075 sancti,
1722 4016 1772 4064 et
1816 4009 1870 4063 in
1917 4025 1981 4065 eo

381 4090 599 4163 quidem
634 4092 779 4163 quod
817 4092 954 4148 alius
1001 4102 1083 4149 est
1135 4095 1298 4150 Filius
1342 4096 1438 4151 Dei
1469 4111 1501 4151 a
1534 4097 1705 4165 Patre,
1757 4113 1867 4153 non
1899 4107 1983 4153 est

380 4179 526 4235 alius
553 4196 587 4235 a
616 4181 751 4237 Filio
782 4182 1041 4255 Virginis,
1075 4183 1168 4239 sed
1212 4184 1341 4239 item
1372 4184 1490 4256 ipse
1534 4185 1677 4240 idem
1720 4194 1820 4252 est,
1872 4185 1981 4241 alia

381 4284 616 4339 persona
646 4278 727 4325 est
753 4286 782 4325 a
814 4273 991 4338 Patre,
1025 4280 1077 4326 et
1108 4289 1218 4327 non
1243 4273 1349 4329 alia
1380 4290 1410 4329 a
1441 4274 1577 4330 Filio
1603 4275 1857 4348 Virginis,
1882 4276 1979 4330 sed

379 4357 574 4413 eadem
604 4373 836 4430 persona
874 4377 886 4413 :
947 4361 1017 4415 ita
1048 4361 1227 4417 Graci
1270 4362 1452 4418 dicunt
1482 4364 1609 4435 quia
1641 4365 1892 4431 Verbum,
1924 4364 1979 4418 id

2087 1791 2376 1865 proficere,
2427 1800 2478 1848 et
2508 1793 2575 1848 ad
2624 1792 3011 1849 beatitudinem
3063 1790 3158 1865 [aL
3190 1793 3421 1865 semper]
3471 1793 3681 1865 pertin-

2087 1899 2242 1955 gere.

2160 1972 2424 2041 Quamvis
2453 1979 2693 2029 vestrum
2717 1978 2963 2026 sanctum
2987 1970 3221 2026 studium
3246 1987 3361 2027 mea
3384 1970 3683 2028 monitione

2088 2077 2195 2116 non
2209 2068 2385 2133 egeat,
2402 2060 2549 2133 cogit
2562 2067 2770 2115 metum
2786 2058 2884 2131 [aL
2903 2059 3115 2132 tamen]
3138 2059 3354 2115 dilectio
3371 2076 3533 2131 quam
3549 2076 3683 2130 erga

2087 2165 2186 2205 vos
2206 2150 2384 2206 habeo
2407 2159 2457 2205 et
2475 2149 2707 2205 ofﬁcium
2730 2165 2928 2217 meum,
2955 2157 3011 2204 ut
3036 2149 3188 2204 vobis
3210 2149 3278 2205 ad
3303 2149 3424 2221 lal.,
3455 2148 3681 2220 aliquid]

2088 2239 2428 2295 exhortando
2458 2240 2711 2294 scribam.
2766 2238 3114 2293 Considerate
3154 2238 3508 2307 incessanter,
3558 2236 3682 2293 ﬁlia

2088 2336 2141 2383 et
2166 2344 2383 2383 sorores
2413 2343 2547 2383 mea
2577 2327 2959 2393 dilectissima,
2994 2326 3136 2399 quod
3166 2326 3221 2380 in
3250 2325 3446 2383 calum
3475 2341 3683 2397 propo-

2088 2417 2278 2471 suistis
2308 2424 2361 2472 et
2382 2416 2498 2487 jam
2547 2416 2842 2488 incoepistis
2869 2416 3183 2481 ascendere,
3230 2420 3287 2470 ut
3316 2415 3389 2470 ibi
3416 2415 3678 2487 regnetis,

2088 2509 2142 2560 et
2172 2506 2458 2576 regnando
2489 2505 2775 2577 gaudeatis
2796 2521 2919 2560 cum
2951 2504 3182 2559 Domino
3214 2511 3265 2559 et
3293 2504 3468 2559 amico
3497 2513 3681 2558 vestro

2087 2593 2213 2649 Jesu
2260 2593 2494 2660 Christo,
2549 2593 2641 2664 qui
2669 2593 2744 2648 ibi
2774 2608 2872 2649 vos
2901 2600 3177 2663 exspectat
3224 2600 3273 2648 et
3312 2586 3680 2661 exspectando

2087 2682 2304 2737 assidue
2358 2682 2570 2738 invitat.
2630 2680 2846 2753 Quippe
2887 2681 3125 2753 quandiu
3172 2683 3331 2737 homo
3380 2682 3531 2748 vivit,
3591 2688 3683 2736 aut

2088 2770 2329 2826 ascendit
2361 2770 2415 2825 in
2445 2771 2644 2826 calum
2692 2772 2831 2826 bene
2877 2769 3129 2837 vivendo,
3172 2777 3261 2824 aut
3308 2769 3595 2826 descendit
3624 2769 3681 2823 in

2090 2859 2369 2915 infernum
2397 2860 2540 2915 male
2561 2860 2816 2915 vivendo.
2851 2858 2906 2915 Si
2928 2874 3060 2931 ergo
3083 2858 3150 2914 ad
3171 2859 3301 2913 illud
3326 2858 3685 2930 pr0posuistis

2090 2956 2143 3003 et
2174 2948 2330 3003 vultis
2360 2949 2688 3020 pertingere,
2723 2963 2945 3004 necesse
2976 2955 3059 3003 est
3088 2963 3185 3003 vos
3213 2947 3412 3003 sanctis
3449 2946 3684 3003 actioni-

2090 3038 2194 3092 bus
2223 3037 2323 3110 [αι.
2357 3036 2806 3109 accusationibus]
2857 3036 2985 3091 illuc
3015 3036 3168 3107 quasi
3199 3036 3520 3107 quibusdam
3551 3052 3684 3106 pas-

2090 3127 2246 3183 sibus
2277 3126 2560 3197 proﬁcere.
2592 3125 2899 3197 Diligenter
2926 3140 3061 3197 ergo
3085 3126 3209 3182 vita
3240 3135 3431 3181 vestra
3463 3141 3682 3181 cursum

2090 3215 2358 3281 discutite,
2393 3224 2450 3269 ut
2476 3214 2576 3287 [αι.
2607 3214 2790 3285 omit.]
2841 3229 2944 3269 non
2976 3214 3149 3268 solum
3180 3212 3235 3267 in
3263 3214 3539 3284 operibus,
3589 3214 3685 3270 sed

2091 3305 2255 3360 etiam
2286 3306 2341 3358 in
2373 3304 2568 3370 verbis,
2602 3319 2701 3358 nec
2728 3303 2901 3357 solum
2932 3303 2983 3356 in
3006 3302 3112 3367 his,
3137 3303 3234 3356 sed
3264 3308 3320 3357 et
3347 3302 3400 3356 in
3431 3303 3684 3357 omnibus

2090 3392 2527 3465 cogitationibus,
2560 3408 2627 3447 ne
2657 3392 2798 3447 forte
2828 3407 2951 3447 cum
2986 3392 3041 3443 in
3070 3391 3331 3445 omnibus
3364 3390 3445 3445 his
3467 3406 3685 3460 semper

2091 3480 2332 3536 debeatis
2370 3497 2578 3535 sursum
2620 3481 2840 3536 tendere
2888 3478 2986 3552 [αἱ.
3037 3477 3372 3551 ascendere],
3425 3478 3570 3533 aliud
3605 3478 3682 3533 ibi

2090 3569 2398 3626 inveniatur
2426 3569 2570 3641 quod
2592 3577 2675 3624 est
2695 3568 2869 3639 magis
2898 3567 3250 3624 descendere.
3282 3564 3440 3635 Quod
3471 3566 3513 3620 si
3546 3566 3683 3623 bene

2090 3657 2254 3715 vultis
2282 3658 2579 3725 custodire,
2600 3657 2817 3729 expedit
2847 3665 2905 3711 ut
2933 3672 3148 3727 semper
3168 3655 3354 3711 videre
3379 3654 3475 3727 [αἱ.
3497 3656 3682 3729 omit.]

2091 3747 2341 3819 cogitetis
2371 3746 2474 3819 [αι.
2500 3746 2652 3819 illud]
2675 3746 2819 3818 quod
2838 3746 3117 3803 verissime
3139 3746 3398 3816 scriptum
3420 3751 3503 3800 est
3526 3763 3537 3799 :
3575 3744 3684 3813 Qui

2089 3838 2310 3893 modica
2341 3838 2561 3908 spernit
2588 3838 2872 3909 paulatim
2901 3835 3109 3891 decidit
3137 3834 3332 3905 (Eccli.
3351 3850 3457 3902 XIX,
3484 3833 3555 3901 l),
3590 3836 3682 3905 qui

2089 3925 2346 3996 paulatim
2370 3925 2570 3980 decidit
2590 3940 2698 3980 non
2719 3924 2929 3995 proﬁcit
2949 3923 3044 3978 sed
3065 3921 3263 3988 deﬁcit,
3296 3930 3350 3977 et
3380 3922 3471 3992 qui
3500 3920 3682 3978 deﬁcit

2089 4030 2198 4069 non
2220 4014 2485 4080 ascendit,
2501 4014 2596 4068 sed
2609 4013 2908 4069 descendit.
2933 4013 3050 4067 Hoc
3070 4026 3202 4083 ergo
3222 4018 3404 4066 curate
3424 4011 3677 4078 sollicite,

2088 4109 2144 4155 ut
2161 4101 2295 4155 nihil
2318 4110 2421 4155 tam
2446 4117 2673 4173 parvum
2696 4102 2762 4156 sit
2786 4100 2929 4170 quod
2960 4100 3027 4155 de
3057 4099 3246 4155 ordine
3267 4106 3451 4154 vestro
3472 4098 3563 4152 ubi
3584 4115 3681 4156 vos

2087 4189 2233 4245 Deus
2255 4188 2728 4261 posuitnegligere
2751 4188 2930 4243 velitis
2951 4195 3003 4243 et
3022 4187 3099 4242 sic
3123 4187 3326 4242 sanctis
3350 4186 3601 4256 passibus
3622 4188 3678 4242 in

2087 4278 2309 4344 calum,
2344 4279 2486 4349 quod
2517 4279 2721 4333 utinam
2745 4279 2857 4332 Deo
2888 4276 3182 4345 adjuvante
3213 4273 3323 4341 ﬁat,
3345 4275 3675 4330 ascendetis.

2088 4367 2245 4436 Quod
2274 4375 2331 4422 ut
2361 4384 2457 4438 per
2487 4384 2575 4423 me
2614 4366 2712 4441 [αἱ.
2747 4382 2841 4422 oro
2872 4375 2928 4420 ut
2956 4379 3051 4437 pro
3086 4362 3193 4436 me]
3231 4362 3414 4428 oretis,
3448 4370 3501 4417 et
3531 4368 3679 4421 tanto

380 4452 465 4502 est
496 4446 660 4502 Filius
691 4447 813 4518 Dei,
836 4448 945 4504 alia
975 4449 1276 4506 substantia
1305 4460 1385 4507 est
1413 4469 1443 4507 a
1472 4453 1647 4521 Patre,
1671 4461 1723 4509 et
1742 4470 1849 4509 non
1870 4453 1973 4509 alia
2005 4443 2061 4507 Ι)
2090 4458 2365 4523 attentius,
2400 4465 2597 4527 quanto
2628 4456 2780 4512 scitis
2808 4472 2895 4511 me
2924 4458 2993 4510 de
3022 4452 3312 4510 dilectione
3345 4458 3520 4507 vestra
3545 4467 3679 4508 con-

378 4535 448 4590 ab
496 4535 717 4593 homine
756 4546 1060 4609 assumpto.
1122 4538 1353 4609 Quando
1402 4558 1535 4614 ergo
1578 4541 1880 4598 invenimus
1924 4543 1980 4598 in

380 4623 771 4681 catholicorum
820 4625 1036 4682 Palmm
1083 4628 1300 4700 scriptis
1336 4629 1523 4701 plures
1566 4636 1785 4688 naturas
1835 4647 1977 4701 esse,

378 4728 542 4767 unam
567 4713 928 4770 substantiam
970 4716 1025 4771 in
1068 4717 1304 4785 Christo,
1346 4726 1403 4775 et
1429 4720 1644 4791 quando
1674 4720 1981 4777 invenimus

377 4799 566 4872 plures
600 4801 929 4860 substantias
957 4820 1099 4874 esse,
1134 4822 1294 4861 unam
1341 4824 1627 4879 personam
1667 4824 1776 4864 non
1820 4825 1976 4864 eum-

378 4905 497 4945 sem
527 4906 751 4947 sensum
782 4892 836 4947 in
881 4894 1101 4950 nomine
1143 4895 1462 4953 substantia
1504 4897 1829 4969 accipimus;
1881 4899 1977 4954 sed

377 4992 507 5034 cum
534 4979 769 5035 dicimus
806 4997 968 5037 unam
1007 4983 1388 5054 substantiam,
1418 4985 1471 5039 id
1501 4986 1678 5055 ipsum
1709 4986 1975 5059 intelligi-

379 5080 505 5122 mus
540 5068 687 5141 quod
716 5085 818 5140 per
845 5086 1044 5127 nomen
1075 5088 1355 5144 persona.
1421 5075 1556 5130 Cum
1584 5092 1714 5132 vero
1744 5075 1977 5132 dicimus

378 5155 568 5228 plures
598 5172 720 5214 esse
750 5158 1082 5216 substantias
1122 5162 1175 5216 in
1216 5178 1299 5232 eo,
1335 5179 1625 5233 personam
1657 5181 1839 5231 unam,
1872 5166 1976 5221 hoc

377 5244 749 5318 signiﬁcamus
783 5264 884 5319 per
910 5264 1111 5306 nomen
1140 5251 1449 5308 substantia
1478 5253 1622 5323 quod
1651 5270 1747 5325 per
1770 5270 1975 5311 nomen

447 5420 565 5494 (50)
596 5421 679 5494 Ex
698 5437 805 5494 ms.
839 5424 1155 5481 monasterii
1182 5424 1539 5483 Chislemani.

451 5492 569 5568 (51)
596 5492 749 5548 Cette
779 5492 934 5568 lettre
963 5496 1321 5568 nA’apparticnt
1349 5500 1503 5568 point
1531 5499 1565 5553 a
1595 5499 1652 5554 S.
1684 5499 1963 5555 Anselme.

379 5560 574 5633 Ce'qui
604 5579 633 5619 a
660 5563 873 5641 trompé
903 5560 1173 5637 l’editeur,
1205 5560 1467 5644 c'est'que
1497 5570 1547 5628 le
1575 5584 1704 5627 nom
1733 5572 1801 5628 de
1831 5572 1973 5629 l’au-

2088 4542 2277 4611 ﬁdere,
2311 4545 2568 4618 quoniam
2598 4561 2871 4615 nunquam
2918 4542 3152 4615 cognovi
3192 4556 3278 4597 me
3309 4540 3485 4614 magis
3514 4557 3678 4613 quam

2085 4649 2230 4689 nunc
2258 4634 2602 4690 orationibus
2632 4634 2900 4706 indigere.

2580 4739 2977 4796 EPISTOLA
3018 4739 3174 4795 CVI.

2624 4828 2696 4866 AD
2725 4826 3134 4867 GISLEBBBTUH.

2439 4901 2514 4956 De
2554 4903 2911 4956 sacramento
2949 4899 3155 4956 altaris
3185 4898 3319 4971 (50).

2154 4988 2387 5045 Domino
2437 4989 2506 5043 G.
2556 4987 2909 5061 [Gisleberto]
2946 4988 3147 5056 abbati,
3182 4987 3313 5043 olim
3357 4988 3675 5045 charissimo

2084 5077 2214 5147 ﬁlio,
2267 5093 2411 5134 nunc
2441 5078 2555 5133 Deo
2586 5077 2822 5149 propitio
2861 5075 3162 5133 venerabili
3208 5077 3363 5141 Patri,
3401 5076 3570 5134 frater
3597 5080 3669 5132 A.

2082 5166 2393 5240 [Anselmus
2414 5164 2568 5239 (51)].

2154 5258 2234 5311 De
2261 5271 2485 5327 corpore
2512 5264 2565 5311 et
2594 5255 2859 5328 sanguine
2888 5255 3107 5312 Domini
3131 5255 3360 5326 jussisti,
3393 5272 3670 5313 veneran-

2082 5436 2202 5503 teur
2256 5430 2345 5501 n’y
2399 5438 2479 5486 est
2526 5431 2758 5503 designé
2806 5448 2914 5502 que
2962 5448 3065 5503 par
3118 5449 3192 5488 un
3241 5434 3305 5489 Α.
3365 5433 3479 5503 8ο(
3522 5431 3673 5502 quoi,

2082 5502 2467 5571 conjecturant
2496 5501 2621 5571 qu‘il
2652 5501 2913 5572 signiﬁait
2940 5501 3213 5572 Anselme,
3240 5505 3278 5558 il
3298 5518 3330 5558 a
3360 5501 3672 5571 conjecture

2084 5574 2231 5630 aussi
2262 5590 2366 5648 que
2397 5574 2446 5629 le
2481 5576 2521 5631 G
2553 5572 2816 5647 signiﬁait
2844 5574 3075 5642 Gilbert,
3107 5590 3321 5632 comma
3350 5573 3387 5628 il
3416 5572 3488 5628 l'a
3519 5588 3669 5629 mar-
