4036 6072
369 239 469 295 255

895 241 954 297 S.
995 241 1300 298 ANSELMI
1341 243 1682 300 CANTUAR.
1726 238 2056 294 ARCHIEP.
2098 236 2248 292 OPP.
2293 235 2464 292 PARS
2500 236 2598 290 IIl.
2637 266 2708 277 —
2745 233 3116 292 EPISTOLE.

3552 235 3658 289 256

366 361 456 431 de,
489 372 591 420 etc.
615 366 930 423 Exstatsub
948 369 1176 426 nomine
1192 365 1742 424 Anastasiieremitce
1757 379 1954 419 recusa
1991 369 2039 422 A
2071 377 2266 432 panem
2299 376 2462 431 super
2484 360 2654 416 altare
2683 361 2917 432 positum
2947 377 3047 432 per
3075 360 3166 414 illa
3194 359 3453 414 solemnia
3484 358 3655 414 verba

367 453 704 527 Patrologite
731 461 861 514 tom.
897 459 1134 523 CXLIX,
1169 459 1271 512 col.
1307 458 1428 512 433.

788 549 896 615 45
913 550 953 613 3
991 562 1331 619 EPISTOLA
1363 563 1525 618 CVII.

363 649 609 706 Sanctus
652 654 967 720 Ansclmus,
1005 652 1434 708 Cantuaricnsis
1479 652 1948 722 archiepiscopus,

584 723 656 777 De
686 739 911 793 corpore
943 731 998 778 et
1028 726 1310 794 sanguine
1342 724 1567 779 Domini
1597 724 1730 791 (5⁵2).

437 810 575 864 Nota
606 811 748 878 quod
781 819 886 865 tota
904 813 1142 866 humana
1165 811 1427 866 naturain
1461 812 1639 866 anima
1662 819 1713 864 et
1729 825 1956 878 corpore

366 905 483 952 erat
511 906 787 968 corrupta,
826 900 1062 970 oportuit
1092 909 1147 954 ut
1177 902 1320 956 Deus
1352 900 1441 972 qui
1470 899 1718 955 veniebat
1742 906 1954 952 utrum-

369 1003 471 1055 que
501 987 750 1048 liberare.
800 989 1010 1060 utrique
1062 991 1342 1057 uniretur;
1401 997 1454 1042 ut
1503 989 1684 1043 anima
1728 987 1960 1042 hominis

367 1089 466 1143 per
494 1075 730 1129 animam
777 1077 995 1145 Christi,
1029 1085 1081 1132 et
1127 1093 1328 1147 corpus
1376 1094 1471 1148 per
1514 1093 1712 1146 corpus
1762 1075 1956 1130 Christi

367 1172 736 1232 competenter
782 1165 1155 1220 redimeretur.
1207 1166 1333 1220 Ideo
1378 1166 1536 1220 etiam
1577 1166 1629 1219 in
1679 1164 1836 1218 altari
1890 1165 1958 1217 ad

367 1256 658 1322 utrumque
691 1255 1187 1324 repraesentandum
1235 1271 1427 1324 panem
1472 1263 1520 1308 et
1562 1254 1749 1310 vinum
1783 1268 1957 1322 appo-

368 1340 567 1408 nimus,
601 1350 656 1395 ut
689 1359 786 1412 per
806 1358 1003 1411 panem
1034 1359 1228 1412 corpus
1258 1345 1485 1407 factum,
1520 1351 1572 1397 et
1601 1343 1766 1413 digne
1793 1358 1823 1395 a
1853 1358 1956 1396 no-

370 1429 453 1482 bis
484 1440 767 1500 acceptum
794 1439 1032 1485 nostrum
1065 1449 1260 1502 corpus
1291 1431 1502 1503 corpori
1533 1431 1732 1486 Christi
1763 1431 1816 1484 in
1847 1431 1958 1483 im-

371 1519 698 1573 mortalitate
729 1528 782 1573 et
809 1520 863 1574 in
893 1521 1335 1592 impassihilitate
1367 1520 1815 1576 contormandum
1846 1536 1956 1574 cre-

371 1606 565 1661 damus
597 1609 939 1678 quandoque,
973 1619 1024 1664 et
1067 1610 1312 1665 similiter
1342 1611 1520 1664 vinum
1555 1611 1607 1662 in
1638 1610 1958 1680 sanguinem

2065 451 2119 505 in
2149 467 2344 520 corpus
2384 450 2582 505 Christi
2614 449 2824 517 mutari,
2855 465 2955 504 nec
2983 465 3268 504 remanere
3299 448 3654 502 substantiam

2065 539 2222 610 panis
2253 544 2305 592 et
2332 539 2458 603 vini,
2485 539 2722 608 speciem
2771 547 2949 592 tamen
2988 536 3400 608 intelligendum
3447 545 3529 591 est.
3559 553 3651 592 re-

2064 645 2303 696 manere,
2335 628 2564 682 formam
2596 627 2815 693 scilicet,
2849 627 3086 682 colorem
3139 637 3189 681 et
3219 641 3504 697 saporem:
3557 642 3649 680 se-

2065 718 2306 774 cundum
2338 717 2576 787 speciem
2612 723 2972 771 remanentem
3005 716 3252 786 quaedam
3277 715 3348 768 ibi
3375 715 3510 768 ﬁunt
3533 732 3652 786 quae

2065 806 2377 860 nullomodo
2407 806 2700 860 secundum
2733 805 2833 860 hoc
2864 805 3009 875 quod
3040 813 3121 858 est
3146 803 3522 875 possunttieri,
3543 804 3652 858 sci-

2067 896 2187 950 licet
2219 895 2360 966 quod
2391 895 2656 958 atteritur,
2690 894 2837 964 quod
2871 910 2974 948 uno
3004 893 3124 948 loco
3146 891 3505 960 concluditur,
3540 900 3592 947 et
3623 909 3652 946 a

2067 985 2336 1040 soricibus
2363 983 2576 1040 roditur
2603 992 2653 1038 et
2684 983 2735 1036 in
2763 991 3014 1038 ventrem
3044 982 3335 1051 trajicitur.
3377 982 3506 1037 Ideo
3546 999 3652 1035 au-

2067 1082 2172 1129 tem
2203 1074 2347 1145 quod
2381 1089 2484 1127 non
2513 1081 2597 1128 est
2623 1076 2871 1143 apparet,
2907 1080 2958 1126 et
2989 1071 3130 1141 quod
3161 1082 3242 1125 est
3273 1072 3498 1140 celatur,
3531 1073 3657 1142 quia

2067 1163 2110 1216 si
2145 1163 2288 1234 quod
2320 1170 2402 1217 est
2434 1162 2728 1228 videretur,
2780 1162 2990 1216 animus
3028 1163 3291 1214 humanus
3318 1160 3653 1215 abhorreret.

2069 1252 2377 1307 Secundum
2425 1267 2553 1305 vero
2604 1250 2840 1319 speciem
2885 1257 3060 1320 potest
3098 1249 3268 1320 accipi
3318 1249 3597 1321 aequaliter
3626 1266 3656 1303 a

2069 1339 2215 1395 ﬁdeli
2261 1349 2313 1394 et
2352 1340 2419 1394 ab
2459 1338 2688 1394 inﬁdeli.
2752 1338 2965 1394 Fideles
3009 1347 3186 1393 tamen
3238 1338 3344 1393 alio
3391 1338 3656 1409 singulari

2069 1431 2232 1484 modo
2265 1429 2556 1500 accipiunt,
2591 1428 2796 1483 scilicet
2827 1444 2946 1482 eum
2970 1427 3075 1481 sint
3103 1427 3406 1482 conformes
3435 1427 3657 1482 Christo

2071 1534 2169 1589 per
2193 1517 2576 1583 innocentiam,
2627 1526 2679 1571 et
2732 1533 2830 1587 per
2873 1517 3292 1586 assumptionem
3330 1516 3575 1587 corporis
3606 1524 3658 1571 et

2070 1607 2348 1679 sanguinis
2389 1607 2502 1661 Deo
2533 1607 2846 1661 conformes
2877 1605 3198 1670 efﬁciuntur,
3240 1614 3291 1660 et
3321 1605 3375 1659 in
3404 1605 3657 1676 praesenti

371 1711 690 1750 conversum
742 1706 792 1750 et
843 1715 875 1751 a
929 1699 1084 1752 nobis
1133 1707 1433 1769 acceptum,
1487 1699 1698 1751 animas
1745 1704 1959 1751 nostras
1991 1722 2044 1781 Β
2074 1696 2295 1750 virtutes
2326 1712 2513 1750 eorum
2544 1702 2982 1766 augmentantur,
3017 1702 3067 1750 et
3095 1694 3326 1748 liberum
3377 1693 3656 1748 arbitrium

371 1783 564 1838 anima:
595 1785 788 1839 Christi
813 1787 1094 1841 credamus
1116 1787 1424 1842 conformes
1455 1786 1586 1853 fieri,
1622 1793 1672 1840 et
1703 1786 1958 1855 praesenti

373 1871 772 1940 quodammodo
803 1874 931 1928 dum
965 1890 996 1929 a
1045 1876 1301 1945 peccatis,
1336 1883 1490 1944 prout
1518 1891 1829 1944 possumus,
1860 1874 1960 1927 ab-

371 1960 650 2026 stinemus,
684 1970 737 2016 et
766 1962 1000 2017 maxime
1044 1964 1099 2017 in
1145 1964 1498 2019 dissolutione
1536 1964 1731 2017 animae
1761 1972 1812 2017 et
1842 1979 1960 2016 cor-

370 2049 522 2118 poris
549 2066 668 2104 eum
703 2053 753 2104 in
790 2053 1139 2122 beatitudine,
1190 2053 1243 2107 iu
1274 2069 1379 2123 qua
1410 2053 1523 2123 ipsa
1554 2052 1752 2107 Christi
1782 2052 1964 2105 anima

370 2145 470 2204 est,
515 2139 712 2196 animae
764 2150 965 2196 nostrae
1010 2143 1423 2197 constituentur.
1490 2143 1557 2195 Et
1610 2157 1733 2196 cum
1778 2140 1960 2195 anima

371 2227 568 2281 Christi
599 2245 695 2299 per
732 2229 939 2301 aliquid
967 2247 1283 2301 corporeum
1323 2230 1763 2300 repraesentanda
1795 2237 1957 2292 esset,

369 2316 504 2370 nihil
536 2318 810 2373 inventum
847 2328 924 2374 est
973 2320 1024 2373 in
1074 2321 1327 2375 omnibus
1375 2319 1746 2390 corporalibus
1796 2319 1962 2372 rebus

371 2421 471 2474 per
503 2408 647 2479 quod
676 2408 901 2463 vicinius
933 2417 1413 2479 reprzeseutaretur
1435 2425 1594 2479 quam
1615 2425 1712 2479 per
1738 2407 1963 2479 sangui-

370 2511 495 2549 nem
529 2496 619 2566 qui
651 2498 807 2552 sedes
836 2508 909 2552 est
938 2499 1155 2553 anime.
1183 2500 1302 2552 Non
1333 2507 1514 2552 tamen
1547 2497 1958 2568 intelligendum

371 2591 452 2638 est
483 2585 624 2654 quod
659 2587 711 2639 in
741 2587 1021 2657 sanguinis
1050 2589 1362 2656 acceptione
1393 2587 1563 2642 solam
1588 2587 1827 2640 animam
1851 2600 1956 2638 non

370 2673 534 2727 etiam
565 2691 784 2744 corpus,
816 2677 902 2730 vel
934 2676 987 2729 in
1020 2677 1335 2745 acceptione
1366 2675 1608 2746 corporis
1637 2675 1810 2729 solum
1841 2690 1957 2728 cor-

366 2778 489 2833 pus,
517 2779 624 2817 non
653 2765 814 2818 etiam
855 2766 1091 2819 animam
1118 2765 1495 2834 suscipiamus,
1547 2765 1644 2818 sed
1690 2763 1745 2816 in
1793 2779 1954 2818 acce-

370 2853 552 2925 ptione
582 2853 861 2924 sanguinis
889 2862 1053 2907 totum
1088 2853 1361 2908 Christum
1392 2854 1565 2908 Deum
1588 2861 1642 2907 et
1661 2852 1954 2918 hominem,

366 2951 417 2997 et
446 2943 500 2996 in
529 2942 838 3012 acceptione
868 2942 1112 3012 corporis
1142 2942 1386 2996 similiter
1413 2949 1584 2997 totum
1614 2943 1960 3013 accipiamus.

368 3033 433 3087 Et
453 3033 704 3104 quamvis
722 3034 1018 3100 separatim
1040 3048 1262 3101 corpus,
1279 3033 1574 3102 separatim
1599 3032 1956 3103 sanguinem;

365 3137 475 3176 non
499 3130 672 3175 tamen
686 3122 770 3175 bis
783 3121 878 3176 sed
892 3121 1058 3176 semel
1073 3121 1348 3176 Christum
1371 3122 1668 3192 accipimus
1682 3122 1956 3176 immorta-

367 3210 470 3264 lem
487 3210 955 3280 etimpassibilem.
974 3211 1078 3266 Sed
1101 3211 1201 3265 iste
1216 3226 1332 3265 mos
1352 3211 1639 3280 separatim
1655 3210 1958 3280 accipiendi

367 3295 491 3350 inde
522 3296 573 3348 in
605 3296 845 3350 Ecclesia
873 3295 1093 3350 inolevit
1123 3296 1266 3367 quod
1298 3297 1539 3350 Christus
1569 3296 1620 3349 in
1652 3312 1803 3350 caena
1836 3311 1960 3350 cum

369 3383 650 3454 discipulis
679 3384 972 3454 separatim
995 3384 1162 3450 dedit,
1195 3389 1256 3440 ut
1272 3401 1370 3453 per
1392 3385 1493 3439 hoc
1515 3385 1882 3456 intelligerent
1902 3400 1960 3439 se

370 3473 564 3527 animae
595 3477 650 3527 et
680 3473 892 3544 corpori
925 3473 1125 3528 Christi
1155 3473 1353 3528 debere
1386 3474 1742 3528 conformari.
1808 3477 1961 3543 Aqua

366 3578 488 3616 eum
538 3562 664 3616 vino
709 3562 762 3614 in
807 3571 1147 3616 sacramento
1194 3563 1316 3616 ideo
1364 3563 1672 3632 apponitur,
1724 3571 1780 3615 ut
1823 3579 1960 3633 aqua

365 3667 485 3720 qua).
515 3666 636 3705 cum
667 3651 930 3721 sanguine
960 3650 1027 3705 de
1056 3651 1222 3705 latere
1249 3651 1451 3705 Christi
1474 3650 1627 3705 ﬂuxit
1654 3668 1959 3721 repraesen-

368 3746 588 3802 taretur,
625 3756 744 3809 quae
773 3754 907 3807 aqua
939 3738 1211 3810 signiﬁcat
1239 3739 1565 3808 baptismum
1598 3741 1648 3793 in
1699 3755 1806 3808 quo
1857 3755 1960 3810 po-

367 3828 525 3898 pulus
557 3843 655 3897 per
677 3826 992 3882 effusionem
1015 3827 1293 3899 sanguinis
1322 3827 1619 3881 innovatur.
1655 3827 1834 3896 Quare
1857 3844 1960 3882 au-

367 3924 474 3972 tem
505 3930 706 3986 corpus
736 3915 934 3970 Christi
972 3931 1096 3970 cum
1146 3917 1212 3970 sit
1261 3916 1574 3971 inviolabile
1603 3925 1654 3970 et
1706 3916 1957 3972 incorru-

367 4004 578 4076 ptibile,
612 4020 716 4074 qua
745 4005 950 4059 ratione
981 4005 1085 4059 hoe
1110 4021 1227 4059 esse
1251 3998 1426 4075 potest
1459 4013 1514 4058 ut
1543 4005 1792 4060 dentibus
1821 4014 1960 4062 atte-

366 4101 522 4148 ratur
560 4102 613 4148 et
659 4094 817 4148 etiam
851 4110 882 4148 a
911 4093 1178 4148 soricibus
1225 4095 1559 4148 corrodatur.
1615 4095 1720 4150 Sed
1769 4112 1960 4152 secun-

367 4181 494 4237 dum
516 4182 860 4238 ditiinitiones
880 4191 1188 4238 sanctorum
1213 4183 1430 4238 Patrum
1453 4191 1534 4238 est
1549 4184 1960 4257 intelligendum

367 4363 474 4434 qué
514 4362 545 4416 ὁ
578 4362 625 4416 la
656 4378 862 4434 marge,
905 4361 1104 4434 Vfaisant
1144 4378 1269 4434 sans
1317 4361 1479 4434 doute
1529 4363 1790 4416 entendre
1829 4363 1957 4434 qu’il

2072 1785 2418 1850 confortatur,
2451 1794 2502 1839 et
2531 1784 2585 1838 in
2632 1785 2832 1852 futuro,
2881 1783 3115 1838 maxime
3156 1783 3284 1837 dum
3330 1783 3657 1839 immortali-

2071 1881 2180 1927 tate
2213 1883 2263 1926 et
2295 1872 2754 1941 impassibilitale,
2797 1872 2934 1926 sicut
2963 1879 3018 1926 et
3045 1871 3179 1940 ipse,
3214 1871 3525 1927 induantur.
3577 1872 3660 1926 Ad

2072 1979 2231 2033 quam
2281 1962 2712 2016 conformitatem
2751 1960 3121 2031 recipiendam
3153 1960 3242 2014 illa
3273 1960 3516 2032 acceptio
3549 1961 3662 2015 Do-

2071 2051 2255 2106 minici
2283 2051 2525 2120 corporis
2558 2050 2829 2104 multoties
2859 2050 3176 2104 celebratur.
3236 2048 3353 2118 Quo
3385 2051 3547 2104 modo
3577 2065 3662 2104 ac-

2071 2140 2306 2211 cipiendi
2337 2139 2551 2193 inﬁdele
2581 2155 2773 2194 omnes
2803 2139 3022 2194 omnino
3055 2146 3263 2194 carent.
3330 2139 3452 2194 Non
3483 2147 3665 2194 tamen

2071 2230 2379 2300 negandum
2431 2229 2578 2300 quod
2623 2229 2724 2299 ipsi
2758 2228 2885 2282 mali
2920 2244 3099 2282 veram
3140 2228 3502 2282 substantiam
3535 2243 3662 2283 cor-

2073 2318 2220 2390 poris
2267 2318 2466 2373 Christi
2509 2318 2778 2387 accipiunt
2823 2336 2834 2371 :
2889 2317 3032 2386 quod
3089 2316 3312 2388 quidam
3371 2317 3666 2371 abhorrent

2075 2415 2298 2478 propter
2327 2424 2513 2463 eorum
2549 2406 2960 2470 immunditiam,
2996 2413 3046 2461 et
3075 2406 3318 2476 corporis
3349 2405 3546 2460 Christi
3576 2404 3663 2458 di-

2073 2498 2358 2569 gnitatem.
2405 2496 2512 2551 Sed
2552 2497 2644 2550 illa
2676 2512 2762 2550 res
2801 2503 2909 2548 tam
2938 2495 3104 2568 digna
3134 2503 3216 2550 est
3245 2511 3348 2565 per
3387 2510 3446 2549 se
3476 2503 3532 2549 ut
3560 2511 3665 2549 nec

2074 2594 2294 2656 propter
2323 2584 2547 2656 dignum
2579 2584 2762 2639 locum
2795 2583 3016 2656 dignior
3045 2583 3114 2637 sit
3145 2583 3230 2638 vel
3264 2584 3539 2649 mundior,
3565 2599 3665 2638 nec

2074 2675 2142 2729 ab
2173 2673 2454 2728 immundo
2484 2689 2614 2727 vase
2644 2673 2848 2744 aliquid
2871 2673 3044 2727 trahat
3067 2673 3448 2740 immunditiae,
3471 2680 3528 2726 ut
3552 2674 3665 2726 Au-

2074 2764 2325 2836 gustinus
2373 2769 2602 2817 testatur
2640 2761 2692 2815 in
2736 2762 2875 2816 libro
2909 2769 3096 2832 quarto
3135 2763 3214 2816 De
3254 2761 3549 2831 baptismo,
3586 2761 3664 2816 De

2075 2869 2306 2923 corpore
2355 2851 2570 2905 Domini
2601 2851 2822 2921 indigne
2873 2859 3106 2921 sumpto,
3166 2850 3311 2906 sicut
3366 2851 3528 2904 Judas
3579 2849 3664 2905 eui

2076 2940 2370 2996 buccellam
2405 2939 2555 3010 panis
2583 2938 2808 2994 tradidit
2839 2940 3121 3005 Dominus,
3145 2955 3251 2994 non
3281 2939 3481 2993 malum
3513 2939 3662 2994 acci-

2074 3030 2291 3102 piendo,
2328 3029 2423 3083 sed
2455 3028 2596 3083 male
2635 3028 2972 3098 accipiendo,
3015 3028 3194 3083 locum
3241 3028 3296 3081 in
3341 3044 3399 3083 se
3444 3028 3662 3082 diabolo

2067 3120 2335 3192 prmbuit;
2399 3119 2475 3174 sic
2519 3119 2741 3191 indigne
2791 3119 3021 3189 quisque
3058 3134 3278 3172 sumens
3316 3117 3660 3173 Dominicum

2067 3216 2486 3273 sacramentum,
2518 3223 2628 3262 non
2657 3207 2817 3262 eﬂicit
2842 3216 2898 3261 ut
2928 3210 3055 3279 quia
3087 3209 3206 3277 ipse
3235 3223 3455 3261 sumens
3486 3205 3658 3261 malus

2068 3306 2169 3368 est,
2205 3295 2412 3352 malum
2445 3299 2513 3350 sit
2543 3302 2962 3362 sacramentum,
3006 3303 3098 3350 aut
3142 3297 3263 3367 quia
3293 3312 3400 3350 non
3432 3296 3658 3351 salutem

2067 3387 2282 3458 accipit,
2303 3386 2431 3440 nihil
2453 3385 2703 3456 accipiat.
2729 3386 2937 3455 Corpus
2958 3386 3106 3440 enim
3124 3394 3175 3440 et
3196 3386 3418 3456 sanguis
3441 3386 3658 3442 Domini

2069 3477 2417 3532 nihilominus
2431 3483 2546 3530 erat
2561 3477 2616 3528 in
2630 3474 2735 3528 illis
2753 3475 2949 3547 quibus
2971 3474 3188 3529 dicebat
3206 3473 3528 3544 Apostolus:
3553 3476 3660 3542 Qui

2068 3567 2377 3622 manducat
2405 3565 2657 3636 indigne,
2680 3565 2965 3635 judicium
2987 3565 3089 3618 sibi
3111 3564 3419 3620 manducet
3444 3569 3500 3620 et
3522 3565 3657 3620 bibit

2066 3656 2114 3726 (1
2134 3655 2254 3711 Cor.
2270 3655 2588 3723 xr,‘29).Non
2604 3661 2684 3707 est
2698 3653 3044 3724 quaerendum
3067 3653 3194 3724 quid
3209 3652 3301 3707 ﬁat
3319 3653 3387 3707 de
3401 3668 3654 3722 corpore:

2069 3745 2214 3798 Deus
2244 3743 2390 3798 enim
2421 3742 2640 3797 conﬁcit
2665 3743 2805 3796 sicut
2835 3742 2956 3809 scit,
2987 3757 3087 3797 nec
3111 3741 3360 3796 dubitare
3381 3741 3544 3796 debet
3565 3741 3658 3796 ali-

2067 3832 2188 3905 quis
2217 3831 2494 3904 quomodo
2534 3831 2686 3902 panis
2729 3830 2784 3884 in
2831 3846 3016 3885 verum
3057 3845 3252 3900 corpus
3299 3830 3492 3884 Christi
3524 3846 3658 3885 con—

2069 3929 2327 3986 vertatur,
2380 3921 2454 3975 ita
2493 3929 2547 3974 ut
2596 3920 2752 3991 panis
2796 3919 3094 3974 substantia
3121 3921 3289 3987 454
3321 3936 3428 3974 non
3473 3935 3654 3974 rema-

2068 4019 2210 4075 neat,
2243 4025 2365 4066 cum
2398 4009 2565 4063 multa
2604 4007 2711 4062 alia
2742 4024 2849 4063 non
2879 4008 3055 4062 minus
3087 4008 3344 4064 miracula
3376 4009 3655 4063 videamus

2067 4101 2194 4170 quia
2226 4098 2499 4155 hominem
2530 4096 2959 4152 substantialiter
2981 4097 3031 4150 in
3062 4097 3320 4167 lapidem,
3352 4105 3407 4152 ut
3430 4113 3652 4152 uxorem

2067 4190 2186 4255 Lot,
2219 4188 2305 4243 vel
2332 4189 2494 4243 etiam
2543 4187 2598 4241 in
2641 4203 2808 4258 parvo
2848 4186 3074 4242 artiﬁcio
3125 4187 3355 4242 hominis
3386 4188 3570 4243 fenum
3600 4186 3653 4241 in

2064 4383 2124 4422 ee
2157 4365 2246 4436 qui
2277 4367 2399 4420 leve
2430 4375 2576 4446 toute
2599 4365 2927 4446 équivoque.
2953 4364 3198 4446 Lesaint
3228 4383 3263 4446 y_
3290 4365 3489 4446 touche
3523 4366 3654 4446 trois

365 4423 528 4509 δ”θὲζίῐ
556 4434 625 4509 fit?
656 4423 862 4509 δίιζῖέτί
890 4433 1124 4509 Crisj'in,
1158 4423 1953 4509 8bbé_de_Westminster,'qui
1988 4446 2038 4505 D
2066 4454 2142 4492 ou
2173 4423 2362 4509 quatre
2391 4440 2569 4509 points
2601 4423 2692 4508 qui
2719 4423 3053 4493 con'eernent
3095 4423 3488 4509 l‘Eucharistie.
3523 4439 3651 4492 D’a-

366 4505 513 4558 avait
541 4502 630 4559 été
663 4505 842 4558 moine
872 4521 938 4557 au
990 4505 1092 4558 Bec
1135 4519 1262 4558 sous
1295 4505 1350 4559 S.
1385 4505 1655 4558 Anselme.
1712 4505 1957 4559 Seconde

369 4576 681 4644 conjecture
711 4575 800 4643 qui
847 4574 1015 4629 serait
1055 4573 1161 4629 fort
1207 4575 1493 4637 naturelle,
1535 4575 1579 4629 si
1615 4575 1660 4628 la
1694 4573 1958 4644 premiiare

367 4645 497 4699 etait
524 4645 694 4700 vraie.
736 4645 874 4699 Mais
905 4645 1045 4699 l’une
1076 4654 1126 4700 et
1160 4647 1348 4700 l’autre
1397 4654 1518 4701 sont
1563 4647 1792 4712 fausses,
1820 4650 1873 4700 et
1922 4647 1957 4700 il

369 4715 484 4770 faut
515 4717 711 4770 rendre
759 4724 896 4771 cette
927 4717 1078 4771 lettre
1108 4717 1138 4772 ἐι
1169 4717 1225 4771 S.
1260 4721 1539 4778 Anastase.
1573 4717 1751 4771 moine
1782 4726 1833 4770 et
1863 4733 1956 4771 er-

369 4786 514 4855 mite,
549 4787 638 4857 qui
670 4803 736 4841 en
767 4795 849 4842 est
870 4788 922 4842 le
955 4788 1212 4844 véritable
1243 4797 1448 4843 auteur.
1472 4788 1643 4856 (Hist.
1668 4787 1786 4843 litt.
1813 4789 1878 4843 de
1902 4789 1957 4844 1η

368 4859 601 4923 France,
636 4866 672 4913 t.
705 4859 803 4927 1X,
840 4877 892 4929 p.
925 4859 1074 4923 L39.)

438 4931 547 5001 (52)
580 4931 652 4984 Le
691 4930 834 5001 titre,
862 4945 965 5001 que
991 4937 1168 5001 _porte
1202 4938 1340 4985 cette
1389 4930 1544 4986 lettre
1592 4932 1746 4986 ferait
1786 4931 1949 5001 juger

367 4999 569 5075 qu'elle
585 5001 732 5075 n’est
751 4999 898 5070 point
921 4999 1205 5075 diﬁ'érente
1236 5001 1305 5055 de
1323 5002 1493 5075 l'écrit
1524 5005 1605 5058 Du
1626 5019 1788 5075 corps
1806 4999 1956 5057 etdu

366 5088 505 5142 sang
535 5072 610 5127 du
645 5073 933 5142 Seigncur,
966 5072 1207 5126 annoncé
1235 5088 1366 5126 sous
1398 5073 1445 5126 le.
1476 5090 1599 5128 nom
1630 5072 1792 5130 de'S.
1834 5075 1952 5126 An-

363 5141 554 5214 selmer
591 5142 723 5196 dans
778 5141 962 5196 divers
1018 5143 1338 5197 manuscrits
1395 5144 1492 5198 (les
1559 5145 1954 5214 bibliothéques

363 5213 766 5285 d'Angletert-e,
803 5221 854 5265 et
881 5230 982 5280 que
1013 5215 1135 5267 dom
1170 5215 1425 5268 lllabillon
1455 5223 1650 5270 atteste
1681 5213 1949 5276 avoir’vu,

365 5285 506 5337 mais
565 5300 666 5352 peu
709 5288 942 5348 correct,
1002 5285 1133 5338 dans
1189 5286 1324 5339 celle
1380 5286 1476 5339 des
1520 5288 1828 5341 Cordeliers
1884 5287 1953 5340 de

366 5354 740 5409 Sainte-Croix
790 5353 821 5408 ἐι
871 5353 1149 5410 Florence.
1214 5357 1483 5410 |.'éditeur
1530 5357 1594 5410 l'a
1641 5358 1778 5411 tirée
1827 5358 1952 5412 d‘un

364 5425 658 5480 manuscrit
715 5424 784 5480 de
839 5424 1084 5496 l’abbaye
1133 5426 1200 5480 de
1239 5427 1563 5482 Saint-Remi
1620 5428 1687 5483 de
1747 5428 1948 5495 Reims,

364 5497 503 5551 dans
532 5497 709 5566 lequel
739 5497 840 5551 elle
871 5505 1025 5567 porte
1072 5497 1121 5551 le
1163 5502 1340 5553 meme
1382 5499 1528 5560 titre,
1565 5515 1695 5554 avec
1742 5499 1792 5553 le
1825 5516 1949 5554 nom

359 5567 427 5624 de
458 5567 514 5622 S.
548 5567 822 5636 Anselme,
858 5567 1072 5640 qualiﬁé
1102 5570 1447 5642 archevéque
1494 5570 1561 5624 de
1611 5570 1943 5636 Cantorbéri,

2067 4507 2216 4590 bord‘.
2244 4509 2345 4590 ily
2375 4507 2560 4590 établit
2591 4507 2640 4561 la
2678 4523 3031 4590 convertanee
3067 4507 3155 4588 qui
3189 4523 3248 4561 se
3275 4516 3467 4590 trouve
3498 4516 3653 4590 entre

2065 4595 2164 4633 son
2185 4579 2500 4650 institution
2530 4582 2664 4635 dans
2706 4581 2754 4634 le
2785 4580 2911 4650 pain
2942 4588 2994 4634 et
3018 4579 3069 4633 le
3099 4579 3208 4643 vin,
3239 4586 3288 4650 et
3320 4579 3412 4650 les
3431 4580 3654 4635 besoins

2064 4651 2131 4704 de
2161 4649 2418 4706 l‘homme
2447 4667 2735 4721 corrompu
2768 4649 2902 4705 dans
2932 4651 3091 4705 l‘Ame
3133 4654 3189 4704 et
3234 4649 3374 4704 dans
3404 4649 3454 4704 le
3490 4665 3655 4721 corps

2063 4721 2254 4793 depuis
2281 4739 2340 4776 sa
2369 4725 2548 4778 chute.
2608 4721 2943 4793 Apresquoi
2975 4722 3011 4775 il
3041 4729 3253 4776 montre
3283 4737 3388 4790 que
3421 4721 3571 4777 l‘une
3602 4731 3655 4778 et

2065 4791 2260 4847 l'autre
2303 4797 2515 4863 espece.
2562 4791 2709 4862 prise
2757 4791 3116 4862 separément,
3172 4793 3415 4846 contient
3459 4793 3650 4848 Jésus-

2065 4864 2246 4944 Christ
2275 4867 2465 4944 entier,
2509 4863 2722 4944 etrend
2772 4865 2953 4944 raison
2999 4864 3065 4917 de
3101 4877 3170 4944 _ce
3219 4863 3379 4944 qu’on
3412 4865 3553 4944 mele
3584 4865 3652 4919 de

2065 4934 2201 4988 l'eau
2240 4951 2371 4990 avec
2418 4937 2468 4990 le
2521 4934 2608 4988 vin
2649 4943 2812 4988 avant
2858 4935 2910 4988 la
2947 4934 3346 5000 consecration,
3387 4943 3438 4988 et
3477 4935 3545 4990 de
3587 4952 3651 4992 ce

2064 5020 2170 5075 que
2201 5005 2278 5060 les
2304 5010 2528 5076 especes
2558 5006 2872 5068 subsistant.
2915 5006 3148 5076 quoique
3178 5005 3230 5060 la
3263 5005 3550 5061 substance
3579 5007 3651 5062 du

2063 5077 2190 5159 pain
2223 5078 2378 5159 ethdu.
2413 5077 2636 5159 vin_§oint
2663 5079 2910 5159 changes
2939 5093 3008 5131 au
3037 5093 3201 5145 corps
3228 5085 3277 5132 et
3309 5092 3552 5159 au_sang
3581 5078 3649 5159 de

2059 5147 2457 5220 Jésus-Christ.
2515 5146 2668 5201 Enﬁn
2701 5149 2734 5202 il
2775 5146 2932 5218 copia
2964 5165 3032 5202 un
3074 5165 3317 5220 passage
3358 5146 3532 5203 choisi
3581 5148 3650 5203 de

2063 5218 2203 5290 saint
2236 5219 2498 5289 Augustin
2527 5234 2662 5285 pour
2690 5236 2927 5289 prouver
2949 5236 3051 5290 que
3073 5219 3152 5273 les
3182 5218 3461 5274 mechaan
3491 5236 3648 5275 com-

2062 5305 2148 5361 me
2177 5289 2258 5361 les
2289 5290 2424 5345 bons
2443 5291 2720 5355 recoivent
2738 5292 2785 5344 le
2806 5289 3052 5353 corps’de
3080 5290 3468 5361 Jesus-Christ,
3495 5291 3644 5361 quoi—

2060 5359 2219 5430 qu’ils
2266 5377 2334 5415 en
2365 5362 2524 5416 tirent
2567 5377 2636 5414 un
2687 5362 2814 5416 fruit
2858 5363 2980 5416 bien
3027 5360 3297 5429 different,
3349 5370 3396 5416 et
3429 5359 3533 5432 que
3566 5362 3644 5416 les

2060 5433 2300 5486 mauvais
2327 5437 2536 5501 pretres
2565 5441 2892 5488 consecrent
2913 5448 3125 5489 comme
3155 5433 3236 5488 les
3263 5442 3461 5499 autres,
3482 5448 3644 5504 parce

2058 5518 2163 5576 que
2209 5503 2342 5576 c'est
2381 5504 2747 5559 Iesus-Christ
2791 5503 2882 5575 qui
2926 5518 3189 5576 consacre
3237 5503 3514 5561 lui-meme
3543 5520 3643 5576 par

2059 5571 2178 5628 leur
2205 5574 2504 5632 ministere.
2537 5575 2703 5647 (Hist.
2739 5571 2851 5632 litt.
2889 5575 2978 5631 ubi
3007 5578 3215 5647 supra.)
