4036 6072
296 330 404 393 25⁵7

1599 313 1722 373 LIB.
1765 312 1855 385 1v,
1897 307 2117 370 EPIST.
2158 309 2280 367 cx.

3496 317 3600 373 258

295 460 516 517 vitrum.
544 458 746 512 Iterum
774 453 820 508 si
850 453 1016 507 homo
1052 466 1162 505 sua:
1192 444 1503 503 mutationis
1532 443 1762 498 artificio
1792 455 1893 512 ρο·
1921 439 1978 500 Α
2010 443 2154 492 stum
2185 435 2494 507 pertineret.
2529 433 2685 489 Nunc
2713 441 2893 489 autem
2923 435 3060 490 sicut
3088 435 3206 506 ipse
3237 447 3315 492 est
3370 438 3459 509 qui
3499 439 3602 495 ba-

298 556 402 606 test
430 547 503 602 ita
526 544 731 616 aliquid
757 541 1122 605 dissimulare,
1157 545 1213 592 ut
1245 536 1391 592 aliud
1422 533 1670 590 videatur
1702 532 1772 586 ab
1809 529 1901 584 illo

298 637 444 710 quod
473 635 561 701 sit,
594 633 761 688 multo
789 631 968 702 magis
996 630 1142 684 Deus
1169 633 1352 698 potest
1380 625 1483 679 hoc
1537 622 1774 687 efficere,
1835 621 1894 673 ut

298 709 426 782 cum
455 739 660 795 corpus
688 737 842 776 suum
871 721 938 774 sit
969 719 1144 790 panis,
1178 715 1424 770 videatur
1453 714 1568 768 hac
1600 709 1895 765 immolatio

298 813 565 884 corporis,
597 820 653 866 ut
684 808 1022 882 Augustinus
1051 812 1295 869 testatur,
1342 802 1582 872 quotidie
1638 801 1892 866 vertitur,

299 904 426 959 licet
456 903 702 958 Christus
730 899 898 954 semel
924 913 1123 968 passus
1152 895 1239 958 sit,
1270 895 1398 966 quia
1427 890 1664 962 quotidie
1694 905 1896 962 pecca-

302 1009 446 1058 mus,
478 991 592 1045 sine
619 989 814 1062 quibus
833 987 1069 1058 peccatis
1099 983 1344 1039 mortalis
1383 980 1669 1035 infirmitas
1715 981 1900 1035 vivere

300 1097 412 1136 non
442 1085 619 1151 potest
652 1096 666 1141 ;
700 1085 752 1132 et
780 1077 905 1132 ideo
942 1075 1075 1146 quia
1105 1071 1346 1143 quotidie
1362 1069 1632 1135 labuntur,
1658 1069 1902 1124 Christus

304 1169 544 1241 quotidie
573 1167 802 1238 mystice
829 1181 931 1237 pro
961 1163 1120 1219 nobis
1164 1161 1495 1216 immolatur.
1534 1160 1677 1214 Intra
1707 1160 1900 1214 catho-

301 1259 462 1315 licam
493 1256 790 1314 Ecclesiam
821 1255 874 1309 in
905 1251 1163 1324 mysterio
1189 1249 1434 1320 corporis
1463 1247 1658 1303 Christi
1701 1247 1831 1301 nihil
1871 1263 1904 1301 a

301 1348 447 1404 malo
482 1346 662 1401 minus
691 1344 976 1416 accipitur,
1009 1358 1110 1396 nec
1137 1356 1169 1395 a
1200 1339 1342 1394 bono
1386 1339 1666 1393 sacerdote
1705 1337 1900 1406 majus,

300 1438 429 1510 quia
470 1451 578 1491 non
610 1436 663 1488 in
697 1435 893 1488 merito
911 1428 1301 1496 consecrantis,
1325 1428 1418 1483 sed
1443 1429 1496 1480 in
1520 1426 1685 1482 verbo
1731 1425 1902 1480 etiici-

298 1536 394 1582 tur
419 1523 688 1581 Creatoris
716 1530 770 1578 et
796 1522 848 1576 in
882 1521 1076 1576 virtute
1119 1517 1356 1588 Spiritus
1399 1515 1569 1572 sancti
1607 1535 1618 1579 ;
1652 1515 1697 1568 si
1757 1516 1904 1570 enim

301 1623 446 1672 esset
485 1616 541 1668 in
608 1613 800 1668 merito
862 1608 1181 1674 sacerdotis,
1227 1621 1574 1678 nequaquam
1632 1606 1703 1660 ad
1760 1605 1908 1659 Chri-

2010 527 2198 596 ptizat,
2230 523 2302 578 ita
2341 523 2457 593 ipse
2489 529 2571 576 est
2599 521 2689 591 qui
2719 539 2820 593 per
2847 523 3106 594 Spiritum
3156 531 3402 581 sanctum
3460 526 3606 583 hunc

2003 629 2206 686 panem
2235 614 2290 667 in
2319 629 2471 668 suam
2502 628 2720 668 carnem
2738 620 2786 668 et
2816 613 2996 667 vinum
3029 614 3192 670 faciat
3222 615 3522 671 transfundi
3551 616 3607 671 in

2004 704 2360 776 sanguinem.

2518 790 2862 846 EPISTOLA
2898 793 3087 849 CVIII.

2275 903 2597 942 GISLBBERTI
2628 903 2854 942 ABBATIS
2884 903 2957 942 AD
2984 905 3317 947 ANSBLMUM.

2079 986 2402 1042 Reverendo
2435 985 2570 1039 Patri
2592 994 2644 1039 et
2675 987 2896 1042 domino
2928 991 3192 1044 Amsswo
3218 998 3420 1046 sancta
3463 992 3606 1048 Can-

2010 1075 2295 1130 tuariensis
2319 1074 2584 1129 Ecclesiae
2635 1076 3076 1147 archiepiscopo,
3117 1095 3304 1134 servus
3362 1089 3413 1134 et
3467 1081 3608 1137 filius

2011 1179 2161 1228 suus,
2197 1163 2361 1218 frater
2390 1162 2804 1227 Grsmasa'ros,
2825 1164 3338 1223 West-Monasterii
3369 1171 3605 1225 coenobii

2011 1261 2230 1308 curator
2249 1259 2304 1306 et
2329 1268 2537 1316 servus,
2572 1267 2892 1322 prosperam
2922 1253 2975 1306 in
3008 1253 3111 1310 hac
3176 1255 3288 1311 vita
3345 1259 3606 1314 diuturni-

2014 1350 2199 1407 tatem,
2231 1346 2285 1396 et
2316 1341 2536 1395 beatam
2572 1341 2626 1394 in
2658 1341 2835 1394 futura
2866 1343 3238 1399 mternitatem.

2088 1429 2398 1484 Paternitati
2428 1438 2552 1495 tuae,
2585 1438 2688 1484 etc.
2713 1431 2806 1484 Est
2841 1432 2954 1486 loco
2971 1434 3195 1503 Prologi
3216 1434 3287 1489 ad
3315 1435 3612 1493 Gisteberti

2015 1519 2229 1574 abbatis
2254 1517 2882 1574 W'estmonasteriensis
2931 1521 3225 1591 Dialogum
3270 1529 3471 1580 contra
3505 1528 3609 1583 Ju-

2019 1608 2270 1663 dazos.—
2308 1606 2440 1663 Vide
2457 1609 2519 1662 in
2549 1606 2878 1674 Gisleberto,
2913 1611 3088 1679 infra,
3110 1611 3182 1665 ad
3211 1629 3315 1668 an.
3356 1617 3518 1669 1117.

803 1736 1106 1809 Sequentes
1137 1730 1408 1807 epistolas
1446 1731 1535 1787 hic
1567 1747 1892 1788 revocamus
1917 1748 1990 1788 ex
2021 1732 2431 1806 appendicibus
2475 1731 2742 1788 editionis
2773 1735 2918 1789 anni
2951 1736 3108 1790 1721.

849 1859 1195 1916 EPISTOLA
1226 1857 1367 1913 CIX.

591 1975 826 2015 ANSELNI
856 1974 930 2012 AD
969 1973 1255 2012 RICARDUM
1289 1971 1615 2011 MONACIIL'M.

306 2058 654 2119 Richardum
686 2061 1014 2114 Beccensem
1039 2055 1381 2112 monachum
1413 2055 1680 2110 hortatur
1712 2057 1775 2108 ut
1809 2053 1902 2106 in-

377 2131 638 2257 distcretis
669 2131 916 2256 forporis
944 2128 1034 2184 sui
1079 2125 1472 2183 veaationibus
1529 2125 1905 2180 obedientiam

377 2221 454 2257 an
486 2218 662 2257 enona
705 2243 719 2257 .
1588 2214 1592 2217 ·

376 2214 690 2272 anteponat
705 2243 719 2257 .
1588 2214 1592 2217 ·

375 2297 678 2348 ANSBLMUS
707 2290 884 2362 gratia
916 2287 1015 2344 Dei
1045 2286 1512 2360 archiepiscopus,
1551 2283 1695 2338 fratri
1725 2291 1778 2337 et
1800 2281 1909 2336 filio

305 2382 626 2440 eharissimo
660 2381 909 2434 RICARDO
938 2377 1208 2434 monacho
1231 2375 1506 2441 Beccensi,
1557 2373 1783 2428 salutem
1858 2374 1912 2426 et

311 2472 755 2528 benedictionem
779 2468 898 2524 Dei.

380 2562 515 2617 Cum
548 2561 692 2615 scias
721 2558 847 2630 quia
878 2556 1106 2611 multum
1163 2563 1212 2610 te
1275 2553 1467 2625 diligo,
1527 2567 1636 2606 non
1688 2549 1916 2604 deberes

309 2652 474 2708 toties
520 2649 620 2704 tibi
676 2649 858 2702 datum
917 2645 1201 2701 consilium
1245 2652 1296 2698 et
1355 2649 1684 2713 prmceptum
1737 2653 1918 2692 meum

301 2750 681 2812 contemnere,
707 2733 1183 2792 etcontemnendo
1217 2747 1304 2786 me
1337 2739 1388 2784 et
1448 2729 1700 2784 abbatem
1741 2725 1824 2781 cui
1868 2732 1920 2779 te

309 2829 560 2888 commisi
589 2825 927 2883 contristare.
960 2824 1141 2878 Tolies
1170 2822 1313 2876 enim
1346 2827 1395 2874 te
1426 2819 1633 2884 monui,
1679 2823 1732 2871 et
1786 2830 1919 2870 con-

309 2919 451 2975 sului
483 2927 535 2972 et
565 2914 804 2988 prarcepi
834 2922 890 2968 ut
911 2912 1234 2966 indiscretas
1256 2907 1620 2965 abstinentias
1649 2913 1702 2960 et
1747 2919 1921 2958 vexa-

314 3010 494 3064 tiones
523 3005 772 3075 corporis
803 3003 876 3058 tui
908 3001 1206 3058 secundum
1254 2997 1659 3054 ordinationem
1715 2989 1926 3064 praefati

309 3097 524 3152 abbatis
555 3104 907 3164 temperares,
943 3091 1096 3146 toties
1125 3085 1420 3158 promisisti
1462 3084 1583 3154 quia
1643 3083 1694 3136 in
1737 3083 1838 3136 hac
1867 3095 1926 3134 re

1942 1860 1996 1919 B
2097 1857 2310 1912 Utinam
2342 1857 2747 1928 cognosceretis
2778 1863 2978 1928 quanto
3027 1856 3236 1927 gaudio
3289 1874 3382 1914 cor
3437 1876 3612 1914 meum

2011 1945 2295 2017 repleverit
2325 1946 2559 2000 dilectus
2592 1945 2740 2000 ﬁlius
2770 1961 2924 2000 meus
2944 1945 3278 2011 Wiltelmus,
3311 1947 3378 2001 de
3436 1959 3619 2004 vestra

2011 2036 2200 2107 (quam
2234 2035 2367 2088 mihi
2393 2035 2595 2103 retulit)
2647 2033 2881 2088 invicem
2935 2041 3120 2088 sancta
3178 2034 3491 2106 dilectione,
3551 2038 3619 2092 de

2016 2124 2276 2196 religiosa
2311 2123 2750 2189 conversatione,
2813 2122 2880 2176 de
2936 2122 3146 2176 caelesti
3204 2124 3508 2193 proposito,
3569 2134 3623 2181 et

2017 2212 2282 2282 spirituali
2314 2211 2628 2266 intentione.
2663 2209 2922 2278 Quamvis
2952 2210 3093 2264 enim
3153 2212 3332 2265 multis
3369 2214 3514 2267 curis
3571 2223 3625 2268 et

2018 2300 2462 2354 tribulationibus
2493 2298 2860 2370 prementibus
2917 2315 3000 2352 me
3059 2299 3287 2352 sentiam
3323 2315 3354 2353 a
3396 2299 3625 2369 spiritali

2021 2387 2238 2444 fervore
2261 2395 2460 2458 tepere,
2496 2396 2700 2453 tamen,
2732 2401 2933 2458 magna
2961 2385 3108 2441 cordi
3148 2402 3272 2441 meo
3329 2396 3626 2458 generatur

2023 2477 2228 2542 laetitia,
2271 2492 2392 2530 cum
2423 2476 2585 2530 audio
2617 2476 2751 2530 alios
2783 2476 2833 2528 in
2865 2490 3048 2530 amore
3079 2475 3179 2528 Dei
3240 2476 3488 2531 fervere.
3553 2478 3624 2532 Et

2027 2565 2281 2636 quoniam
2303 2563 2370 2618 ad
2400 2563 2633 2618 ofﬁcium
2665 2563 2792 2617 mihi
2819 2563 3115 2631 injunctum
3148 2571 3202 2617 et
3248 2579 3430 2618 curam
3489 2582 3621 2636 per-

2030 2655 2158 2708 tinet
2188 2652 2554 2718 commissam,
2591 2661 2640 2706 et
2671 2667 2768 2706 vos
2827 2652 2984 2719 (sicut
3027 2652 3225 2718 sentio)
3281 2652 3622 2722 desideratis,

2029 2757 2244 2808 moneo,
2269 2757 2480 2811 precor,
2517 2749 2717 2810 quanto
2748 2738 2939 2794 affectu
2996 2755 3240 2809 possum,
3292 2748 3348 2795 ut
3413 2742 3468 2795 in
3525 2744 3627 2799 hoc

2032 2831 2175 2900 quod
2205 2845 2313 2884 non
2343 2845 2460 2896 vos,
2493 2829 2587 2882 sed
2621 2829 2764 2883 Deus
2796 2827 2849 2881 in
2879 2827 3035 2882 vobis
3074 2828 3317 2898 coeperit,
3379 2846 3629 2900 perseve-

2035 2934 2178 2986 rare,
2198 2919 2308 2973 imo
2340 2925 2393 2972 et
2422 2917 2688 2988 perﬁcere
2719 2916 2998 2971 studeatis.
3043 2916 3201 2984 Quod
3250 2917 3432 2988 utique
3492 2920 3627 2989 (Deo

2032 3007 2350 3077 adjuvante)
2404 3005 2644 3076 poteritis
2700 3003 2930 3070 efﬁcere,
2985 3005 3029 3058 si
3082 3004 3309 3059 minima
3391 3024 3622 3080 quaeque

2035 3095 2317 3150 nolueritis
2348 3094 2646 3166 negligere.
2703 3092 2806 3159 Qui
2855 3095 2998 3150 enim
3055 3095 3108 3148 in
3157 3094 3396 3150 minimis
3452 3107 3630 3153 servat

311 3203 450 3280 mere
481 3193 534 3240 et
557 3185 716 3280 .iilius
747 3180 1006 3279 voluntati
1049 3180 1272 3280 penitus
1308 3175 1586 3280 obed‘i‘l‘es.
1642 3180 1692 3225 οἳ
1734 3171 1925 3280 :flhuc
1955 3218 2004 3280 Ο
2037 3185 2398 3255 diligentiam,
2433 3200 2540 3238 non
2564 3183 2715 3238 facile
2747 3183 3049 3237 admittitin
3089 3184 3387 3253 majoribus
3445 3187 3626 3259 negli-

311 3274 776 3346 pertinacitertuae
799 3269 1035 3342 propriae.
1079 3265 1341 3322 voluntati
1396 3264 1669 3318 adhaares.
1734 3259 1922 3313 Timeo

313 3379 383 3418 ne
405 3363 535 3417 dum
555 3361 636 3416 vis
668 3360 873 3414 habere
896 3356 1198 3429 prmmium,
1224 3371 1318 3409 seu
1347 3352 1526 3424 potius
1585 3349 1784 3404 famam
1833 3353 1927 3400 aut

320 3453 542 3506 inanem
575 3451 714 3504 intra
743 3465 837 3504 cor
857 3457 1004 3502 tuum
1036 3445 1266 3518 gloriam
1282 3441 1615 3503 abstinentis,
1675 3439 1924 3498 incurras

314 3542 500 3613 potius
530 3555 749 3611 pcenam
807 3535 1195 3592 inobedientis.
1253 3533 1413 3587 Certe
1468 3530 1604 3586 sicut
1661 3527 1924 3595 majorem

315 3645 569 3686 coronam
605 3624 1091 3694 meretursimplex
1145 3620 1454 3678 obedientia
1511 3633 1672 3688 quam
1731 3620 1928 3686 prater

321 3733 673 3774 communem
700 3732 857 3770 usum
888 3729 1134 3768 escarum
1166 3708 1517 3773 abstinentia,
1575 3706 1652 3759 ita
1703 3702 1927 3776 gravius

323 3807 415 3862 ille
449 3806 664 3876 punitur
692 3821 728 3858 a
757 3819 867 3875 quo
898 3803 987 3856 illa
1017 3799 1382 3856 contemnitur
1423 3812 1585 3868 quam
1616 3811 1647 3849 a
1678 3809 1782 3863 quo
1828 3791 1927 3844 ista

333 3897 621 3952 deseritur.
657 3893 783 3950 Sine
806 3889 1119 3961 hujusmodi
1176 3888 1320 3944 enim
1379 3883 1701 3941 abstinentia
1750 3887 1928 3951 potest

333 3985 648 4042 obedientia
677 3982 952 4038 hominem
984 3978 1192 4034 salvare
1227 3995 1242 4044 ;
1272 3976 1389 4030 sine
1432 3972 1742 4030 obedientia
1803 3983 1929 4024 vero

336 4075 460 4130 talis
490 4071 817 4128 abstinentia
844 4085 954 4125 non
984 4068 1128 4123 valet
1157 4067 1256 4120 nisi
1293 4065 1573 4119 damnare.
1629 4058 1930 4131 Acquiesce

335 4164 521 4236 igitur,
555 4159 863 4232 acquiesce,
905 4163 961 4213 et
990 4164 1158 4210 totum
1193 4162 1241 4209 te
1297 4152 1508 4224 praelati
1556 4150 1633 4204 tui
1689 4145 1928 4218 disposi-

339 4235 473 4306 tioni
503 4248 798 4314 committe,
833 4247 877 4302 si
935 4245 1065 4300 mihi
1120 4243 1202 4299 vis
1260 4242 1506 4307 obedire,
1555 4239 1602 4294 si
1658 4235 1791 4292 mihi
1849 4235 1933 4290 vis

333 4341 574 4412 placere,
599 4339 644 4392 si
676 4336 1018 4392 dilectionem
1077 4348 1254 4388 meam
1297 4345 1428 4402 erga
1468 4338 1517 4383 te
1572 4327 1652 4383 vis
1686 4339 1929 4386 servare,

332 4430 379 4485 si
403 4439 550 4484 tuam
581 4443 713 4500 erga
742 4441 828 4481 me
859 4425 943 4479 vis
973 4423 1227 4494 probare,
1258 4420 1302 4474 si
1332 4435 1419 4474 me
1438 4419 1694 4486 deinceps
1725 4430 1833 4470 non
1852 4413 1935 4468 vis

335 4520 675 4583 contristare,
709 4523 762 4570 et
787 4514 1039 4568 abbatem
1069 4511 1170 4565 sub
1199 4525 1304 4580 quo
1334 4525 1414 4576 es,
1465 4516 1521 4563 et
1558 4506 1750 4560 fratres
1792 4503 1936 4558 inter

338 4623 479 4680 quos
511 4606 648 4662 vivis
681 4613 763 4658 tua
812 4600 1197 4656 indiscretione
1253 4612 1510 4670 gravare.
1558 4593 1732 4649 Nimis
1787 4590 1929 4646 enim
1960 4575 2013 4635 D

340 4679 487 4767 patet
517 4695 642 4764 quia
671 4707 870 4762 corpus
903 4698 1046 4744 tuum
1091 4695 1146 4743 et
1201 4695 1390 4741 natura
1442 4693 1531 4738 tua
1568 4681 1754 4752 nequit
1809 4679 1936 4734 tole-

339 4801 465 4840 rare
494 4783 638 4854 quod
693 4778 1004 4836 indiscretio
1059 4785 1150 4832 tua
1208 4773 1505 4847 praesumit.
1575 4770 1935 4839 Omnipotens

337 4873 601 4929 Dominus
630 4869 864 4927 deducat
895 4875 945 4922 te
976 4867 1030 4920 in
1059 4866 1143 4920 via
1172 4879 1292 4934 sua,
1325 4872 1377 4918 et
1423 4863 1477 4916 in
1534 4859 1758 4918 veritate
1815 4871 1932 4912 sua.

333 4966 526 5018 Amen.

899 5043 1235 5101 EPISTOLA
1261 5042 1374 5098 CX.

601 5166 843 5208 ANSELII
872 5166 946 5204 AD
977 5163 1294 5216 ROBBRTUM,
1323 5161 1480 5213 SBYT,
1506 5159 1652 5200 EDIT-

338 5245 628 5301 Hortatur
646 5242 718 5298 ad
729 5239 1143 5296 observantiam
1169 5240 1228 5293 in
1242 5236 1518 5300 minimis,
1551 5237 1608 5290 et
1627 5236 1693 5288 ut
1713 5229 1941 5300 angelos

415 5317 523 5372 sibi
550 5329 772 5385 semper
789 5314 1050 5385 astantes
1081 5309 1351 5380 coyitent,
1384 5319 1684 5378 eorumque
1713 5316 1943 5358 conver-

414 5383 692 5444 sationem
721 5383 1049 5439 imitentur.

413 5487 720 5539 ANseuws
749 5477 1210 5550 archiepiscopus,
1242 5476 1524 5543 Roasaro,
1559 5474 1724 5541 Savr,
1782 5473 1942 5542 Eutr,

350 5571 688 5629 cbarissimis
745 5568 863 5623 suis
918 5566 1063 5635 ﬁliis,
1126 5563 1353 5622 salutem
1399 5572 1452 5620 et
1509 5562 1945 5619 benedictionem

339 5661 462 5732 Dei,
494 5667 755 5734 quantum
783 5663 984 5731 potest.

2032 3273 2308 3345 gentiam.
2337 3273 2451 3328 Nec
2481 3274 2647 3328 hostis
2666 3279 2851 3327 noster
2881 3271 2988 3325 illis
3019 3287 3154 3342 quos
3183 3273 3234 3325 in
3265 3282 3450 3329 sancto
3503 3291 3628 3345 pro-

2031 3363 2204 3432 posito
2235 3378 2355 3417 esse
2375 3361 2684 3416 considerat
2713 3360 2924 3428 majora
2943 3368 3163 3425 peccata
3193 3370 3379 3431 aperte
3436 3373 3626 3419 osten-

2031 3452 2126 3519 dit,
2163 3452 2257 3506 sed
2287 3452 2340 3504 in
2373 3450 2600 3504 modicis
2633 3449 2807 3518 (quasi
2857 3465 2978 3518 qua:
3031 3452 3428 3505 contemnenda
3483 3461 3627 3522 sunt)

2033 3540 2257 3595 latenter
2286 3555 2380 3594 eos
2412 3539 2600 3592 fallere
2639 3537 2932 3592 contendit.
2982 3538 3093 3594 Scit
3149 3540 3298 3592 enim
3355 3540 3482 3609 quia
3538 3541 3639 3613 qui

2034 3629 2251 3685 modica
2302 3628 2560 3700 despicit,
2579 3627 2860 3699 paulatim
2902 3627 3110 3682 decidit
3159 3627 3354 3697 (Eccli.
3405 3645 3523 3696 xxx,
3559 3631 3636 3697 1).

2034 3719 2201 3789 Ergo,
2235 3716 2559 3785 charissimi,
2591 3716 2636 3769 si
2669 3716 2966 3787 quamlibet
2994 3733 3183 3788 parum
3215 3731 3249 3770 a
3278 3725 3464 3774 vestra
3495 3719 3638 3774 bona

2037 3805 2433 3862 consuetudine
2463 3805 2754 3876 aliquando
2785 3805 2868 3860 vel
2896 3805 3069 3861 semel
3100 3805 3311 3861 sentitis
3341 3807 3636 3879 declinare,

2030 3911 2257 3967 gravem
2314 3909 2502 3950 casum
2556 3893 2826 3966 gemendo
2876 3909 2973 3951 vos
3030 3893 3323 3950 incurrisse
3365 3895 3630 3966 judicate.

2034 3983 2324 4054 Colloquia
2352 3986 2533 4038 vestra
2563 3999 2781 4052 semper
2824 3981 2931 4036 sint
2989 3983 3214 4051 munda,
3274 3991 3328 4038 et
3371 3985 3437 4039 de
3497 3987 3632 4041 Deo.

2037 4071 2355 4142 Exemplum
2387 4071 2509 4126 vitae
2538 4070 2764 4140 accipite
2795 4087 2858 4126 ex
2890 4070 3099 4142 angelis
3129 4071 3198 4126 de
3253 4071 3412 4138 caelo,
3471 4089 3636 4129 exce-

2038 4161 2144 4231 ptis
2174 4159 2259 4214 his
2301 4176 2420 4229 quae
2479 4158 2743 4230 fragilitas
2794 4160 3042 4214 humanae
3097 4167 3303 4214 naturae
3358 4159 3428 4214 ad
3484 4177 3637 4216 suam

2039 4248 2211 4320 exigit
2239 4247 2708 4303 sustentationem.
2742 4248 2810 4302 Ut
2841 4255 3020 4303 vestra
3051 4248 3384 4305 conversatio
3415 4264 3636 4320 semper

2041 4338 2096 4392 in
2125 4336 2277 4393 ccelis
2305 4335 2575 4405 sit(Phil.
2626 4352 2704 4403 ιιι,
2752 4338 2864 4404 20),
2919 4337 3221 4409 angelicam
3271 4337 3327 4392 in
3386 4338 3639 4394 omnibus

2041 4425 2380 4482 considerate
2410 4432 2461 4480 et
2489 4423 2781 4479 imitamini
2811 4424 3310 4481 conversationem.
3350 4427 3477 4482 Haec
3505 4443 3640 4483 con-

2043 4515 2317 4586 temptatio
2345 4515 2412 4569 sit
2441 4514 2698 4585 magistra
2744 4522 2947 4580 vestra;
2999 4515 3114 4570 haec
3153 4514 3517 4571 consideratio
3576 4517 3644 4572 sit

2043 4603 2234 4676 regula
2265 4613 2460 4659 vestra.
2496 4602 2632 4670 Quae
2653 4603 2776 4658 vitae
2815 4603 3081 4675 angelicae
3137 4604 3474 4659 concordant
3527 4622 3641 4660 sec-

2041 4694 2227 4748 tamini
2258 4712 2271 4757 ;
2307 4709 2429 4766 quae
2459 4692 2529 4747 ab
2550 4692 2641 4746 illa
2670 4691 2978 4747 discordant
3001 4693 3378 4750 exsecramini.
3400 4695 3644 4765 Angelos

2043 4791 2254 4837 vestros
2283 4779 2590 4854 [sicutdixit
2623 4780 2895 4835 Dominus
2917 4781 3154 4851 :Angeti
3181 4797 3375 4838 eorum
3422 4798 3643 4854 semper

2045 4871 2237 4927 vident
2256 4873 2462 4942 faciem
2495 4869 2696 4925 Patris
2724 4871 2836 4925 mei
2856 4871 3075 4939 (Matth.
3097 4886 3252 4938 xviii,
3278 4870 3405 4943 10)],
3423 4887 3643 4942 semper

2047 4960 2202 5018 vobis
2231 4967 2548 5030 praesentes,
2583 4967 2635 5014 et
2664 4967 2815 5015 actus
2844 4969 2894 5014 et
2924 4958 3189 5029 cogitatus
3241 4969 3452 5015 vestros
3504 4977 3641 5017 con-

2048 5049 2369 5116 siderantes,
2401 5048 2658 5120 cogitate,
2691 5056 2744 5102 et
2776 5049 2852 5102 ita
2905 5048 3050 5104 velut
3104 5047 3148 5102 si
3213 5065 3307 5104 eos
3363 5049 3646 5107 visibiliter

2048 5137 2410 5209 inspiceretis,
2435 5153 2652 5208 semper
2681 5137 2868 5192 vivere
2897 5146 3115 5193 curate:
3148 5138 3646 5209 omnipotensDeus

2049 5241 2327 5298 nunquam
2357 5225 2631 5297 permittat
2657 5241 2756 5282 vos
2777 5225 2847 5279 ab
2879 5227 2980 5281 hoc
3009 5226 3079 5281 ad
3106 5225 3252 5299 quod
3300 5226 3642 5297 pervenistis,

2050 5316 2302 5381 deﬁcere,
2334 5314 2430 5371 sed
2471 5331 2690 5386 semper
2744 5314 2906 5371 faciat
2962 5315 3031 5371 ad
3072 5315 3302 5372 meliora
3357 5313 3644 5388 proficere.

2052 5405 2186 5476 Oro,
2217 5411 2365 5461 orate
2393 5419 2491 5476 pro
2520 5419 2628 5460 me.
