4036 6072
371 254 472 309 259

904 373 1241 430 EPISTOLA
1271 373 1407 428 CXI.

819 487 1057 529 ANSBLMI
1084 485 1160 525 AD
1190 483 1488 525 HUGONEM.

365 576 650 646 Hugonem
672 570 1032 646 monachum,
1069 587 1103 625 α
1132 584 1235 646 quo
1262 585 1318 625 se
1350 568 1596 624 multum
1627 569 1814 646 amari
1855 584 1957 624 au-

433 641 638 709 dierat,
673 644 939 699 hortatur
969 648 1033 696 ut
1061 641 1256 711 culpas
1287 656 1422 694 suas
1476 655 1580 694 nec
1628 641 1793 706 celet,
1852 655 1956 695 nec

430 715 718 787 defendat,
753 720 816 770 ut
847 730 941 787 cor
957 729 1123 767 suum
1161 711 1348 787 abbati
1371 714 1684 787 suppetere
1732 725 1955 787 semper

433 780 586 851 velit,
602 791 657 842 et
669 780 922 857 proprios
952 799 1151 839 sensus
1177 781 1505 838 obedientiw
1535 780 1886 851 post/iubeat.

431 880 736 930 ANSELMUS
763 871 1220 942 archiepiscopus,
1255 871 1411 924 fratri
1470 877 1522 923 et
1571 869 1683 924 ﬁlio
1740 869 1954 924 charis-

361 966 498 1020 simo
529 965 768 1027 Hucom,
802 961 1026 1015 salutem
1057 969 1110 1014 et
1140 959 1600 1014 benedictionem.

429 1053 666 1108 Domino
722 1051 920 1106 abbate
970 1050 1241 1104 referente
1284 1048 1447 1104 didici
1531 1047 1673 1115 quod
1750 1052 1955 1101 tantam

357 1158 492 1216 erga
521 1159 607 1196 me
627 1141 831 1195 habeas
867 1139 1221 1193 dilectionem
1253 1145 1307 1190 ut
1336 1152 1459 1192 cum
1516 1151 1779 1206 prospera
1835 1151 1957 1190 mea

357 1233 528 1299 audis,
561 1229 720 1285 valde
751 1228 1064 1299 gratuleris,
1097 1234 1301 1282 etcum
1351 1225 1586 1280 adversa
1643 1225 1952 1294 cognoscis,

354 1321 580 1376 multum
641 1317 993 1382 contristeris,
1054 1323 1105 1370 et
1161 1330 1255 1370 cor
1331 1321 1479 1368 tuum
1551 1322 1956 1368 commoveatur

353 1411 613 1466 adversus
642 1421 753 1472 eos,
787 1421 821 1460 a
862 1406 1058 1477 quibus
1113 1402 1436 1475 contingere
1492 1402 1658 1456 sentis
1715 1401 1954 1471 aliquam

352 1499 734 1555 adversitatem
766 1495 919 1561 mihi,
945 1503 996 1548 et
1025 1494 1150 1565 quia
1181 1508 1280 1564 pro
1311 1509 1402 1547 me
1429 1507 1586 1546 orare
1634 1506 1729 1561 pro
1773 1490 1950 1559 possi-

353 1590 560 1644 bilitate
593 1595 677 1640 tua
707 1600 814 1639 non
847 1583 1066 1638 desinis.
1095 1581 1368 1650 Quoniam
1410 1596 1541 1649 ergo
1573 1587 1718 1634 tanta
1747 1578 1822 1632 tui
1870 1584 1953 1630 est

354 1694 484 1749 erga
515 1693 599 1730 me
630 1674 866 1737 dilectio,
900 1673 948 1726 si
977 1682 1030 1727 te
1059 1687 1167 1726 non
1209 1670 1399 1741 diligo,
1443 1685 1530 1724 me
1586 1669 1765 1739 ipsum
1813 1667 1951 1735 inju-

352 1776 498 1822 stum
522 1765 734 1834 judico.
775 1763 840 1816 Et
867 1762 994 1832 quia
1025 1777 1148 1815 vera
1179 1760 1393 1814 dilectio
1421 1759 1570 1812 illum
1602 1774 1762 1828 quem
1821 1756 1938 1810 dili-

353 1856 432 1928 git
462 1869 678 1922 semper
708 1850 972 1921 proﬁcere
989 1849 1285 1915 desiderat,
1319 1847 1518 1901 idcirco
1550 1855 1600 1901 te
1644 1847 1846 1910 hortor,
1899 1852 1954 1898 et

354 1960 550 2002 moneo
570 1951 626 1997 ut
666 1957 820 1995 mens
853 1948 941 1994 tua
972 1954 1187 2008 semper
1215 1938 1282 1991 ad
1313 1937 1540 1991 meliora
1569 1952 1626 1989 se
1657 1934 1948 1989 extendere

353 2037 581 2091 studeat.
635 2031 792 2100 Quod
834 2030 876 2083 si
935 2027 1129 2098 quaeris
1185 2027 1463 2081 consilium
1524 2024 1800 2096 quomodo
1844 2025 1949 2077 hoc

353 2123 530 2198 possis
561 2123 766 2189 facere,
798 2117 1170 2172 monachicum
1195 2115 1531 2183 propositum
1564 2128 1727 2182 super
1769 2111 1951 2165 omnia

353 2214 540 2286 dilige.
576 2209 731 2279 Quod
765 2213 891 2261 tunc
909 2206 1047 2259 bene
1078 2202 1356 2258 custodire
1414 2201 1634 2272 poteris,
1703 2199 1747 2253 si
1803 2215 1947 2252 nun-

352 2319 507 2372 quam
543 2301 754 2368 culpam
787 2305 932 2350 tuam
965 2299 1054 2347 aut
1086 2293 1263 2346 celare
1304 2298 1395 2345 aut
1434 2290 1728 2345 defendere
1759 2288 1949 2342 volue-

348 2391 612 2461 ris;sicut
633 2387 818 2456 vulpes
851 2384 1034 2439 foveas
1082 2380 1279 2435 habent
1336 2380 1425 2434 ubi
1456 2379 1687 2434 latenter
1743 2377 1948 2432 catulos

348 2479 563 2551 pariunt
591 2483 642 2531 et
669 2473 924 2538 nutriunt,
959 2478 1011 2525 et
1041 2470 1177 2525 sicut
1232 2469 1479 2523 volucres
1535 2466 1693 2521 nidos
1749 2465 1949 2519 habent

349 2575 596 2640 patentes
627 2566 679 2618 in
709 2563 903 2634 quibus
932 2559 1107 2630 pullos
1136 2557 1341 2624 fovent,
1384 2557 1452 2611 ita
1500 2555 1705 2610 diaboli
1751 2554 1948 2608 faciunt

350 2659 554 2722 foveas,
589 2661 640 2708 et
669 2650 1020 2720 multiplicant
1049 2654 1272 2718 peccata
1303 2647 1352 2698 in
1386 2645 1548 2700 corde
1594 2643 1834 2706 celantis,
1895 2649 1946 2695 et

349 2743 616 2802 aediﬁcant
646 2749 829 2812 aperte
874 2737 1050 2803 nidos,
1084 2735 1138 2788 in
1179 2735 1372 2806 quibus
1426 2732 1672 2787 similiter
1722 2738 1946 2802 peccata

350 2839 656 2908 aggregent
685 2831 738 2884 in
769 2827 934 2883 corde
965 2823 1324 2879 defendentis.
1349 2823 1482 2877 Vide
1531 2822 1692 2894 igitur
1747 2822 1796 2874 si
1837 2835 1946 2873 non

351 2925 432 2982 vis
461 2938 579 2978 esse
611 2919 788 2982 fovea,
821 2922 907 2969 aut
937 2915 1098 2968 nidus
1128 2911 1348 2977 diaboli,
1371 2927 1440 2966 ne
1469 2925 1708 2982 unquam
1731 2909 1944 2979 culpam

353 3023 497 3069 tuam
521 3011 666 3066 celes
696 3015 786 3061 aut
814 3004 1092 3058 defendas.
1153 3001 1258 3056 Cor
1311 3008 1461 3055 tuum
1507 3015 1724 3068 semper
1763 3004 1948 3068 pateat

353 3099 536 3157 abbati
580 3106 696 3162 tuo,
739 3102 790 3148 et
843 3093 1150 3162 ubicunque
1208 3089 1302 3155 sis,
1360 3104 1466 3143 non
1525 3087 1700 3142 solum
1755 3101 1954 3155 corpus
1985 3055 2168 3162 CH6:

353 3200 520 3257 tuum,
555 3185 654 3242 sed
684 3184 840 3240 etiam
863 3180 1221 3253 cogitationes
1249 3186 1369 3232 tuas
1398 3178 1451 3231 in
1491 3182 1782 3246 conspectu
1824 3175 1940 3243 ejus

351 3295 476 3338 esse
507 3275 773 3342 existima,
808 3272 982 3327 ethoc
1014 3269 1099 3324 fac
1119 3276 1170 3322 et
1208 3267 1387 3340 cogita
1446 3265 1590 3336 quod
1646 3279 1832 3320 coram
1877 3279 1941 3318 eo

350 3371 527 3427 facere
555 3374 609 3421 et
638 3362 878 3435 cogitare
910 3375 1017 3414 non
1048 3357 1350 3412 erubescas.
1385 3355 1440 3411 Si
1474 3356 1574 3410 hoc
1607 3353 1820 3421 feceris,
1868 3353 1943 3406 ita

351 3459 525 3532 fugiet
553 3453 804 3510 diabolus
834 3447 1207 3503 habitaculum
1238 3446 1476 3515 pectoris
1517 3444 1611 3511 tui,
1669 3443 1806 3497 sicut
1862 3441 1944 3496 fur

346 3549 479 3604 vitat
506 3547 725 3600 domum
760 3539 904 3594 illius
961 3538 1050 3607 qui
1103 3553 1226 3591 eum
1283 3550 1385 3589 nec
1437 3535 1613 3589 celare
1671 3533 1781 3587 vult
1838 3546 1944 3586 nec

348 3635 660 3693 defendere.
693 3632 755 3684 In
783 3630 1000 3682 domum
1057 3641 1290 3695 namque
1337 3623 1478 3677 illius
1514 3623 1657 3676 furta
1704 3637 1805 3675 sua
1859 3620 1944 3675 fur

340 3723 581 3786 attrahit,
613 3737 642 3774 a
673 3733 779 3790 quo
803 3732 862 3770 se
891 3712 1155 3769 abscondi
1185 3720 1275 3766 aut
1313 3710 1534 3765 defendi
1583 3709 1826 3765 conﬁdit.
1886 3709 1944 3761 Si

341 3822 522 3871 autem
543 3814 647 3866 hoc
677 3806 821 3880 quod
849 3806 970 3861 dico
1001 3803 1053 3856 in
1084 3818 1184 3856 usu
1216 3800 1487 3863 habueris,
1535 3808 1662 3853 tunc
1711 3798 1944 3868 Spiritus

341 3911 562 3961 sanctus
592 3901 647 3952 in
678 3905 730 3952 te
752 3894 1136 3950 habitationem
1170 3906 1323 3945 suam
1383 3888 1555 3956 faciet,
1614 3902 1716 3942 nec
1771 3887 1944 3942 corri-

339 3993 534 4066 pietur,
582 4003 684 4044 nec
729 3983 1027 4056 expelletur
1081 3997 1112 4037 a
1169 3977 1584 4052 superveniente
1640 3976 1942 4066 iniquitate,

344 4064 442 4139 sed
471 4081 644 4136 bonus
673 4080 945 4130 usustuus
979 4087 1074 4143 per
1103 4069 1250 4124 illum
1311 4083 1340 4122 a
1389 4083 1444 4121 se
1493 4066 1717 4137 repellet
1771 4064 1946 4136 inqui-

342 4178 526 4228 tatem.
559 4167 692 4237 Quae
721 4180 807 4219 res
836 4163 890 4216 in
922 4165 1123 4215 tantam
1157 4163 1502 4214 convertetur
1555 4155 1652 4209 tibi
1709 4154 1945 4209 delecta-

341 4262 542 4316 tionem
574 4264 631 4312 ut
673 4254 805 4308 nihil
863 4251 1093 4318 dulcius,
1147 4247 1278 4303 nihil
1338 4261 1574 4317 unquam
1632 4243 1943 4297 existimare

338 4347 508 4424 possis
533 4343 838 4417 jucundius.
864 4341 978 4395 Hoc
1030 4346 1207 4394 autem
1257 4335 1402 4406 quod
1459 4334 1582 4388 dico
1638 4331 1942 4424 intelligere

903 245 958 307 S.
991 246 1297 308 ANSELMI
1327 243 1677 306 CANTUAR.
1711 249 2034 306 ARCHIEP.
2077 251 2230 307 OPP.
2267 251 2446 311 PARS
2494 254 2587 309 III.
2643 287 2714 298 ——
2763 253 3137 318 EPISTOLE.

3565 269 3669 324 260

1989 373 2044 433 Α
2074 373 2332 431 dientiam
2362 376 2418 431 in
2447 378 2698 436 omnibus
2727 385 2939 441 actibus
2980 387 3258 459 praeferas,
3320 397 3372 446 et
3427 405 3494 447 ea
3549 409 3671 463 quas

2067 480 2232 535 supra
2261 466 2370 521 dixi
2402 471 2664 525 memoria
2696 482 2949 545 perpetua
2981 484 3185 546 teneas,
3220 483 3273 534 et
3302 495 3467 551 opere
3498 469 3668 537 'com-

2065 553 2214 624 plere
2244 554 2541 613 efﬁcaciter
2569 559 2812 617 studeas.
2853 563 3208 637 Omnipotens
3239 568 3383 624 Deus
3409 586 3519 626 snas
3535 586 3667 642 gra-

2066 642 2154 698 tiae
2184 644 2564 703 benedictione
2597 657 2644 702 te
2676 652 2734 703 in
2766 653 3023 710 omnibus
3054 673 3274 728 semper
3332 658 3553 732 dirigat,
3612 665 3669 716 et

2067 731 2137 786 ab
2167 734 2315 788 omni
2347 735 2489 790 malo
2520 738 2802 794 custodiat.
2835 745 3024 798 Amen.

2602 836 2939 895 EPISTOLA
2973 842 3137 897 CXII.

2491 938 2729 980 ANSELMI
2759 941 2832 981 AD
2862 944 3219 987 “'ILLERMUM.

2076 1009 2425 1066 Willermum
2450 1012 2695 1095 amicam
2729 1033 2895 1095 suum
2925 1023 3113 1074 monet
3141 1023 3211 1095 ut
3225 1021 3431 1095 Deerit
3449 1038 3669 1095 semper

2134 1086 2516 1162 praesentet
2567 1086 2647 1140 sic
2680 1092 2884 1162 servet
2939 1105 3099 1146 suam
3155 1086 3666 1162 dilectionemfu!

2138 1157 2291 1209 omni
2313 1157 2500 1211 studio
2520 1161 2762 1213 conetur
2790 1176 2986 1216 cavere
3017 1163 3114 1216 Dei
3137 1163 3524 1231 oﬂensz’onem.

2136 1259 2439 1313 ANSBLML’S
2470 1260 2940 1331 archiepiscOpus,
2972 1261 3172 1319 dilecto
3202 1264 3312 1321 ﬁlio
3370 1281 3469 1321 suo
3510 1268 3665 1322 W11.-

2064 1360 2268 1412 LERMO,
2301 1347 2528 1402 salutem
2559 1357 2610 1404 et
2643 1350 3074 1408 benedictionem
3104 1352 3202 1408 Dei
3232 1357 3284 1409 et
3315 1371 3486 1411 suam.

2135 1436 2398 1505 Expertus
2428 1454 2545 1491 sum
2578 1443 2630 1493 te
2691 1454 2889 1511 magno
2948 1450 2994 1495 et
3053 1441 3241 1498 intimo
3298 1442 3495 1500 affectu
3580 1461 3667 1502 me

2061 1523 2313 1594 diligere,
2349 1531 2405 1579 et
2435 1526 2557 1580 ideo
2588 1543 2694 1581 non
2728 1543 2942 1598 possum
2994 1529 3064 1583 tui
3123 1531 3433 1588 dilectionis
3491 1534 3666 1591 vicem

2061 1627 2169 1666 non
2202 1613 2448 1668 reddere.
2484 1614 2677 1686 Diligis
2735 1632 2824 1670 me
2883 1625 2936 1671 ut
2995 1619 3206 1674 Patrem
3266 1620 3319 1674 in
3377 1623 3510 1690 Deo,
3572 1624 3664 1678 cui

1975 1730 2023 1790 Β
2061 1709 2230 1755 totum
2279 1709 2330 1757 te
2359 1705 2479 1758 sine
2510 1704 2851 1760 simulatione
2881 1707 3217 1774 commisisti,
3251 1717 3303 1764 et
3333 1726 3438 1783 ego
3497 1719 3548 1767 te
3603 1729 3664 1779 ut

2062 1788 2250 1855 ﬁlium,
2287 1793 2376 1861 qui
2408 1792 2623 1847 sincera
2678 1792 2968 1851 dilectione
3026 1804 3076 1851 te
3143 1799 3386 1868 suscepi.
3449 1803 3493 1853 A
3549 1801 3662 1857 Deo

2060 1880 2309 1949 accepisti
2341 1889 2399 1935 ut
2429 1898 2514 1936 me
2545 1881 2819 1953 diligeres,
2856 1891 2908 1938 et
2937 1900 3039 1956 ego
3070 1902 3100 1939 a
3131 1886 3246 1942 Deo
3278 1888 3456 1943 habeo
3500 1898 3557 1944 ut
3616 1899 3662 1946 te

2061 1968 2138 2022 sic
2168 1968 2474 2039 diligerem.
2510 1968 2774 2038 Quoniam
2805 1988 2936 2042 ergo
2968 1989 3034 2027 ex
3065 1975 3182 2030 Deo
3223 1984 3305 2030 est
3357 1986 3541 2032 mutua
3572 1978 3662 2033 di-

2061 2056 2219 2110 lectio
2252 2066 2455 2125 nostra,
2499 2075 2605 2112 non
2636 2068 2806 2129 potest
2829 2061 3014 2126 deleri,
3047 2079 3148 2117 nec
3177 2063 3360 2131 debet,
3403 2067 3502 2120 nisi
3563 2069 3663 2124 hoc

2059 2145 2220 2200 faciat
2249 2146 2429 2216 aliqua
2458 2146 2511 2200 in
2543 2149 2712 2202 Deum
2743 2147 2990 2206 offensio.
3020 2150 3317 2224 Sicutergo
3346 2170 3522 2210 meam
3582 2156 3661 2212 vis

2058 2250 2281 2289 servare
2311 2235 2672 2302 dilectionem,
2706 2237 2781 2292 ita
2818 2239 2966 2292 omni
2995 2240 3172 2296 studio
3215 2257 3417 2298 conare
3473 2259 3662 2300 cavere

2059 2322 2161 2377 Dei
2195 2323 2569 2380 offensionem.
2603 2326 2779 2397 Dilige
2811 2334 2866 2380 ut
2898 2344 2983 2383 me
3013 2328 3229 2400 diligas,
3261 2331 3358 2386 sed
3388 2331 3515 2403 plus
3571 2333 3660 2387 di-

2058 2411 2170 2483 ligo
2200 2422 2257 2466 ut
2292 2413 2521 2484 teipsum
2554 2414 2769 2486 diligas.
2805 2415 2981 2486 Dilige
3011 2417 3266 2487 teipsum,
3299 2425 3354 2474 et
3400 2428 3659 2491 quantum

2055 2501 2122 2555 ad
2136 2501 2697 2567 dilectionem,habeto
2712 2504 2815 2558 mei
2823 2521 2998 2574 psum.
3028 2506 3158 2561 Esto
3177 2523 3388 2564 memor
3399 2511 3657 2565 monitio-

2055 2589 2142 2644 nis
2159 2606 2293 2646 mea:
2309 2606 2320 2659 ;
2337 2599 2390 2645 et
2409 2607 2622 2662 semper
2639 2591 3056 2649 erisdilectionis
3076 2595 3176 2649 Dei
3193 2603 3244 2651 et
3261 2597 3471 2652 subilla
3492 2615 3656 2664 mea;

2056 2695 2266 2749 nequeo
2279 2696 2496 2751 semper
2511 2681 2608 2735 tibi
2622 2697 2744 2736 esse
2763 2699 3020 2752 praesens.
3036 2683 3181 2738 Deus
3207 2693 3254 2740 te
3277 2675 3662 2760 custodiat,qui

2057 2767 2257 2839 ubique
2275 2785 2533 2840 praesens.
2558 2772 2754 2826 Moneo
2784 2779 2836 2826 te
2867 2780 2922 2826 ut
2950 2788 3163 2843 semper
3191 2773 3268 2829 illi
3299 2775 3374 2832 sis
3396 2793 3658 2848 praesens.

2547 2876 2885 2933 EPISTOLA
2959 2880 3156 2938 CXIII.

2054 2977 2300 3020 ANSELMI
2331 2981 2402 3019 AD
2441 2981 2776 3021 HERBERTUM
2807 2983 3282 3025 THIOFORDBNSBM
3321 2985 3653 3028 EPISCOPUH.

2172 3054 2395 3126 bertam
2421 3055 2742 3126 episcopum
2781 3055 3234 3126 Thiofordensem
3282 3059 3370 3114 hor
3389 3064 3551 3114 tatur
3597 3065 3664 3115 ut

2128 3125 2480 3201 presbyteros
2507 3125 2747 3201 concilio
2767 3125 3168 3201 inobedientes,
3201 3134 3257 3185 et
3286 3132 3380 3201 qui
3416 3131 3662 3199 femina:

2125 3198 2348 3270 nollent
2375 3197 2695 3270 dimittere,
2707 3215 2740 3252 (ι
2764 3197 3307 3270 sacrisprohiberet,
3327 3197 3468 3256 etad
3489 3203 3663 3256 eccle-

2125 3268 2356 3322 siastica
2386 3270 2587 3322 munia
2618 3269 2760 3323 alios
2782 3285 2880 3324 seu
2910 3268 3145 3326 clericos
3201 3286 3301 3327 seu
3363 3272 3662 3328 monachos

2121 3339 2242 3393 illis
2267 3339 2660 3394 substitueret.

2124 3443 2441 3506 AusaLuus,
2476 3457 2661 3495 servus
2719 3441 2970 3499 Ecclesiae
3029 3444 3453 3512 Cantuariensis,
3503 3447 3656 3502 Haa-

2055 3545 2229 3584 aanro
2259 3531 2516 3600 episcopo
2546 3529 2946 3598 Thiofordensi,
2980 3532 3228 3588 salutem.

2126 3620 2205 3673 De
2232 3619 2576 3689 presbyteris,
2611 3619 2678 3672 de
2710 3619 2903 3688 quibus
2935 3621 3124 3691 quaerit
3165 3631 3350 3678 vestra
3406 3624 3652 3693 pruden-

2055 3706 2126 3760 tia
2155 3706 2459 3774 consilium,
2491 3707 2800 3776 respondeo
2831 3707 2950 3777 quia
2981 3709 3114 3763 nihil
3169 3711 3516 3766 relaxandum
3573 3721 3654 3768 est

2055 3796 2120 3849 de
2153 3795 2237 3849 his
2267 3811 2386 3866 qua:
2416 3795 2710 3851 constituta
2739 3804 2859 3850 sunt
2884 3796 2938 3852 in
2967 3799 3217 3854 concilio.
3253 3799 3518 3867 Quoniam
3547 3801 3652 3872 ipsi

2056 3892 2230 3939 autem
2264 3884 2467 3938 malunt
2498 3884 2765 3940 dimittere
2811 3886 3072 3956 quidquid
3115 3890 3349 3958 pertinet
3395 3889 3464 3943 ad
3519 3905 3650 3960 pre-

2055 3973 2259 4043 sbyteri
2288 3973 2527 4028 otﬁcium
2550 3990 2707 4045 quam
2742 3974 2993 4041 feminas,
3027 3975 3072 4029 si
3104 3977 3271 4046 aliqui
3301 3977 3654 4035 inveniuntur

2053 4062 2210 4131 casti,
2234 4061 2431 4117 faciant.
2461 4077 2556 4132 pro
2587 4062 2691 4117 illis
2723 4077 2736 4126 ;
2769 4063 2812 4117 si
2843 4072 3020 4118 autem
3051 4063 3226 4119 nullus
3282 4073 3372 4119 aut
3426 4065 3652 4136 paucis-

2051 4151 2172 4205 simi
2206 4151 2335 4206 tales
2365 4151 2730 4217 inveniuntur,
2759 4151 2951 4220 jubete
3015 4160 3073 4208 ut
3127 4153 3339 4208 interim
3395 4153 3648 4210 monachi

2052 4241 2242 4293 missas
2274 4239 2454 4295 dicant
2482 4239 2684 4310 populo
2740 4239 2832 4294 ubi
2887 4240 2988 4311 ipsi
3047 4241 3265 4308 fuerint,
3333 4249 3385 4296 et
3443 4240 3646 4298 faciant

2052 4345 2247 4399 corpus
2279 4328 2514 4396 Domini,
2549 4328 2692 4400 quod
2723 4345 2823 4399 per
2851 4329 3077 4385 clericos
3106 4337 3350 4400 portetur
3405 4330 3641 4403 aegrotis.

333 4416 446 4494 non
476 4416 692 4508 poteris,
715 4431 819 4486 nisi
883 4429 936 4484 in
989 4434 1246 4500 quantum
1295 4424 1415 4495 ipso
1473 4437 1639 4493 Opere
1693 4419 1932 4492 experiri
1964 4441 2019 4503 D
2053 4417 2157 4486 Qui
2189 4416 2371 4472 clerici
2400 4426 2580 4473 vestra
2603 4418 2847 4486 jussione
2877 4417 3182 4508 viceversa
3213 4419 3478 4490 accipiant
3514 4435 3649 4476 con-

332 4526 742 4669 bona
774 4608 1012 4664 domnus
1043 4604 1218 4659 abbas
1251 4601 1382 4656 mihi
1441 4600 1508 4654 de
1563 4598 1933 4654 adolescentia

333 4715 425 4760 tua
454 4701 652 4766 retulit,
686 4699 782 4753 sed
804 4712 968 4751 unum
999 4693 1204 4750 addidit
1235 4690 1380 4763 quod
1410 4688 1541 4744 mihi
1572 4687 1791 4756 placere
1821 4701 1930 4740 non

330 4791 504 4866 potuit
536 4806 548 4843 :
575 4789 790 4858 judicas
804 4787 948 4840 enim
977 4783 1172 4838 melius
1198 4779 1340 4850 quod
1377 4786 1495 4833 tuus
1536 4774 1934 4867 rsensusueligit

330 4864 491 4955 quam
525 4878 670 4952 quod
699 4874 1005 4932 obedientia
1049 4870 1235 4942 exigit.
1274 4869 1406 4924 Cum
1461 4866 1628 4955 enim
1656 4864 1928 4955 scribendi

327 4952 527 5028 habeas
579 4964 878 5030 scientiam,
922 4961 1098 5030 majus
1155 4957 1296 5012 aliud
1366 4955 1492 5027 quid
1541 4954 1636 5009 tibi
1709 4952 1929 5007 videtur

327 5077 486 5135 quam
518 5056 761 5114 scribere
793 5068 888 5124 per
928 5047 1313 5106 obedientiam.
1357 5046 1547 5100 Certus
1593 5058 1728 5115 ergo
1754 5049 1923 5135 ‘esto,

322 5129 466 5224 quod
495 5145 686 5202 melior
715 5150 795 5198 est
823 5156 931 5195 una
959 5137 1132 5194 oratio
1166 5135 1470 5191 obedientis
1518 5148 1681 5224 quam
1738 5129 1924 5186 decem

325 5221 495 5296 millia
550 5234 853 5291 orationum
913 5225 1326 5285 contemnentis.
1390 5225 1583 5279 Moneo
1633 5221 1815 5292 itaque
1868 5226 1927 5274 ut

323 5329 492 5385 ﬁlium
533 5321 906 5381 charissimam
941 5325 994 5374 et
1039 5315 1353 5372 dilectorem
1409 5327 1614 5380 meum,
1673 5318 1729 5365 ut
1785 5309 1923 5366 obe-

2045 4507 2362 4573 fessionem,
2421 4514 2476 4561 et
2533 4506 2738 4562 faciant
2792 4506 3210 4575 absolutionem,
3270 4516 3323 4563 et
3376 4509 3642 4579 sepeliant

2041 4611 2268 4668 corpora
2299 4604 2653 4650 mortuorum.
2715 4593 2849 4663 Quae
2900 4595 3082 4650 omnia
3139 4595 3304 4650 etiam
3361 4598 3641 4652 monachis

2039 4684 2397 4758 provectioris
2427 4684 2602 4738 aetatis
2657 4683 2955 4753 prtecipere
3011 4685 3258 4754 potestis,
3317 4685 3493 4741 donec
3541 4686 3639 4739 ista

2037 4774 2233 4829 duritia
2265 4772 2706 4843 presbyterorum
2738 4773 2851 4826 Deo
2881 4771 3132 4827 visitante
3163 4772 3448 4828 mollescat
3481 4792 3496 4840 ;
3529 4788 3639 4828 non

2036 4863 2180 4920 enim
2209 4862 2299 4916 diu
2329 4860 2558 4930 durabit,
2604 4861 2720 4914 Deo
2775 4860 3122 4929 propitiante,
3185 4860 3230 4914 si
3287 4862 3341 4915 in
3397 4862 3637 4932 incmpto

2034 4949 2583 5023 perseveraverimus.
2635 4949 2714 5003 De
2771 4948 3066 5018 baptismo,
3128 4965 3224 5005 vos
3281 4950 3433 5006 scitis
3504 4952 3637 5022 quia

2034 5041 2340 5112 quicunque
2371 5037 2628 5110 baptizet,
2663 5037 2903 5092 Christus
2962 5037 3216 5108 baptizat.
3279 5039 3454 5095 Laicis
3510 5055 3633 5095 om-

2035 5131 2217 5196 nibus,
2253 5127 2544 5198 majoribus
2573 5134 2626 5181 et
2654 5127 2980 5191 minoribus,
3015 5142 3086 5181 ex
3115 5136 3270 5198 parte
3301 5128 3399 5183 Dei
3457 5135 3509 5183 et
3565 5145 3634 5184 ex

2032 5226 2184 5289 parte
2215 5219 2464 5273 omnium
2496 5223 2737 5271 nostrum
2769 5216 2858 5286 qui
2889 5216 2996 5271 hoc
3023 5216 3402 5271 constituimus
3423 5217 3477 5271 in
3506 5231 3633 5273 con-

2033 5307 2158 5364 cilio
2190 5306 2321 5379 (53),
2354 5304 2597 5378 rogando
2626 5303 2930 5377 praecipita,
2983 5311 3041 5360 ut
3096 5305 3141 5360 si
3196 5305 3528 5362 Christianos
3570 5321 3631 5364 se

399 5562 514 5635 (53)
545 5559 741 5618 Habito
771 5551 1078 5613 Londoniaa
1104 5565 1202 5606 αη.
1237 5547 1395 5618 1102,
1423 5543 1762 5618 praesidente
1791 5540 1848 5598 S.
1873 5540 2156 5598 Amelmo.
