4036 6072
230 308 330 368 261

1514 290 1638 353 LIB.
1683 290 1772 362 IV,
1819 286 2034 348 EPIST.
2070 284 2256 346 CXVI.

3434 287 3540 342 262

234 435 583 503 conﬁtentur,
640 433 901 502 adjuvcnt
948 443 1046 485 vos
1083 433 1348 500 quatenus
1402 419 1692 494 expellatis
1720 431 1834 490 pre-
1860 416 1918 477 Α
1947 415 2025 471 illi
2079 416 2155 472 ita
2204 415 2342 470 bene
2401 413 2563 470 faciat
2613 419 2670 469 ut
2698 410 2746 468 ei
2777 428 2836 468 se
2870 407 3221 482 conjunxisse
3251 410 3406 468 vobis
3435 425 3546 466 non

234 527 493 598 sbyteros
525 524 758 581 concilio
786 518 1168 576 inobedientes
1198 516 1266 572 de
1296 512 1568 578 Ecclesiis,
1601 518 1654 566 et
1682 508 1847 564 rebus

235 632 448 684 earum,
482 623 535 670 et
562 613 757 686 dignos
784 626 882 682 pro
913 608 1016 664 illis
1043 603 1409 664 constituatis.
1436 603 1506 658 Et
1533 601 1579 657 si
1607 600 1844 672 expulsi:

235 713 448 770 contra,
491 703 615 758 illos
663 702 754 772 qui
802 697 1065 755 Ecclesiis
1111 703 1258 751 caste
1299 693 1502 748 servire
1558 689 1843 757 voluerint,

236 801 330 848 aut
359 793 473 848 alia
501 790 686 861 aliquo
714 788 876 844 modo
907 787 961 840 in
990 787 1229 858 aliquam
1259 781 1533 854 superbire
1563 779 1844 836 temerita-

237 890 349 938 tem
387 881 755 953 proruperint,
788 892 978 932 omnes
1007 872 1300 930 Christiani
1349 872 1456 926 sint
1484 877 1671 926 contra
1701 868 1842 935 illos,

240 979 435 1026 etnon
466 969 700 1024 soluma
747 966 1010 1021 societate
1039 979 1156 1028 sua,
1219 961 1314 1016 sed
1372 960 1528 1014 etiam
1579 975 1611 1012 a
1666 957 1843 1022 terris,

242 1075 377 1131 quas
401 1059 472 1114 de
500 1057 607 1112 illis
633 1055 856 1125 habent,
888 1069 983 1110 eos
1017 1068 1144 1108 cum
1178 1049 1511 1106 feminissuis
1535 1047 1843 1111 excludant,

241 1149 422 1204 donec
455 1146 804 1218 resipiscant.

762 1265 1109 1323 EPISTOLA
1142 1265 1330 1319 CXIV.

714 1371 953 1412 ANSBLMI
984 1371 1054 1409 AD
1096 1369 1383 1408 ΝΕΡΟΤΒΙ.

250 1469 513 1528 Anselmo
530 1466 722 1536 nepoti
738 1480 836 1520 suo
866 1460 1226 1536 commendat
1247 1459 1414 1515 bonos
1431 1474 1632 1536 mores,
1656 1473 1721 1514 ac
1733 1461 1850 1514 stu-

325 1533 674 1604 diositalein,
706 1541 760 1590 et
788 1535 1009 1588 Latina:
1041 1533 1252 1601 lingua:
1278 1535 1617 1604 perpetuum
1647 1546 1839 1604 usum.

326 1613 410 1666 De
430 1624 620 1665 sorore
663 1602 788 1671 sua,
837 1608 959 1676 ejus
1007 1609 1241 1676 matre,_
1269 1603 1506 1676 nuntiat
1545 1602 1851 1656 admissam

317 1684 486 1738 illam
534 1673 874 1735 Marciniaci'
904 1691 939 1730 a
979 1673 1342 1742 monialibus,
1398 1673 1492 1728 sed
1540 1689 1670 1728 cum
1726 1688 1850 1728 eam

317 1754 650 1825 reposceret,
682 1750 788 1805 sibi
816 1751 1097 1819 negatam.

321 1862 635 1914 Asssuws
664 1853 1128 1924 archiepiscopus,
1164 1851 1366 1907 dilecto
1397 1851 1584 1923 nepoti
1611 1866 1707 1906 suo
1736 1854 1857 1906 As-

249 1964 455 2013 snulo,
488 1945 714 2000 salutem
745 1950 802 1998 et
833 1941 1288 1997 benedictionem.

326 2034 766 2093 Sollicitudinem
799 2039 851 2085 et
881 2030 1154 2084 tristitiam
1187 2044 1346 2098 quam
1381 2038 1438 2083 tu
1472 2029 1640 2084 babes
1670 2029 1738 2084 de
1775 2039 1864 2085 tua

255 2136 454 2192 matre,
487 2139 592 2196 ego
614 2137 831 2192 quoque
861 2121 1050 2176 tolero.
1102 2119 1258 2174 Unde
1307 2135 1338 2173 a
1395 2119 1618 2173 domino
1667 2119 1864 2174 abbate

256 2213 602 2271 Cluniacensi
652 2210 785 2283 petii
833 2217 889 2264 ut
919 2225 1038 2264 eam
1073 2208 1126 2261 in
1157 2207 1492 2262 monasterio
1541 2207 1864 2262 ancillarum

254 2306 354 2360 Dei
386 2304 446 2358 in
477 2299 806 2356 Marcinneio
837 2297 1160 2368 susciperet;
1195 2297 1338 2368 quod
1365 2297 1478 2366 ipse
1507 2295 1742 2350 libenter
1771 2310 1867 2350 sua

256 2394 435 2467 gratia
483 2390 672 2446 annuit
712 2396 934 2460 propter
1000 2394 1243 2441 nostrum
1291 2399 1573 2453 amorem;
1632 2394 1684 2440 et
1731 2385 1868 2455 ipsae

261 2483 478 2540 ancillae
509 2481 606 2536 Dei
633 2479 944 2536 voluerunt.
978 2477 1198 2530 Litteris
1227 2475 1392 2546 igitur
1440 2483 1493 2530 et
1522 2476 1710 2529 nuntio
1763 2489 1867 2528 no-

261 2582 378 2629 stro
415 2571 547 2643 petii
578 2569 646 2623 ab
677 2567 871 2622 abbate
915 2564 1264 2620 Cluniacensi
1315 2571 1370 2618 et
1419 2563 1699 2618 monachis
1754 2563 1875 2631 ejus

261 2672 323 2718 ut
375 2675 621 2716 sororem
678 2663 927 2711 nostram
987 2654 1057 2708 ad
1114 2655 1218 2709 hoc
1284 2653 1416 2707 mihi
1488 2652 1868 2718 concederent,

265 2757 471 2824 quanto
499 2747 754 2802 humilius
786 2753 836 2799 et
867 2743 1163 2798 studiosius
1195 2743 1369 2813 potui.
1404 2741 1512 2796 Sed
1541 2741 1643 2811 ipsi
1691 2741 1872 2794 nulla-

266 2849 424 2896 tenus
453 2851 740 2893 assensum
799 2833 1042 2904 praebere
1087 2831 1410 2899 voluerunt;
1467 2830 1576 2884 imo
1608 2828 1869 2885 commoti

269 2937 397 2986 sunt
425 2927 712 2983 adversum
745 2939 852 2989 me,
881 2929 934 2976 et
963 2936 1220 2992 magnum
1251 2919 1355 2974 sibi
1401 2935 1488 2973 me
1523 2919 1714 2973 fecisse
1769 2918 1872 2972 de-

273 3021 443 3074 decus
471 3015 940 3072 existimaverunt.
979 3011 1096 3082 Ego
1126 3017 1306 3063 autem
1337 3007 1584 3062 nondum
1613 3007 1871 3061 desistam

271 3107 480 3169 conari.
512 3112 570 3159 ut
623 3105 728 3158 hoc
782 3101 960 3169 aliqua
1010 3099 1217 3153 ratione
1247 3097 1450 3168 possim
1483 3096 1628 3166 quod
1675 3095 1872 3165 incoepi
1903 3131 1955 3196 Ο
1981 3111 2134 3160 orare
2163 3117 2260 3172 pro
2292 3117 2405 3157 me,

273 3196 565 3270 perﬁcere.
603 3190 763 3259 Quod
792 3191 840 3244 si
869 3204 977 3243 non
1006 3195 1216 3258 potero,
1252 3201 1362 3240 non
1393 3185 1654 3240 debemus
1697 3192 1876 3239 tamen

275 3301 384 3357 ego
440 3292 493 3338 et
540 3286 599 3336 tu
655 3280 854 3334 frustra
910 3276 1182 3330 tristitiam
1229 3274 1675 3329 inconsolabilem
1734 3288 1882 3327 assu-

276 3391 447 3441 mere,
478 3371 574 3426 sed
603 3370 704 3424 Dei
758 3364 1102 3438 diapositioni
1156 3379 1257 3418 nos
1301 3371 1354 3418 et
1411 3363 1557 3417 illam
1613 3362 1882 3434 patienter

279 3462 655 3520 committere.
696 3457 874 3528 Spero
902 3454 1050 3509 enim
1081 3454 1137 3507 in
1168 3453 1284 3508 Deo
1305 3454 1436 3524 quia
1491 3467 1600 3506 non
1659 3451 1887 3521 patietur

280 3569 405 3610 eam
461 3546 796 3622 quibuslibet
843 3540 1379 3599 incommoditatibus
1434 3540 1507 3595 ita
1562 3539 1776 3605 tentari,
1828 3541 1887 3592 ut

281 3658 393 3698 non
442 3637 614 3711 possit
641 3635 926 3699 sustinere,
961 3631 1058 3687 sed
1105 3647 1203 3701 per
1257 3631 1455 3684 multas
1515 3629 1890 3684 tribulationes

285 3745 425 3804 quas
451 3728 523 3783 ab
550 3724 778 3780 infantia
805 3737 970 3792 passa
997 3727 1078 3776 est
1108 3728 1161 3774 et
1190 3719 1256 3790 (si
1287 3719 1434 3774 Deus
1479 3719 1552 3774 ita
1607 3719 1890 3789 disposue-

285 3820 384 3882 rit)
417 3831 588 3885 usque
634 3813 690 3868 in
745 3810 908 3865 ﬁnem
939 3809 1192 3881 patietur,
1223 3807 1457 3862 deducet
1511 3820 1658 3872 eam,
1693 3815 1746 3860 et
1803 3806 1890 3860 in-

288 3915 444 3962 trare
471 3902 633 3958 faciet
660 3901 716 3954 in
743 3897 986 3968 requiem
1016 3912 1192 3951 suam.
1216 3894 1338 3967 Ego
1368 3909 1522 3962 vero,
1543 3894 1598 3948 in
1629 3902 1892 3966 quantum

289 4003 510 4068 potero,
539 3989 800 4048 omnibus
830 3987 1010 4042 modis
1039 3985 1278 4058 quandiu
1328 3986 1505 4040 vivam
1554 3981 1630 4038 illi
1687 3984 1895 4039 subve-

292 4086 416 4141 nire
475 4097 588 4137 non
643 4077 905 4134 cessabo.
971 4075 1130 4143 Quod
1187 4082 1366 4130 autem
1425 4074 1656 4146 pertinet
1710 4073 1778 4127 ad
1825 4080 1898 4138 te,

292 4171 518 4236 mando,
549 4172 609 4225 et
637 4165 898 4238 praecipio
933 4165 1031 4219 tibi
1062 4169 1128 4218 ut
1170 4163 1478 4217 nullatenus
1531 4161 1608 4216 sis
1663 4160 1897 4227 otiosus,

295 4261 396 4316 sed
425 4259 479 4313 in
511 4259 616 4312 hoc
645 4262 866 4327 propter
893 4252 1038 4324 quod
1066 4253 1121 4305 in
1151 4250 1349 4322 Anglia
1389 4257 1440 4305 te
1470 4249 1666 4322 reliqui
1702 4249 1758 4304 in
1783 4247 1901 4303 dies

296 4355 507 4404 statuas
536 4342 826 4416 proﬁcere.
866 4341 1133 4397 Virtutem
1165 4339 1537 4410 grammaticae
1592 4339 1746 4393 stude
1801 4352 1900 4392 co-

298 4450 623 4509 gnoscere;
674 4433 878 4487 dictare
934 4429 1174 4501 quotidie
1228 4443 1506 4496 assuesce,
1563 4427 1799 4482 maxime
1845 4427 1898 4480 in

299 4539 502 4598 prosa;
555 4529 610 4578 et
647 4537 716 4576 ne
765 4519 989 4574 multum
1045 4533 1196 4572 ames
1251 4516 1464 4573 difﬁcile
1518 4517 1745 4583 dictare,
1803 4516 1901 4571 sed

303 4614 470 4686 plane
490 4615 545 4667 ct
574 4608 990 4666 rationabiliter.
1022 4607 1266 4678 Semper,
1298 4606 1402 4660 nisi
1451 4622 1570 4661 cum
1603 4604 1901 4662 necessitas

302 4712 357 4759 te
387 4701 558 4774 cogit,
590 4699 780 4754 Latine
803 4697 1044 4768 loquere.
1079 4696 1255 4766 Super
1299 4695 1478 4749 omnia
1539 4695 1691 4750 bonis
1741 4695 1908 4748 mori-

304 4791 491 4846 buset
519 4786 772 4861 gravitati
799 4784 1043 4840 intende.
1099 4783 1500 4855 Loquacitatem
1557 4783 1725 4855 fuge;
1788 4783 1908 4854 plus

306 4880 456 4936 enim
477 4875 881 4950 proﬁcitbomo
939 4873 1186 4938 tacendo,
1239 4880 1290 4927 et
1347 4872 1621 4927 audiendo
1668 4879 1721 4928 et
1776 4870 1908 4942 quid

306 4971 380 5026 de
411 4968 644 5024 aliorum
691 4964 852 5019 dictis
885 4969 939 5017 et
967 4963 1078 5017 vita
1105 4961 1281 5032 possit
1334 4960 1598 5032 proﬁcere
1651 4960 1907 5017 conside-

307 5058 509 5125 rando,
567 5069 734 5127 quam
791 5051 1076 5108 scientiam
1157 5065 1313 5105 suam
1371 5049 1717 5118 verbositate,
1761 5050 1910 5106 nulla

309 5145 644 5205 necessitate
672 5147 923 5214 cogente,
956 5139 1312 5195 ostendendo.
1346 5137 1531 5194 Saluta
1584 5138 1908 5211 magistrum

308 5245 462 5294 tuum
493 5251 562 5290 ex
613 5238 801 5287 nostra
849 5235 1002 5301 parte
1058 5227 1455 5288 amicabiliter;
1517 5228 1602 5282 cui
1649 5227 1713 5298 (si
1765 5229 1910 5283 Deus

312 5325 447 5381 mihi
473 5320 934 5394 opportunitatem
963 5317 1197 5387 dederit)
1228 5319 1285 5371 et
1312 5331 1412 5388 pro
1449 5323 1498 5373 te
1542 5324 1591 5371 et
1619 5331 1719 5389 pro
1770 5316 1911 5375 alliis

312 5413 577 5470 fratribus
607 5426 745 5482 quos
766 5407 944 5472 docet,
977 5409 1030 5462 et
1061 5421 1160 5476 pro
1189 5404 1306 5460 suis
1336 5405 1575 5461 moribus
1603 5405 1760 5461 bonis
1783 5423 1910 5464 vere

313 5502 581 5560 desidero
600 5498 888 5570 prodesse.
927 5495 1147 5551 Interim
1179 5502 1358 5551 tamen
1385 5493 1541 5567 posui
1597 5512 1760 5567 super
1811 5496 1912 5552 do-

314 5593 523 5649 minum
552 5589 790 5662 priorem
820 5594 872 5643 et
924 5583 1154 5642 multum
1208 5583 1400 5656 rogavi
1447 5582 1602 5640 illum
1647 5587 1913 5655 quatenus

1954 505 2252 578 displiceat.
2283 503 2414 561 Vale
2427 545 2441 561 .

2496 591 2832 648 EPISTOLA
2861 590 3024 646 CXV.

2202 701 2442 740 ANSBLMI
2471 699 2540 738 AD
2570 697 2880 736 “'ALTBRUM
2915 695 3290 736 CARDINALBM.

1969 773 2294 830 Walterum
2350 772 2703 829 cardinalem
2759 771 3082 841 episcOpu-m
3135 769 3541 835 Albanensem,

2025 865 2395 936 aposlolicum
2423 863 2484 916 in
2513 863 2726 933 Anglia
2759 861 3004 931 legatum
3026 862 3182 930 rogat
3201 863 3285 926 ut,
3319 859 3390 913 ad
3417 876 3548 914 sus-

2029 953 2329 1008 tinendum
2359 967 2501 1008 onus
2535 953 2623 1005 sui
2654 949 3192 1020 archiepiscOpatus,
3227 963 3386 1019 opem
3443 948 3550 1003 sibi

2026 1058 2093 1097 ac
2121 1041 2432 1098 subsidium
2464 1058 2498 1094 α
2527 1039 2795 1111 pontiﬁce
2827 1039 3070 1094 Romano
3104 1039 3375 1092 accersal.

2027 1147 2257 1203 Domino
2313 1156 2367 1202 et
2416 1147 2672 1201 Romanae
2729 1143 2981 1200 Ecclesia
3036 1143 3216 1213 legato
3290 1141 3555 1198 cardinali

1956 1238 2214 1308 episcopo
2270 1236 2582 1304 WALTERO,
2615 1237 2915 1287 Assaracus
2970 1239 3191 1286 vocatus
3233 1232 3554 1301 metropoli-

1956 1333 2114 1380 tanus
2171 1324 2481 1380 Cantuariae
2561 1321 2877 1392 episcopus,
2936 1319 3177 1374 ﬁdelium
3250 1321 3554 1376 orationum

1957 1430 2080 1469 cum
2111 1413 2334 1468 servitio
2360 1411 2728 1467 devotionem.

2029 1502 2297 1570 Quoniam
2328 1501 2396 1555 de
2428 1505 2627 1556 vestra:
2657 1498 2958 1554 sanctitatis
3007 1498 3269 1554 charitate
3319 1496 3554 1565 conﬁdo,

1959 1608 2157 1663 precor
2205 1599 2262 1645 ut
2292 1590 2516 1644 domino
2561 1597 2751 1643 nostro
2779 1604 2934 1658 papae
2981 1587 3294 1642 fidelitatem
3323 1596 3560 1642 nostram

1959 1690 2012 1735 et
2064 1679 2405 1735 dilectionem
2435 1695 2557 1733 cum
2589 1678 2916 1745 reverentia,
2950 1693 3087 1748 quas
3131 1676 3274 1731 illius
3329 1676 3556 1731 celsitu-

1880 1777 1934 1837 B
1965 1770 2076 1825 dini
2104 1771 2159 1823 in
2199 1771 2367 1823 corde
2416 1781 2594 1832 servo,
2640 1766 2780 1822 sicut
2837 1766 2995 1820 vobis
3060 1765 3292 1833 ostendi,
3324 1765 3560 1836 benigne

1969 1857 2283 1913 monstratis
2314 1865 2362 1911 et
2420 1856 2660 1910 laborem
2701 1854 2894 1909 mentis
2950 1870 3084 1909 mese
3142 1855 3242 1908 sub
3289 1853 3562 1926 archiepi-

1967 1954 2222 2018 scopatus
2251 1961 2439 2015 onere,
2470 1946 2605 2000 sicut
2654 1945 2810 1998 vobis
2851 1945 3244 2013 conquerendo
3272 1946 3564 2000 confessus

1971 2053 2112 2101 sum,
2147 2035 2233 2104 pia
2263 2033 2642 2103 compassione
2691 2032 2974 2086 intimetis.
3015 2031 3290 2100 Quatenus
3344 2041 3566 2102 paterna

1972 2126 2088 2194 ejus
2119 2125 2310 2193 pietas,
2346 2122 2438 2175 ﬁlii
2471 2126 2524 2176 et
2554 2121 2698 2176 servi
2725 2121 2808 2174 sui
2853 2121 3147 2192 gemitibus
3202 2121 3562 2192 compatiens,

1973 2212 2259 2283 aliquando
2290 2211 2344 2264 in
2375 2217 2675 2280 conspectu
2706 2209 2923 2264 Domini
2979 2209 3147 2263 nostri
3200 2211 3330 2264 Jesu
3372 2211 3568 2266 Christi

1975 2310 2028 2356 et
2057 2300 2198 2356 beati
2249 2299 2387 2354 Petri
2417 2298 2671 2369 apostoli.
2703 2313 2916 2352 memor
2963 2299 3070 2352 mei
3124 2314 3242 2352 esse
3297 2298 3567 2368 dignetur,

1973 2389 2098 2454 et,si
2129 2387 2344 2460 quando
2363 2387 2433 2442 ad
2463 2388 2608 2441 illam
2638 2387 2695 2440 in
2728 2385 3090 2440 anxietatibus
3119 2386 3255 2440 meis
3283 2387 3564 2458 refugero,

1977 2479 2190 2550 pietatis
2221 2479 2336 2545 ejus
2365 2477 2572 2530 viscera
2625 2473 2755 2528 mihi
2807 2489 2914 2529 non
2962 2474 3304 2530 claudantur.
3369 2478 3569 2532 Munu-

1977 2567 2186 2623 sculum
2219 2573 2463 2619 nostrum
2494 2563 2568 2617 illi
2596 2577 2698 2634 pro
2727 2563 3083 2634 possibilitate
3112 2571 3294 2619 nostra
3350 2565 3574 2621 missum

1979 2670 2117 2727 rogo
2146 2663 2204 2708 ut
2229 2653 2306 2708 sic
2328 2660 2502 2708 vestra
2532 2653 2941 2708 commendetur
2979 2651 3313 2724 benignitate
3356 2658 3414 2707 ut
3457 2655 3578 2725 plus

1980 2744 2192 2815 placeat
2221 2750 2399 2797 vestra
2427 2741 2895 2796 commendatione
2940 2755 3104 2812 quam
3131 2758 3230 2796 sua
3249 2743 3570 2812 quantitate.

1983 2834 2174 2890 Valeat
2203 2831 2460 2886 sanctitas
2489 2838 2695 2890 vestra,
2727 2838 2778 2886 et
2807 2831 3151 2899 omnipotens
3197 2832 3346 2886 Deus
3402 2833 3576 2888 mittat

1980 2926 2136 2981 vobis
2166 2924 2425 2996 angelum
2465 2939 2620 2977 suum
2661 2924 2882 2990 bonum,
2932 2924 3022 2996 qui
3052 2925 3337 2980 comitetur
3382 2927 3576 2983 vobis-

1981 3030 2126 3079 cum,
2178 3021 2231 3069 et
2285 3013 2424 3068 bene
2472 3012 2723 3083 disponat
2794 3011 2895 3068 iter
2948 3021 3204 3070 vestrum.
3247 3015 3404 3088 Rogo
3455 3033 3574 3084 vos,

2499 3171 2838 3228 EPISTOLA
2867 3172 3059 3227 CXVI.

1985 3278 2227 3319 ANSBLMI
2269 3277 2339 3316 AD
2375 3277 2740 3331 DONNALDUM,
2786 3277 3056 3317 DONATUM
3111 3278 3179 3318 ΕΤ

2684 3347 2908 3387 SCOPOS.

1990 3423 2282 3496 Episcopo:
2313 3422 2590 3496 Hibernia:
2611 3424 2858 3496 rogatat
2875 3436 3062 3496 prose
3093 3422 3291 3496 multis
3313 3427 3585 3481 (erunmis

2060 3493 2274 3567 presso
2301 3495 2475 3548 Deum
2521 3493 2918 3567 interpellent,
2950 3494 3124 3567 simul
3174 3493 3484 3551 admonens
3520 3501 3586 3552 ut

2065 3564 2159 3639 sui
2184 3565 2410 3636 quisque
2441 3564 2615 3633 o/ﬁcii
2646 3566 2836 3639 partes
2884 3565 3185 3639 impleant,
3222 3581 3308 3639 _ac
3351 3567 3408 3621 si
3454 3567 3587 3639 quid

2066 3635 2222 3692 inter
2264 3635 2355 3691 eos
2411 3635 2808 3706 controversiae
2862 3639 3052 3690 ortum
3079 3636 3282 3706 fuerit,
3330 3635 3594 3695 rem'illi

2071 3713 2251 3763 totam
2270 3707 2342 3762 ad
2373 3722 2430 3762 se
2460 3705 2743 3776 deferant.

2070 3817 2375 3869 ANSBLIUS
2405 3811 2804 3868 Cantuariensis
2849 3812 3112 3869 Ecclesiae
3155 3817 3604 3886 metropolitanus

2003 3903 2251 3968 antistes,
2279 3901 2598 3957 reverendis
2617 3900 2976 3972 coepiscopis,
2997 3902 3330 3970 DONNALDO,
3344 3905 3600 3974 Dor-mro,

2004 4008 2071 4048 ac
2099 3991 2308 4048 caeteris
2335 3990 2390 4044 in
2420 3989 2695 4044 Hiberniae
2723 3989 2901 4044 insula
2917 3989 3215 4060 pontiﬁcali
3240 3993 3606 4049 eminentibus

2006 4080 2270 4150 dignitate
2298 4094 2328 4131 a
2367 4080 2482 4134 Deo
2526 4080 2705 4144 Patre,
2756 4086 2809 4132 et
2853 4079 2978 4133 Jesu
3008 4078 3238 4147 Christo,
3289 4080 3423 4136 Filio
3479 4082 3602 4150 ejus

2006 4169 2188 4235 unico,
2221 4167 2452 4223 salutem
2478 4174 2528 4222 et
2563 4173 2843 4238 perpetuae
2873 4167 3200 4224 hereditatis
3257 4167 3601 4227 benedictio-

2008 4273 2132 4314 nem
2140 4298 2153 4310 .

2081 4345 2320 4401 Odorem
2349 4342 2624 4416 religionis
2669 4351 2862 4400 vestra:
2890 4344 3135 4414 plurimis
3162 4346 3376 4404 indiciis
3422 4363 3604 4421 agno-

2011 4451 2190 4502 scens,
2223 4433 2556 4488 calamitates
2602 4449 2736 4504 quas
2763 4434 2942 4504 patior
2995 4434 3207 4492 decrevi
3265 4437 3602 4508 potissimum

2010 4524 2165 4582 vobis
2219 4522 2446 4593 aperire,
2493 4530 2550 4576 ut
2605 4530 2806 4591 quanto
2861 4523 3088 4579 vicinius
3142 4525 3386 4580 assistitis
3438 4526 3605 4581 Crea-

2015 4614 2135 4683 tori,
2169 4621 2316 4667 tanto
2356 4611 2675 4666 familiarius
2711 4612 2986 4683 angustias
3029 4629 3176 4668 meas
3207 4614 3260 4668 in
3301 4615 3418 4686 ejus
3461 4631 3605 4672 con-

2010 4711 2199 4774 spectu
2227 4701 2456 4755 valeatis
2482 4699 2737 4765 indicare,
2771 4708 2823 4754 et
2879 4701 3179 4757 indicantes
3220 4704 3610 4773 compassionis

2013 4790 2306 4863 gemitibus
2333 4788 2501 4859 ipsius
2529 4787 2950 4843 misericordiam
2982 4789 3111 4844 mihi
3143 4791 3449 4861 impetrem.
3493 4793 3607 4849 De-

2017 4880 2197 4934 functo
2227 4879 2398 4932 beatai
2426 4877 2702 4932 memoriae
2728 4877 3126 4948 pmdecessore
3155 4895 3276 4935 meo
3304 4881 3616 4938 Lanfranco

2017 4966 2444 5037 archiepiscOpo,
2493 4981 2615 5020 cum
2647 4965 2699 5020 in
2730 4966 3123 5021 Northmannia
3154 4969 3430 5024 Beccensis
3482 4985 3606 5026 mo-

2015 5055 2232 5110 nasterii
2261 5054 2431 5108 abbas
2451 5053 2776 5109 exstitissem
2820 5055 2986 5125 (unde
3014 5064 3065 5110 et
3091 5057 3346 5128 praefatus
3374 5066 3613 5115 anteces-

2015 5161 2106 5200 sor
2134 5159 2283 5198 meus
2313 5143 2379 5198 ad
2412 5143 2704 5216 regendam
2743 5143 3061 5212 Ecclesiam,
3095 5147 3186 5200 cui
3230 5147 3346 5202 Deo
3397 5156 3618 5204 auctore

2015 5233 2301 5305 praesideo,
2335 5240 2463 5287 ante
2492 5247 2578 5286 me
2603 5235 2990 5303 praecesserat),
3023 5233 3235 5290 occulto
3264 5235 3366 5291 Dei
3406 5237 3620 5306 judicio

2017 5338 2116 5394 pro
2145 5321 2464 5376 utilitatibus
2485 5319 2859 5377 ecclesiasticis
2878 5321 2934 5376 in
2988 5322 3246 5393 Angliam
3293 5323 3454 5387 veni;
3507 5341 3614 5395 quo

2017 5410 2342 5478 venientem,
2390 5418 2498 5464 tam
2528 5425 2624 5465 rex
2672 5425 2834 5481 quam
2877 5409 3121 5482 pontifex
3162 5413 3428 5485 regnique
3463 5414 3617 5484 opti-

2019 5505 2209 5566 mates,
2241 5498 2308 5553 ad
2346 5497 2656 5554 cathedram
2697 5497 3062 5570 pontificalem
3105 5515 3216 5554 non
3242 5500 3508 5566 vocando,
3556 5503 3616 5556 ut

2019 5585 2137 5644 ﬁeri
2190 5587 2407 5658 assolet,
2468 5587 2579 5645 imo
2648 5586 2913 5646 violenter
2963 5586 3224 5660 rapiendo
3275 5589 3610 5662 pertrahunt,

3241 3279 3402 3320 ALIOS
3460 3281 3583 3321 BP!-
