4036 6072
346 232 447 289 263

923 208 1337 286 S.!ANSELMI.
1366 202 1707 263 CANTUAR.
1735 198 2056 261 ARCHIE'P.
2103 206 2252 263 OPP.
2287 200 2459 265 PARS
2490 206 2581 266 III.
2613 240 2685 251 —
2714 208 3097 268 EPISTOLE.

3551 210 3653 270 ξθι

342 360 488 416 clero
545 359 598 408 et
630 346 833 422 popqu
880 336 1304 399 acclamantibus
1346 332 1402 422 in
1450 331 1707 422 idipsum,
1740 337 1807 422 ut
1846 342 1950 422 nec

2092 334 2311 407 [uamvis
2344 335 2514 404 exsul,
2554 351 2685 392 vero
2714 344 2769 391 et
2822 335 3023 393 dilecto
3039 335 3216 393 amico
3243 337 3466 393 Huaom
3485 337 3663 396 archi-

343 463 483 504 unus
528 416 977 507 cui-displiceret
1032 425 1186 500 quod
1233 421 1523 507 gerebatur
1576 420 1724 473 visus
1781 416 1946 507 fuerit

345 502 624 590 interesse.
654 502 902 592 Denique
930 529 1055 571 cum
1085 509 1267 564 adhuc
1294 506 1351 560 id
1380 505 1525 559 nolle
1557 519 1659 558 nec
1687 502 1947 557 assentire

346 636 436 676 me
486 616 683 672 debere
736 607 1111 665 acclamarem,
1170 594 1318 668 quod
1374 593 1442 648 de
1499 600 1762 664 potestate
1800 592 1948 646 Nor-

346 703 593 765 thmanni
622 698 792 765 ducis,
833 690 977 763 quod
1023 689 1091 744 de
1119 682 1458 753 subjectione
1496 676 1953 751 Rothomagensis

350 793 610 870 episcopi,
644 785 775 858 ipsis
810 776 1187 854 ignorantibus
1223 777 1444 870 ereptus
1499 785 1690 870 essem,
1724 782 1952 870 quorum

353 851 469 947 jure
496 851 733 947 effugere
758 851 1021 929 enitebar,
1055 858 1368 917 eorumdem
1418 855 1652 947 (praefati
1676 851 1956 947 “videlicet

344 918 505 1027 Jducis
534 972 589 1021 et
605 918 1034 1029 l'z’irchiepiscopi)
1066 952 1338 1023 praecepto
1369 961 1506 1000 onus
1548 942 1713 998 oﬂicii
1743 948 1958 1029 coactus

354 1068 409 1116 et
436 1053 694 1113 obediens
723 1027 926 1116 accepi.
961 1042 1081 1110 Quo
1127 1040 1286 1110 pacto
1316 1035 1370 1089 in
1401 1032 1635 1106 gradum
1669 1027 1957 1101 pontifica-

355 1149 465 1203 lem
494 1139 834 1203 sublimatus,
862 1131 1066 1187 idcirco
1116 1123 1320 1181 assensi
1359 1122 1488 1192 quia
1534 1119 1804 1177 contraire
1848 1132 1958 1172 non

355 1233 525 1309 potui.
559 1225 791 1284 Proinde
820 1218 1080 1309 infulatus
1126 1213 1325 1309 sedule
1359 1207 1778 1309 quidLDhristo,
1796 1202 1960 1309 jura

357 1292 478 1390 ejus
501 1310 780 1375 Ecclesiae,
811 1318 909 1377 pro
939 1302 1081 1366 loco,
1103 1313 1209 1390 pro
1241 1294 1416 1390 oﬂicio
1437 1292 1692 1347 deberem
1721 1292 1963 1361 cogitare

359 1382 523 1478 scapi,
584 1408 637 1457 et
691 1391 947 1470 pastorali
1004 1385 1268 1460 regimine
1311 1382 1443 1439 vitia
1495 1394 1754 1478 resecare,
1814 1391 1963 1478 prae-

360 1465 663 1566 sumptores
691 1465 960 1545 coercere,
996 1485 1049 1534 et
1078 1489 1307 1548 quaeque
1354 1470 1656 1527 inordinata
1686 1467 1756 1522 ad
1810 1465 1964 1566 ordi-

359 1554 754 1643 nem.debitum
775 1569 923 1630 volui
954 1579 1230 1623 revocare.
1263 1561 1383 1629 Qua
1422 1574 1604 1625 causa,
1637 1572 1773 1627 quos
1802 1554 1965 1625 adju-

2050 424 2302 488 diacono,
2334 422 2564 478 salutem
2605 429 2659 476 et
2712 420 3153 479 benedictionem
3182 422 3302 492 Dei,
3361 430 3416 478 et
3471 439 3655 494 suam,

2052 513 2098 570 si
2127 512 2260 586 quid
2287 511 2453 567 valet.

2128 600 2327 656 Fidelis
2354 600 2451 656 Dei
2481 599 2699 656 dilectio
2728 616 2837 656 non
2891 600 3098 656 dormit
3152 616 3329 672 neque
3382 600 3659 668 dormitat,

2058 706 2235 763 neque
2264 690 2380 744 ulla
2407 689 2595 746 saeculi
2625 689 2955 760 perturbatio
2985 697 3075 745 aut
3102 690 3250 745 ullus
3296 705 3455 747 casus
3509 690 3684 746 illam

2063 780 2273 851 fatigat,
2305 786 2358 834 et
2384 794 2602 850 semper
2628 779 2743 849 ejus
2773 795 2931 848 quem
2961 778 3140 850 diligit
3187 779 3531 851 praesentiam
3558 779 3664 836 de-

2063 869 2278 925 siderat.
2313 869 2377 923 Et
2407 868 2661 938 quoniam
2692 867 2761 923 de
2790 867 3084 924 dilectione
3139 876 3230 923 tua
3290 876 3465 924 certus
3519 885 3685 935 sum,

2066 958 2211 1031 quod
2239 957 2435 1012 absens
2462 973 2560 1028 per
2614 971 2794 1013 meam
2853 957 3199 1028 praesentiam
3255 973 3364 1013 non
3420 973 3664 1030 possum,

2067 1048 2257 1103 saltem
2289 1062 2386 1117 per
2412 1046 2617 1102 litteras
2647 1046 2775 1116 quid
2808 1046 2939 1101 mihi
2983 1046 3051 1101 sit
3105 1046 3444 1119 aliquatenus
3489 1047 3666 1120 signi-

2068 1136 2192 1193 ﬁco.
2227 1135 2325 1191 Dei
2355 1135 2538 1207 gratia
2568 1135 2908 1207 disponente,
2941 1143 2994 1190 et
3027 1136 3361 1191 orationibus
3387 1151 3665 1192 servorum

2070 1224 2188 1290 Dei,
2223 1224 2311 1295 qui
2368 1225 2422 1278 in
2481 1224 2664 1279 multis
2717 1223 2852 1279 locis
2908 1224 3073 1296 longe
3102 1224 3313 1295 lateque
3340 1240 3438 1279 sua
3491 1225 3671 1297 gratia

2070 1320 2289 1385 propter
2315 1313 2489 1368 Deum
2521 1329 2607 1367 me
2637 1312 2888 1385 diligunt,
2938 1329 3027 1367 me
3079 1313 3543 1385 prosequentibus,
3601 1329 3671 1369 ex

2073 1418 2178 1473 quo
2208 1402 2277 1458 de
2304 1402 2503 1473 Anglia
2533 1402 2806 1472 quomodo
2836 1402 2937 1458 scit
2983 1402 3147 1469 Deus,
3180 1417 3283 1458 nec
3338 1401 3673 1459 obliviscitur

2073 1491 2171 1564 [aL
2207 1490 2588 1564 obliviscaris],
2622 1491 2783 1561 exivi,
2815 1491 3025 1546 nullam
3053 1491 3196 1546 sensi
3228 1491 3539 1562 temporalis
3592 1494 3673 1548 rei

2075 1581 2131 1635 in
2184 1579 2271 1635 his
2312 1597 2433 1652 quae
2486 1579 2791 1635 necessaria
2846 1580 2977 1635 mihi
3025 1579 3255 1648 fuerunt,
3287 1579 3670 1652 indigentiam,

366 1684 509 1731 tores
534 1683 625 1723 me
651 1665 964 1735 oportuerat
990 1654 1190 1710 habere
1218 1651 1273 1705 in
1302 1664 1466 1706 causa
1495 1647 1614 1714 Πθίν
1997 1689 2051 1752 Β
2080 1685 2182 1725 nec
2208 1643 2371 1723 ullius
2403 1669 2531 1723 mali
2569 1668 2826 1724 violentia
2882 1667 2981 1741 [aL
3014 1643 3437 1741 malevolentiaf
3471 1643 3676 1724 tantum

365 1762 600 1820 offensos
648 1733 841 1826 patior,
895 1754 949 1802 et
1002 1759 1124 1816 quae
1170 1756 1270 1813 per
1299 1753 1386 1793 me
1424 1750 1661 1792 crescere
1688 1733 1966 1826 debuerat,

363 1867 455 1909 me
499 1820 764 1921 praesente
808 1835 1017 1908 deperit
1068 1847 1231 1888 causa
1280 1827 1397 1885 Dei.
1450 1826 1608 1882 Unde
1664 1820 1973 1921 treverendi

364 1912 571 2002 Patres,
602 1926 947 2007 gemebunda
1002 1921 1159 1979 vobis
1211 1920 1439 1989 loquens
1475 1913 1688 2007 fateor)
1744 1912 1972 2007 invene-

371 2032 499 2087 runt
528 1999 996 2080 me'amarissimae
1026 2007 1424 2073 tribulationes,
1457 2004 1585 2058 dum
1632 2009 1685 2056 et
1740 1999 1973 2069 quietem

373 2121 705 2175 fructuosam
746 2122 832 2161 me
862 2101 1184 2159 reminiscor
1212 2093 1530 2168 perdidisse,
1561 2098 1613 2145 et
1664 2087 1975 2143 infructuo-

373 2222 493 2263 sum
521 2197 826 2275 periculum
855 2189 1138 2248 considero
1198 2200 1285 2238 me
1321 2178 1742 2275 incurrisse-Ita
1778 2175 1975 2231 etenim

373 2266 616 2369 peccatis
645 2287 780 2341 meis
811 2278 1130 2337 facientibus
1160 2282 1340 2330 actum
1371 2277 1451 2325 est
1477 2273 1537 2323 ut
1567 2266 1658 2337 qui
1687 2273 1887 2369 nostri?
1919 2279 1977 2318 se

372 2353 566 2457 sponte
621 2371 973 2432 subdiderant
1009 2364 1228 2457 ditioni,
1255 2378 1287 2457 a
1314 2367 1497 2456 nostra
1524 2362 1715 2427 sponte
1742 2353 1978 2457 resililant

375 2440 603 2532 ditione,
642 2469 696 2520 et
746 2460 838 2533 qui
895 2455 1009 2511 illis
1052 2450 1302 2509 amabilis
1350 2445 1679 2510 exstiteram,
1726 2440 1978 2533 omnibus

376 2528 547 2617 ferme
586 2528 805 2611 odiosus
834 2546 1081 2603 existam.
1114 2541 1456 2609 Quapmpter
1518 2530 1829 2603 (venerandi
1858 2528 1975 2584 fra-

374 2657 505 2715 tres,
537 2643 637 2699 ﬁlii
677 2635 953 2696 charitatis
996 2629 1211 2698 vestrm)
1242 2626 1468 2681 obsecro
1523 2636 1621 2675 vos
1675 2619 1732 2673 in
1762 2617 1980 2673 nomine

379 2709 519 2809 ejus,
552 2731 646 2805 qui
675 2744 801 2784 suos
826 2723 1078 2779 inimicos
1106 2715 1333 2772 redemit
1374 2709 1643 2809 sanguine
1680 2724 1803 2808 suo,
1830 2713 1979 2805 orate

378 2796 441 2883 ut
495 2796 746 2879 omnibus
802 2816 946 2869 Deus
1002 2807 1158 2863 nobis
1210 2818 1401 2876 pacem
1468 2798 1685 2863 tribuat,
1733 2796 1982 2851 inimicos

379 2922 594 2972 nostros
649 2909 707 2961 in
752 2900 986 2977 gratiam
1015 2900 1317 2960 convertat,
1371 2898 1424 2945 et
1471 2886 1767 2943 secundum
1826 2899 1979 2939 suam

378 3004 715 3062 voluntatem
744 3008 843 3049 nos
862 2991 1046 3046 vivere
1073 2984 1256 3040 faciat.

453 3094 740 3151 Praeterea,
801 3091 1115 3150 quanquam
1178 3078 1323 3127 recte
1379 3069 1676 3131 viventem,
1727 3066 1984 3133 recteque
2012 3048 2061 3113 C

384 3180 683 3252 sapientem
738 3166 991 3244 pastorali
1045 3159 1407 3219 sollicitudine
1457 3154 1842 3252 fraternitatem
1888 3166 1986 3249 ve-

384 3238 551 3327 stram
585 3238 804 3319 monere
832 3254 1152 3326 compellor,
1185 3257 1452 3323 quatenus
1506 3244 1758 3311 viriliter,
1791 3257 1854 3296 ac
1897 3238 1987 3295 vi-

384 3355 642 3432 gilantius
685 3356 812 3422 agat
840 3348 897 3400 in
925 3341 1174 3399 doctrina
1205 3337 1329 3404 Dei,
1362 3334 1626 3392 canonica
1681 3329 1986 3427 severitate,

383 3418 432 3505 si
464 3445 590 3518 quid
613 3418 800 3499 contra
821 3430 1242 3491 ecclesiasticam
1271 3425 1581 3481 doctrinam
1611 3421 1667 3475 in
1697 3418 1991 3518 provinciis

384 3508 502 3594 suis
530 3536 804 3590 inventum
836 3522 1012 3587 fuerit,
1040 3531 1409 3588 compescens,
1459 3520 1512 3567 et
1553 3508 1857 3566 secundum
1895 3520 1990 3560 vo-

385 3627 650 3682 luntatem
680 3615 784 3672 Dei
814 3617 1009 3669 cuncta
1028 3608 1356 3677 disponens.
1397 3600 1455 3655 Si
1499 3598 1718 3672 quando
1746 3610 1874 3650 vero
1896 3608 1991 3648 seu

386 3715 447 3770 in
476 3700 973 3767 consecrationibus
1001 3696 1407 3767 episcoporum,
1440 3704 1535 3744 seu
1573 3687 1627 3741 in
1658 3682 1988 3741 ecclesiasti-

390 3814 578 3859 corum
608 3789 951 3864 negotiorum
980 3783 1178 3849 causis,
1231 3796 1324 3834 seu
1357 3774 1689 3864 quibuslibet
1743 3771 1863 3827 aliis
1898 3785 1993 3864 ra-

391 3858 632 3946 tionibus
659 3858 866 3951 aliquid
894 3874 1041 3945 quod
1071 3871 1139 3927 ad
1186 3882 1397 3925 sacram
1452 3862 1776 3936 religionem
1825 3858 1992 3951 perti-

389 3984 517 4036 neat
543 3974 684 4029 inter
709 3947 808 4024 vos
836 3971 1010 4021 ortum
1045 3959 1225 4027 fuerit,
1261 3954 1403 4026 quod
1432 3969 1531 4025 per
1586 3967 1684 4008 vos
1736 3947 1994 4005 canonice

391 4068 627 4139 nequeat
664 4053 903 4123 dil’ﬁniri,
952 4048 1231 4107 charitatis
1285 4044 1459 4100 officio
1514 4041 1573 4097 id
1627 4039 1695 4095 ad
1740 4037 1985 4139 notitiam

394 4125 637 4214 nostram
692 4141 896 4202 deferri
952 4150 1384 4200 commonemus,
1444 4138 1705 4203 quatenus
1759 4144 1791 4182 a
1837 4125 1995 4181 nobis

394 4245 584 4319 potius
619 4234 902 4294 consilium
930 4238 983 4284 et
1009 4226 1263 4319 solatium
1313 4219 1591 4319 accipiatis
1640 4232 1805 4316 quam

392 4302 723 4393 varicatores
750 4319 1125 4378 mandatorum
1155 4314 1255 4369 Dei
1311 4312 1366 4366 in
1414 4308 1677 4381 judicium
1707 4305 1823 4375 ejus
1850 4302 1997 4358 indi-

2082 1758 2214 1812 mihi
2246 1773 2443 1813 nocere
2470 1757 2660 1829 potuit,
2695 1765 2958 1829 quantum
3014 1758 3391 1814 benevolentia
3432 1758 3531 1812 Dei
3588 1773 3677 1813 me

2073 1846 2269 1915 juvare
2296 1847 2487 1902 voluit.
2521 1848 2747 1901 Tantam
2777 1847 2923 1902 enim
2951 1847 3181 1918 gratiam
3212 1862 3310 1901 sua
3326 1846 3675 1917 pietatemihi

2082 1942 2227 1996 Deus
2256 1936 2483 2009 largitur
2512 1936 2654 2007 apud
2683 1937 2907 2001 multos,
2940 1951 3172 2006 quorum
3200 1950 3484 1990 numerum
3514 1933 3678 1991 modo

2082 2028 2288 2096 nescio,
2348 2025 2654 2097 episcopus,
2712 2024 2954 2094 abbates,
3013 2024 3288 2096 principes
3355 2031 3408 2080 et
3487 2024 3680 2088 divites

2082 2117 2240 2187 hujus
2268 2115 2472 2182 saeculi,
2504 2123 2557 2169 et
2612 2114 2836 2169 minoris
2891 2113 3119 2178 ordinis,
3179 2129 3212 2169 a
3266 2114 3405 2168 mari
3462 2112 3678 2168 Barensi

2084 2221 2252 2276 usque
2282 2205 2351 2260 ad
2408 2219 2562 2258 mare
2618 2202 2926 2272 Bonojense
2981 2201 3079 2274 [αι.
3112 2201 3417 2275 Boniense],
3448 2209 3506 2257 ut
3561 2202 3682 2272 plus

2084 2296 2303 2351 timeam
2334 2293 2530 2348 multos
2573 2290 2851 2347 offendere
2878 2307 2967 2346 me
2996 2291 3337 2346 absentando
3368 2307 3530 2363 quam
3586 2305 3684 2346 eos

2084 2382 2496 2454 frequentando.
2530 2383 2676 2436 Inter
2702 2396 2837 2453 quos
2881 2380 3208 2436 venerabilis
3238 2380 3686 2451 archiepiscopus

2084 2471 2462 2544 Lugdunensis
2487 2470 2687 2543 gaudet
2715 2469 2782 2524 ad
2812 2485 3053 2539 praesens
3081 2485 3142 2525 se
3170 2485 3321 2524 suam
3352 2468 3483 2523 mihi
3514 2468 3688 2524 muni-

2084 2560 2354 2617 ficentiam
2385 2560 2609 2631 cepiose
2637 2566 2692 2614 et
2720 2558 3018 2615 honorifice
3046 2557 3334 2625 exhibere,
3367 2567 3416 2613 et
3460 2557 3684 2613 deside—

2084 2657 2169 2706 rat
2198 2665 2286 2705 me
2314 2664 2530 2719 semper
2560 2662 2765 2715 secum,
2799 2647 3040 2716 quandiu
3069 2646 3217 2701 exsul
3249 2662 3341 2702 ero
3371 2646 3438 2700 ab
3484 2645 3686 2702 Eccle-

2086 2739 2172 2795 sia
2202 2745 2407 2806 nostra,
2425 2752 2668 2792 manere.
2693 2735 2851 2805 Quod
2869 2752 2976 2790 non
3005 2743 3115 2790 tam
3143 2735 3291 2790 Deus
3319 2734 3456 2790 meis
3483 2734 3689 2790 meritis

2085 2827 2218 2884 facit
2248 2842 2409 2897 quam
2439 2842 2552 2881 suae
2580 2824 2837 2881 bonitatis
2868 2824 3217 2880 abundantia.
3251 2823 3393 2892 Quid
3423 2831 3603 2879 autem
3619 2822 3687 2880 de

2087 2932 2176 2972 me
2206 2916 2446 2971 futurum
2476 2915 2562 2981 sit,
2594 2915 2679 2970 vel
2710 2913 2839 2986 quid
2871 2913 3108 2969 facturus
3137 2913 3262 2979 sim,
3309 2912 3461 2967 nulla
3515 2912 3689 2968 certi-

2089 3005 2274 3061 tudine
2301 3005 2397 3060 tibi
2428 3020 2651 3075 possum
2682 3002 2945 3068 scribere,
2979 3002 3074 3057 sed
3104 3002 3301 3057 divinae
3329 3000 3689 3073 benignitatis

2094 3110 2183 3151 me
2210 3094 2488 3149 committo
2518 3092 2732 3163 penitus
2760 3090 3118 3163 dispositioni.
3150 3090 3267 3145 Tibi
3298 3098 3475 3146 autem
3504 3091 3576 3146 de
3603 3106 3693 3146 me

2094 3184 2227 3238 nihil
2258 3182 2452 3237 melius
2481 3182 2551 3236 ad
2581 3197 2822 3252 praesens
2848 3196 3073 3249 possum
3103 3179 3393 3236 consulere
3405 3195 3572 3252 quam
3602 3179 3694 3234 ubi

2097 3286 2240 3327 nunc
2269 3288 2345 3338 es,
2380 3269 2453 3325 ibi
2483 3270 2702 3325 studeas
2731 3270 2847 3324 Deo
2878 3267 3104 3337 servire,
3135 3268 3308 3323 donec
3337 3269 3481 3323 Deus
3536 3268 3697 3323 aliter

2095 3366 2150 3416 te
2180 3368 2234 3414 et
2260 3360 2426 3414 vitam
2457 3362 2604 3413 tuam
2634 3357 2762 3412 velit
2791 3357 3045 3412 ordinare
3074 3356 3177 3411 sub
3205 3356 3384 3429 gratia
3432 3370 3554 3411 sua.
3587 3356 3695 3412 Sa-

2096 3449 2212 3505 luta
2238 3448 2498 3504 domuum
2529 3445 2880 3503 Guillelmum
2896 3445 3335 3502 archidiaconum
3364 3452 3421 3500 ut
3438 3444 3697 3500 dilectum

2100 3546 2360 3593 nostrum.
2394 3536 2578 3592 Saluta
2607 3535 2984 3591 dilectissimas
3011 3533 3153 3589 filias
3197 3542 3408 3590 nostras
3462 3533 3701 3589 abbatis-

2100 3642 2192 3681 sas
2221 3642 2346 3680 cum
2377 3624 2487 3678 suis
2516 3623 2731 3679 ancillis
2785 3622 3266 3689 conversantibus,
3324 3622 3394 3677 de
3442 3622 3699 3693 Scephte-

2101 3713 2302 3782 sberia,
2334 3713 2403 3769 de
2432 3712 2564 3767 Win
2577 3711 2743 3779 tonia,
2777 3720 2829 3766 et
2857 3711 2926 3767 de
2953 3711 3241 3779 Wintuna,
3273 3710 3471 3781 quibus
3499 3709 3700 3765 mando

2101 3802 2537 3857 benedictionem
2568 3800 2666 3856 Dei
2699 3807 2750 3855 et
2779 3807 3037 3868 nostram,
3067 3807 3331 3872 quantum
3375 3815 3615 3871 possum,
3648 3804 3704 3854 et

2100 3906 2236 3963 roga
2267 3906 2359 3946 eas
2389 3898 2447 3945 ut
2475 3896 2632 3945 orent
2659 3905 2757 3960 pro
2785 3904 2899 3943 me.
2937 3889 3053 3944 Hoc
3065 3904 3230 3943 unum
3247 3887 3382 3944 scito
3402 3887 3529 3957 quia
3542 3900 3702 3959 spero

2099 3980 2159 4036 in
2186 3981 2323 4047 Deo,
2356 3986 2410 4034 et
2438 3980 2555 4034 haec
2582 3977 2833 4033 voluntas
2861 3992 2984 4032 mea
3014 3975 3110 4048 [al.
3144 3977 3348 4046 nostra]
3380 3976 3510 4046 quia
3562 3976 3701 4031 sicut

2101 4076 2325 4142 propter
2356 4066 2603 4122 timorem
2633 4072 2689 4122 et
2716 4080 2959 4120 amorem
3001 4065 3122 4133 Dei,
3162 4072 3217 4121 et
3262 4067 3529 4121 honorem
3585 4064 3702 4133 ejus

2104 4167 2157 4214 et
2187 4156 2445 4213 Ecclesiae
2473 4154 2595 4224 ejus
2614 4169 2874 4226 egressus
2901 4170 3020 4209 sum
3050 4154 3121 4210 de
3160 4153 3376 4226 Anglia,
3434 4153 3512 4208 ita
3564 4167 3700 4208 nuu-

2106 4263 2266 4320 quam
2296 4243 2573 4318 ingrediar
2601 4244 2657 4298 in
2684 4243 2836 4298 illam
2892 4241 2995 4297 nisi
3024 4250 3242 4313 propter
3295 4250 3349 4297 et
3403 4242 3700 4299 secundum

2108 4336 2360 4393 eamdem
2415 4348 2653 4401 causam,
2697 4331 2755 4386 in
2810 4338 3069 4402 quantum
3125 4330 3434 4404 intelligere
3489 4338 3703 4402 potero.

399 4422 555 4480 catis.
603 4418 824 4480 Iterum,
858 4404 1175 4495 οδθτίεδίῖηίν
1208 4415 1469 4495 τρεφηξξε
1522 4411 1642 4462 "05‘
1689 4400 1849 4495 ,οῗδίθ
1898 4406 2079 4473 ΡΙ’01)
2111 4424 2248 4481 Huic
2302 4421 2523 4495 pauperi
2579 4436 2773 4493 precor
2823 4400 2882 4475 ut
2936 4419 3134 4474 melius
3188 4419 3259 4473 sit
3306 4400 3379 4475 ex
3433 4400 3523 4474 tua
3552 4426 3706 4490 parte

397 4510 576 4577 nobis,
610 4502 801 4575 erigite
828 4513 927 4554 nos
975 4497 1045 4550 de
1086 4487 1527 4577 tribulationibus
1582 4482 1779 4539 nostris
1832 4495 1996 4577 manu

398 4569 589 4658 vestrm
619 4569 898 4654 orationis,
931 4584 1032 4657 piis
1061 4580 1311 4654 precibus
1360 4576 1635 4648 pulsantes
1680 4586 1838 4626 aures
1884 4569 1999 4624 cle-

400 4685 616 4744 mentiae
644 4679 764 4737 Dei.
796 4675 1065 4731 Dominus
1092 4672 1190 4744 qui
1210 4667 1368 4740 jussit
1396 4665 1463 4721 de
1512 4660 1759 4719 tenebris
1818 4659 1999 4713 lucem

399 4771 785 4849 splendescere
843 4764 915 4834 (II
934 4762 1187 4849 Corniv,
1211 4759 1286 4825 6),
1346 4750 1629 4849 mentibus.
1670 4745 1866 4849 vestris
1908 4746 2000 4849 in-

402 4834 596 4921 fundat
635 4859 813 4912 lucem
872 4846 1148 4921 sapientia
1194 4860 1326 4909 sum,
1359 4850 1418 4897 ut
1447 4855 1567 4911 quae
1610 4837 1766 4909 jubet
1796 4834 2001 4891 intelli-

403 4951 565 5027 gatis,
597 4943 984 5014 intelligentcs,
1008 4948 1172 5007 opere
1201 4930 1540 5002 compleatis.

834 5040 1172 5101 EPISTOLA
1217 5038 1409 5093 CXVII
1442 5036 1574 5107 (54).

629 5146 868 5190 ΑΝΒΒΙιΜι
894 5144 965 5182 ΑΒ
994 5139 1266 5181 ΗυσιοΝΕΜ
1294 5133 1772 5177 ARCHIDIACONUM.

409 5204 1907 5305 Signiﬁcatﬂua'f‘o-hf’l’f”1€.-ff-?33f"i’?ff.’f““
1938 5201 2005 5259 αδ

566 5280 825 5356 ὂήτηίὸιιε
852 5291 918 5346 in
947 5286 1150 5345 exsilio
1179 5298 1280 5340 suo
1309 5284 1605 5353 susceptus
1632 5280 1835 5348 fuerit.

478 5412 805 5471 Amenanus,
817 5394 994 5473 gratia
1008 5391 1110 5449 Dei
1124 5388 1560 5462 archiepiscopus
1589 5381 2005 5451 Cantuariensis,

480 5534 592 5610 (54)
623 5532 731 5590 Ex.
762 5544 865 5584 ms.
894 5523 1020 5581 464.
1050 5516 1192 5575 Bibl.
1220 5514 1414 5592 regiae.

2105 4520 2327 4586 propter
2354 4526 2599 4567 amorem
2628 4516 2894 4577 nostrum,
2928 4507 3184 4577 quoniam
3215 4523 3314 4579 per
3358 4507 3528 4563 multa
3554 4506 3705 4577 peri-

2107 4602 2229 4659 cula
2259 4608 2311 4656 et
2340 4600 2511 4654 multo
2540 4598 2729 4653 labore
2757 4603 2937 4668 portat
2964 4595 3216 4651 nuntium
3248 4603 3509 4652 nostrum.
3542 4594 3700 4650 Vale.

2182 4689 2367 4746 Saluto
2396 4703 2496 4742 vos
2526 4701 2629 4758 ego
2662 4684 2824 4739 frater
2853 4684 3156 4739 Eadmerus
3183 4684 3407 4740 coexsul
3423 4683 3628 4739 domini
3650 4691 3707 4738 et

2109 4779 2278 4835 Patris
2306 4775 2473 4833 nostri
2504 4773 2923 4844 archiepiscopi,
2951 4773 3156 4846 gratias
3168 4789 3338 4847 agens
3366 4774 3486 4828 Deo
3515 4780 3569 4829 et
3601 4772 3701 4842 illi,

2112 4869 2239 4942 quia
2256 4868 2454 4939 dignus
2471 4863 2693 4920 habitus
2715 4879 2835 4917 sum
2865 4863 3026 4933 hujus
3041 4863 3215 4918 exsilii
3230 4862 3522 4919 consortio.
3546 4863 3703 4933 Rogo

2111 4958 2275 5013 etiam
2304 4963 2361 5010 ut
2390 4969 2527 5027 quos
2583 4952 2832 5008 dominus
2885 4950 3332 5023 archiepiscopus
3386 4951 3587 5008 salutat
3639 4965 3708 5005 ex

2112 5063 2206 5103 sua
2235 5051 2409 5118 parte,
2443 5058 2513 5100 ex
2540 5049 2724 5098 nostra
2753 5048 2909 5113 parte
2936 5040 3199 5097 salutatis.

2605 5173 2939 5230 EPISTOLA
2968 5172 3209 5228 CXVIII.

2149 5283 2389 5325 ANSBLMI
2418 5281 2488 5321 ΑΙ)
2519 5278 2851 5320 LAMBBRTUM
2879 5275 3316 5321 ATREBATBNSBH
3346 5276 3672 5319 BPISCOPUM.

2182 5378 2484 5435 Asssnnus
2512 5370 2953 5444 archiepiscopus
2982 5369 3320 5443 Cantuariis,
3378 5371 3557 5428 amico
3612 5383 3712 5427 suo
