4036 6072
270 318 374 372 263

1532 308 1656 367 LIB.
1701 304 1787 378 ιν,
1830 310 2047 367 EPIST.
2094 299 2312 370 cxxit.

3479 320 3584 378 266

272 443 576 497 revereudo
626 440 885 511 episcOpo
943 437 1288 494 Atrebatensi
1338 439 1634 492 Lanasn'ro
1659 479 1672 505 ,
1725 436 1873 491 salu-
1904 436 1959 496 A
1991 437 2232 494 lationes
2262 437 2486 496 introire
2512 440 2573 496 in
2605 457 2843 513 regnum
2875 442 2974 498 Dei
3006 444 3150 513 (Aet.
3186 460 3304 511 xxv,
3325 444 3441 514 2t),
3464 460 3588 501 cum

276 541 404 586 tem.

348 622 552 674 Precor
608 618 944 673 sanctitatem
1004 624 1235 672 vestram
1292 625 1598 686 quatenus,
1652 624 1881 685 propter

280 709 468 764 domni
500 724 657 778 papae
699 722 941 762 amorem
992 715 1045 760 et
1089 714 1351 773 nostrum,
1403 704 1612 760 faciatis
1655 704 1883 760 conduci

278 800 443 852 istum
472 798 733 852 clericum
767 796 887 865 ejus
914 811 1012 864 per
1032 796 1407 864 episc0patum
1432 801 1692 861 vestrum,
1715 810 1883 863 quan-

284 898 399 942 tum
430 886 584 942 vobis
613 885 819 954 placet.
860 884 1062 938 Valete.

786 980 1119 1036 EPISTULA
1169 980 1371 1036 CXIX.

757 1085 1000 1125 ANSELMI
1040 1083 1112 1124 AD
1152 1084 1303 1123 Ευὶιῐ)
1313 1085 1384 1124 ΕΜ
1397 1108 1410 1124 ο

356 1159 669 1217 Venerabili
684 1158 1019 1215 Atrebatensi
1037 1158 1295 1227 episcopo
1318 1159 1616 1213 Lauasnro
1638 1165 1690 1211 et
1709 1156 1888 1212 amico

289 1250 643 1306 dilectissimo
676 1252 999 1315 Axsswus,
1031 1262 1219 1302 servus
1251 1246 1506 1302 Ecclesia:
1537 1245 1889 1302 Cantuarien-

290 1342 390 1405 sis,
424 1339 652 1394 salutem
685 1346 737 1391 et
771 1336 960 1391 ﬁdeles
990 1335 1283 1390 orationes.

366 1428 581 1485 Gratias
611 1443 716 1499 ago
742 1426 1056 1481 reverendae
1084 1424 1359 1480 dilectioni
1388 1432 1585 1480 vestra:
1632 1439 1729 1492 pro
1771 1424 1889 1478 sol-

292 1517 569 1573 licitudine
599 1532 761 1588 quam
794 1515 954 1570 habet
984 1530 1109 1586 erga
1135 1530 1221 1568 me
1251 1513 1305 1567 in
1336 1529 1401 1568 eo
1431 1514 1577 1585 quod
1611 1521 1891 1583 tantopere

292 1623 455 1663 nosse
504 1605 616 1660 vult
666 1606 734 1660 de
780 1613 956 1659 nostra
1023 1602 1267 1658 sanitate.
1327 1603 1460 1656 Dico
1510 1602 1688 1671 itaque
1738 1602 1893 1656 vobis

297 1698 425 1769 quia
456 1695 635 1767 gratia
665 1695 761 1749 Dei
794 1709 1024 1762 corpore
1074 1708 1244 1747 sanus
1294 1707 1449 1755 sum,
1497 1691 1591 1745 sed
1640 1693 1893 1746 continua

1984 524 2344 598 ﬂagellamur,
2374 528 2510 584 inter
2537 546 2636 584 nos
2667 537 2718 583 ct
2751 531 2922 585 Deum
2960 531 3106 587 beati
3156 531 3258 587 Job
3301 540 3587 589 teneamus

1987 616 2337 678 sententiam,
2367 618 2461 687 qui
2491 618 2669 672 nimiis
2697 619 3090 690 circumseptus
3118 620 3404 676 doloribus
3431 621 3609 677 dice--

1991 704 2083 758 bat
2109 724 2120 758 :
2145 705 2279 760 Haec
2310 708 2449 762 mihi
2478 709 2553 762 sit
2585 708 2890 764 consolatio
2921 713 2986 763 ut
3015 710 3280 780 afﬂigens
3314 724 3400 765 me
3429 711 3587 767 dolo-

1991 794 2142 850 ribus
2174 811 2287 851 non
2316 800 2516 868 parcat
2549 797 2685 868 (Job.
2709 812 2780 863 vr,
2816 797 2925 865 10).

2510 911 2851 967 EPISTOLA
2882 912 3076 968 CXXI.

2446 1016 2685 1055 ANSBLMI
2725 1017 2796 1055 ΑΙ)
2833 1015 3113 1057 ΑυΒιιυΒυ
3123 1042 3134 1053 .

2068 1087 2380 1143 Venerabili
2413 1088 2651 1144 domina:
2697 1089 2851 1160 regia
2898 1090 3200 1161 nobilitate,
3230 1089 3325 1145 sed
3356 1089 3593 1145 nobilius

1996 1191 2211 1230 morum
2244 1176 2516 1245 probitate
2548 1178 2770 1248 pollenti
2798 1180 3052 1245 Annum,
3086 1178 3246 1235 frater
3272 1181 3591 1247 Annuus,

1997 1266 2080 1319 sic
2110 1280 2232 1321 cum
2275 1267 2559 1336 temporali
2620 1267 2897 1323 nobilitate
2954 1270 3206 1323 virtutum
3263 1269 3596 1324 ornamentis

1998 1354 2273 1408 decoraris
2302 1362 2359 1409 ut
2378 1355 2431 1408 in
2450 1363 2649 1411 aeterna
2680 1355 2932 1411 felicitate
2962 1357 3226 1413 merearis
3256 1356 3373 1431 regi
3402 1373 3595 1431 regum

2000 1442 2269 1512 copulari.

2072 1532 2150 1586 De
2179 1531 2400 1587 ﬂoribus
2428 1534 2763 1603 psalmorum
2813 1534 2954 1604 quod
3010 1534 3229 1607 dignata
3270 1543 3350 1591 est
3392 1536 3593 1607 jubere

2001 1620 2197 1674 dilecta
2242 1622 2371 1675 mihi
2421 1623 2475 1675 in
2526 1624 2642 1678 Deo
2701 1628 2888 1679 vestra
2942 1622 3268 1691 sublimitas,
3300 1641 3401 1681 nec
3439 1626 3602 1682 citius

2002 1724 2101 1764 nec
2132 1710 2327 1765 melius
2358 1711 2526 1781 potuit
2554 1712 2783 1781 exsequi
2814 1711 2993 1767 ﬁdelis
3022 1712 3184 1767 vobis
3214 1720 3401 1769 nostra
3430 1715 3605 1770 humi‘

295 1785 590 1872 (1811“in
608 1783 816 1872 laboro;
869 1780 1375 1872 QU0d_m<_3_1‘0g3ﬁ3
1405 1789 1468 1872 ui
1489 1780 1648 1834 VCSITI
1679 1797 1893 1835 memo'
1924 1789 1977 1848 Β
2004 1797 2149 1852 litas.
2180 1780 2578 1871 Tantoquippe
2608 1780 2919 1855 obedientia
2948 1809 3134 1857 nostra
3161 1802 3393 1872 imperio
3422 1812 3604 1859 vestro

300 1871 430 1925 riam
505 1869 735 1924 habeam
795 1868 849 1921 in
906 1865 1243 1921 orationibus
1302 1865 1537 1930 nostris,
1590 1881 1688 1934 pro
1749 1874 1895 1921 certo

298 1961 491 2014 scitote
541 1958 687 2027 quia,
720 1957 841 2011 licet
870 1954 1144 2011 orationes
1192 1969 1327 2007 mea?
1370 1953 1504 2008 viles
1549 1952 1673 2015 sint.
1719 1961 1897 2009 tamen

297 2050 439 2103 bene
472 2049 664 2114 valete,
713 2044 1010 2101 reverenda
1054 2043 1128 2097 mi
1177 2044 1334 2097 Pater
1380 2049 1432 2096 et
1478 2042 1727 2107 domine,
1776 2059 1895 2097 cum

297 2137 549 2193 omnibus
594 2152 692 2191 vos
740 2134 794 2189 in
844 2133 1070 2189 veritate
1118 2131 1495 2203 diligentibus,
1530 2139 1582 2187 et
1612 2139 1761 2186 orate
1799 2148 1896 2203 pro

298 2226 478 2283 nobis.

822 2338 1160 2395 EPISTOLA
1194 2336 1369 2392 CXX.

722 2452 960 2492 ANSELMI
998 2452 1069 2490 ΑΙ)
1108 2451 1466 2490 ΙΙΙΞΒΝΟΞἸἮΗ.

368 2535 600 2591 Domino
628 2544 681 2590 et
712 2534 862 2589 fratri
892 2532 1211 2589 charissimo
1241 2533 1550 2587 lleanosro
1579 2530 1747 2586 frater
1778 2531 1901 2585 AN-

296 2641 530 2691 ssuws,
550 2624 780 2679 salutem
803 2622 1071 2693 corporis,
1093 2630 1290 2693 quanta
1313 2620 1587 2690 expediat,
1611 2628 1665 2676 et
1684 2620 1901 2687 animus,

300 2722 500 2787 quanta
530 2711 780 2768 suﬂiciat.

372 2800 707 2856 Inﬁrmitatis
739 2809 843 2855 tute
869 2798 1031 2853 nimis
1072 2800 1422 2872 ingravatam
1470 2798 1795 2864 molestiam,
1829 2798 1903 2853 mi

299 2891 503 2946 dilecte
533 2891 736 2961 pariter
760 2897 811 2943 et
841 2888 1087 2954 dilector,
1120 2888 1272 2957 prius
1301 2889 1660 2958 quorumdam
1710 2903 1903 2943 narra-

306 2981 472 3047 tione,
519 2979 720 3033 deinde
771 2978 1066 3031 litterarum
1118 2985 1330 3031 tuarum
1380 2976 1609 3031 lectione
1648 2976 1900 3048 cognovi.

302 3068 423 3137 Qua
452 3069 521 3123 de
551 3085 607 3122 re
640 3075 697 3121 ut
728 3075 934 3122 taceam
966 3074 1222 3137 quantam
1270 3065 1663 3134 assumpserim
1696 3066 1749 3119 in
1781 3065 1902 3120 ani-

2007 1886 2252 1941 devotius
2291 1888 2565 1955 successit,
2597 1897 2798 1960 quanto
2830 1888 3007 1959 ipsum
3039 1889 3329 1959 imperium
3359 1907 3390 1945 a
3419 1901 3605 1948 sancta

2006 1976 2295 2031 devotione
2329 1977 2614 2047 processit.
2656 1978 2833 2045 Quam
2860 1978 3205 2035 devotionem
3236 1988 3365 2050 opto
3414 1988 3466 2036 et
3510 1996 3608 2037 oro

2011 2074 2067 2118 ut
2096 2066 2436 2136 omnipotens
2464 2067 2610 2121 Deus
2637 2068 2717 2121 sic
2744 2067 2799 2121 in
2828 2066 2984 2122 nobis
3013 2077 3296 2124 conservet
3326 2077 3381 2124 et
3409 2070 3610 2126 nutriat

2013 2162 2070 2208 ut
2098 2162 2333 2208 mentem
2364 2163 2604 2211 vestram
2635 2156 2687 2210 in
2718 2155 2877 2211 terris
2904 2172 3004 2211 suo
3034 2156 3349 2213 dulcissimo
3392 2156 3609 2226 aﬂ‘ectu,

2012 2249 2064 2297 et
2092 2242 2147 2296 in
2178 2242 2330 2297 cmlis
2362 2259 2460 2298 suo
2490 2243 2650 2299 beato
2697 2252 2923 2314 aspectu
2969 2244 3203 2301 reﬁciat.
3241 2246 3517 2319 Exiguum
3560 2255 3616 2303 et

2014 2330 2119 2386 vile
2150 2347 2346 2386 munus
2374 2331 2519 2403 quod
2549 2332 2706 2388 vobis
2733 2333 2893 2388 mittit
2921 2341 3107 2389 nostra
3138 2351 3348 2406 pauper
3377 2337 3615 2406 parvilas

2013 2435 2151 2491 rogo
2199 2436 2266 2475 ne
2314 2420 2573 2492 despiciat
2620 2429 2806 2477 vestra
2854 2422 3009 2477 dives
3054 2422 3333 2479 nobilitas.
3373 2424 3432 2481 Si
3470 2425 3615 2480 enim

2010 2524 2119 2563 non
2148 2517 2230 2563 est
2260 2524 2390 2564 auro
2420 2510 2758 2581 gemmisque
2787 2519 3104 2580 crustatum,
3137 2519 3222 2567 est
3249 2520 3394 2569 certe
3442 2520 3613 2569 totum

2013 2596 2329 2651 charitativa
2359 2596 2616 2653 ﬁdelitate
2646 2598 2845 2654 factum
2878 2606 2931 2654 et
2963 2598 3107 2655 ﬁdeli
3137 2600 3400 2656 charitate
3431 2600 3614 2658 dona-

2017 2692 2146 2739 tum.
2188 2686 2320 2740 Post
2348 2686 2508 2741 ﬂores
2535 2688 2878 2758 psalmorum
2924 2687 3123 2744 addita
3168 2696 3294 2744 sunt
3343 2690 3621 2747 orationes

2013 2782 2243 2844 septem,
2278 2790 2514 2845 quarum
2562 2776 2737 2847 prima
2776 2791 2882 2832 non
2913 2784 3118 2832 tantum
3150 2777 3321 2833 oratio
3353 2786 3619 2851 quantum

2016 2863 2300 2918 meditatio
2356 2865 2591 2921 dicenda
2647 2873 2746 2936 est,
2808 2881 2914 2938 qua
2968 2882 3027 2922 se
3082 2867 3385 2937 peccatoris
3438 2867 3623 2922 anima

2016 2951 2254 3008 breviter
2282 2954 2555 3022 discutiat,
2587 2954 2925 3010 discutienda
2956 2956 3242 3027 despiciat,
3266 2956 3620 3028 despicienda

2017 3040 2284 3108 humiliet,
2312 3043 2647 3097 humilianth
2669 3052 2874 3098 terrore
2903 3043 3077 3099 ultimi
3100 3044 3295 3115 judicii
3317 3044 3616 3115 concutiat,

302 3131 449 3212 mam
486 3172 661 3211 meam
682 3131 1549 3225 compassionem,testisestmihi
1572 3154 1905 3210 conscientia
1936 3146 1985 3209 Ο
2017 3144 2280 3225 (Ῥηίξξίδδίί
2308 3148 2363 3184 m
2393 3131 2755 3225 gummi“;
2777 3131 3044 3225 Ῑθοῗὶπξεδ
3093 3142 3362 3205 crumP‘H-
3400 3134 3618 3225 Ῐιξ-οτξι·

306 3246 436 3318 quia
466 3245 699 3300 libenter
724 3245 899 3315 ipsam
953 3252 1117 3299 totam
1168 3252 1560 3299 transumerem
1605 3244 1660 3296 in
1709 3259 1908 3313 corpus

304 3351 485 3389 meum
518 3334 849 3403 passionem.
881 3331 990 3387 Sed
1023 3347 1144 3388 cum
1164 3340 1372 3387 certum
1405 3332 1476 3385 sit
1505 3333 1630 3401 quia
1654 3333 1910 3403 ﬂagellat

302 3426 453 3480 Deus
485 3439 708 3479 omnem
748 3423 934 3491 ﬁlium
952 3438 1111 3494 quem
1133 3422 1334 3492 recipit
1356 3420 1540 3489 (Hebr.
1565 3437 1657 3489 xu,
1679 3421 1754 3491 6),
1772 3420 1911 3476 miro

306 3512 544 3583 quodam
578 3511 744 3566 modo
772 3510 963 3566 eadem
1014 3526 1101 3565 me
1145 3510 1400 3575 charitas,
1433 3518 1481 3564 et
1512 3509 1636 3580 quia
1680 3509 1912 3581 flagellis

304 3601 579 3670 attereris,
612 3600 841 3669 impellit
872 3600 938 3654 ad
970 3599 1438 3668 compassionem,
1465 3607 1517 3653 et
1545 3600 1669 3670 quia
1704 3600 1772 3653 ad
1804 3600 1911 3654 hae-

304 3691 590 3746 reditatem
624 3687 875 3755 erudiris,
894 3686 1084 3743 invitat
1110 3687 1179 3742 ad
1210 3687 1755 3759 congratulationem.
1782 3688 1914 3743 l’en-

304 3779 531 3834 sandum
559 3778 704 3833 enim
735 3776 893 3832 nobis
922 3784 1023 3844 est,
1056 3776 1396 3843 charissime,
1431 3784 1686 3847 quantam
1723 3792 1911 3832 secum

308 3868 488 3923 ferant
516 3867 738 3923 dolores
789 3865 864 3920 illi
913 3865 1359 3931 consolationem,
1398 3864 1488 3935 qui
1518 3864 1646 3919 dum
1675 3865 1913 3920 exterius

306 3965 496 4012 nostra
542 3954 746 4010 delicta
792 3961 1079 4025 purgant,
1129 3953 1323 4022 quibus
1371 3953 1580 4007 externi
1650 3954 1915 4010 cruciatus

306 4039 681 4108 intenduntur,
711 4043 780 4096 ad
811 4042 1041 4097 ﬁliomm
1075 4042 1173 4096 Dei
1206 4056 1305 4096 nos
1335 4042 1911 4110 transferuntsortem,

307 4134 507 4206 quibus
537 4131 765 4203 superni
803 4130 955 4203 regni
1007 4130 1207 4202 gaudia
1257 4129 1664 4199 promittuntur,
1700 4139 1756 4185 ut
1785 4130 1912 4185 dum

307 4221 549 4278 exterior
578 4223 741 4274 homo
788 4227 993 4286 noster,
1043 4234 1203 4288 quem
1256 4218 1493 4287 quotidie
1552 4235 1775 4275 necesse
1834 4227 1914 4274 est

306 4309 607 4379 corrumpi,
659 4307 997 4379 ﬂagellorum
1059 4306 1302 4378 pondere
1361 4324 1582 4376 pressus
1636 4309 1911 4381 gemenda

309 4398 570 4467 suspirat,
603 4397 824 4451 interior
852 4396 1013 4450 homo
1045 4403 1243 4464 noster,
1276 4411 1441 4475 quem
1468 4396 1534 4451 de
1564 4396 1651 4451 die
1681 4397 1733 4450 in
1766 4397 1911 4451 diem

309 4494 523 4556 oportet
556 4483 831 4549 renovari,
878 4492 1225 4553 peccatorum
1275 4485 1597 4556 gravamine
1645 4485 1912 4540 relevatus

310 4574 636 4630 exsultando
668 4573 916 4642 respiret.
960 4572 1119 4641 Quod
1178 4572 1425 4626 nimirum
1458 4580 1585 4628 tunc
1616 4575 1909 4643 perveniet,

310 4663 356 4718 si
406 4661 625 4717 interior
673 4662 832 4716 homo
882 4660 935 4714 in
980 4659 1268 4714 exterioris
1316 4659 1625 4726 aﬂlietione,
1660 4677 1770 4717 non
1814 4677 1913 4730 per

310 4751 707 4822 impatientiam
757 4747 1124 4817 resultaverit,
1157 4748 1253 4801 sed
1282 4765 1383 4818 per
1412 4750 1708 4820 gratiarum
1738 4750 1912 4806 actio-

312 4857 444 4895 nem
475 4838 731 4894 caedentis
763 4838 941 4892 manui
973 4837 1326 4892 consenserit.
1363 4837 1494 4892 Cum
1528 4838 1668 4892 enim
1701 4855 1916 4908 semper

309 4929 626 4999 placeamus
664 4926 1023 4997 omnipotenti
1055 4927 1169 4981 Deo
1200 4926 1408 4997 quoties
1440 4927 1557 4995 ejus
1588 4926 1911 4998 dispositio-

311 5018 471 5072 nibus
498 5017 551 5070 in
583 5015 733 5070 nullo
780 5015 1143 5079 dissonamus,
1193 5021 1302 5069 tum
1350 5015 1588 5071 maxime
1634 5016 1913 5085 placamus

311 5105 722 5161 misericordem
778 5103 1106 5171 Dominum,
1154 5103 1198 5157 si
1248 5103 1566 5172 vapulantes
1612 5104 1914 5160 verberanti

311 5202 506 5265 sponte
537 5208 917 5249 consonamus.
953 5193 1094 5247 Cum
1126 5193 1273 5269 enim
1304 5192 1477 5246 omnis
1506 5191 1584 5247 ira
1614 5192 1830 5248 nonnisi
1862 5193 1915 5246 in

313 5285 701 5340 adversantem
735 5298 793 5336 se
825 5288 1060 5347 exserat,
1094 5280 1139 5334 si
1171 5295 1229 5335 se
1266 5296 1389 5335 reus
1419 5279 1623 5336 offenso
1652 5298 1751 5351 per
1778 5297 1915 5338 con-

313 5372 531 5429 cordem
584 5372 650 5425 de
700 5387 757 5425 se
803 5369 1129 5425 sententiam
1176 5369 1468 5438 consociet,
1500 5387 1724 5426 necesse
1755 5378 1830 5427 est
1859 5375 1918 5426 ut

312 5460 598 5518 irascentis
621 5467 801 5515 motus
822 5459 1114 5525 deferveat,
1138 5458 1391 5531 quoniam
1410 5459 1523 5530 jam
1544 5459 1919 5515 adversarium

314 5566 425 5607 non
488 5549 698 5604 invenit
744 5564 905 5619 quem
964 5546 1137 5602 feriat.
1194 5546 1921 5619 Quapropter,'charissime

311 5654 445 5704 cum
476 5639 744 5709 scriptum
775 5637 843 5692 sit
874 5636 999 5709 quia
1027 5640 1244 5712 oportet
1262 5652 1362 5697 nos
1380 5653 1483 5715 per
1504 5638 1719 5701 multa:
1737 5638 1919 5700 tribu-

600 5763 839 5849 l’amoa.
886 5761 1068 5826 CLIX.

1941 4508 1991 4569 D

2021 3217 2255 3271 tionibus
2309 3234 2443 3274 vero
2495 3219 2663 3274 sancti
2722 3219 2984 3291 Stephani
3053 3228 3109 3275 et
3177 3227 3384 3277 sanctae
3439 3223 3621 3279 Maria

2020 3306 2392 3377 Magdalenaz,
2452 3308 2704 3377 quaadam
2761 3316 2882 3362 sunt
2938 3324 3059 3380 quae
3110 3310 3156 3363 si
3213 3310 3400 3366 intimo
3457 3310 3622 3367 corde

2021 3396 2286 3463 dicantur,
2319 3412 2439 3451 cum
2471 3404 2642 3465 vacat,
2677 3396 2795 3467 plus
2826 3397 3051 3452 tendunt
3096 3398 3165 3451 ad
3209 3398 3620 3453 accendendum

2020 3499 2281 3540 amorem.
2326 3486 2383 3539 ln
2411 3485 2663 3540 omnibus
2694 3502 2821 3541 vero
2852 3494 3062 3556 septem
3121 3488 3308 3543 hortor
3363 3503 3460 3542 vos
3515 3502 3621 3559 ego

2020 3589 2209 3629 servus
2238 3580 2291 3629 et
2321 3574 2527 3629 amicus
2558 3574 2752 3629 animas
2781 3583 2976 3631 vestra:
3013 3584 3070 3630 ut
3111 3576 3388 3632 attendere
3419 3576 3621 3648 digne-

2022 3661 2175 3729 mini,
2210 3661 2419 3717 etiamsi
2449 3679 2547 3719 vos
2598 3662 2650 3719 id
2699 3663 2892 3719 melius
2920 3663 3149 3734 faciatis,
3182 3680 3289 3735 qua
3317 3664 3622 3722 humilitate

2022 3758 2074 3805 et
2132 3767 2237 3820 quo
2294 3750 2488 3806 affectu
2548 3751 2755 3807 timoris
2808 3760 2861 3808 et
2914 3753 3120 3809 amoris
3176 3752 3515 3810 oﬂ'erendum
3557 3754 3625 3810 sit

2023 3837 2342 3894 sacriﬁcium
2374 3841 2660 3896 orationis.
2704 3841 2913 3909 Valete,
2946 3850 2999 3897 et
3028 3858 3169 3898 nunc
3197 3850 3250 3897 et
3277 3842 3332 3897 in
3360 3851 3624 3898 aeternum

2023 3927 2075 3981 in
2107 3927 2221 3983 Deo
2252 3928 2445 3995 valete,
2496 3936 2547 3983 et
2598 3928 2840 3984 libellum
2896 3931 3116 3985 missum
3176 3932 3390 3987 arrham
3422 3939 3626 3988 nostra

2022 4014 2295 4071 ﬁdelitatis
2344 4017 2642 4072 secundum
2669 4018 2842 4072 Deum
2874 4026 2929 4073 et
2953 4027 3254 4074 nostrarum
3299 4019 3622 4089 orationum,

2023 4106 2423 4176 qualescunque
2448 4106 2577 4171 sint,
2612 4106 2835 4162 habere.
2877 4109 2936 4161 In
2986 4106 3092 4163 ﬁne
3134 4108 3375 4180 epistolas
3404 4108 3623 4180 profero

2023 4194 2164 4267 quod
2216 4210 2312 4265 per
2365 4202 2535 4249 totam
2592 4195 2883 4266 epistolam
2938 4197 3269 4265 persuadere
3337 4198 3616 4255 desidero.

2022 4284 2195 4340 Omne
2226 4282 2369 4355 quod
2400 4284 2570 4339 amitti
2602 4300 2824 4339 necesse
2856 4291 2953 4352 est,
2986 4284 3149 4339 etiam
3206 4299 3328 4341 cum
3387 4285 3619 4353 habetis,

2022 4372 2241 4428 sublimi
2273 4380 2449 4429 mente
2489 4374 2853 4437 contemnite;
2886 4373 2955 4428 ad
2986 4373 3041 4427 id
3072 4373 3248 4429 solum
3288 4373 3433 4444 quod
3459 4381 3624 4431 aeter-

2022 4478 2146 4516 num
2206 4461 2362 4517 beate
2420 4461 2611 4517 haberi
2665 4469 2884 4532 potest,
2944 4462 3191 4536 quandiu
3247 4479 3354 4517 non
3411 4461 3623 4519 habetis

2024 4551 2219 4605 humili
2266 4558 2443 4606 mente
2492 4551 2824 4606 contendite.
2877 4549 3036 4619 Quod
3092 4552 3424 4622 persuadere
3471 4549 3621 4621 volo,

2022 4648 2076 4694 ut
2111 4639 2347 4711 Spiritus
2380 4648 2598 4696 sanctus
2627 4639 2955 4709 persuadeat
2984 4655 3104 4708 oro,
3156 4639 3211 4694 in
3256 4655 3364 4713 quo
3412 4640 3573 4698 tertio
3606 4658 3619 4696 :

2022 4729 2224 4785 Valete.

2523 4825 2857 4883 EPISTOLA
2896 4827 3120 4883 CXXII.

2428 4930 2673 4970 ANSELMI
2711 4930 2782 4969 ΑΙ)
2822 4931 3211 4972 ιΑΝΡιιΛΝοσΜ.

2094 5011 2325 5068 Domino
2355 5018 2409 5067 et
2437 5012 2599 5080 Patri,
2633 5012 2929 5069 Catholicis
2959 5022 3271 5071 reverenter
3296 5013 3531 5072 amando
3569 5022 3625 5070 et

2023 5110 2266 5157 amanter
2294 5101 2599 5156 rever-endo
2629 5102 3044 5174 archiepiscopo
3066 5102 3419 5174 Lmramco,
3455 5102 3624 5161 frater

2023 5192 2354 5257 Axsnmws,
2389 5205 2518 5243 suus
2548 5189 2692 5261 quod
2724 5208 2878 5246 suus.

2097 5278 2367 5348 Quoniam
2413 5277 2604 5333 scienti
2643 5288 2730 5334 aut
2764 5277 3047 5335 tacendum
3103 5289 3197 5337 aut
3252 5280 3487 5339 breviter
3540 5286 3626 5337 est

2026 5368 2339 5438 dicendum,
2373 5383 2495 5422 cum
2526 5375 2702 5423 tacere
2733 5368 2899 5425 nolim
2930 5385 2997 5425 ne
3024 5385 3130 5426 non
3159 5369 3351 5444 loquar
3379 5370 3527 5441 quod
3570 5379 3625 5425 et

2028 5458 2110 5512 cui
2142 5456 2373 5512 libenter
2398 5455 2613 5526 loquor,
2648 5457 2884 5514 breviter
2912 5457 3146 5530 qualiter
3188 5466 3373 5516 noster
3411 5458 3626 5513 animus

2031 5548 2083 5603 in
2110 5556 2350 5618 paternae
2382 5552 2575 5602 vestrae
2604 5546 2944 5602 sublimitatis
2985 5545 3240 5604 ﬁdelitate
3270 5554 3627 5605 conversetur

2029 5636 2245 5697 intimo.
2287 5634 2436 5695 Sicut
2474 5634 2641 5714 igitur
2687 5634 2928 5713 quatidie
2974 5634 3232 5700 desidem
3286 5644 3347 5695 ut
3400 5633 3629 5697 adactus
