4036 6072
479 238 598 291 267

496 453 682 500 nostra
711 444 779 499 ab
809 441 1040 497 invicem
1091 442 1335 496 absentia
1383 440 1591 497 efficere
1621 439 1784 505 valet,
1820 445 1877 492 ut
1908 439 2091 509 aliquo

496 533 661 589 modo
692 533 992 585 minuatur.
1042 530 1120 583 De
1151 529 1446 583 moralibus
1493 529 1595 582 Job
1646 526 1962 592 mandastis,
1996 526 2090 580 sed

497 624 729 678 domnus
778 620 948 675 abbas
996 619 1356 673 Cadumeusis
1403 618 1714 673 Willelmus
1760 623 1811 670 et
1861 617 2092 670 domnus

495 713 803 766 Heruostus
843 706 1035 762 fidelos
1060 706 1223 761 vestri
1256 707 1575 761 invenerunt
1623 705 1963 775 scriptorem,
1997 705 2092 775 qui

490 800 606 869 jam
652 798 857 853 habens
902 803 1142 851 nostrum
1190 796 1408 863 librum,
1441 804 1704 860 vestrum,
1738 798 1795 847 ut
1827 801 1974 864 puto,
2002 792 2091 846 iu-

491 887 672 957 cmpit.
717 888 786 942 Ut
813 886 981 940 libros
1022 885 1307 940 beatorum
1358 884 1629 939 Ambrosii
1678 888 1731 937 et
1778 880 2092 951 Hieronymi

491 976 746 1040 habeam,
780 973 848 1028 ad
876 976 980 1030 hoc
1011 976 1155 1043 quod
1182 973 1448 1044 jussistis,
1482 972 1729 1028 laboravi
1778 976 1831 1025 et
1876 971 2085 1025 laboro.

488 1066 599 1121 Sed
637 1079 730 1119 eos
766 1064 1011 1118 nondum
1057 1062 1260 1117 habere
1308 1062 1486 1132 potui.
1529 1060 1704 1129 Quam
1752 1075 1888 1115 vero
1935 1059 2090 1113 citius

484 1161 698 1226 potero,
722 1152 867 1223 quod
897 1167 996 1207 vos
1026 1151 1153 1231 inde
1180 1150 1319 1207 velle
1341 1151 1454 1206 scio
1477 1148 1773 1221 perficiam.
1799 1148 2087 1203 Girardum

482 1250 722 1299 vestrum
771 1242 839 1296 de
889 1239 1151 1296 Flaudria
1182 1257 1279 1312 per
1304 1248 1504 1296 vestra:
1538 1238 1750 1309 pictatis
1786 1237 2086 1309 largitatem

483 1332 602 1389 Deo
631 1331 699 1387 de
727 1330 932 1385 mundo
961 1336 1151 1385 nostra
1179 1333 1534 1401 suggestione
1556 1328 1917 1398 redemptum,
1944 1328 2087 1381 unde

482 1437 591 1488 me,
624 1421 665 1474 si
698 1427 876 1474 vester
922 1435 1032 1472 non
1085 1434 1276 1483 essem,
1328 1416 1613 1471 confiterer
1662 1431 1879 1470 servum
1929 1414 2086 1470 vobis

482 1517 743 1581 emptum.
769 1507 857 1562 die
885 1522 916 1561 a
948 1506 1106 1562 vobis
1136 1506 1421 1563 constituta
1450 1505 1587 1559 sciat
1613 1506 1873 1558 sanctitas
1906 1511 2085 1558 vestra

479 1598 597 1654 sine
626 1596 783 1668 gravi
809 1596 1023 1666 jactura
1053 1610 1172 1649 esse
1194 1610 1297 1649 non
1322 1593 1569 1664 potuisse
1590 1592 1895 1646 absolutum
1918 1608 1948 1646 a
1968 1608 2083 1646 cre-

1030 228 1087 287 S.
1138 228 1441 287 ANSELMI
1466 228 1815 286 CANTUAR.
1850 223 2169 283 ARCHIEP.
2212 230 2369 286 OPP.
2431 228 2607 287 PARS
2656 226 2748 285 ΙΙΙ.
2779 261 2850 269 -
2882 228 3255 291 EPISTOLE.

495 338 694 412 amoris
722 353 887 411 vestri
917 352 1067 409 cordi
1105 370 1228 409 meo
1269 369 1492 422 semper
1522 358 1801 424 augeatur,
1837 348 1908 403 ita
1941 350 2090 404 nulla
2119 354 2175 414 A

2690 357 3031 413 EPISTOLA
3065 361 3306 416 CXXIV.

2581 460 2828 501 ANSELMI
2873 462 2945 501 AD
2984 465 3039 502 Ο.
3080 466 3408 508 EPISCOPUM.

2271 533 2503 590 Domino
2547 543 2599 589 et
2647 536 2788 589 Patri
2839 538 3137 595 reverendo
3186 541 3443 614 episcopo
3486 545 3576 615 G.,
3630 546 3801 605 frater

2202 621 2531 691 AivsnLMus,
2555 624 2646 695 qui
2674 624 2870 679 dicitur
2888 625 3061 682 abbas
3082 629 3256 698 Becci,
3287 634 3642 703 temporalem
3673 653 3798 709 pro.

2198 712 2507 781 speritatem
2538 722 2588 767 et
2617 722 2874 769 aeternam
2906 715 3242 774 felicitatem.

2272 800 2494 855 Gratias
2541 802 2752 875 agimus
2780 812 2970 861 vestrae
2998 808 3289 879 sanctitati,
3323 828 3441 881 qua:
3471 823 3686 871 nostras
3740 824 3797 874 et

2201 888 2422 943 fratrum
2470 898 2778 947 nostrorum
2824 894 3091 951 orationes
3128 899 3450 968 postulando
3478 919 3605 959 suas
3635 906 3797 962 nobis

2198 985 2280 1031 est
2310 978 2534 1046 dignata
2564 996 2661 1050 per
2688 981 2944 1037 dilectum
2975 983 3192 1040 fratrem
3243 993 3489 1044 nostrum
3532 992 3792 1050 domuum

2197 1065 2466 1121 Riculfum
2499 1070 2800 1125 concedere
2848 1079 2899 1126 et
2950 1089 3062 1129 suae
3118 1075 3512 1135 benevolentiae
3568 1083 3790 1153 auxilia,

2197 1154 2502 1227 ubicunque
2558 1161 2928 1230 opportunitas
2979 1163 3277 1234 exhibebit,
3333 1170 3667 1238 promittere.
3708 1173 3795 1228 Ad

2196 1245 2340 1313 quod
2370 1253 2570 1314 quanto
2600 1248 2776 1303 minus
2804 1251 2948 1321 quod
2978 1251 3141 1325 digne
3174 1270 3589 1328 recompensare
3621 1262 3795 1331 possi-

2195 1348 2314 1385 mus
2342 1332 2627 1401 habemus,
2660 1341 2808 1392 tanto
2837 1339 3015 1411 magis
3059 1341 3321 1414 quidquid
3378 1361 3665 1416 possumus
3715 1351 3790 1404 ad

2192 1430 2387 1476 vestrae
2443 1423 2782 1481 celsitudinis
2838 1429 3114 1483 servitium
3156 1440 3207 1487 et
3235 1448 3402 1503 opere
3432 1443 3484 1490 et
3512 1437 3790 1495 voluntate

2191 1511 2508 1580 impendere
2539 1513 2801 1570 debemus
2832 1525 2883 1571 et
2915 1518 3106 1585 Deum,
3142 1532 3362 1592 propter
3405 1542 3565 1596 quem
3624 1529 3787 1585 nobis

2191 1600 2528 1670 promittitis,
2580 1619 2738 1659 orare
2784 1612 2841 1659 ut
2882 1605 2998 1676 ipse
3053 1609 3213 1665 vobis
3269 1615 3565 1669 secundum
3625 1634 3781 1673 suam

478 1685 748 1776 (litoribus
784 1683 915 1738 suis.
958 1682 1130 1776 Venit.
1162 1690 1340 1737 tamen
1388 1681 1567 1776 prima
1613 1680 1894 1776 Dominica
1925 1679 2073 1776 Qua-
2105 1696 2156 1754 Β
2190 1688 2469 1758 copiosam
2520 1691 2823 1761 largitatem
2882 1697 3145 1751 retribuat
3201 1701 3346 1771 quod
3401 1719 3503 1757 nos
3559 1712 3787 1776 propter

476 1773 822 1847 dragesimaa,
853 1780 1086 1828 vestram
1117 1770 1171 1824 in
1221 1787 1282 1825 se
1329 1769 1614 1842 magnifice
1646 1768 2069 1823 misericordiam

476 1862 800 1936 praedicans,
852 1867 905 1915 et
957 1860 1185 1929 qualiter
1234 1874 1435 1914 nostra:
1491 1874 1605 1912 non
1662 1866 1770 1912 tam
1828 1856 2070 1927 petitioni

479 1968 647 2023 quam
691 1950 798 2005 levi
837 1950 1131 2005 voluntatis
1186 1947 1569 2020 signiﬁcationi
1625 1947 1678 2000 in
1734 1947 1851 2016 ejus
1909 1963 2074 2001 causa

473 2040 716 2113 dignatio
747 2047 920 2094 vestra
954 2038 1085 2093 favit
1114 2045 1169 2092 et
1198 2053 1414 2108 semper
1441 2052 1501 2091 se
1532 2036 1668 2091 velle
1700 2034 1883 2090 favere
1940 2035 2070 2089 inti-

472 2130 661 2185 mavit.
695 2126 799 2197 Qui
829 2126 960 2183 dixit
989 2142 1045 2181 se
1079 2126 1215 2181 velle
1245 2134 1318 2186 et,
1350 2133 1616 2196 quantum
1650 2124 1838 2178 attinet
1867 2124 1937 2178 ad
1969 2126 2072 2180 hoc

471 2219 618 2292 quod
648 2217 806 2273 habet
836 2231 1020 2287 posse,
1044 2215 1122 2271 sic
1149 2215 1383 2271 reddere
1414 2214 1559 2284 quod
1589 2214 1751 2268 debet
1781 2220 1833 2267 ut
1864 2213 2070 2283 aliquid

477 2308 626 2381 quod
655 2322 839 2361 secum
886 2303 1106 2360 offerret
1142 2303 1406 2372 haberet,
1453 2302 1548 2357 sed
1595 2317 1695 2373 pro
1742 2301 2069 2373 quibusdam

465 2382 882 2469 impedimentis
910 2410 1017 2450 non
1050 2393 1288 2465 potuisse
1314 2392 1615 2447 secundum
1653 2391 1964 2448 condictum
2014 2399 2071 2447 ut

468 2492 764 2556 Oporteret.
807 2483 989 2538 Rediit
1028 2482 1213 2555 igitur,
1261 2480 1581 2553 promittens
1632 2496 1691 2536 se
1750 2480 1805 2534 iu
1858 2480 2064 2535 Pascha

464 2576 696 2633 Beccum
730 2573 845 2628 ΠΕΟ
874 2580 1145 2627 annuente
1184 2579 1476 2628 venturum
1523 2578 1574 2625 et
1622 2585 1963 2632 mansurum,
2018 2573 2067 2627 Si

465 2680 577 2721 non
607 2661 882 2735 quomodo
905 2661 1066 2727 volet,
1093 2660 1183 2715 vel
1214 2660 1292 2715 sic
1317 2659 1587 2729 quomodo
1608 2660 1824 2729 poterit.
1851 2658 1905 2714 Si
1936 2658 2067 2729 quid

463 2751 631 2825 igitur
664 2751 910 2822 peccavit
940 2750 1065 2820 quia
1094 2747 1518 2820 promissionem
1550 2748 1705 2803 vobis
1747 2747 1948 2803 factam
1996 2747 2066 2802 ad

460 2843 685 2915 plenum
722 2857 829 2896 non
876 2847 959 2895 est
990 2846 1298 2906 exsecutus,
1331 2838 1581 2907 quoniam
1626 2853 1733 2893 non
1779 2837 1829 2891 id
1882 2836 2063 2891 admi-

461 2932 606 2987 sisse
638 2930 903 2985 malitiam
936 2927 1166 2993 videtur,
1198 2934 1323 2998 peto
1373 2942 1616 2995 securus,
1669 2933 1727 2980 ut
1772 2925 1945 2993 soleo,
1994 2925 2065 2982 de

456 3028 635 3078 vestra
684 3018 1039 3090 benignitate,
1072 3024 1339 3088 quatenus
1367 3014 1477 3070 tilio
1508 3023 1685 3071 vestro
1732 3015 1851 3070 vice
1898 3015 2062 3082 patris
2094 3052 2142 3114 Ο
2173 3039 2230 3087 ιιι
2276 3014 2510 3089 domnus
2553 3036 2705 3092 serto
2751 3040 2823 3094 ad
2870 3057 2990 3109 nos,

458 3108 627 3165 liceat
655 3124 779 3165 eum
811 3108 912 3163 hoc
936 3114 1090 3161 reatu
1120 3104 1407 3161 absolvere
1437 3120 1560 3160 cum
1591 3104 1870 3160 nobiscum
1919 3103 2060 3159 inci-

456 3198 570 3270 piet
599 3199 805 3254 vivere.
846 3198 906 3251 In
940 3210 1047 3267 qua
1076 3210 1135 3249 re
1164 3196 1305 3249 hanc
1334 3201 1536 3267 certam
1567 3208 1894 3264 praesumam
1924 3208 2059 3249 con-

456 3286 783 3356 cessionem,
817 3284 865 3341 si
897 3284 1103 3341 nullam
1138 3283 1324 3356 legero
1353 3281 1806 3353 prohibitionem.

940 3400 1276 3457 EPISTOLA
1314 3398 1540 3455 CXXIII

908 3523 1145 3563 ANSELMI
1185 3522 1257 3562 AD
1290 3520 1601 3561 IIBNRICUM.

521 3610 760 3669 Domino
808 3614 861 3665 et
916 3607 1062 3662 fratri
1107 3607 1360 3661 IIenmco
1380 3648 1397 3676 ,
1432 3606 1596 3660 frater
1626 3606 1930 3659 ANSELMUS
1962 3619 2057 3659 sa-

452 3702 640 3760 lutem.

522 3790 656 3845 Cum
686 3789 916 3843 Romam
948 3783 1228 3842 tendentes
1276 3782 1549 3839 transistis
1597 3798 1765 3856 prope
1795 3799 1917 3853 nos,
1950 3782 2055 3838 mi-

450 3887 632 3935 rantes
672 3876 945 3932 doluimus
995 3873 1123 3945 quia
1171 3890 1281 3929 nou
1330 3872 1513 3942 potius
1559 3889 1658 3944 per
1704 3890 1832 3940 nos,
1882 3873 2056 3928 donec

449 3966 756 4024 audivimus
786 3966 889 4020 hoc
915 3963 1070 4019 vobis
1098 3961 1436 4034 prohibitum
1468 3977 1589 4017 esse
1629 3962 1681 4015 iu
1726 3962 1923 4021 eundo.
1957 3962 2054 4016 sed

448 4071 770 4115 concessum
802 4054 856 4109 in
887 4051 1189 4108 redeundo.
1214 4050 1664 4122 Exspectavimus
1691 4049 1873 4122 igitur,
1899 4051 2054 4106 dom-

448 4163 552 4204 nus
581 4145 771 4211 abbas,
804 4149 859 4199 et
886 4158 1011 4215 ego,
1045 4149 1099 4197 et
1124 4140 1217 4195 alii
1249 4140 1444 4195 fratres
1475 4147 1527 4195 et
1557 4139 1841 4196 dilectores
1889 4138 2055 4195 vestri

449 4235 739 4291 adventum
771 4239 1042 4298 vestrum,
1067 4245 1163 4300 spe
1195 4228 1332 4284 falsa
1362 4229 1687 4301 gaudentes,
1710 4228 1887 4286 donec
1915 4228 2058 4284 didi-

446 4323 621 4381 cimus
651 4337 753 4378 vos
786 4320 840 4375 in
871 4319 1169 4391 Anglicum
1201 4326 1400 4373 terram
1432 4317 1812 4386 pertransisse,
1848 4318 2053 4388 despe-

445 4412 655 4468 ratione
688 4425 814 4465 vera
843 4408 1108 4463 dolentes.
1134 4405 1291 4474 Quod
1323 4422 1627 4477 quanquam
1660 4422 1765 4477 ego
1796 4422 1901 4460 non
1930 4406 2045 4461 sine
2074 4427 2132 4490 D

447 4501 632 4572 aliqua
663 4495 969 4552 rationabili
997 4510 1157 4552 causa
1190 4496 1394 4549 factum
1420 4510 1562 4561 esse,
1587 4494 1632 4548 si
1654 4493 1792 4549 bene
1814 4502 2046 4550 vestram

446 4589 574 4647 novi
606 4586 970 4652 dilectionem,
1004 4601 1109 4641 non
1140 4584 1389 4651 credam;
1438 4591 1614 4638 tamen
1645 4598 1712 4639 ne
1742 4598 1868 4655 qua,
1902 4583 2047 4655 quod

448 4677 605 4745 absit,
639 4675 724 4733 vel
753 4682 1091 4745 contemptus
1118 4673 1205 4728 vel
1249 4672 1447 4727 modici
1496 4672 1698 4728 amoris
1746 4687 1876 4744 erga
1923 4688 2047 4728 mo-

446 4764 742 4822 uasterium
776 4772 829 4818 et
860 4764 1056 4818 fratres
1085 4770 1299 4818 vestros
1330 4763 1398 4817 de
1424 4761 1578 4817 vobis
1611 4769 1828 4816 maneat
1864 4760 2046 4831 suspi-

446 4853 552 4922 cio,
585 4852 835 4909 mandate
866 4851 999 4923 quid
1029 4850 1146 4905 aliis
1177 4850 1529 4922 respondeam
1580 4865 1679 4905 cur
1727 4858 1909 4905 vestra
1949 4866 2048 4907 nos

442 4942 501 4999 iu
530 4942 707 4997 eundo
732 4948 784 4996 et
806 4938 1083 4995 redeundo
1105 4956 1211 4994 non
1235 4939 1480 4994 visitatos
1500 4937 1761 5010 praeteriit
1794 4938 2043 5004 dilectio;

447 5031 586 5088 sicut
616 5031 755 5086 enim
787 5028 1041 5084 desidero
1063 5044 1159 5085 vos
1190 5028 1321 5081 nihil
1355 5030 1567 5098 operari
1598 5027 1738 5098 quod
1764 5026 1918 5081 vobis
1940 5042 2046 5081 nou

447 5121 720 5192 expediat,
752 5119 827 5173 ita
856 5118 980 5173 uolo
1012 5122 1334 5188 quemquam
1368 5117 1433 5171 de
1464 5116 1618 5171 vobis
1667 5114 1868 5185 aliquid
1913 5114 2036 5186 Opi-

446 5210 561 5266 uari
594 5207 694 5264 nisi
726 5207 871 5279 quod
903 5222 999 5262 vos
1027 5205 1239 5260 deceat.
1298 5206 1604 5261 lnuotescat
1651 5205 1812 5258 etiam
1862 5205 2038 5260 amico

443 5306 623 5356 vestro
653 5296 694 5351 si
727 5295 853 5367 quid
903 5294 970 5349 de
1010 5309 1064 5348 re
1112 5309 1210 5363 pro
1257 5310 1361 5363 qua
1409 5292 1646 5347 animum
1677 5300 1937 5363 vestrum,
1987 5300 2040 5348 et

443 5389 672 5448 aliorum
704 5383 879 5440 verbis
908 5389 960 5439 et
990 5397 1023 5437 a
1055 5382 1239 5437 vestris
1288 5381 1497 5446 litteris,
1544 5381 1707 5437 valde
1751 5382 2038 5439 sollicitum

443 5488 499 5537 ut
531 5483 781 5552 parentes
811 5471 1149 5542 iuviseretis,
1200 5469 1397 5541 agnovi
1443 5468 1716 5538 effecistis,
1771 5479 2037 5543 quatenus

440 5567 614 5634 sciam
643 5573 814 5626 utrum
835 5561 991 5625 vobis
1021 5561 1250 5622 debeam
1281 5559 1514 5636 compati
1540 5558 1628 5620 vel
1659 5559 2033 5636 congaudere.

2181 1785 2418 1831 nostram
2473 1781 2793 1848 parvitatem
2854 1800 2960 1838 non
3020 1787 3291 1843 valemus.
3333 1791 3411 1846 De
3451 1792 3566 1848 ﬁlio
3598 1805 3778 1850 vestro

2182 1866 2347 1921 fratre
2391 1876 2582 1924 nostro
2630 1870 2830 1926 domno
2879 1872 3177 1946 Ricoardo,
3210 1881 3453 1948 quamvis
3496 1884 3775 1940 honestius

2181 1955 2339 2009 nobis
2366 1966 2501 2011 esset
2535 1966 2588 2012 et
2617 1960 2904 2015 mallemus
2932 1965 3086 2032 prius
3117 1967 3325 2023 servire
3368 1986 3527 2040 quam
3570 1973 3778 2044 aliquid

2181 2053 2381 2134 petere,
2416 2053 2653 2101 vestram
2688 2057 2889 2121 tamen,
2925 2053 3052 2122 quia
3072 2055 3141 2107 ita
3172 2071 3261 2111 res
3299 2060 3487 2130 exigit,
3519 2078 3780 2134 rogamus

2179 2132 2567 2204 benignitatem
2598 2144 2864 2206 quatenus
2892 2140 2968 2194 illi
3001 2152 3221 2212 prOpter
3250 2155 3490 2203 nostrum
3535 2132 3777 2210 amorem

2180 2224 2489 2314 concedatis
2518 2224 2562 2278 si
2593 2226 2726 2295 quid
2758 2227 2826 2283 de
2850 2244 2906 2284 se
2936 2239 3026 2285 aut
3049 2232 3117 2287 de
3139 2235 3424 2303 praebenda
3446 2256 3538 2295 sua
3558 2243 3777 2314 petierit

2180 2311 2324 2382 quod
2352 2319 2581 2369 vestram
2612 2330 2721 2370 non
2752 2316 3012 2375 dedeceat
3040 2322 3401 2383 honestatem.

2656 2414 3007 2473 EPISTOLA
3050 2420 3266 2479 CXXV.

2470 2515 2711 2559 ANSELM!
2749 2520 2820 2558 AD
2860 2523 3178 2567 HAINERIUM
3216 2529 3487 2573 ΑΒΒᾹΤΕΗ.

2250 2589 2459 2645 Dilecto
2490 2599 2541 2646 et
2571 2593 2714 2647 Patri
2744 2598 3045 2654 reverenda
3075 2599 3257 2657 abbati
3287 2605 3583 2679 MAINERIO,
3608 2609 3779 2668 frater

2176 2680 2494 2745 ANSELMUS,
2527 2680 2777 2737 salutem.

2247 2765 2456 2823 Scitote
2487 2769 2609 2839 quia
2641 2786 2747 2841 quo
2777 2772 2975 2830 iterum
3021 2793 3109 2834 me
3155 2781 3319 2838 vobis
3377 2787 3773 2845 mandaveram

2174 2871 2284 2909 non
2342 2856 2433 2912 ibo
2485 2866 2610 2914 ante
2665 2867 2884 2917 octavas
2930 2864 3247 2937 Epiphaniae
3275 2872 3521 2930 Domini.
3564 2877 3775 2936 Deinde

2172 2944 2360 3036 nescio
2385 2946 2600 3015 quando
2620 2947 2710 3003 ibo
2730 2958 2822 3005 aut
2844 2951 2888 3006 si
2911 2953 3020 3009 ibo.
3045 2957 3267 3013 Interim
3289 2961 3332 3016 si
3355 2963 3515 3019 vobis
3538 2965 3775 3036 placeret

2220 3049 2230 3123 t
2276 3049 2510 3089 domnus
2553 3049 2705 3092 δειειο
2751 3049 2823 3094 ad
2870 3057 2990 3109 nos,
3036 3060 3157 3100 cum
3206 3049 3359 3105 vobis
3405 3062 3771 3123 Opportunum

2171 3130 2335 3191 esset,
2384 3132 2646 3195 quantum
2680 3127 2945 3197 juberetis
2999 3144 3302 3193 moraturus
3347 3141 3590 3211 veniret,
3639 3145 3773 3201 mihi

2171 3211 2390 3303 quidem
2423 3213 2682 3285 placeret,
2715 3225 2767 3272 et
2795 3227 2925 3289 puto
2974 3222 3099 3292 quia
3151 3224 3229 3280 illi
3280 3243 3386 3283 non
3439 3231 3767 3303 displiceret.

2171 3301 2367 3357 Precor
2417 3304 2758 3359 sanctitatem
2790 3313 3027 3364 vestram
3059 3319 3134 3379 ut,
3180 3314 3225 3369 si
3269 3317 3422 3372 vobis
3480 3301 3770 3377 molestum

2168 3405 2277 3445 non
2306 3398 2409 3458 est,
2437 3407 2540 3461 per
2566 3409 2663 3449 vos
2692 3402 2878 3450 uotum
2898 3396 2993 3452 ﬁat
3016 3400 3253 3457 dominis
3273 3413 3326 3460 et
3355 3408 3547 3465 amicis
3572 3413 3768 3468 nostris

2171 3479 2237 3533 de
2268 3478 2515 3551 Sagiensi
2542 3483 2876 3540 monasterio
2907 3489 3053 3556 quod
3101 3491 3169 3545 de
3216 3502 3401 3551 nostro
3438 3499 3638 3556 mando
3667 3500 3765 3556 iti-

2169 3584 2318 3623 nere.
2361 3567 2491 3625 Scio
2521 3571 2663 3625 enim
2696 3588 2792 3628 eos
2816 3574 2952 3631 sicut
2980 3593 3079 3632 vos
3108 3581 3335 3638 sollicite
3361 3600 3518 3642 orare
3544 3604 3645 3657 pro
3676 3606 3765 3646 me

2166 3664 2219 3755 et
2248 3657 2495 3727 ejusdem
2524 3659 2731 3716 itineris
2760 3667 3140 3734 prosperitate.
3200 3671 3313 3726 Nec
3340 3674 3596 3744 paeniteat
3624 3681 3761 3734 cha-

2163 3752 2374 3837 ritatem
2428 3756 2658 3803 vestram
2717 3766 2905 3808 orasse
2962 3770 3063 3824 pro
3122 3757 3312 3815 itinere
3368 3772 3581 3834 nostro,
3642 3766 3765 3837 quia

2161 3835 2326 3889 modo
2375 3852 2485 3890 non
2515 3852 2600 3892 eo.
2635 3838 2833 3895 Potens
2864 3850 2942 3896 est
2970 3843 3115 3899 enim
3163 3847 3310 3903 Deus
3357 3866 3584 3909 servare
3631 3835 3764 3913 mihi

2161 3927 2433 3979 orationes
2465 3934 2678 3981 vestras
2706 3927 2760 3982 in
2789 3941 3149 4003 opportunam
3192 3936 3357 3993 diem.
3392 3941 3599 3999 Valete.

2642 4052 2983 4112 EPISTOLA
3027 4057 3269 4117 CXXVI.

2340 4154 2579 4195 ANSELMI
2610 4156 2682 4195 ΑΙ)
2712 4158 3000 4201 HENRICUM
3044 4163 3231 4205 BEGBM
3262 4167 3586 4212 ANGLORUH.

2233 4228 2343 4319 suo
2375 4231 2695 4319 charissimo
2724 4231 2946 4291 domino
2976 4236 3251 4309 HENRICO,
3287 4244 3459 4314 gratia
3489 4246 3609 4315 Dei,
3641 4247 3760 4319 regi

2161 4315 2499 4402 nugtorum,
2559 4318 2860 4402 ANsnLtuus
2926 4321 3367 4398 archiepiscopus
3423 4315 3754 4402 Cantuarias,

2163 4400 2320 4457 fidele
2348 4400 2623 4455 servitium
2657 4409 2708 4456 et
2736 4401 2927 4458 ﬁdeles
2956 4407 3253 4464 orationes.

2229 4491 2422 4544 Audivi
2472 4490 2598 4559 quia
2627 4506 2728 4545 vos
2757 4491 3094 4549 Willelmum
3143 4497 3373 4555 electum
3434 4503 3754 4576 episcopum

2154 4578 2603 4635 Wentoniensem
2633 4580 2926 4652 praecipitis
2952 4583 3096 4639 exire
3150 4585 3217 4641 de
3264 4590 3576 4662 episcopatu
3605 4602 3655 4648 et
3684 4594 3755 4651 de

2155 4668 2370 4741 Anglia,
2402 4668 2525 4739 quia
2573 4684 2679 4724 non
2720 4670 2957 4741 suscepit
2998 4678 3454 4734 consecrationem
3487 4698 3644 4751 quam
3674 4683 3752 4738 illi

2156 4756 2326 4812 voluit
2356 4758 2541 4812 facere
2571 4758 3017 4829 archiepiscopus
3041 4762 3403 4823 Eboracensis
3438 4774 3494 4825 et
3526 4771 3615 4825 alii
3638 4772 3750 4842 epi-

2155 4847 2325 4916 scopi.
2383 4846 2538 4902 Unde
2575 4862 2770 4916 precor
2800 4855 2853 4902 et
2881 4851 3122 4920 consulo,
3155 4861 3207 4907 et
3236 4855 3372 4911 sicut
3424 4856 3600 4914 ﬁdelis
3655 4876 3747 4915 ar-

2154 4935 2533 5006 chiepiscopus
2562 4936 2784 4991 domino
2814 4944 2867 4992 et
2897 4939 3013 5011 regi
3035 4956 3154 5010 suo,
3179 4960 3247 4999 ue
3266 4946 3498 5001 credatis
3517 4949 3748 5007 consilio

2158 5023 2371 5079 illorum
2419 5024 2510 5095 qui
2543 5026 2645 5079 hoc
2671 5025 2827 5081 vobis
2874 5029 3191 5099 consulunt,
3238 5034 3368 5105 quia
3413 5052 3538 5093 meo
3584 5054 3749 5095 sensu

2145 5129 2256 5170 non
2314 5114 2555 5185 intelligo
2600 5116 2704 5171 hoc
2734 5133 2852 5171 esse
2884 5116 2952 5171 ad
2981 5127 3218 5175 vestrum
3278 5124 3565 5182 honorem.
3610 5128 3748 5183 Nam

2146 5203 2275 5257 satis
2306 5211 2386 5259 est
2417 5211 2604 5258 uotum
2635 5204 2762 5275 quia
2787 5206 2859 5260 ad
2883 5223 2968 5262 me
2990 5209 3223 5278 pertinet
3245 5212 3359 5282 ejus
3381 5216 3742 5284 consecratio,

2146 5308 2243 5348 nec
2268 5292 2408 5346 alius
2430 5308 2555 5347 eam
2585 5292 2745 5348 debet
2768 5294 2944 5351 facere
2966 5295 3070 5350 nisi
3088 5314 3184 5368 per
3203 5316 3323 5364 me;
3351 5302 3496 5374 quod
3519 5312 3743 5375 paratus

2146 5397 2283 5450 sum,
2317 5381 2360 5435 si
2391 5397 2613 5437 necesse
2644 5381 2825 5450 fuerit,
2850 5384 3247 5444 rationabiliter
3274 5392 3575 5462 ostendere,
3603 5392 3741 5450 sicut

2146 5469 2267 5525 talis
2300 5486 2379 5526 res
2409 5471 2617 5527 ostendi
2649 5471 2829 5528 debet.
2853 5471 3203 5547 QuaprOpter
3223 5477 3268 5533 si
3292 5478 3443 5535 illum
3465 5481 3740 5553 expellitis

2149 5558 2213 5620 de
2246 5567 2383 5619 terra
2411 5568 2589 5623 vestra
2620 5568 2678 5618 ut
2706 5560 2837 5619 mihi
2862 5577 2971 5621 non
3017 5562 3179 5633 liceat
3231 5568 3481 5631 eamdem
3535 5584 3737 5635 conse-
