4036 6072
206 312 310 367 2⁸13

1127 304 1396 366 SPURIA.
1429 334 1495 349 -
1524 305 1807 365 DIALOG.
1841 303 1935 363 DE
1965 304 2312 368 PASSIONE
2343 308 2614 368 DOMI'NI.

3411 299 3514 361 27L

203 451 372 509 quam
401 429 674 508 ignobiles
697 432 771 497 ”;
803 430 1062 502 secunda,
1096 432 1223 506 quia
1253 441 1398 489 tanta
1423 434 1668 506 angustia
1692 448 1815 489 eum
1844 433 1900 494 A
2001 435 2071 489 Μ.
2107 436 2269 491 Filius
2300 453 2452 492 meus
2487 432 2743 508 applicuit
2801 431 2903 491 sibi
2961 446 3199 500 servum,
3233 435 3287 488 et
3314 431 3522 488 curavit

207 524 432 591 invasit,
467 523 613 596 quod
642 533 827 596 guttas
853 524 1184 592 sanguineas
1210 523 1422 578 sudavit
1451 524 1520 578 de
1550 532 1661 578 toto
1689 538 1814 578 cor-

207 631 370 685 pore,
406 624 459 669 et
488 615 612 686 quia
639 614 783 668 Deus
826 621 959 674 erat,
990 613 1114 667 ideo
1168 612 1351 668 omnia
1406 629 1527 683 quae
1555 629 1815 683 passurus

205 712 328 758 erat
357 703 650 773 praescivit,
708 702 961 757 videlicet
1015 701 1450 771 conspuitionem
1479 700 1518 729 "
1550 700 1814 772 blasphe-

206 792 373 859 mias,
407 791 852 864 ﬂagellationem,
894 788 1319 856 cruciﬁxionem,
1377 799 1431 844 et
1483 789 1812 860 liujusmodi.

209 881 363 936 Licet
392 880 535 936 enim
564 880 648 934 fur
676 879 809 933 sciat
839 878 984 949 quod
1024 879 1162 934 mori
1193 878 1405 942 debeat,
1439 887 1619 932 tamen
1649 878 1819 933 nescit

207 970 342 1042 quid
374 984 526 1023 mors
546 968 743 1039 sapiat,
777 967 879 1021 nisi
910 968 1127 1037 quando
1155 967 1300 1021 funis
1329 968 1545 1037 stringit
1571 966 1767 1021 collum
1801 980 1814 1033 ;

209 1059 309 1115 sed
345 1058 496 1112 ﬁlius
522 1073 690 1121 meus,
745 1056 928 1111 omnia
982 1056 1254 1126 prtPscivit
1312 1065 1565 1126 tanquam
1596 1056 1739 1110 Deus
1764 1063 1817 1109 et

209 1149 414 1215 homo;
449 1145 600 1201 tertia
627 1146 692 1214 ’⁵,
723 1144 848 1215 quia
875 1144 1147 1215 praescivit
1192 1145 1339 1214 quod
1366 1144 1540 1200 Judaei
1571 1160 1682 1198 non
1713 1144 1815 1198 de-

216 1234 417 1291 berent
446 1235 494 1289 ei
524 1233 772 1289 misereri
800 1245 860 1286 κ.
890 1234 958 1288 Et
986 1235 1204 1303 quando
1260 1233 1340 1289 sic
1367 1233 1538 1288 oravit
1570 1253 1580 1287 :
1614 1233 1813 1298 Pater,

206 1327 262 1381 si
290 1325 555 1398 possibile
572 1328 654 1380 est
674 1321 737 1389 ³⁷,
767 1326 1031 1379 transeat
1047 1340 1081 1379 a
1102 1338 1191 1379 me
1207 1323 1366 1379 calix
1381 1323 1509 1387 iste,
1531 1328 1818 1377 verumta-

213 1430 350 1470 men
386 1429 503 1470 non
532 1428 658 1469 mea
688 1413 973 1476 voluntas,
1005 1417 1099 1467 sed
1156 1416 1257 1467 tua
1287 1412 1390 1481 ﬁat
1421 1411 1642 1480 (Matth.
1662 1425 1815 1477 xxvr,

216 1507 332 1572 39),
364 1500 594 1573 angelus
622 1500 839 1556 Domini
863 1498 901 1527 ³⁸
924 1500 1171 1570 apparuit
1201 1499 1249 1554 ei
1275 1500 1595 1554 confortans
1623 1513 1746 1552 eum
1767 1507 1820 1553 et

210 1592 405 1646 dicens
434 1592 509 1643 "z
540 1589 805 1644 Constans
832 1595 973 1656 esto,
1014 1589 1262 1656 Domine,
1296 1588 1460 1644 modo
1509 1602 1684 1659 genus
1711 1588 1818 1642 hu-

212 1696 440 1735 manum
469 1679 853 1749 redempturus
874 1692 932 1733 es
961 1679 1025 1731 ”.

853 1795 1083 1851 CAPUT
1125 1795 1190 1849 II.

579 1894 654 1949 De
692 1891 903 1949 Christi
942 1891 1464 1964 comprehensione.

298 2000 427 2053 Post
457 2000 561 2053 hoc
592 1997 733 2053 ﬁlius
778 2015 934 2054 meus
964 1998 1033 2052 ad
1076 1997 1375 2068 discipulos
1405 1995 1590 2065 rediit,
1625 2011 1825 2066 eosque

237 2088 574 2143 dormientes
605 2087 827 2156 invenit,
869 2087 1063 2157 quibus
1081 2094 1134 2141 et
1161 2085 1348 2141 dixit”
1374 2104 1385 2139 :
1416 2087 1537 2141 Non
1567 2086 1830 2156 potuistis

228 2193 347 2232 una
367 2177 507 2233 hora
524 2177 757 2247 vigilare
775 2191 992 2231 mecum
1005 2175 1035 2227 ?
1048 2174 1269 2245 (Matth.
1295 2174 1830 2243 xxv1,40.)Etad,je-

230 2266 336 2320 cit:
366 2267 502 2321 Ecce
523 2267 566 2296 ⁸¹
584 2265 999 2337 appropinquat
1031 2262 1137 2335 qui
1165 2280 1255 2320 me
1287 2266 1474 2320 tradet
1647 2264 1827 2333 (Ibid,

229 2355 319 2421 46)
344 2372 357 2415 ;
382 2362 435 2409 et
455 2370 581 2409 ecce
605 2354 774 2407 ludas
798 2352 945 2408 venit
978 2368 1101 2408 cum
1142 2353 1301 2408 turba
1338 2368 1560 2426 magna,
1583 2353 1830 2425 dixitque

226 2443 459 2498 Iudaeis:
513 2442 634 2497 Duo
663 2441 972 2497 consimiles
1018 2450 1160 2510 sunt,
1207 2442 1415 2499 scilicet
1451 2443 1683 2498 Jacobus
1712 2449 1764 2497 et
1790 2442 1829 2470 ”

225 2533 412 2601 Iesus;
438 2532 584 2587 unde
603 2532 674 2585 do
693 2530 849 2586 vobis
869 2531 1090 2602 signum
1113 2549 1125 2585 :
1173 2531 1569 2605 Quemcunque
1602 2532 1829 2588 oscula-

229 2627 321 2675 tus
346 2623 532 2691 fuero,
556 2620 677 2691 ipse
693 2622 776 2675 est
794 2643 816 2685 ,-
847 2623 1034 2675 tenete
1054 2636 1179 2676 eum
1205 2620 1429 2689 (Matth.
1454 2635 1615 2689 xxvn,
1635 2621 1746 2690 48).
1766 2620 1831 2674 Et

226 2723 352 2764 cum
380 2709 551 2763 Judas
578 2707 867 2764 accederet
904 2724 1026 2763 cum
1060 2709 1236 2775 turba,
1286 2709 1551 2781 processit
1577 2710 1732 2763 Jesus
1761 2708 1830 2763 ad

224 2812 344 2863 eos,
376 2797 602 2852 dicens:
664 2796 834 2865 Quem
882 2798 1192 2870 quaeritis?
1236 2797 1340 2866 Qui
1383 2798 1780 2869 responderunt
1814 2815 1825 2850 :

223 2887 416 2942 Iesum
448 2886 825 2942 Nazarenam.
860 2884 1069 2954 Quibus
1096 2888 1276 2941 Iesus:
1308 2889 1411 2958 Ego
1432 2903 1577 2942 sum.
1607 2886 1675 2939 Et
1705 2902 1826 2939 cum

223 2975 499 3030 dixisset:
552 2977 654 3045 Ego
684 2988 828 3042 sum,
894 2989 1085 3029 omnes
1142 2976 1458 3031 ceciderunt
1511 2982 1823 3030 retrorsum.

228 3065 433 3119 lterum
465 3062 602 3118 dixit
620 3065 804 3118 Jesus:
844 3063 1010 3119 Sime
1044 3065 1315 3135 quteritis,
1337 3066 1514 3120 sinite
1536 3065 1634 3119 hos
1649 3063 1825 3119 abire.

1925 525 2216 579 auriculam
2247 526 2362 595 ejus
2383 525 2546 596 (Luc.
2586 542 2724 590 xxn,
2762 528 2944 593 51),et
2976 522 3107 577 dixit
3139 523 3323 577 Petro:
3360 522 3515 576 Mitte

1919 614 2173 683 gladium
2186 614 2245 668 in
2264 624 2303 651 ⁸ο
2325 616 2602 683 vaginam.
2629 614 2820 669 Omnis
2838 613 2991 668 enim
3004 612 3099 684 qui
3112 610 3392 682 acceperit
3400 611 3514 679 gla-

1922 702 2303 773 dium,gladio
2324 704 2547 776 peribit.
2585 708 2665 759 An
2686 707 2855 773 putas
2882 702 3013 773 quia
3034 717 3147 754 non
3162 715 3384 771 possum
3419 714 3512 753 ro-

1919 807 2052 861 gare
2083 794 2313 846 Patrem
2340 808 2546 856 meum,
2582 795 2638 846 et
2665 798 2705 825 ⁴⁰
2726 790 3009 845 exhibebit
3039 788 3181 843 mihi
3209 789 3510 859 plusquam

1922 880 2207 935 duodecim
2272 881 2516 951 legiones
2574 879 2943 949 angelorum?
2972 878 3194 947 (Matth.
3233 890 3386 941 XXVI,
3420 878 3510 943 52,

1921 968 2034 1036 £33.)
2062 969 2209 1023 Tunc
2238 984 2428 1023 omnes
2460 966 2726 1037 discipuli,
2763 967 2944 1021 relicto
2983 982 3068 1026 eo.
3102 965 3375 1035 fugerunt.

1994 1060 2057 1112 A.
2117 1057 2233 1121 Dic,
2290 1056 2525 1125 pissima
2581 1055 2799 1111 domina
2822 1056 2877 1117 “,
2934 1054 3076 1108 fuisti
3118 1070 3257 1107 nunc
3286 1050 3511 1107 cumil-

1924 1145 2101 1202 lo"?

1996 1236 2065 1288 M.
2099 1237 2218 1289 Non
2232 1276 2246 1289 .

1996 1326 2065 1378 A.
2101 1326 2298 1391 Quare,
2332 1339 2454 1379 cum
2488 1340 2610 1378 eum
2645 1330 2844 1377 tantum
2877 1320 3186 1391 diligeres“
3217 1320 3244 1372 ἢ

1997 1415 2068 1466 Μ.
2101 1414 2223 1467 Nox
2257 1412 2513 1477 instabat,
2548 1420 2600 1466 et
2644 1426 2750 1465 non
2779 1409 3104 1479 expediebat
3132 1415 3190 1463 ut
3211 1398 3520 1478 juvenculae

1923 1501 1965 1534 “
1997 1511 2120 1557 tunc
2150 1502 2280 1557 foris
2311 1501 2704 1556 invenirentur.
3120 1508 3155 1523 ‘

1997 1594 2071 1646 Α.
2111 1590 2211 1646 Ubi
2244 1605 2396 1661 ergo,
2432 1589 2765 1653 dulcissima,
2796 1587 2941 1641 fuisti
2969 1590 3009 1617 “
3032 1588 3059 1639 εἲ

2000 1681 2070 1732 Μ.
2132 1679 2225 1733 Fui
2280 1679 2333 1732 in
2361 1678 2524 1734 domo
2581 1678 2788 1733 sororis
2843 1692 2996 1740 mea},
3057 1675 3247 1730 matris
3301 1670 3524 1728 Joannis

1845 1783 1898 1842 Β
1930 1769 2302 1841 evangelistm.

2003 1860 2065 1912 A.
2099 1856 2385 1925 Quomodo
2432 1872 2563 1928 ergo
2612 1855 2698 1911 vel
2743 1855 2865 1927 quis
2916 1852 3180 1908 nuntiavit
3235 1852 3332 1906 tibi
3383 1849 3526 1921 quod

1934 1954 2110 2002 actum
2144 1946 2242 2000 fuit
2260 1946 2300 1975 ⁴⁶
2332 1946 2359 1998 ‘?

2007 2036 2084 2089 M.
2125 2035 2273 2089 Audi
2306 2050 2467 2099 nunc,
2500 2034 2775 2096 Anselme.
2838 2031 2982 2102 quod
3011 2028 3237 2085 multum
3266 2032 3348 2084 est
3372 2036 3415 2067 ιτ
3442 2026 3530 2082 1a-

1936 2125 2250 2179 mentabile.
2286 2125 2561 2179 Venerunt
2615 2121 2865 2192 discipuli
2922 2126 3222 2181 currentes,
3267 2124 3321 2172 et
3347 2116 3531 2185 lacry-

1938 2214 2207 2268 mabiliter
2233 2213 2559 2267 clamantes:
2606 2211 2651 2266 Ο
2707 2209 3028 2266 charissima
3056 2205 3276 2263 domina
3298 2203 3360 2275 “,
3389 2203 3534 2259 dile—

1937 2310 2056 2357 ctus
2084 2300 2224 2355 ﬁlius
2249 2310 2366 2354 tuus
2395 2299 2658 2355 Dominus
2687 2306 2739 2353 et
2777 2298 3038 2368 magister
3064 2304 3248 2350 noster
3273 2294 3312 2323 ⁴⁹
3344 2300 3535 2363 captus

1939 2398 2037 2455 est,
2070 2397 2123 2445 et
2153 2389 2423 2445 nescimus
2455 2404 2562 2459 quo
2593 2388 2819 2441 ducatur
2869 2387 2985 2456 jam
3041 2384 3259 2456 ligatus,
3286 2381 3373 2437 vel
3402 2379 3535 2451 quid

1938 2478 2031 2533 ﬁat
2058 2479 2107 2533 ei
2138 2479 2197 2545 5°,
2223 2477 2310 2532 vel
2338 2486 2512 2531 utrum
2546 2476 2617 2530 sit
2645 2476 2876 2531 occisus.

2006 2570 2070 2621 Α.
2105 2567 2323 2622 Flevisti
2354 2574 2500 2629 tunc,
2533 2564 2754 2619 domina
2785 2564 2812 2615 ‘?

2008 2656 2080 2710 Μ.
2113 2656 2258 2710 Licet
2287 2655 2480 2709 scirem
2513 2654 2661 2725 quod
2718 2667 2892 2723 genus
2943 2652 3234 2705 humanum
3282 2654 3426 2702 esset
3453 2661 3536 2701 re-

1938 2745 2351 2814 dempturus“;
2398 2751 2577 2797 tamen
2631 2748 2854 2812 propter
2910 2748 3209 2795 maternum
3266 2735 3536 2801 aﬂ‘ectum,

1937 2832 2139 2888 doloris
2166 2832 2401 2903 gladius,
2435 2832 2502 2885 de
2533 2845 2638 2899 quo
2677 2829 2897 2884 Simeon
2927 2827 3254 2898 praedixerat
3282 2827 3439 2896 (Luc.
3474 2838 3536 2892 ιι,

1935 2921 2047 2994 353),
2080 2921 2316 2975 animam
2342 2934 2523 2974 meam
2553 2917 2897 2989 pertransivit
2927 2917 2992 2973 δ’.

2557 3034 2780 3089 CAPUT
2810 3033 2910 3086 IIl.

233 3154 300 3208 U1
332 3151 610 3221 scriptum
636 3152 1013 3222 impleretur“
1036 3128 1064 3206 ε’
1094 3153 1236 3221 Quia
1264 3128 1396 3226 dum
1426 3152 1638 3209 dedisti
1662 3153 1824 3219 mihi,
1857 3137 1906 3200 C.
1939 3136 2013 3190 De
2031 3135 2241 3191 Christi
2264 3133 2598 3189 deductione
2618 3133 2689 3187 ad
2714 3134 2956 3195 Annam,
2975 3129 3196 3185 etPetri
3215 3128 3534 3199 negatione.

226 3258 345 3297 non
366 3240 590 3313 perdidi
605 3257 679 3297 ea:
696 3241 777 3297 eis
797 3257 1131 3313 quemquam
1148 3241 1338 3312 (Joan.
1357 3259 1514 3309 xvnt,
1540 3242 1827 3309 t-9).Tunc

223 3330 496 3385 accedens
523 3329 692 3384 Iudas
712 3328 984 3384 osculatus
1013 3338 1092 3385 est
1110 3346 1231 3384 eum
1262 3330 1324 3398 ",
1347 3330 1431 3385 cui
1464 3331 1601 3385 dixit
1628 3330 1779 3384 Jesus
1808 3348 1819 3383 :

218 3419 387 3485 Iuda,
412 3418 602 3473 osculo
630 3418 841 3473 Filium
871 3419 1115 3474 hominis
1136 3419 1316 3474 tradis
1338 3420 1367 3472 ?
1388 3421 1541 3490 (Luc.
1560 3434 1691 3485 xx",
1711 3421 1823 3487 48.)

218 3510 289 3562 At
312 3507 405 3562 illi
422 3508 961 3577 injeceruntmanus
979 3507 1038 3561 in
1060 3507 1279 3574 Iesum,
1300 3511 1819 3563 ettenuerunteum

220 3595 447 3666 (Matth.
472 3595 759 3662 xxvr,50).
797 3595 946 3649 Tunc
996 3597 1179 3649 Petrus
1198 3595 1237 3625 "
1269 3596 1453 3651 eduxit
1494 3595 1734 3667 gladium
1768 3598 1823 3649 et

216 3683 491 3754 percussit
516 3698 731 3739 servum
782 3683 1043 3755 principis
1092 3684 1431 3740 sacerdotum
1460 3681 1502 3713 "’
1533 3683 1621 3754 qui
1652 3698 1819 3739 voca-

220 3771 379 3826 batur
408 3771 649 3826 Malchus
676 3771 718 3800 "
753 3773 936 3839 (toan.
962 3788 1115 3839 xvm,
1151 3776 1259 3843 10).

288 3864 366 3914 A.
403 3860 640 3932 Contigit
668 3861 741 3915 ibi
771 3861 988 3931 aliquod
1018 3862 1338 3917 miraculum
1367 3863 1395 3914 ‘t

2008 3244 2331 3295 ANSELMUS.
2368 3238 2486 3307 Quo
2517 3246 2646 3293 tunc
2697 3237 2797 3291 fuit
2862 3236 3055 3289 ductus
3085 3233 3225 3288 filius
3259 3240 3377 3287 tuus
3405 3232 3537 3287 dile-

1935 3339 2051 3387 ctus
2077 3332 2104 3382 εἶ

2007 3420 2211 3471 ΜΑιυΑ.
2242 3418 2320 3471 De
2366 3419 2527 3471 horto
2570 3414 2832 3485 prmdicto
2870 3413 3023 3485 per"
3048 3411 3241 3466 vallem
3274 3409 3534 3477 Josarhat

1932 3524 2028 3578 per
2057 3514 2267 3577 portam
2317 3508 2568 3567 Auream.
2605 3512 2655 3558 et
2722 3502 2914 3558 ductus
2967 3501 3065 3555 fuit
3121 3498 3236 3554 in“
3268 3497 3531 3568 palatium

1931 3595 2268 3661 Scribarum,
2325 3602 2375 3648 et
2430 3592 2738 3664 pontiﬁcum
2797 3600 2847 3646 et
2906 3588 3321 3655 Pharisaeorum,
3370 3586 3530 3653 juxta

1931 3683 2210 3754 templum,
2244 3682 2295 3736 in
2326 3683 2547 3737 domum
2588 3680 2814 3735 Amne“
2842 3698 2852 3741 ;
2888 3688 2938 3735 et
2974 3677 3219 3748 quiesivit
3249 3678 3428 3729 Annas
3458 3676 3525 3729 de

1929 3773 2168 3827 doctrina
2211 3772 2328 3841 ejus
2375 3780 2428 3825 et
2467 3769 2761 3840 discipulis.
2810 3772 2874 3822 At
2930 3769 3021 3822 ille
3051 3764 3331 3837 respondit
3364 3782 3376 3817 :
3416 3765 3524 3833 ligo

1927 3864 2119 3935 palam
2149 3861 2366 3917 locutus
2386 3858 2771 3931 snmmundo;
2804 3874 2900 3930 ego
2924 3872 3145 3930 semper
3175 3854 3409 3911 docuiin
3425 3869 3520 3925 sy-

1538 3985 1763 4041 VABIzE
1794 3983 2093 4039 LECTION
2102 3984 2201 4039 ES.

288 4081 531 4138 “Dolent
558 4098 715 4152 quam
756 4081 1026 4152 ignobiles
1078 4100 1181 4139 ms.
1248 4083 1455 4149 dolent,
1519 4084 1735 4152 quando
1791 4082 2079 4148 laeduntur,
2138 4095 2302 4152 quam
2353 4078 2562 4152 rustici.

1422 4143 1675 4208 videlicet
1729 4143 2171 4222 conspuition'cm'
2214 4168 2318 4205 ms.
2378 4149 2629 4222 Etuquia
2694 4143 2863 4222 ‘Deus
2921 4154 3057 4213 erat,
3091 4144 3299 4222 sciebat
3325 4143 3508 4222 omnia

214 4155 395 4208 omnia
447 4170 570 4225 quae
615 4154 724 4225 pati
757 4154 964 4220 debuit,
1026 4155 1293 4224 praescirit
1341 4173 1352 4208 :

213 4240 339 4350 Ense
404 4224 661 4294 passurus
713 4233 847 4279 erat.
909 4225 1187 4280 Praescivit
1239 4225 1489 4280 videlicet
1542 4224 2031 4293 consputalionem.

253 4296 361 4350 icet
416 4295 559 4349 enim
611 4295 697 4348 fur
750 4296 885 4350 sciat
942 4296 1089 4350 quod
1144 4298 1279 4350 mori
1337 4297 1554 4350 debeat.
1611 4304 1793 4350 tamen
1848 4294 2019 4349 nescit

2652 4077 2840 4145 "Quia
2894 4078 3039 4131 Deus
3095 4075 3213 4145 fuit,
3280 4082 3331 4128 et
3383 4072 3510 4145 ideo

2122 4213 2794 4291 "Hujusmodi.'_Tertia,_
2837 4225 2939 4272 etc.
2992 4233 3141 4291 ηιε.⁸
3170 4213 3502 4291 hujusmodi.

253 4296 361 4367 icet
405 4283 569 4367 'enimi
611 4295 710 4367 fur,
750 4296 885 4350 sciat
942 4296 1089 4367 quod
1144 4298 1279 4352 mori
1337 4297 1554 4365 debeat,
1611 4283 1793 4350 tamen
1848 4294 2019 4367 nescit
2068 4283 2396 4367 quid_inors
2424 4289 2639 4367 _sapi_at,
2697 4289 2797 4342 nisi
2826 4288 3069 4367 quando
3116 4283 3260 4366 funis
3289 4283 3505 4367 stringit

211 4366 437 4421 collum.
470 4365 779 4437 SedFilius
832 4355 985 4420 meus
1041 4368 1224 4421 omnia
1274 4355 1552 4437 prescivit'
1589 4374 1847 4437 tanquam
1914 4366 2057 4419 Deus
2087 4355 2164 4418 'et
2212 4364 2393 4437 homo.
2424 4355 2764 4437 Te_rtia,_etc.
2825 4356 3364 4437 "Etmtsererinms.
3398 4355 3502 4437 sibi

209 4437 476 4509 misereri.
534 4433 806 4504 "Quando
836 4437 915 4491 sic
967 4439 1160 4509 oravit.
1216 4425 1393 4501 Pater,
1426 4440 1475 4492 si
1531 4425 1789 4509 possibile
1840 4444 1920 4492 est
1952 4452 2078 4509 ms.“
2115 4431 2575 4509 quando_oravit:
2627 4432 2810 4509 fater,
2867 4429 2914 4483 si
2972 4437 3148 4509 potes.
3215 4425 3501 4509 f'Angelus

212 4507 426 4563 Domini
458 4516 560 4563 ms.
592 4509 753 4564 omit.
785 4508 1021 4562 Domini.

1107 4509 1309 4577 "Eum,
1338 4500 1546 4563 dic-ens.
1582 4526 1688 4563 ms.
1748 4523 1891 4574 eum,
1922 4515 1973 4560 et
2030 4500 2236 4560 dicens.
2299 4502 2815 4577 '°Drebes_redin_i_e_re
2841 4517 2961 4577 -_ms._
2984 4500 3367 4577 redempturus
3404 4512 3487 4549 es.

210 4579 247 4608 "
273 4578 484 4647 Quibus
512 4587 565 4634 et
594 4578 727 4633 dixit
751 4595 856 4635 ms.
892 4580 1090 4648 quibus
1119 4580 1277 4634 dixit.
1297 4571 1305 4577 ’
1328 4580 1570 4634 "Diceris
1602 4580 1763 4633 etiam
1797 4596 1808 4630 :
1847 4571 1985 4633 Ecce
2016 4594 2120 4631 ms.
2145 4584 2198 4630 et
2224 4576 2423 4643 adjecit
2452 4593 2462 4627 :
2495 4575 2654 4629 Ecce.
2688 4572 2909 4648 "Turba
2934 4571 3488 4648 J_ud_eo_rum_magna;

213 4641 455 4719 disitque
486 4650 691 4704 Judmis
726 4668 737 4703 :
770 4650 889 4704 Duo
910 4641 1099 4721 itaque
1129 4667 1289 4719 pares
1321 4661 1461 4712 sunt.
1496 4651 1707 4704 scilicet
1733 4649 1969 4721 Jacobus
2000 4656 2051 4702 et
2091 4665 2192 4721 ms.
2229 4641 2381 4721 turba
2431 4661 2627 4721 magna
2659 4663 2669 4697 :
2705 4652 2759 4698 et
2789 4641 3191 4721 disiLJud-(eis‘:
3226 4641 3341 4693 Duo
3369 4645 3495 4721 sunt

212 4716 543 4785 consimiles,
571 4720 808 4775 Jacobus
862 4716 1109 4776 videlicet
1133 4716 1213 4777 vet.
1297 4721 1614 4791 "Scriptura
1664 4720 1953 4788 impleatur
2004 4736 2109 4791 ms.
2144 4720 2416 4791 Scriptura
2444 4716 2779 4791 impleretur.

214 4791 371 4845 batur
396 4808 519 4845 eum
552 4809 654 4846 ms.
689 4792 838 4845 Tunc
881 4792 1143 4847 accedens
1169 4791 1334 4846 ludas
1361 4793 1634 4846 osculatus
1688 4800 1769 4845 est
1794 4807 1937 4844 eum.

2860 4712 3049 4765 "Tunc
3076 4711 3244 4764 Judas
3275 4710 3493 4763 oscula-

2011 4788 2201 4842 ”Tunc
2234 4781 2422 4843 P'etrus
2476 4781 2581 4840 nis.
2617 4787 2802 4839 Petrus
2833 4799 2983 4838 vero.
3069 4781 3374 4851 "Principis
3405 4795 3491 4834 sa-

211 4862 491 4917 cerdotum
522 4879 623 4917 ms.
659 4865 819 4917 omit.
850 4863 1213 4918 sacerdotum.
1277 4862 1561 4921 "Malchus
1594 4879 1695 4917 ms.
1730 4862 2002 4915 Marchus.
2068 4860 2362 4919 "Gladium
2399 4866 2544 4911 tuum
2575 4857 2628 4910 in
2658 4874 2762 4911 ms.
2794 4855 3037 4925 gladium
3069 4852 3185 4925 in.”
3210 4854 3486 4925 “Patrem,

213 4948 413 4995 meum.
448 4941 499 4987 et
529 4950 634 4987 ms.
669 4934 901 4996 Patrem,
932 4943 1002 4988 et.
1084 4933 1377 4987 “Piissima
1408 4934 1636 4987 Domina
1665 4950 1768 4987 ms.
1802 4934 1973 4986 dulcis
1998 4931 2184 4985 Maria.

2269 4930 2467 4983 "Tunc
2492 4943 2613 4983 cum
2647 4928 2740 4981 illo
2768 4923 2941 4980 "lens.
2991 4933 3114 4979 tunc
3155 4923 3227 4978 ibi
3259 4926 3286 4976 ‘2
3356 4923 3479 4976 “M.

216 5019 341 5058 non.
472 5001 676 5071 Quare,
710 5020 828 5058 cum
856 4994 978 5059 eum
1014 5014 1217 5058 tantum
1248 5005 1551 5075 diligeres‘?
1610 5021 1715 5058 ms.
1752 5004 1887 5058 hac.
1922 5002 2166 5075 omittit.
2218 5001 2327 5054 “Ut
2360 4999 2610 5075 mulieres
2633 5016 2742 5075 Ῑηε.
2776 5004 2831 5050 ut
2849 4996 3172 5075 j‘uvenculag.
3205 4994 3490 5075 Διεουιιτίετ

209 5075 347 5129 sima
380 5074 521 5128 fuisti
545 5084 671 5129 tunc
691 5075 718 5126 ‘l
748 5092 853 5130 ms.
886 5083 1009 5129 tunc
1038 5074 1523 5129 dulcissima’fuisti
1552 5075 1579 5127 ‘?
1658 5074 1796 5128 “Vel
1826 5090 1857 5126 a

216 5147 336 5215 quis
367 5144 459 5199 tibi
502 5145 781 5200 nunciavit
809 5148 954 5216 quod
978 5146 1177 5201 factum
1209 5146 1304 5199 fuit
1333 5147 1360 5198 ἱ)
1415 5146 1611 5199 "Nunc
1639 5145 1780 5213 quod
1809 5161 1863 5198 m

1924 5090 1991 5127 uo
2021 5072 2321 5126 nuntiatum
2376 5070 2468 5124 tibi
2500 5070 2600 5123 fuit
2630 5068 2825 5123 factum
2865 5067 3174 5135 liujusmodi
3204 5066 3231 5118 ‘l
3259 5083 3364 5121 ms.
3398 5065 3483 5119 vel

1886 5092 2034 5198 iitum
2074 5152 2152 5197 est
2188 5159 2293 5197 ms.
2326 5159 2484 5198 nunc.
2517 5141 2797 5198 Anselme.
2831 5139 2977 5198 quod
3010 5139 3168 5192 nimis
3193 5153 3271 5191 es.
3306 5138 3344 5166 ⁴⁸
3380 5136 3483 5189 Ve-

1870 5163 1899 5199 ll

1929 5154 2034 5198 tum
2074 5152 2152 5197 est
2188 5159 2293 5197 ms.
2326 5159 2484 5203 nunc,
2517 5141 2797 5202 Anselme,
2831 5139 2977 5210 quod
3010 5139 3168 5192 nimis
3193 5153 3271 5191 es.
3306 5138 3344 5166 ⁴⁸
3380 5136 3488 5210 Ve-

209 5207 401 5271 nerunt
421 5215 679 5287 discipuli
701 5207 977 5271 currcntes
1006 5225 1057 5272 et
1087 5216 1506 5287 lacrymabilitcr
1532 5207 1829 5270 clamantes
1861 5233 1883 5287 τί
1920 5216 1965 5270 Ο
1992 5214 2302 5287 charissima
2334 5213 2563 5287 Domina
2593 5227 2698 5266 ms.
2760 5207 3030 5287 Venerunt
3086 5216 3360 5278 apostatar.

211 5287 402 5357 scipuli
432 5276 850 5357 lacrimabiliter
875 5296 1149 5343 currentes
1168 5276 1236 5341 ad
1273 5304 1357 5341 me
1384 5296 1434 5342 et
1464 5287 1758 5341 clamantes
1786 5304 1797 5343 :
1862 5286 2008 5340 Bona
2043 5284 2297 5357 Domina.
2345 5283 2555 5357 “Filius
2586 5292 2705 5337 tuus
2750 5282 3019 5357 magister
3048 5276 3225 5334 noster
3256 5295 3360 5357 ms.
3394 5276 3487 5331 Fi-

212 5349 485 5431 liusqtuus.
518 5349 780 5431 Dominus
810 5366 869 5431 et,
900 5359 1159 5431 magister
1186 5367 1392 5431 noster.
1475 5358 1771 5431 “Ducatur,
1826 5357 1911 5411 vel
1969 5357 2101 5426 quid
2132 5355 2224 5431 liat
2254 5355 2323 5409 ei.
2358 5356 2717 5431 manducatur
2739 5349 3103 5431 jam-ligatus,
3136 5359 3189 5405 et
3215 5349 3490 5431 nescimus

210 5429 334 5500 quid
366 5430 566 5484 factum
597 5429 664 5483 sit
692 5429 762 5486 ei.
793 5430 876 5483 vel
907 5420 1083 5483 utriim
1112 5430 1178 5482 sit
1204 5430 1431 5484 occisus.
1502 5429 1728 5483 "Genus
1747 5420 2051 5500 humanum
2078 5426 2375 5500 _I_'edimere
2404 5426 2628 5500 deberet
2656 5420 2765 5479 ms.
2805 5420 3181 5500 redempturus
3209 5429 3352 5500 esset
3383 5420 3485 5472 Ιιυ-

214 5491 432 5554 ntanum
460 5516 659 5571 genus.
713 5499 984 5555 "Gladius
1011 5501 1245 5555 animam
1289 5516 1465 5554 meam
1497 5498 1856 5571 pertransivit.
1899 5496 2294 5571 ms.__AGladi_us
2346 5498 2414 5571 de
2445 5512 2549 5571 quo
2579 5495 2795 5551 Simeon
2851 5494 3191 5571 praedixerat,
3251 5491 3490 5571 animam

214 5587 389 5624 meam
421 5570 682 5625 transtiin
694 5610 706 5623 .

214 5642 426 5714 saphat,
455 5657 558 5711 per
590 5648 802 5712 portam
830 5644 1062 5698 Auream
1091 5643 1279 5697 ductus

792 5571 1007 5627 “llorto
1037 5571 1294 5640 pracdicto
1322 5588 1418 5640 per
1443 5587 1546 5625 ms.
1598 5570 1749 5625 horto
1801 5586 1913 5640 per.

1377 5590 1418 5624 ιι*
1443 5590 1546 5625 ms.
1600 5590 1749 5625 uorto
1801 5590 1913 5640 per.
2000 5590 2313 5638 "Jusuputtt
2344 5590 2396 5621 tn
2449 5590 2551 5621 t'nt

1308 5590 1407 5696 tiiit
1436 5641 1508 5696 in.
1545 5641 1822 5696 “Domum
1848 5644 2020 5695 Anna:
2049 5656 2154 5695 ms.
2188 5640 2330 5696 omit
2362 5642 2551 5695 Annae.

2000 5568 2313 5638 “Josaphat
2344 5568 2396 5621 in
2449 5561 2741 5633 civitatem,
2773 5572 2825 5620 et
2851 5561 3152 5620 duri-batur
3171 5564 3222 5615 in
3252 5577 3354 5615 ms.
3395 5561 3493 5614 ,Ιο-
3538 5594 3545 5599 -
