4024 6078
445 244 550 304 2Ἱὸ

1466 246 1565 306 AD
1602 246 1833 306 OPERA
1871 246 1929 306 S.
1972 246 2289 309 ANSELMI
2335 252 2712 312 APPENDIX.

3658 255 3773 312 276

445 390 683 449 nagoga,
702 377 758 434 et
786 374 850 435 in
879 373 1141 451 ἐδηιρίοη
1163 371 1464 434 ubiomnes
1492 373 2035 431 Judaeiconreniunt
2064 374 2119 435 A
2150 376 2217 433 de
2247 383 2320 445 te,
2353 394 2474 433 cum
2505 380 2603 436 iste
2631 379 2886 453 princeps
2915 379 3307 455 discipulorum
3335 386 3385 439 te
3415 382 3702 455 negaverit
3736 381 3774 434 εἰ

452 462 495 496 ⁸⁷
521 470 611 533 ;et
627 467 691 524 in
712 468 930 525 occulto
945 468 1165 524 locutus
1183 481 1308 521 sum
1329 462 1500 518 nihil.
1528 463 1669 530 Quid
1694 480 1780 519 me
1802 464 2045 520 interro-

447 555 593 628 gas?
620 557 909 628 interroga
939 572 1032 611 eos
1065 555 1160 625 qui
1195 569 1282 607 me
1317 552 1633 608 audierunt
1661 553 1792 624 quid
1825 553 2049 607 locutus

451 645 559 701 sim
583 642 698 711 eis;
718 660 846 700 ecce
863 645 922 700 hi
941 645 1137 699 sciunt
1153 642 1287 714 quid
1321 641 1572 697 dixerim
1600 642 1701 696 eis.
1740 642 1888 697 Tunc
1906 660 1944 688 δα
1961 657 2051 695 as-

454 735 665 790 sistens
681 750 832 789 unus
847 733 1241 789 ministrorum
1264 730 1420 786 dedit
1438 730 1489 785 ei
1505 731 1731 801 alapam
1756 730 2050 799 inexpertae

452 821 802 888 crudelitatis,
827 821 1013 876 dicens
1033 822 1073 852 “
1100 840 1117 875 :
1155 820 1245 875 Sic
1275 818 1580 890 respondes
1608 819 1874 890 ponti/iri
1897 818 1926 871 ?
1957 819 2048 872 Fi-

451 908 558 964 lius
587 918 769 965 autem
798 926 974 978 meus,
1005 914 1064 964 ut
1086 912 1273 981 Agnus
1331 915 1662 971 mansuetus,
1697 908 1973 977 respondit
2002 907 2050 961 ei

453 999 512 1055 Si
526 1000 679 1055 male
711 999 934 1055 locutus
954 1016 1101 1064 sum,
1128 998 1522 1053 testimonium
1544 995 1773 1068 perhibe
1787 996 1853 1051 de
1872 998 2017 1051 malo
2028 1015 2051 1059 ,-

454 1088 505 1142 si
530 1088 687 1155 bene,
714 1105 817 1144 cur
844 1104 935 1144 me
978 1088 1144 1145 credis
1164 1086 1191 1140 ?
1214 1088 1396 1156 (Joan.
1447 1101 1605 1153 xvm,
1654 1085 1872 1156 20-23.)
1902 1087 2053 1141 Tunc

454 1178 772 1232 velaverunt
800 1178 990 1233 oculos
1019 1178 1140 1248 ejus
1171 1184 1425 1246 tanquam
1461 1175 1680 1241 furis“;
1706 1174 1849 1246 quod
1872 1182 2053 1229 tamen

455 1264 588 1320 nulli
619 1265 696 1330 ﬁt,
728 1266 829 1320 nisi
868 1267 1024 1336 prius
1075 1266 1487 1322 condemnetur.
1547 1264 1611 1318 Et
1658 1264 1948 1318 illuserunt
2003 1262 2053 1317 ei

458 1361 572 1410 tota
600 1362 781 1420 nocte,
816 1364 1075 1426 apuenles
1103 1354 1158 1409 in
1198 1355 1391 1409 faciem
1422 1354 1562 1423 ejus,
1609 1361 1662 1407 et
1689 1353 2054 1423 percutientes

458 1459 604 1513 eum,
637 1445 923 1514 dixerunt;
955 1444 1293 1517 PrOphetiza
1321 1443 1514 1504 nobis;
1539 1445 1663 1515 quis
1691 1446 1775 1498 est
1803 1443 1845 1472 ⁸³
1877 1442 1972 1514 qui
2000 1446 2054 1497 te

459 1532 747 1603 percussit
767 1532 1034 1601 ?(Matth.
1067 1548 1229 1599 xxvi,
1261 1535 1373 1603 68.)
1400 1533 1635 1587 Joannes
1664 1546 1793 1586 vero
1823 1531 2059 1585 existens
2091 1540 2098 1547 '

462 1619 630 1690 intus,
674 1622 803 1694 quia
854 1630 1013 1678 notus
1039 1621 1087 1651 “
1114 1628 1229 1676 erat
1279 1620 1545 1692 pontiﬁci,
1602 1618 1896 1674 introduxit
1952 1620 2054 1673 Pe-

2159 466 2204 522 Ο
2237 467 2408 523 dulcis
2438 468 2565 523 Jesu
2593 471 2632 503 ’⁷³
2666 487 2772 525 non
2802 479 2851 526 te
2883 474 3096 544 negabo
3120 472 3173 527 in
3198 480 3482 527 internum.
3518 471 3640 544 Ego
3657 488 3773 525 au-

2160 563 2263 610 tem
2289 559 2497 612 stabam
2515 560 2582 628 7’,
2601 557 2763 629 plena
2780 561 2986 626 dolore,
3016 562 3240 616 audiens
3256 577 3444 614 omnes
3474 562 3778 615 illusiones

2160 653 2212 699 et
2243 646 2619 714 contumelias,
2651 664 2787 721 quas
2817 648 2926 704 ﬁlio
2958 666 3079 705 meo
3110 650 3311 704 dilecto
3344 650 3677 718 inferebant,
3711 657 3777 703 et

2160 734 2375 789 Petrum
2406 745 2692 808 negantem
2724 746 2777 793 et
2807 738 2989 792 omnia
3034 756 3155 810 qua:
3196 746 3306 793 tota
3338 748 3495 793 nocte
3550 738 3626 793 ibi
3658 738 3772 792 ﬁe-

2162 824 2308 877 bant.
2343 826 2410 879 Et
2439 842 2559 879 cum
2596 827 2781 881 Petrus
2800 828 2959 881 tertio
2983 833 3259 899 negasset,
3284 826 3429 881 ﬁlius
3458 843 3613 881 meus
3634 842 3771 881 eum

2158 914 2412 982 respexit,
2439 921 2493 968 et
2523 930 2588 969 eo
2612 916 2755 984 quod
2785 932 2904 970 eum
2937 924 3254 985 negaverat,
3287 917 3434 970 flevit
3466 931 3659 970 amare
3687 918 3765 968 ἠε

2161 1002 2429 1075 Egressus
2457 1002 2605 1058 foras
2655 1006 2860 1058 invenit
2917 1020 3017 1059 nos
3078 1005 3210 1059 foris
3248 1010 3478 1072 stantes,
3537 1014 3591 1059 et
3621 1012 3775 1059 tacta

2160 1091 2349 1145 dolore
2378 1093 2559 1147 cordis
2586 1093 2906 1148 intrinsecus
2938 1094 3051 1147 dixi
3082 1095 3149 1148 ad
3180 1111 3333 1148 eum:
3372 1095 3546 1161 Patre,
3585 1095 3769 1160 Petre,

2160 1180 2220 1247 τι,
2256 1180 2385 1251 quid
2418 1182 2602 1253 agitur
2630 1198 2752 1237 cum
2811 1184 2964 1250 Jesu,
3012 1183 3101 1237 vel
3132 1182 3221 1236 ubi
3255 1190 3337 1238 est
3363 1182 3623 1238 Iesus”?
3655 1180 3769 1249 Qui

2163 1268 2406 1323 clamans
2435 1278 2487 1324 et
2516 1270 2728 1339 cjulans
2758 1272 3058 1341 lacrymosa
3089 1287 3226 1327 voce
3281 1272 3589 1342 respondit:
3620 1272 3767 1339 Heu,

2163 1357 2477 1411 charissima
2505 1358 2726 1413 domina
2754 1360 2815 1426 ⁷⁸,
2857 1357 3060 1429 absque
3087 1360 3458 1415 misericordia
3483 1366 3764 1424 tractatur,

2164 1452 2216 1499 et
2246 1445 2514 1500 cruciatur
2545 1463 2718 1517 usque
2747 1445 2789 1476 ⁷⁷
2818 1449 2887 1501 ad
2910 1456 3156 1502 mortem.
3182 1449 3249 1502 Et
3276 1464 3496 1502 currens
3524 1448 3770 1502 abscon-

2166 1534 2244 1587 dit
2275 1550 2334 1589 se
2364 1551 2481 1605 prie
2514 1535 2705 1590 timore
2724 1536 2778 1590 in
2810 1536 3015 1607 lapide,
3043 1538 3135 1607 qui
3156 1545 3380 1592 vocatur
3400 1537 3766 1604 Gallicantus,

2164 1639 2231 1678 en
2289 1639 2396 1679 non
2450 1625 2761 1695 comparuit
2813 1626 2987 1680 donec
3036 1627 3195 1680 Jesus
3243 1633 3488 1681 mortuus
3546 1626 3650 1680 luit
3706 1626 3768 1680 in

466 1716 631 1764 trum.
666 1709 845 1774 Quem
862 1710 1057 1766 videns
1082 1710 1300 1767 ostiaria
1323 1709 1461 1764 dixit
1484 1727 1495 1762 :
1534 1711 1611 1765 Tu
1630 1724 1688 1764 es
1709 1724 1783 1764 ex
1809 1708 2050 1780 discipu-
2078 1724 2131 1786 Β
2164 1727 2348 1768 cruce.

464 1796 536 1852 lis
565 1798 811 1855 hominis
828 1801 997 1855 istius
1018 1798 1049 1852 ?
1077 1800 1261 1871 (Joan.
1285 1814 1442 1866 xvm,
1468 1797 1578 1867 17.)
1608 1798 1796 1851 Petrus
1823 1812 1953 1851 vero
1974 1805 2054 1851 ter

466 1887 687 1959 negavit
715 1904 836 1942 cum
863 1887 1167 1959 juramento
1206 1887 1353 1958 quod
1409 1902 1684 1956 nunquam
1740 1901 1861 1940 eum
1888 1885 2054 1939 vidis-

465 1982 566 2043 set,
597 1990 773 2047 neque
815 1976 1080 2033 novisset.
1138 1977 1207 2031 Et
1263 1976 1449 2030 statim
1479 1975 1656 2046 gallus
1685 1974 1939 2029 cantavit.
1989 1976 2056 2029 Et

465 2078 767 2121 conversus
787 2067 946 2121 Iesus
990 2063 1244 2137 respexit
1264 2066 1305 2095 ⁸³
1353 2066 1606 2130 Petrum,
1644 2067 1700 2117 et
1729 2062 2056 2118 recordatus

466 2156 551 2208 est
595 2156 798 2210 Petrus
850 2155 1000 2211 verbi
1039 2154 1271 2210 Domini
1307 2153 1450 2225 quod
1490 2152 1721 2208 dixerat
1760 2153 1811 2206 ei
1842 2170 1859 2206 :
1913 2150 2059 2215 Quia

466 2243 798 2316 priusquam
838 2241 881 2272 “
925 2244 1111 2315 gallus
1160 2246 1376 2311 cantet,
1421 2245 1509 2296 ter
1548 2256 1636 2296 me
1692 2239 1943 2311 negabis.
1992 2239 2061 2293 Et

467 2346 721 2404 egressus
752 2334 954 2389 Petrus
982 2332 1137 2403 ﬂevit
1187 2347 1409 2388 amare.
1461 2330 1625 2398 (Luc.
1658 2345 1790 2397 xxn,
1818 2330 1904 2395 6t,
1938 2328 2062 2397 62.)

533 2423 597 2476 A.
631 2421 736 2477 Ubi
765 2420 928 2490 fuisti,
988 2420 1312 2476 charissima
1368 2419 1609 2486 domina,
1667 2434 1789 2474 cum
1818 2418 1939 2472 haec
1968 2415 2063 2472 tie-

467 2518 592 2565 rent
618 2514 660 2544 “
697 2511 726 2563 ‘l

538 2600 610 2653 Μ.
641 2596 833 2654 Statim
863 2614 985 2653 cum
1017 2597 1266 2669 discipuli
1314 2597 1445 2652 mibi
1488 2596 1749 2651 dixissent
1774 2611 1893 2665 quae
1924 2594 2066 2649 facta

470 2687 708 2755 fuerant,
737 2686 918 2742 omnia
957 2700 1081 2742 ossa
1136 2702 1257 2742 mea
1312 2688 1771 2752 contremuerunt,
1804 2699 2065 2755 surgens-

466 2791 575 2847 que
598 2778 640 2809 “
668 2776 879 2831 cucurri
910 2791 1030 2830 cum
1054 2775 1223 2831 Maria
1253 2775 1579 2847 Magdalena
1595 2773 1754 2843 juxta
1782 2773 2065 2842 templum,

467 2863 806 2937 audiensque
836 2863 1120 2918 tumultum
1152 2864 1208 2917 in
1253 2864 1417 2918 domo
1452 2865 1642 2931 Annae,
1672 2862 1817 2918 volui
1846 2861 2065 2928 intrare,

470 2952 567 3009 sed
591 2967 699 3007 non
723 2969 844 3008 sum
873 2952 1137 3024 permissa
1166 2953 1237 3006 ⁸⁷.
1270 2953 1428 3009 Unde
1449 2951 1661 3006 stabam
1687 2950 1821 3006 foris
1851 2950 2071 3018 plorans

468 3050 523 3099 et
552 3042 800 3097 clamans
831 3061 843 3097 :
886 3042 1003 3096 Heu
1040 3043 1051 3095 !
1084 3041 1282 3098 dilecte
1311 3040 1383 3095 ﬁli
1416 3041 1511 3109 mi,
1565 3039 1747 3096 lumen
1776 3039 2063 3095 oculorum
2095 3081 2143 3145 Ο

471 3143 738 3195 meorum,
770 3128 895 3200 quis
946 3126 1100 3183 dabit
1144 3128 1321 3198 capiti
1376 3143 1499 3183 meo
1541 3142 1766 3196 aquam,
1797 3128 1852 3179 et
1884 3124 2064 3179 oculis

470 3218 614 3273 meis
633 3218 851 3289 fontem
885 3217 1265 3288 lacrymarum
1295 3217 1428 3285 (Jer.
1453 3231 1529 3283 ix,
1558 3219 1605 3285 1)
1632 3222 1685 3268 ut
1704 3214 1957 3284 plangam
1984 3212 2061 3265 in-

469 3305 863 3379 perfectionem
890 3304 984 3360 filii
1012 3304 1052 3333 ⁸³
1082 3306 1186 3360 mei
1205 3306 1232 3358 ‘l
1260 3304 1433 3359 Maria
1461 3320 1592 3360 vero
1623 3303 1946 3375 Magdalena
1969 3300 2067 3355 cir-

471 3404 940 3474 cuibatundique,
980 3411 1032 3458 et
1061 3402 1435 3474 introspiciens
1485 3418 1583 3473 per
1630 3400 1911 3468 fenestras,
1946 3415 2067 3471 quae

473 3501 701 3557 audiens
730 3500 1076 3573 negationem
1111 3501 1267 3567 Petri,
1294 3504 1569 3557 commota
1599 3506 1720 3552 sunt
1750 3498 1931 3553 omnia
1953 3497 2067 3550 vis-

474 3613 604 3652 cera
631 3596 749 3666 ejus
777 3611 875 3666 pro
903 3593 945 3624 "
977 3596 1308 3651 desolatione
1359 3596 1502 3652 unici
1556 3594 1651 3650 lilii
1682 3612 1789 3662 me,
1830 3610 1895 3650 eo
1926 3594 2072 3667 quod

478 3695 734 3766 princeps
785 3694 1173 3764 discipulorum
1227 3710 1348 3749 eum
1407 3701 1680 3765 negasset,
1711 3693 1758 3747 ei
1790 3693 1957 3747 dixit:
2019 3691 2066 3747 Ο

475 3793 601 3848 Jesu
630 3791 773 3847 bone
799 3788 863 3860 ’⁸,
896 3791 1113 3864 qualem
1147 3789 1307 3849 ﬁnem
1347 3792 1546 3848 sortius
1575 3807 1651 3859 es,
1684 3790 1770 3846 vel
1825 3790 1953 3862 quid
1984 3789 2077 3845 ﬁet

2233 1801 2301 1854 A.
2347 1800 2442 1855 Dic
2471 1801 2622 1870 mihi,
2681 1800 2899 1858 domina
2926 1802 2967 1834 ⁷⁸
3024 1802 3371 1872 charissima,
3424 1802 3552 1874 quid
3584 1803 3769 1860 fecisti

2162 1906 2283 1944 cum
2316 1890 2417 1943 hoc
2446 1890 2663 1945 audires
2689 1892 2717 1944 ‘l

2235 1981 2305 2033 Μ.
2340 1979 2565 2036 Gladius
2596 1979 2866 2035 Simeonis
2896 1980 3242 2051 pertransit/it
3274 1982 3513 2036 animam
3542 1996 3756 2037 meam.

2780 2079 3003 2135 CAPUT
3043 2081 3130 2134 ιν.

2401 2175 2472 2229 De
2506 2173 2719 2229 Christi
2758 2175 3091 2232 deductione
3130 2176 3203 2232 ad
3238 2177 3528 2249 Caipham.

2239 2272 2562 2326 ANSELMUS.
2595 2271 2692 2325 Dic
2713 2272 2844 2325 mihi
2875 2272 3003 2344 quid
3034 2273 3233 2328 factum
3259 2276 3298 2305 τ’
3321 2274 3418 2329 fuit
3448 2281 3572 2344 post
3602 2274 3775 2329 haec?

2240 2362 2440 2414 Manu.
2476 2362 2634 2415 Mane
2666 2361 2808 2416 facto
2854 2361 3155 2417 eduxerunt
3183 2379 3307 2418 eum
3363 2364 3432 2417 de
3459 2363 3624 2418 domo
3654 2366 3777 2418 An-

2170 2465 2274 2517 nae,
2307 2457 2362 2504 et
2394 2450 2667 2504 duxerunt
2696 2465 2816 2505 eum
2849 2450 2916 2504 ad
2957 2451 3216 2521 Caipham
3244 2452 3549 2523 principem
3579 2467 3776 2508 sacer—

2171 2537 2359 2593 dotum
2388 2538 2449 2591 ⁸⁰.
2488 2540 2639 2594 Tunc
2668 2539 2843 2608 primo
2891 2547 3179 2611 postquam
3238 2550 3428 2611 captus
3457 2541 3633 2596 fuerat
3659 2540 3779 2597 vidi

2173 2643 2317 2695 eum,
2341 2635 2393 2682 et
2421 2628 2458 2657 ⁸³
2501 2642 2791 2682 accurrens
2818 2629 2971 2701 quasi
3002 2629 3179 2683 leaena
3201 2630 3374 2699 raptis
3404 2630 3607 2684 fetibus
3620 2629 3780 2685 vide-

2173 2716 2299 2770 bam
2330 2716 2480 2769 illam
2531 2715 2955 2772 desiderabilem
3006 2718 3203 2774 t‘aciem
3259 2719 3435 2789 sputis
3459 2718 3774 2774 Judaeon

2174 2805 2516 2872 maculatam,
2550 2805 2739 2860 dicens
2774 2805 3126 2875 lacrymando
3162 2823 3174 2859 :
3208 2807 3325 2862 Heu
3360 2808 3372 2860 1
3421 2807 3777 2862 dilectissime

2174 2893 2272 2961 ﬁli,
2332 2893 2567 2965 quam"
2618 2893 2981 2949 miserabilem
3040 2898 3158 2951 te”
3192 2896 3356 2951 modo
3412 2896 3593 2961 video,
3648 2913 3775 2967 quas

2176 2982 2334 3038 toties
2364 2981 2683 3038 dulcissimo
2711 2984 2748 3013 ⁸⁸
2782 2991 2872 3038 tuo
2910 2993 3131 3053 aspectu
3171 2985 3480 3056 gaudebam
3510 2986 3539 3036 Ὺ
3568 2985 3640 3039 Et
3668 2999 3773 3040 vo-

2178 3072 2295 3126 lens
2324 3071 2477 3126 illum
2507 3071 2782 3141 amplecti,
2816 3088 2924 3127 non
2959 3072 3033 3127 fui
3065 3076 3335 3143 permissa
3370 3074 3649 3139 accedere,
3674 3073 3773 3129 sed

2178 3169 2323 3215 trusa
2354 3176 2385 3215 a
2414 3161 2616 3215 Judzeis
2639 3160 2747 3215 huc
2776 3169 2830 3215 et
2848 3160 3406 3230 illuc,contumeliose
3428 3179 3546 3217 sum
3567 3172 3771 3223 amota,

2177 3258 2229 3303 et
2259 3249 2487 3320 populus
2518 3249 2755 3319 undique
2786 3251 3164 3319 concurrebat,
3206 3250 3345 3306 sicut
3375 3251 3593 3322 quando
3626 3252 3773 3307 fures

2177 3346 2229 3394 et
2260 3339 2501 3393 latrones
2530 3339 2981 3394 condemnamur.

2248 3430 2310 3482 Α.
2344 3428 2587 3482 Habuisti
2645 3427 2813 3498 aliqu:
2828 3446 2879 3482 m
2910 3428 2949 3458 ⁸⁵
2980 3445 3133 3501 spem
3189 3430 3335 3503 quod
3395 3430 3616 3486 liberari
3646 3447 3776 3503 pos-

2176 3526 2255 3574 set
2284 3519 2311 3570 ‘l

2253 3608 2324 3661 M.
2360 3607 2565 3676 Etiam;
2599 3604 2838 3661 sciebam
2877 3607 3021 3662 enim
3079 3608 3225 3679 quod
3256 3607 3293 3636 ⁸⁸
3325 3608 3642 3681 ingeniosus
3677 3609 3781 3664 fuit

2184 3704 2235 3752 et
2269 3697 2556 3763 facundus,
2591 3703 2644 3750 et
2673 3696 2965 3766 sperabam
2992 3699 3137 3766 quod
3157 3714 3216 3752 se
3238 3706 3595 3753 excusaturus
3617 3707 3777 3767 esset,

2186 3787 2231 3841 si
2263 3787 2331 3840 ad
2384 3784 2648 3854 judicium
2706 3786 2935 3841 veniret.
2991 3786 3137 3842 Tunc
3196 3787 3341 3843 stetit
3398 3788 3551 3859 quasi
3607 3804 3781 3861 agnus

1778 3919 2008 3975 VARUS
2050 3915 2464 3973 LECTIONES.

549 4047 655 4101 “In
675 4044 877 4118 templo
892 4060 1004 4118 ms.
1024 4052 1075 4099 et
1094 4043 1146 4098 in
1165 4043 1384 4118 templo.
1417 4043 1975 4118 "iudieiconvcniunt
1999 4042 2288 4118 msJudaii
2310 4049 2695 4118 convenerunt.
2728 4039 3074 4118 f‘tnterrogas
3089 4040 3295 4118 ‘?_Tunr_
3307 4058 3411 4097 ms.
3433 4041 3779 4118 interrogas?

482 4109 888 4190 lnterrogaq'eos
915 4116 1007 4189 qui
1041 4133 1129 4171 me
1157 4109 1476 4190 audierunt,
1493 4115 1646 4190 quod
1676 4117 1891 4190 locutus
1907 4133 2037 4190 sum
2067 4114 2163 4169 eis.
2188 4114 2329 4190 E_cce
2361 4112 2612 4190 hiusciunt
2654 4109 2785 4190 quid
2816 4112 3048 4165 dixerint
3093 4112 3197 4190 eis.
3255 4114 3420 4190 Tunc.
3481 4109 3701 4190 "Dabat
3724 4113 3776 4190 _ei

483 4181 1033 4262 alapamfinexpei'toe
1064 4187 1416 4262 crudelitatis,
1450 4181 1640 4262 dicens
1666 4204 1771 4242 ms.
1795 4187 2180 4262 deditalapam
2211 4186 2355 4262 Iesu,
2391 4184 2595 4237 dicens.
2619 4181 3017 4262 _.°°Ligavet;unt
3049 4184 3244 4262 oculos
3274 4185 3337 4262 ei.
3356 4192 3610 4262 tanquam
3636 4186 3777 4239 furi:

481 4254 595 4319 ms:
632 4254 953 4316 velaverunt
980 4259 1167 4314 oculos
1197 4259 1315 4329 ejus
1346 4267 1599 4328 tanquam
1630 4259 1867 4312 latronis.
1923 4254 2423 4329 “Etpercuticntes
2448 4271 2568 4329 eum
2601 4254 3219 4329 dixeruntLPLOphetiza
3250 4256 3430 4329 nobis,
3464 4257 3553 4325 qui
3586 4273 3644 4310 es
3676 4272 3778 4310 ms.

485 4341 537 4387 et
566 4331 851 4388 illuserth
882 4332 930 4384 ei
962 4329 1209 4385 dicentes
1225 4324 1256 4383 ἐ
1293 4324 1627 4399 Prophetiza,
1661 4332 1779 4397 quis
1808 4337 1908 4384 est.
1968 4324 2125 4390 “Qui
2160 4335 2453 4399 notusms:
2480 4325 2604 4399 quia
2636 4329 2812 4399 notus.
2848 4324 2902 4387 ,⁸³
2935 4326 2997 4377 Et
3026 4342 3318 4399 conversus
3344 4324 3499 4399 .lesus
3522 4343 3782 4399 respexe-

483 4405 552 4460 rit
578 4420 691 4459 ms.
719 4411 771 4457 et
802 4400 968 4457 Filius
987 4417 1139 4455 meus
1158 4395 1414 4470 respexit.
1447 4395 1652 4455 “Verbi
1677 4395 1887 4455 Domini
1908 4399 2036 4463 quid
2067 4399 2277 4452 dixerat
2297 4397 2346 4452 ei
2370 4415 2380 4450 :
2419 4395 2557 4470 Quia
2578 4396 2885 4470 priusquam
2911 4413 3014 4450 ms.
3036 4397 3203 4470 Verbi
3221 4398 3366 4470 quod
3386 4397 3593 4451 dixerat
3613 4395 3785 4452 Filius

484 4491 639 4552 meus
663 4475 856 4552 Iesus:
905 4470 1074 4552 quod.
1104 4471 1446 4543 priusquam.

1530 4471 1709 4526 “Cum
1766 4472 1883 4526 bene
1936 4470 2121 4524 tierent
2177 4487 2283 4523 ms.
2344 4468 2559 4540 quando
2610 4466 2920 4540 hmqfacta
2950 4476 3088 4540 sunt.
3141 4469 3311 4521 “Mihi
3343 4469 3629 4535 dixissent,
3665 4485 3784 4540 quia

486 4547 629 4601 facta
669 4544 898 4611 fuerant,
924 4538 1252 4599 'omnia'ossa
1275 4538 1403 4597 inea
1422 4548 1885 4609 contremuerunt,
1909 4557 2239 4612 surge-nsque
2267 4538 2373 4612 ms.
2404 4538 2536 4612 mihi
2565 4539 2708 4608 quod
2740 4538 2937 4612 factum
2973 4538 3558 4612 fueratnuntiaverunt,
3578 4538 3784 4595 contre-

485 4623 738 4671 muerunt
768 4609 951 4686 omnia
980 4630 1099 4686 ossa
1132 4629 1279 4669 mea.
1323 4614 1566 4686 surgens
1597 4615 1823 4668 cucurri.
1883 4609 2253 4686 "Tumultum,
2285 4610 2429 4686 volui
2470 4610 2692 4686 intrare,
2722 4609 2814 4662 sed
2846 4625 2951 4686 non
2987 4609 3059 4686 fni
3091 4626 3193 4686 ius.
3216 4612 3588 4686 tumultuaria
3620 4613 3781 4686 (ionio

487 4691 676 4751 Anum,
710 4685 960 4740 volebam
1017 4685 1237 4753 intrare,
1284 4685 1380 4740 sed
1432 4680 1547 4739 non
1580 4702 1693 4739 sum
1751 4685 2032 4754 permissa.
2090 4683 2479 4736 “Interfectum
2534 4680 2649 4734 Filii
2698 4697 2801 4733 ms.
2864 4680 3293 4754 interfectionem
3326 4683 3466 4737 unici
3499 4682 3612 4735 ﬁlii.
3673 4682 3782 4735 “Et

488 4757 781 4814 audiens...
806 4764 1076 4826 commota
1105 4764 1184 4812 est
1214 4756 1341 4811 totis
1369 4756 1669 4811 visceribus
1698 4752 1795 4825 pro
1827 4772 1928 4810 ms.
1962 4770 2082 4826 qure
2111 4754 2407 4826 audiens...
2440 4759 2708 4826 commota
2740 4758 2861 4804 sunt
2886 4752 3071 4826 omnia
3091 4752 3300 4826 viscera
3330 4754 3443 4820 ejus
3464 4768 3585 4826 pro.
3616 4754 3781 4826 "Jcsu

491 4831 651 4896 bone,
682 4844 794 4882 ms.
832 4828 960 4882 Jesu
990 4825 1187 4881 dulcis.
1251 4828 1552 4896 "Princeps
1582 4823 2060 4897 discipulorum—te
2115 4824 2410 4897 negaverit.
2446 4823 2491 4877 Ο
2518 4824 2643 4897 Jcsu
2675 4839 2779 4876 ms.
2813 4824 3070 4897 princeps
3100 4824 3362 4897 omnium,
3399 4832 3471 4897 fut
3500 4823 3780 4897 dignosci-

487 4909 598 4965 tur,
630 4893 681 4954 te
709 4899 946 4970 negavit.
981 4897 1168 4952 Dulcis
1195 4898 1342 4970 Jcsu.
1403 4893 1673 4969 "Negabo
1784 4907 2067 4952 internum.
2122 4893 2238 4967 Ego
2287 4902 2463 4949 autem
2520 4893 2734 4970 stabam
2768 4910 2871 4947 ms.
2904 4894 3137 4964 negabo.
3167 4895 3284 4970 Ego
3313 4896 3542 4949 stabam.
3577 4893 3782 4950 "Cum

488 4964 621 5044 ergo
680 4964 867 5024 Petrus
921 4985 1043 5023 eum
1098 4969 1257 5044 tgrtio
1314 4964 1583 5044 negasset,
1644 4968 1912 5044 Piliusque
1971 4964 2290 5044 meus-eum
2323 4964 2667 5034 respexisset,
2711 4972 2761 5018 ct
2818 4972 3036 5044 propter
3090 4981 3195 5034 quo

3286 4982 3406 5020 eum
3467 4975 3779 5038 negaverat,

474 5035 723 5110 ,tlevvisset
752 5054 936 5095 amare
966 5056 1071 5095 ms.
1106 5040 1169 5110 Et
1198 5055 1317 5094 cum
1351 5035 1533 5094 Pctrus
1568 5040 1723 5094 tertio
1754 5035 2019 5109 negasset,
2074 5036 2237 5110 Filius
2268 5051 2444 5110 meus
2467 5052 2588 5110 cum
2620 5035 2884 5110 respexit,
2908 5043 2955 5089 et
2986 5051 3053 5110 _eo
3084 5035 3225 5110 quod
3258 5035 3568 5110 negaverat,
3600 5054 3781 5110 amare

487 5113 654 5169 ﬂevit.
714 5109 853 5167 "Cui
886 5126 1008 5164 cum
1041 5109 1231 5164 dolore
1261 5110 1394 5173 dixi,
1428 5112 1582 5165 Patre
1616 5127 1718 5166 ms.
1753 5118 1800 5163 et
1827 5105 1973 5163 tacta
2005 5108 2190 5162 dolore
2220 5107 2401 5163 cordis
2432 5105 2749 5160 intrinsecus
2778 5106 2887 5159 dixi
2935 5106 3000 5159 ad
3041 5123 3160 5159 eum
3194 5105 3369 5161 Petre'.
3434 5107 3602 5163 “Jesu
3635 5110 3662 5161 ‘2
3695 5109 3778 5177 qui

488 5202 595 5240 ms.
625 5185 775 5249 Jesu,
808 5182 901 5236 vel
920 5181 1009 5235 ubi
1040 5189 1117 5236 est
1143 5182 1298 5235 Jesus
1318 5182 1346 5234 ‘l
1368 5180 1498 5250 Qui.
1538 5182 1697 5236 "Heu
1729 5181 2047 5234 charissima
2081 5178 2304 5233 Domina
2335 5195 2464 5250 mss
2486 5179 2597 5250 heu
2622 5177 2847 5250 Domina
2879 5177 3039 5250 bona.
3072 5176 3396 5233 "Tractatur
3426 5186 3477 5233 et
3507 5176 3784 5235 cruciatur

486 5272 593 5311 ms.
628 5254 897 5324 cruciatur
924 5265 977 5307 et
1006 5252 1270 5307 occiditur
1300 5249 1496 5324 usque.
1568 5249 1707 5306 "Dic
1740 5252 1973 5324 Domina
2006 5250 2236 5324 της.ρἱ
2276 5249 2402 5324 mihi
2446 5249 2693 5302 Domina.

2771 5246 2957 5316 "Quid
2990 5250 3186 5322 factum
3221 5267 3326 5304 ms.
3363 5250 3460 5304 Dic
3494 5251 3619 5305 mihi
3654 5251 3780 5322 quid

490 5329 713 5383 factum.
774 5323 1124 5392 “Principem
1180 5320 1518 5377 sacerdotum
1549 5340 1655 5378 ms.
1686 5322 2019 5377 Pontiﬁccm.
2081 5321 2270 5392 “Tunc
2308 5321 2503 5392 primo,
2549 5328 3089 5392 postquarncaptus
3128 5320 3317 5388 fuerat,
3376 5322 3484 5375 vidi
3539 5320 3686 5390 eum,
3733 5329 3783 5377 et

487 5416 594 5456 ms.
624 5395 704 5451 Ibi
735 5412 858 5451 eum
887 5390 1014 5450 tunc
1044 5393 1171 5459 vidi,
1216 5403 1501 5464 postquam
1533 5402 1724 5461 captus
1756 5394 1872 5460 fuit,
1907 5400 1977 5447 et.
2028 5391 2271 5464 "Diceris
2291 5390 2805 5464 lacrymando,‘hcu
2829 5391 3186 5464 dilectissime
3218 5392 3315 5446 Fili
3344 5408 3448 5447 ms.
3484 5396 3668 5448 crines
3697 5393 3780 5448 di-

489 5450 718 5534 ianians,
746 5450 757 5451 ί
788 5466 999 5538 ejulans
1052 5472 1104 5520 et
1160 5450 1403 5538 plorans,
1445 5450 1659 5538 altaque
1715 5450 1974 5538 clamans,
2021 5466 2120 5518 heu
2152 5450 2490 5538 dulcissime.

485 5536 853 5596 “Dulcissimo
876 5555 981 5594 ms.
1017 5536 1403 5591 amantissimo.

2585 5461 3006 5516 "Miserabiliter
3061 5470 3109 5515 te
3149 5478 3254 5517 ms.
3287 5464 3650 5519 miserabilem
3712 5474 3779 5523 te.

1488 5530 1678 5590 "Tunc
1709 5536 1943 5608 aliquam
1964 5530 2071 5590 ins.
2107 5535 2264 5608 omit.
2298 5541 2440 5588 tunc.
2513 5530 2731 5587 "Etiam
2758 5550 2769 5586 :
2831 5532 3066 5589 sciebam
3098 5533 3242 5587 cnim
3275 5534 3417 5606 quod
3448 5553 3552 5592 ms.
3585 5537 3777 5606 Etiam,

485 5629 605 5667 cum
638 5609 907 5667 desiderio
936 5608 1224 5681 sperabam
1256 5616 1313 5663 ut
1340 5615 1516 5663 mater
1547 5625 1559 5660 :
1595 5605 1839 5663 sciebam
1870 5607 2050 5676 itaque
2079 5605 2240 5676 quod.
