4036 6072
309 258 419 320 ΞΠ

1227 260 1494 319 SPURIA.
1527 288 1596 302 -—
1626 250 1908 314 DIALOG.
1941 249 2036 308 DE
2067 250 2406 311 PASSIONE
2436 253 2710 314 DOMINI.

3502 220 3609 309 eis

308 384 781 444 mansuetissimus
824 382 879 440 ⁸⁷,
911 396 962 445 et
1020 403 1129 446 non
1187 388 1401 461 aperuit
1447 404 1510 443 os
1567 402 1759 443 suum;
1805 382 1903 438 fuit
1932 375 1988 436 A
2016 380 2653 454 omnisquieerveritate
2670 376 3535 447 est,a-uditvocemmeamﬂixit
3557 375 3612 434 ei

308 476 476 530 etiam
504 475 636 533 “ita
667 478 974 534 amicabilis
1019 479 1162 549 quod
1206 479 1491 550 sperabam
1539 476 1683 548 quod
1728 474 1905 530 debe-

308 573 432 621 rent
462 564 582 638 ejus
613 566 876 623 misereri.
910 569 975 623 Et
1008 569 1228 624 modico
1258 577 1499 638 tempore
1514 566 1743 635 dilapso,
1766 564 1904 619 adeo

311 664 607 726 consputus
638 655 735 710 fuit
776 657 919 726 quod
969 657 1122 728 quasi
1154 658 1404 728 leprosus
1443 656 1765 727 apparebat.
1808 656 1904 708 In-

309 753 574 800 venerunt
600 745 743 800 enim
776 744 859 800 isti
892 747 1055 800 multa
1086 746 1900 806 falsatestimoniacontraeum,

308 833 554 889 dicentes
598 850 722 889 eum
751 833 789 864 ⁸²
820 852 937 890 esse
984 835 1120 906 legis
1164 835 1575 898 destructorem,
1619 841 1671 889 et
1720 830 1901 902 p0puli

308 922 700 978 subversorem
729 926 785 970 ⁸ο-
801 924 1038 979 Tandem
1059 925 1164 980 duo
1182 925 1320 995 falsi
1336 928 1503 979 testes
1519 925 1901 987 accesserunt,

308 1012 563 1069 dicentes
582 1013 709 1069 :Hic
742 1013 894 1067 dixit
917 1016 1147 1069 Possum
1178 1014 1466 1069 destruere
1487 1012 1762 1084 templum
1783 1009 1899 1075 Dei,

309 1106 364 1158 et
384 1106 510 1173 post
532 1101 790 1157 triduum
819 1104 859 1134 ⁹¹
887 1103 1235 1170 recedi/icere
1256 1100 1636 1171 illud(1ltatth.
1658 1103 1900 1167 xxvi,60,

307 1192 419 1259 61).
446 1190 513 1245 Et
542 1189 777 1261 Caiphas
805 1190 939 1245 dixit
977 1206 989 1245 :
1024 1192 1121 1248 Dic
1152 1192 1308 1248 nobis
1356 1192 1408 1246 si
1440 1196 1501 1247 tu
1543 1207 1599 1246 es
1643 1189 1901 1245 Christus

306 1278 459 1348 (ibid.
497 1281 612 1349 63).
668 1280 828 1334 Jesus
874 1280 1153 1350 respondit
1196 1298 1208 1335 :
1249 1281 1309 1336 Si
1346 1280 1544 1336 dixero
1582 1279 1750 1343 vobis,
1784 1294 1901 1333 non

305 1370 543 1426 credetis
574 1371 733 1426 mihi.
766 1371 826 1427 Si
855 1377 1048 1426 autem
1080 1372 1498 1442 interrogauero
1532 1386 1639 1434 vos,
1660 1386 1774 1424 non
1806 1384 1900 1425 re-

301 1460 664 1531 spondebitis,
702 1476 879 1533 neque
906 1457 949 1487 ⁹⁹
978 1457 1461 1528 dimittetis(Luc.
1496 1460 1739 1521 xxu,67.
1784 1460 1895 1525 68).

301 1548 353 1602 Α
366 1564 517 1615 men,
533 1548 653 1606 dico
678 1548 848 1614 vobis,
873 1547 1074 1605 amodo
1089 1547 1346 1603 videbitis
1365 1548 1552 1616 ﬁlium
1568 1546 1813 1602 hominis
1827 1562 1903 1601 se-

302 1638 533 1693 dentem
563 1655 598 1693 a
621 1636 844 1693 dextris
866 1637 1097 1693 virtutis
1121 1638 1300 1702 Dei,et
1320 1640 1636 1693 venientem
1652 1634 1713 1690 in
1728 1636 1896 1691 nubi-

2018 469 2237 524 Pilatus
2261 491 2278 523 :
2303 470 2443 538 Quid
2465 475 2551 526 est
2582 471 2786 527 veritas
2808 481 2834 529 ?
2856 472 3197 537 (Inamxvm,
3218 469 3426 539 33-38.)
3460 468 3610 523 Hanc

2015 560 2368 632 qurestionem
2404 576 2512 616 non
2564 561 2722 614 solvit
2753 562 2801 615 ei
2846 562 3111 628 Christus,
3136 560 3259 632 quia
3306 559 3351 612 si
3401 557 3607 612 solvis-

2013 656 2111 712 set,
2145 665 2270 702 eum
2298 649 2479 718 utique
2513 650 2815 714 liberasset,
2849 657 2902 704 et
2948 650 3070 704 ideo
3113 666 3286 721 genus
3326 650 3366 679 ⁹⁹
3407 648 3608 702 huma-

2013 752 2140 790 num
2175 738 2507 806 redemptum
2529 754 2633 792 non
2654 738 2861 793 fuisset.
2880 737 3040 794 Tunc
3055 738 3227 793 Iudas
3252 737 3443 791 videns
3463 734 3607 807 quod

2014 824 2320 880 damnatus
2351 831 2513 889 esset,
2546 828 3122 899 prenitenliaductus,
3142 827 3341 882 retulit
3365 826 3606 897 triginta

2012 919 2305 987 argenteos
2315 915 2667 987 principibus
2678 916 3030 971 sacerdotum
3047 915 3424 971 etsenioribus
3435 929 3606 984 popu-

2010 1003 2069 1069 Ῑίν
2094 1004 2543 1061 dicens-Peccavi
2568 1006 2797 1060 tradens
2819 1006 3152 1077 sanguinem
3171 1008 3396 1076 justum
3417 1002 3499 1056 1“.
3529 1004 3599 1057 At

2009 1093 2100 1147 illi
2121 1093 2424 1149 dixerunt:
2448 1093 2589 1160 Quid
2618 1094 2691 1149 ad
2713 1098 2937 1150 nos?tu
2972 1095 3195 1150 videris.
3229 1095 3299 1148 Et
3336 1092 3601 1165 proiectis

2009 1184 2291 1253 argenteis
2314 1183 2373 1237 in
2390 1184 2922 1254 templum,recessit
2937 1183 3005 1237 ab
3024 1182 3181 1252 eis,et
3198 1184 3393 1238 abiens
3409 1183 3601 1253 laqueo

2009 1287 2065 1326 se
2086 1271 2379 1342 suspendit
2397 1272 2616 1340 (Matth.
2642 1288 2817 1340 xxvn,
2847 1272 2994 1342 3-5).
3024 1272 3229 1325 Pilatus
3252 1279 3451 1335 autem,
3468 1283 3600 1325 con-

2009 1359 2212 1414 vocatis
2247 1359 2582 1431 principibus
2611 1361 2980 1427 sacerdotum,
3015 1367 3070 1415 et
3111 1356 3518 1431 magistratibus
3548 1362 3601 1411 et

2008 1447 2187 1519 plebe,
2220 1449 2437 1502 dixitad
2466 1465 2560 1503 eos
2596 1451 2859 1511 ;Nullam
2899 1465 3129 1506 causam
3148 1449 3371 1503 invenio
3400 1445 3601 1501 mortis

2008 1537 2070 1591 in
2094 1536 2316 1592 homine
2343 1535 2452 1593 isto
2472 1536 2532 1566 ¹⁰¹
2553 1555 2627 1594 ex
2649 1539 2734 1595 his
2765 1540 2827 1594 in
2845 1539 3044 1611 quibus
3076 1553 3203 1593 eum
3217 1536 3496 1592 accusatis
3511 1531 3602 1586 ¹⁰’.

2010 1626 2166 1696 (Luc.
2196 1643 2353 1694 xxui,
2386 1629 2440 1694 4,
2484 1627 2597 1700 li.)
2631 1630 2696 1681 At
2728 1627 2803 1681 illi
2834 1626 3267 1692 invalescebant,
3301 1625 3550 1679 dicentes
3583 1640 3596 1677 :

303 1726 403 1782 bus
412 1727 559 1781 cali.
583 1727 732 1782 Tunc
740 1727 1003 1797 princeps
1017 1727 1370 1783 sacerdotum
1383 1726 1548 1782 scidit
1563 1727 1895 1780 vestimenta

2015 1714 2327 1771 Commovet
2343 1717 2615 1787 populum
2641 1715 2701 1744 ¹⁰⁸
2722 1734 2821 1790 per
2840 1714 3167 1773 universam
3182 1711 3604 1779 Judceam,inci-

304 1831 430 1881 sua,
446 1820 501 1870 et
515 1815 598 1870 ait
614 1813 656 1842 ⁹⁹
674 1835 685 1869 :
706 1815 852 1879 Quid
871 1815 1053 1871 adhuc
1075 1815 1459 1871 desideramus
1488 1814 1904 1869 testes?Azidis-

307 1905 382 1959 iis
414 1904 844 1970 blasphemiam.
881 1905 1022 1973 Quid
1046 1906 1191 1960 vobis
1222 1904 1495 1960 videtur?
1528 1905 1678 1958 Tunc
1708 1919 1902 1958 omnes

308 1993 645 2048 clamabant
674 2011 692 2045 :
721 1994 863 2049 Reus
909 1999 993 2049 est
1042 1994 1239 2050 mortis
1262 1992 1481 2061 (Matth.
1516 2007 1665 2060 xxvr,
1699 1992 1902 2063 64-66).

308 2080 427 2136 Hac
458 2081 665 2152 prolata
696 2080 981 2151 sententia,
1014 2082 1231 2155 gladius
1260 2081 1533 2137 Simeonis
1556 2080 1905 2153 pertransivit

305 2168 542 2224 animam
576 2186 749 2225 meam
768 2169 824 2213 “-

948 2279 1175 2336 CAPUT
1208 2279 1271 2336 V.

554 2389 631 2443 De
664 2387 876 2443 Christi
905 2387 978 2442 ad
1008 2388 1265 2444 Pilatum
1295 2388 1651 2447 deductione.

376 2478 711 2534 AsseLuus.
751 2475 879 2546 Quo
912 2484 1034 2532 tunc
1065 2476 1254 2533 ductus
1281 2477 1423 2533 fuit?

375 2567 581 2621 Manu.
614 2566 694 2621 Ad
718 2566 960 2636 judicem
1008 2566 1259 2622 Pilatum.

376 2656 450 2711 A.
483 2656 732 2727 Sperasti
763 2655 841 2710 ibi
869 2654 1097 2727 aliquid,
1129 2656 1345 2711 domina
1375 2656 1746 2714 charissima?

372 2746 448 2800 M.
488 2744 709 2801 Multum
739 2760 1115 2816 speraveram,
1139 2760 1263 2801 cum
1282 2745 1435 2801 turba
1449 2749 1796 2804 convenisset
1812 2752 1898 2806 cui

298 2850 449 2906 sape
477 2834 706 2891 dulciter
735 2834 1155 2904 praedicaverat,
1191 2842 1243 2890 et
1270 2850 1496 2907 quorum
1535 2835 1781 2894 inﬁrmos
1808 2856 1901 2895 sa-

299 2930 542 2991 naverat,
575 2930 627 2977 et
655 2938 753 2977 eos
781 2922 834 2976 in
865 2923 1085 2978 deserto
1115 2931 1358 2992 paverat,
1385 2924 1688 2996 quodcum
1707 2927 1775 2981 de
1790 2944 1900 2984 ma-

294 3011 455 3067 nibus
483 3010 1043 3068 Judaeorumliberare
1074 3011 1359 3068 deberent.
1391 3014 1543 3069 Tunc
1564 3015 1898 3071 unanimiter

295 3100 614 3156 clamabant
643 3115 830 3156 coram
858 3100 1031 3155 Pilato
1057 3118 1070 3154 :
1121 3101 1411 3173 Cruci/iga,

297 3191 468 3259 (Luc.
521 3206 671 3257 xxiii,
704 3192 818 3260 21).
851 3189 920 3245 Et
951 3190 1330 3260 imposuerunt
1377 3192 1431 3245 ei
1465 3192 1609 3263 quod
1631 3192 1898 3249 "dixerat

292 3295 354 3334 se
384 3278 552 3334 ﬁlium
588 3278 685 3334 Dei
715 3294 834 3334 esse
877 3278 1102 3350 (Matth.
1134 3294 1312 3348 xxvn,
1347 3281 1457 3349 43),
1490 3288 1543 3335 et
1585 3283 1729 3352 quod
1771 3298 1894 3353 pro-

288 3368 560 3423 hibuisset
591 3367 787 3423 tributa
839 3368 955 3423 dari
990 3368 1186 3423 Caesari
1218 3370 1379 3440 (Luc.
1412 3385 1547 3424 xxin
1570 3413 1584 3435 ,
1621 3374 1697 3440 2).
1746 3372 1895 3428 Tunc

288 3457 498 3512 Pilatus
528 3456 776 3529 quaesivit
804 3455 930 3512 "de
958 3472 1130 3529 regno
1151 3473 1274 3523 suo,
1308 3457 1496 3513 dicens
1535 3473 1547 3512 :
1594 3461 1669 3515 Tu
1700 3477 1757 3516 es
1787 3477 1894 3517 rex

282 3545 616 3603 Judtcorum
634 3553 662 3601 7
685 3547 745 3600 Et
766 3546 1057 3618 respondit
1079 3545 1244 3601 Jesus
1260 3551 1327 3601 :A
1366 3550 1658 3619 temetipso
1694 3551 1796 3604 hoc
1812 3551 1894 3605 di-

282 3639 389 3705 cis,
407 3654 485 3692 an
515 3637 620 3692 alii
651 3637 753 3692 tibi
779 3636 1057 3692 dixerunt
1072 3636 1139 3691 de
1164 3651 1252 3691 me
1269 3643 1296 3690 ?
1310 3637 1610 3707 Respondit
1630 3640 1848 3694 Pilatus
1871 3659 1888 3695 :

286 3727 555 3799 Nunquid
586 3742 680 3797 ego
697 3725 1098 3782 Judtvussum?
1121 3726 1264 3781 Gens
1284 3729 1385 3781 tua
1397 3730 1453 3781 et
1470 3727 1768 3798 pontiﬁces
1804 3730 1891 3784 tui

286 3815 655 3871 tradiderunt
686 3812 727 3842 ’⁷
748 3817 800 3869 te
829 3814 991 3880 mihi,
1012 3812 1145 3885 quid
1178 3814 1371 3884 fecisti
1401 3820 1427 3867 ?
1456 3816 1759 3886 Respondit
1786 3815 1885 3871 Je-

284 3920 382 3959 sus
406 3924 423 3959 :
457 3906 705 3975 Regnum
728 3918 914 3957 meum
939 3917 1050 3956 non
1076 3906 1159 3957 est
1183 3902 1248 3957 de
1271 3902 1371 3956 hoc
1400 3902 1612 3960 mundo
1632 3923 1645 3969 ;
1665 3919 1704 3949 οι
1723 3906 1777 3960 si
1806 3921 1879 3961 ea:

284 3994 386 4049 hoc
407 3992 616 4048 mundo
635 3994 780 4047 esset
797 4007 1031 4062 regnum
1054 3992 1531 4058 meum,ministri
1545 3995 1660 4047 mei
1680 3994 1875 4065 utique

279 4083 668 4149 decertarent,
684 4084 751 4137 ut
767 4096 881 4135 non
898 4080 1573 4136 trudererludceisﬂixit
1587 4083 1773 4152 itaque
1786 4084 1877 4138 Pi-

280 4172 466 4228 latus:
492 4172 628 4242 Ergo
660 4185 766 4226 rea:
797 4184 854 4225 es
887 4173 950 4225 tu
978 4172 1005 4220 ?
1034 4169 1339 4240 Respondit
1370 4168 1568 4228 Jesus:
1601 4172 1828 4227 Tudicis
1853 4190 1870 4224 .-

278 4259 423 4327 Quia
455 4276 559 4315 rea-
581 4274 705 4314 sum
735 4273 871 4328 ego;
893 4276 989 4328 ego
1010 4258 1081 4313 ad
1103 4259 1202 4313 hoc
1230 4263 1635 4325 natussum,et
1665 4262 1737 4315 ad
1768 4261 1867 4317 hoc

2010 1806 2173 1875 piens
2208 1821 2242 1859 a
2274 1803 2515 1861 Galilaza
2545 1822 2716 1879 usque
2735 1807 2841 1863 huc
2872 1806 3051 1878 (ibid.,
3085 1804 3158 1875 5).

2641 1915 2862 1970 CAPUT
2896 1913 2984 1968 VI.
3056 1936 3071 1945 ο

2114 2004 2187 2057 De
2218 2002 2555 2060 abductique
2585 2004 2658 2059 ad
2679 2004 2964 2070 Herodem,
2998 2006 3055 2059 et
3085 2001 3411 2059 reductiona
3431 2000 3514 2056 ad

2674 2095 2945 2149 Pilatum.

2083 2181 2230 2237 Tunc
2253 2183 2476 2237 Pilatus
2496 2182 2735 2238 audiens
2780 2183 3091 2248 Galilazam,
3113 2178 3324 2249 etquod
3347 2176 3605 2234 Galilzeus

2012 2277 2179 2337 esset,
2212 2271 2362 2324 misit
2378 2287 2506 2326 eum
2529 2270 2606 2325 ad
2627 2270 3025 2343 Herodem,qui
3046 2275 3106 2324 et
3130 2277 3254 2324 tunc
3272 2272 3398 2323 erat
3420 2269 3606 2325 Hiero-

2013 2360 2246 2431 solymis
2280 2360 2362 2416 1“.
2398 2359 2641 2416 Herodes
2684 2364 2879 2415 autem
2920 2361 3032 2415 viso
3085 2360 3216 2416 Jesu
3249 2358 3475 2429 gavisus
3521 2361 3606 2413 est

2013 2448 2173 2503 valde
2194 2469 2215 2511 ,-
2238 2453 2365 2504 erat
2398 2450 2551 2505 enim
2585 2465 2659 2504 ea:
2679 2449 2863 2504 multo
2884 2452 3130 2520 tempore
3161 2450 3396 2520 cupiens
3421 2447 3606 2504 videre

2012 2554 2164 2603 eum,
2190 2554 2250 2594 eo
2272 2539 2413 2611 quod
2430 2538 2693 2594 audierat
2722 2538 2911 2593 multa
2932 2537 2997 2593 de
3010 2553 3094 2605 eo,
3118 2542 3175 2592 et
3197 2538 3321 2609 quia
3345 2539 3608 2611 sperabat

2010 2627 2236 2700 aliquod
2252 2628 2482 2699 signum
2503 2628 2569 2683 ab
2590 2642 2651 2682 eo
2670 2627 2819 2695 fieri.
2856 2627 3244 2698 Interrogabat
3265 2643 3394 2700 ergo
3415 2629 3608 2684 Jesum

2010 2718 2212 2772 multis
2231 2717 2583 2773 sermonibus
2607 2717 2763 2787 (Luc.
2781 2731 2939 2782 XXIII,
2959 2716 3085 2783 6-9);
3111 2716 3381 2781 videlicet,
3398 2716 3443 2771 si
3464 2722 3611 2771 esset

2008 2806 2099 2862 ille
2115 2822 2270 2876 puer,
2314 2822 2477 2878 quem
2496 2803 2560 2833 ¹⁰⁵
2593 2814 2747 2875 pater
2780 2821 2908 2860 suus
2943 2805 3161 2860 volebat
3187 2804 3488 2861 interﬁcere
3519 2803 3605 2871 ³⁸⁸,

2008 2902 2057 2951 et
2106 2898 2327 2966 prOpter
2356 2910 2479 2951 eum
2536 2894 2733 2950 multos
2765 2910 2964 2966 pueros
3005 2902 3299 2950 necaverat
3318 2890 3401 2948 ³⁸⁷.
3434 2896 3605 2949 Item:

2007 2983 2061 3038 Si
2111 2991 2253 3039 esset
2299 2982 2389 3038 ille
2434 2984 2525 3055 qui
2565 2999 2770 3040 caecum
2810 2982 2869 3012 ¹⁰⁸
2924 2983 3346 3050 illuminavcrat,
3407 2991 3459 3038 et
3514 2982 3633 3056 qui'

1463 3104 1730 3175 cruci/ﬁge
1768 3121 1896 3160 eum
1930 3090 1977 3154 Ο
2007 3074 2261 3127 Lazarum
2292 3073 2674 3141 suscitaverat,
2708 3081 2759 3127 et
2791 3072 3192 3127 adolescentem
3229 3071 3395 3127 ﬁlium
3425 3072 3604 3128 viduae

2005 3162 2060 3215 in
2088 3170 2248 3232 porta
2288 3161 2519 3216 civitatis
2552 3163 2709 3215 Naim
2738 3180 2750 3223 ;
2793 3170 2844 3216 et
2882 3161 3051 3216 multa
3085 3161 3187 3216 alia
3222 3161 3483 3217 miracula
3519 3162 3604 3217 l'e-

2002 3250 2167 3305 cisset
2189 3249 2249 3279 ¹⁰⁹
2276 3258 2362 3312 ;et
2388 3252 2741 3322 rogaviteum
2770 3258 2831 3305 ut
2860 3250 3083 3322 aliquod
3118 3252 3337 3323 signum
3376 3250 3599 3320 faceret,

2003 3340 2322 3411 promittens
2354 3339 2492 3411 quod
2518 3355 2644 3392 eum
2680 3339 2748 3393 de
2777 3339 3026 3392 manibus
3056 3338 3117 3368 “°
3146 3339 3455 3393 Judaeorum
3499 3341 3602 3394 eri-

2002 3436 2171 3500 peret.
2224 3430 2380 3483 Jesus
2427 3435 2605 3482 autem
2656 3427 2788 3481 nihil
2818 3427 2865 3481 ei
2906 3427 3184 3495 respondit
3205 3427 3383 3497 (ibid.,
3420 3427 3498 3495 9).
3531 3428 3599 3483 Et

1999 3519 2181 3589 posuit
2210 3517 2455 3572 Herodes
2483 3531 2738 3572 coronam
2759 3531 2925 3585 super
2939 3525 3098 3586 caput
3121 3515 3256 3585 ejus,
3277 3516 3598 3587 promittens

2001 3608 2143 3677 quod
2194 3608 2243 3661 si
2287 3606 2494 3662 faceret
2523 3606 2571 3660 ei
2621 3605 2858 3677 signum,
2899 3604 3046 3677 quod
3094 3604 3269 3675 ipsum
3309 3605 3464 3675 regni
3508 3605 3593 3660 sui

2000 3696 2317 3767 participem
2364 3694 2587 3763 faceret,
2645 3702 2697 3750 et
2744 3693 2949 3766 pariter
2996 3692 3435 3749 coheredem”.
3484 3695 3593 3750 Ista

1996 3801 2196 3841 corona
2256 3784 2481 3840 Romani
2532 3791 2866 3840 coronantur
2912 3783 3271 3853 imperatores
3299 3780 3381 3836 1".
3427 3784 3588 3838 Jesus

1992 3879 2173 3929 autem
2199 3890 2304 3927 non
2328 3874 2609 3944 respondit
2626 3873 2693 3928 ei.
2710 3873 2946 3927 Stabant
2969 3874 3164 3927 autem
3180 3872 3468 3945 principes
3490 3888 3585 3927 sa-

1989 3964 2281 4018 cerdotum
2328 3967 2383 4017 et
2427 3962 2632 4018 Scriba:
2683 3964 3013 4017 constanter
3063 3966 3399 4017 accusantes
3454 3977 3581 4017 eum

1988 4052 2168 4122 (ibid.,
2204 4055 2311 4121 10).

1996 4158 1999 4159 ⁷
2053 4161 2373 4214 Axsauws.
2408 4156 2454 4213 Ο
2486 4155 2823 4225 dulcissima,
2848 4156 2976 4228 quid
3010 4162 3134 4212 tunc
3163 4155 3470 4227 sperabas?

2052 4266 2248 4319 MARIA.
2296 4263 2543 4320 Sciebam
2591 4263 2862 4343 Herodem
2908 4278 3029 4318 esse
3070 4278 3260 4334 regem
3310 4261 3574 4317 naturalis

273 4351 404 4405 veni
418 4351 477 4404 in
495 4349 768 4404 mundum
785 4351 849 4402 ut
865 4348 1253 4403 testimonium
1269 4347 1591 4418 perhibeam
1608 4351 1866 4415 veritati,-
1895 4345 1950 4409 D
1981 4353 2289 4426 elegantiae,
2309 4359 2362 4410 et
2402 4354 2528 4410 ideo
2552 4352 2613 4382 ³¹⁸
2636 4350 2929 4425 sperabam
2971 4351 3114 4423 quod
3144 4351 3261 4424 regi
3287 4349 3571 4406 excellen—

1546 4448 1767 4503 VARIJS
1824 4451 2234 4509 LECTIONES.

338 4544 379 4576 ’⁷
407 4545 870 4600 Mansuetissimus
901 4563 1000 4603 ms.
1037 4556 1368 4604 mansuetus.

265 4617 511 4673 dicentes
541 4634 664 4672 eum
697 4635 802 4672 ms.
836 4618 920 4673 isti
955 4620 1120 4673 multa
1150 4620 1284 4674 falsa
1313 4618 1616 4674 testimonia
1648 4629 1837 4674 contra
1864 4636 2007 4688 eum,
2041 4622 2285 4678 dicentes
2314 4640 2457 4678 eum.

1446 4546 1484 4575 ⁸⁸
1507 4549 1659 4613 ltem,
1696 4548 1967 4603 fuitetiam
1984 4568 2090 4606 ms.
2114 4554 2275 4607 omit.
2324 4554 2478 4606 Item.

2555 4549 2593 4579 ”
2621 4549 2773 4604 Enim
2813 4548 2978 4603 multa
3017 4548 3157 4603 falsa
3198 4549 3561 4603 testimonium

2533 4621 2573 4650 ’°
2597 4623 2974 4676 Perversorem
3016 4637 3115 4675 ms.
3151 4620 3556 4675 subversor-em.

262 4688 306 4717 ”
331 4692 394 4744 Et
412 4697 532 4760 post
561 4689 798 4765 triduum
832 4706 932 4745 ms.
966 4698 1016 4765 et
1048 4690 1099 4765 in
1132 4692 1346 4765 triduo.)
1401 4689 1445 4718 ”
1468 4690 1900 4765 Respondebitis,
1933 4709 2107 4762 neque
2152 4712 2255 4749 ms.
2302 4693 2698 4765 respondebitis
2716 4692 2867 4755 mihi,
2902 4707 3020 4745 nec.
3096 4690 3136 4718 ”
3170 4691 3338 4765 Scidit
3367 4692 3555 4765 festi—

261 4770 447 4817 menta
474 4776 588 4822 sua,
611 4769 662 4816 et
692 4761 765 4814 ait
795 4777 899 4815 ms.
933 4761 1187 4816 scindens
1216 4762 1536 4817 vestimenta
1566 4778 1660 4814 sua
1692 4763 1785 4816 ait.
1815 4762 1855 4791 "
1893 4761 2140 4819 Animam
2177 4782 2371 4819 meam.
2392 4761 2511 4819 'ms.
2547 4763 2784 4817 animum
2817 4770 2869 4815 et
2891 4778 2985 4815 cor
3020 4778 3218 4816 mcum.

261 4833 444 4902 posuit
466 4833 514 4887 ei
547 4831 706 4904 turba
729 4832 873 4904 quod
909 4849 1011 4887 ms.
1046 4834 1109 4886 Et
1136 4834 1505 4904 imposuerunt
1526 4833 1573 4887 ei
1601 4833 1767 4903 quod.
1842 4834 1882 4861 "
1915 4835 2175 4904 Quaesivit
2221 4854 2342 4889 eum
2370 4853 2471 4890 ms.
2493 4838 2650 4891 omit.
2694 4848 2845 4887 eum.

3295 4761 3335 4789 ’⁵
3362 4763 3424 4816 Et
3448 4763 3556 4817 im-

2939 4831 3274 4887 ”PontiﬁCes
3313 4834 3555 4889 tradide-

261 4901 385 4987 ευρ]
408 4920 516 4987 ms.
563 4901 844 4957 Pontiﬁces
873 4908 950 4957 tui
982 4901 1341 4960 tradiderunt.
1385 4901 1636 4987 ‘is‘ljunc
1664 4913 1842 4958 autem
1868 4901 2303 4987 regnum-meum
2336 4923 2440 4961 non
2473 4914 2549 4961 est
2577 4907 2645 4987 de
2665 4904 2997 4986 hocomundo
3028 4907 3284 4987 {23.8.1th
3313 4907 3548 4962 omittit.

253 4974 297 5048 ’έ
329 4975 397 5048 Et
426 4976 553 5029 ideo
572 4990 743 5048 genus
772 4991 872 5029 ms.
911 4983 961 5028 et
995 4982 1120 5030 tunc
1149 4992 1341 5048 genus.
1384 4975 1444 5004 ¹⁰⁰
1482 4975 1721 5048 Tradcns
1746 4974 2072 5048 sanguinem
2100 4980 2300 5047 justum
2352 4995 2457 5033 ms.
2506 4977 2724 5031 tradens
2764 4976 2989 5048 justum.
3036 4976 3094 5048 ξω
3137 4977 3369 5031 Causam
3405 4995 3553 5033 mor-

256 5047 327 5100 tis
356 5047 410 5101 in
442 5044 661 5101 homine
691 5045 796 5099 isto
826 5063 930 5099 ms.
964 5044 1181 5101 causam
1217 5048 1267 5099 in
1299 5049 1400 5102 hoc
1428 5047 1665 5118 homine.
1743 5046 1804 5074 ¹⁰²
1828 5044 1960 5102 Eum
1994 5044 2261 5104 accusatis
2289 5066 2386 5103 ms.
2416 5065 2538 5103 eum
2583 5055 2854 5101 accusant.
2931 5045 2991 5118 1f”
3042 5046 3300 5118 Populum
3349 5049 3553 5104 docens

260 5134 363 5188 per
388 5118 744 5191 nia—omittit
775 5118 996 5191 docens.
1070 5118 1132 5146 ¹⁰⁴
1189 5118 1426 5191 Audiens
1455 5117 1736 5191 Galilmam
1770 5125 1819 5172 et
1851 5119 1995 5188 quod
2027 5120 2283 5175 Galil-aius
2315 5128 2477 5185 esset,
2512 5119 2658 5172 misit
2687 5120 2867 5174 Jesum
2895 5117 2968 5191 ad
3013 5117 3307 5191 Herodem,
3360 5121 3451 5191 qui
3497 5128 3551 5174 et

261 5187 390 5243 tunc
407 5196 536 5260 erat
558 5187 971 5260 Hierosolymis.
1005 5206 1110 5244 ms.
1145 5189 1369 5243 audiens
1399 5188 1540 5260 quod
1560 5189 1833 5260 Galilzrus
1864 5199 2023 5248 esset.
2057 5192 2200 5245 misit
2229 5208 2351 5246 cum
2392 5193 2459 5245 ad
2490 5191 2781 5253 Herodem,
2817 5188 2906 5259 qui
2937 5197 2989 5242 et
3021 5190 3134 5258 ipso
3166 5187 3551 5260 Hierosolymis

253 5269 373 5323 erat
404 5259 512 5315 illis
538 5258 747 5312 (trbus.
780 5258 840 5287 ³⁸⁵
878 5259 973 5313 Ille
999 5276 1150 5330 puer,
1185 5276 1345 5330 quezn
1380 5278 1480 5314 ms.
1505 5259 1606 5330 ille
1636 5276 1815 5325 quem.

262 5346 356 5385 ros
388 5330 728 5384 interfecerat
758 5347 864 5384 ms.
899 5346 1094 5398 pueros
1124 5341 1426 5385 necaverat.

259 5403 390 5457 alia.
424 5402 510 5456 Et.
587 5400 649 5429 ¹²⁰
689 5401 755 5455 Ut
783 5417 906 5455 eum
939 5402 1005 5456 de
1036 5418 1198 5456 manu
1225 5420 1330 5457 ms.

1897 5259 1953 5289 ¹⁰⁶
1980 5263 2203 5317 Volebat
2234 5262 2531 5317 interﬁcere
2565 5277 2666 5315 ms.
2693 5262 2910 5315 volebat
2945 5261 3215 5316 occidere.

1504 5327 1563 5358 ¹⁰⁸
1580 5328 1679 5397 Qui
1712 5347 1888 5403 czvcos
1919 5349 2023 5388 ms.
2051 5334 2140 5403 qui
2174 5349 2398 5388 ciccum.

1366 5402 1509 5472 quod
1541 5418 1664 5454 eum
1691 5402 1758 5455 de
1790 5404 2059 5457 manibus.

3334 5273 3355 5304 ’⁷
3405 5264 3545 5317 Pue-

2478 5332 2535 5361 ¹⁰⁹
2574 5332 2688 5385 .tlia
2715 5332 2979 5384 miracu'a
3012 5331 3221 5387 fecisset
3268 5335 3332 5386 :‘°
3357 5341 3405 5385 et
3428 5350 3536 5386 ms.

2138 5404 2196 5432 ¹¹¹
2241 5405 2559 5459 Promittens
2581 5403 2724 5474 quod
2762 5404 2801 5455 si
2841 5402 2891 5456 ei
2934 5403 3549 5474 laceretsignum.qnod

259 5474 439 5543 ipsum
473 5472 625 5541 regni
659 5471 736 5525 sui
768 5472 1083 5542 participem
1115 5473 1345 5539 faceret,
1378 5471 1429 5529 et
1457 5473 1657 5540 pariter
1686 5474 2027 5529 cohmredem
2061 5492 2162 5530 ms.
2198 5477 2313 5531 hrec
2344 5471 2606 5531 omittit.
2664 5472 2728 5502 ¹¹¹
2766 5476 2874 5526 ista
2906 5488 3105 5527 corona
3132 5471 3352 5528 Romani
3384 5489 3547 5527 coro-

259 5551 459 5600 nantur
485 5546 864 5612 Imperatores,
899 5561 1001 5599 ms.
1027 5546 1125 5599 hac
1151 5560 1356 5599 corona
1385 5545 1952 5614 omneslmperatores
1989 5556 2341 5602 coronantur.
2384 5546 2444 5576 ³³⁸
2468 5548 2600 5600 Mar.
2621 5545 2867 5601 Sciebam
2890 5545 3157 5600 Herodem
3189 5560 3309 5599 esse
3340 5545 3543 5612 Regem

260 5614 522 5691 naturalis
547 5614 831 5691 elegantia:
854 5615 881 5667 εἴ
910 5624 960 5671 et
990 5616 1112 5673 ideo
1138 5632 1241 5673 ms.
1277 5618 1408 5674 Mar.
1442 5615 1737 5688 Sperabam
1770 5624 1825 5672 ut
1852 5625 2045 5687 mater,
2073 5634 2105 5674 ο
2130 5619 2428 5674 Anselme:
2461 5618 2698 5674 sciebam
2720 5615 2862 5671 enim
2894 5616 3163 5672 Herodem
3203 5630 3323 5673 esse
3361 5632 3551 5691 regem

263 5686 612 5760 elegantem;
638 5684 702 5741 et
727 5684 869 5743 ideo.
