4024 6078
370 192 474 248 I79

1326 191 1421 248 AD
1450 190 1676 249 OPERA
1706 184 1761 244 S.
1794 182 2098 242 ANSELMI
2126 182 2501 243 APPENDIX.

3561 185 3664 244 280

365 314 577 373 tissime
606 310 717 375 filio
745 331 871 375 meo
899 330 1134 390 parcere
1174 314 1471 373 debuisset.
1512 315 1732 388 Sprevit
1763 316 1955 368 autem
1986 309 2039 370 A
2074 312 2340 380 praestitit.
2376 310 2720 368 Estimabam
2759 308 3032 383 siquidem
3064 308 3262 368 nudato
3302 326 3527 384 corpore
3569 313 3669 368 ror-

364 401 537 462 ﬁlium
567 422 774 476 meum,
805 412 859 464 et
898 407 1169 464 indutum
1208 412 1355 461 veste
1403 405 1531 461 alba
1576 405 1798 460 remisit
1830 418 1956 459 eum

368 495 575 553 Pilato.
595 496 662 550 Et
679 498 823 568 facti
845 503 967 550 sunt
997 494 1175 550 amici
1204 493 1452 549 Herodes
1471 497 1525 549 et
1558 494 1803 560 Pilatus,
1822 509 1958 547 nam

363 588 539 641 antea
560 586 784 641 inimici
795 588 961 639 erant
989 581 1051 611 ⁸³⁸
1068 580 1232 651 (Luc.
1255 584 1628 651 xxut,il,12).
1648 582 1834 636 Sciens
1856 597 1957 634 au-

366 680 476 728 tem
496 671 557 702 “'
586 673 784 728 Pilatus
813 680 1017 742 quanta
1059 671 1397 726 immanitate
1444 679 1497 725 et
1542 671 1858 726 crudelitate
1905 668 1958 722 in

364 770 537 817 morte
564 760 658 815 ﬁlii
689 761 793 816 mei
824 760 1266 830 conSpiraverint
1286 759 1478 825 Judaei,
1503 760 1765 830 praemisit
1787 774 1960 829 quos-

366 848 492 903 dam
547 838 627 917 ⁸³⁸,
672 849 762 919 qui
798 850 982 905 Iesum
1037 850 1105 904 ab
1168 849 1382 904 Herode
1447 848 1834 915 conducerent,
1889 863 1960 902 ne

364 937 545 1008 ipsum
585 936 637 991 in
673 937 760 993 via
806 937 1199 993 interficerent.
1244 938 1490 992 Remisso
1514 953 1645 1009 ergo
1676 937 1786 991 ﬁlio
1816 952 1958 1004 meo,

361 1040 674 1083 convocans
701 1027 902 1081 Pilatus
930 1042 1119 1081 omnes
1145 1026 1386 1095 Judaeos,
1420 1025 1553 1081 dixit
1580 1023 1640 1054 ³³⁷
1667 1045 1679 1079 :
1712 1026 1962 1081 Obtulis-

364 1117 437 1173 tis
453 1116 595 1171 mihi
616 1116 766 1171 hunc
779 1115 1065 1172 hominem
1086 1117 1247 1188 quasi
1278 1118 1630 1171 avertentem
1649 1115 1920 1187 populum
1944 1133 1962 1179 ;

364 1208 420 1260 et
442 1219 567 1261 ecce
586 1220 687 1276 ego
704 1220 894 1260 coram
918 1203 1063 1259 vobis
1082 1206 1441 1275 interrogans
1473 1203 1699 1259 nullam
1731 1219 1964 1259 causam

365 1295 567 1350 mortis
584 1295 647 1349 in
667 1307 729 1348 eo
741 1294 983 1355 invenio.
1009 1309 1084 1348 ea:
1100 1293 1193 1348 his
1210 1295 1271 1349 in
1289 1294 1486 1365 quibus
1502 1309 1631 1348 eum
1654 1294 1960 1349 accusatis.

365 1382 472 1438 Sed
485 1397 662 1453 neque
685 1381 917 1437 Herodes
934 1379 1030 1443 1“;
1068 1397 1205 1436 nam
1237 1382 1429 1437 remisi
1451 1397 1541 1438 vos
1571 1380 1647 1436 ad
1679 1382 1845 1437 illum
1869 1378 1961 1443 m;

370 1486 495 1527 ecce
518 1471 669 1526 nihil
685 1470 921 1541 dignum
940 1474 1121 1526 morte
1132 1473 1353 1542 factum
1371 1475 1456 1526 est
1486 1473 1558 1527 ei.
1590 1470 1966 1525 Emendatum

367 1560 672 1631 ergoillum
685 1558 973 1614 dimittam
987 1558 1382 1629 (ibid.,ti-16).
1401 1563 1463 1613 At
1481 1560 1556 1613 illi
1578 1558 1827 1629 petebant
1848 1560 1971 1613 Bar-

2057 403 2221 457 mosis
2254 402 2624 457 membrorum
2666 401 3016 457 lineamentis
3059 401 3181 457 victi
3216 411 3493 473 parcerent
3522 420 3534 463 ;
3568 401 3667 457 sed

2057 491 2199 546 heu!
2239 492 2291 545 in
2327 501 2602 546 momento
2644 492 2902 561 temporis
2941 492 3113 546 totalis
3141 493 3386 562 corporis
3418 493 3537 562 ejus
3572 509 3668 546 su-

2059 579 2305 651 perﬁcies
2336 582 2410 635 ita
2437 580 2698 652 sanguine
2730 580 2950 651 perfusa
2982 589 3065 635 est
3101 598 3162 636 ac
3208 582 3250 635 si
3284 598 3521 652 purpura
3550 582 3668 636 cir-

2060 669 2367 737 cumdatus,
2401 676 2453 724 et
2488 669 2541 723 in
2572 678 2857 739 stuporem
2891 666 2952 697 "7
2970 678 3018 723 et
3049 670 3444 724 deformitatem
3483 678 3671 724 trans-

2059 758 2342 826 formatus,
2363 757 2613 811 omnibus
2628 757 2874 827 apparuit
2895 758 3045 828 quasi
3065 757 3217 827 lepra
3237 774 3550 829 percussus.
3576 758 3670 814 Hi-

2062 849 2190 902 lites
2210 862 2337 901 vero
2362 848 2676 919 plectentes
2690 862 2953 902 coronam
2980 847 3045 901 de
3071 846 3251 917 spinis
3280 846 3673 917 imposuerunt

2060 938 2235 1009 capiti
2248 938 2365 1004 eius
2380 940 2451 1000 ,ει
2464 940 2611 991 veste
2622 951 2909 1007 purpurea
2921 935 3415 991 circumdederunt
3428 952 3578 1002 eum,
3605 951 3672 990 ac

2060 1033 2323 1082 venerunt
2351 1026 2422 1079 ad
2442 1041 2592 1088 eum,
2615 1033 2665 1079 et
2688 1024 2951 1078 dixerunt
2974 1022 3310 1091 ‘”,Ave,re:c
3322 1025 3675 1081 Iudaeorum!

2062 1119 2116 1171 et
2131 1112 2938 1185 dabanteialapas(Joan,x1x,
2960 1117 3007 1179 Ξ,
3026 1116 3100 1177 3).
3124 1114 3275 1167 lianc
3292 1128 3548 1168 coronam
3572 1116 3675 1168 ba-

2064 1203 2157 1257 bet
2190 1219 2286 1257 rex
2326 1203 2585 1257 Francius.
2630 1203 2761 1257 Haec
2791 1217 2995 1257 corona
3023 1217 3127 1256 non
3151 1200 3210 1230 ¹²⁹
3233 1201 3332 1256 fuit
3367 1203 3434 1258 de
3479 1203 3672 1274 spinis,

2066 1292 2162 1347 sed
2194 1292 2260 1345 de
2284 1291 2475 1360 juncis
2506 1290 2766 1356 marinis;
2807 1291 2896 1361 qui
2928 1291 3129 1345 habent
3157 1293 3424 1347 acutiores
3456 1292 3675 1348 aculeos

2066 1397 2225 1452 quam
2258 1397 2403 1435 verte
2432 1381 2623 1451 spinae.
2652 1381 2805 1434 Hanc
2848 1395 3103 1435 coronam
3153 1380 3319 1452 igitur
3372 1381 3676 1452 plecteutcs

2065 1470 2233 1542 capiti
2263 1470 2379 1537 ejus
2407 1468 2892 1541 imprimebantita
2923 1467 3158 1540 “‘,quod
3192 1471 3416 1542 sanguis
3433 1487 3531 1539 per
3550 1471 3674 1539 ejus

2070 1568 2264 1624 faciem
2306 1566 2577 1623 deﬂuebat
2615 1575 2664 1621 et
2712 1567 2790 1622 sic
2833 1572 3079 1621 ornatum
3112 1566 3170 1595 ¹⁸¹
3204 1567 3392 1622 eduxit
3422 1584 3544 1622 cum
3581 1568 3673 1623 Pi-

316 1708 341 1730 κ.
365 1652 578 1719 rebam,
597 1647 686 1719 qui
709 1654 928 1719 propter
950 1647 1272 1703 seditionem
1294 1656 1347 1703 et
1379 1648 1729 1703 homicidium
1751 1646 1811 1675 ¹²⁰
1834 1648 1965 1701 miS-
1996 1672 2047 1730 B
2080 1656 2221 1712 latus
2245 1655 2404 1723 foras,
2433 1665 2485 1710 et
2512 1655 2651 1709 dixit
2686 1674 2696 1710 :
2725 1657 2861 1711 Ecce
2883 1672 2987 1711 rex
3011 1660 3211 1712 vester.
3239 1657 3337 1712 Illi
3351 1662 3537 1713 autem
3555 1659 3675 1713 cla-

375 1752 467 1791 sus
500 1745 613 1791 erat
635 1736 687 1789 in
710 1752 984 1791 carcerem
1028 1735 1207 1804 (ibid,
1248 1738 1450 1806 18,19).
1483 1737 1687 1790 Pilatus
1726 1737 1963 1792 secundo

376 1824 512 1879 dixit
531 1822 590 1853 1"
621 1841 633 1881 :
673 1823 819 1889 Quid
830 1825 981 1880 enim
996 1826 1141 1881 mali
1148 1826 1284 1896 fecit
1304 1847 1321 1881 :
1338 1827 1563 1882 Nullam
1578 1842 1808 1882 causam
1823 1842 1967 1881 mor-

377 1914 687 1970 tisinvenio
699 1914 759 1968 in
781 1914 882 1970 illo
898 1934 915 1968 :
934 1915 1238 1986 corripiam
1252 1930 1377 1985 ergo
1409 1930 1556 1982 eum,
1582 1919 1637 1969 et
1654 1916 1964 1971 dimittam.

374 2003 445 2058 At
474 2003 565 2058 illi
585 2001 881 2058 instabant
902 2002 1125 2057 vocibus
1154 2005 1394 2074 magnis,
1421 2007 1486 2059 ut
1510 2004 1963 2075 cruciﬁgeretur,

371 2091 719 2148 clamantes:
736 2089 1004 2163 Cruciﬁge
1018 2090 1099 2155 ³⁸³,
1116 2091 1377 2164 crueiﬁge
1405 2107 1529 2147 eum
1547 2092 1726 2161 (ibid.,
1744 2092 1964 2162 21-23).

374 2179 615 2236 Sedente
627 2194 751 2251 ergo
765 2180 952 2235 Pilato
966 2196 1065 2251 pro
1092 2178 1389 2247 tribunali,
1404 2181 1563 2235 misit
1577 2180 1648 2235 ad
1669 2196 1798 2236 eum
1821 2196 1971 2236 uxor

375 2283 511 2328 sua:
535 2267 688 2325 Nihil
711 2267 816 2323 tibi
835 2272 892 2324 et
910 2268 1063 2334 iusto
1083 2269 1196 2324 illi.
1221 2270 1396 2325 Multa
1418 2271 1571 2326 enim
1594 2270 1656 2324 in
1680 2270 1784 2325 hac
1805 2275 1971 2325 nocte

374 2373 539 2430 passa
560 2372 685 2413 sum
722 2372 825 2431 per
855 2359 1031 2413 visum
1065 2362 1300 2431 propter
1329 2359 1498 2415 illum
1519 2358 1744 2430 (Matth.
1786 2374 1968 2426 xxvu,

372 2446 481 2517 49).

1018 2553 1204 2607 APUT
1240 2553 1360 2607 VII.

1018 2554 1063 2606 Α
1137 2553 1204 2606 τΤ
1349 2595 1360 2607 .

380 2642 457 2698 De
470 2640 638 2712 ﬂagel
647 2640 859 2698 latione
871 2645 926 2697 et
940 2552 1377 2714 cEroiiZspiYigi,
1392 2658 1458 2698 ac
1478 2642 1975 2714 vociferationibus

989 2728 1341 2787 Judaei-um.

449 2834 648 2891 Pilatus
674 2842 852 2891 autem
882 2851 1112 2906 sperans
1142 2835 1448 2892 crudelitati
1476 2836 1795 2892 Iudaeorum
1811 2837 1975 2892 satis-

378 2925 583 2994 facere,
612 2923 971 2995 apprehendit
998 2924 1180 2979 Jesum
1226 2932 1279 2980 et
1318 2925 1615 2996 ﬂagellavit
1643 2934 1819 2981 statua
1866 2926 1980 2981 illi-

380 3027 569 3091 gatum
600 3020 673 3076 ita
702 3027 759 3076 ut
785 3038 820 3077 a
848 3018 909 3048 "‘
935 3019 1139 3092 planta
1149 3021 1306 3092 pedis
1320 3037 1490 3094 usque
1502 3021 1574 3077 ad
1588 3022 1851 3078 verticem
1864 3038 1979 3078 non
2013 3038 2060 3103 ρ

384 3116 541 3165 esset
568 3111 630 3166 in
662 3125 724 3168 eo
752 3112 974 3166 sanitas
995 3109 1153 3179 (Isai.
1186 3126 1226 3171 ι.
1252 3110 1325 3181 6).
1350 3112 1477 3165 Huic
1505 3120 1681 3166 statua
1705 3112 1773 3165 ita
1812 3112 1988 3181 spissa

380 3200 482 3256 fuit
511 3198 658 3272 quod
687 3199 830 3256 circa
861 3200 994 3256 duas
1021 3215 1263 3271 spannas
1311 3215 1503 3255 manus
1538 3216 1750 3255 manum
1770 3200 1831 3230 ¹²⁴
1860 3209 1988 3255 tan-

384 3306 515 3360 gere
545 3304 657 3344 non
686 3290 882 3361 potuit.
915 3290 1070 3346 Unde
1099 3289 1438 3361 accipiebant
1467 3290 1754 3362 corrigias,
1780 3295 1833 3346 et
1867 3307 1987 3346 ma-

392 3392 495 3434 nus
524 3377 641 3447 ejus
662 3376 933 3450 ligabant.

455 3467 784 3523 Ansaauus.
831 3466 1080 3536 Sperasti
1121 3466 1194 3521 ibi
1238 3465 1441 3537 aliquid
1472 3465 1554 3534 "‘,
1598 3467 1815 3523 domina
1848 3468 1987 3524 cha-

385 3551 605 3608 rissima
619 3551 646 3606 ‘l

460 3640 657 3694 Manu.
692 3639 915 3693 Multum
942 3653 1285 3707 speraveram
1308 3647 1532 3710 propter
1558 3639 1699 3695 hanc
1740 3655 1987 3707 causam,

392 3742 551 3797 quam
573 3726 667 3781 tibi
710 3725 1108 3789 manifestabo;
1156 3726 1387 3783 delicata
1413 3727 1558 3783 enim
1591 3737 1643 3783 et
1674 3725 1732 3756 "'
1766 3737 1987 3784 natura-

387 3815 455 3870 lis
494 3815 825 3888 ingenuitas,
860 3823 910 3871 et
942 3814 1176 3871 formosa
1207 3816 1580 3872 membrorum
1617 3817 1987 3888 principalium

388 3919 682 3977 compages
722 3904 854 3959 mihi
899 3903 1055 3960 matri
1093 3903 1212 3974 ejus
1272 3905 1612 3961 solummodo
1660 3915 1786 3961 nota
1830 3923 1987 3979 spem

2064 1746 2317 1811 mabant,
2350 1746 2516 1810 Tolle,
2556 1746 2709 1811 tolle,
2742 1746 3006 1816 cruci/ige
3057 1762 3183 1801 eum
3216 1746 3396 1816 (ibid,
3432 1749 3622 1816 tri-133)
3657 1748 3669 1800 !

2067 1834 2466 1906 Responditeis
2505 1836 2727 1889 Pilatus
2754 1854 2771 1886 :
2797 1836 3046 1907 Accipite
3071 1852 3198 1890 cum
3225 1839 3407 1900 vos,et
3430 1836 3668 1904 cruciﬁ-

2065 1925 2663 1997 giteJtcsponderunt:
2681 1925 2783 1979 Nos
2799 1925 2971 1995 legem
2991 1925 3337 1990 habcmus,et
3353 1925 3669 1980 secundum

2070 2014 2217 2068 hanc
2271 2015 2445 2084 legem
2488 2013 2643 2067 debet
2688 2014 2866 2077 mori;
2899 2015 3031 2082 quia
3062 2015 3267 2068 Filium
3293 2016 3389 2069 Dei
3414 2030 3470 2068 se
3499 2016 3667 2084 fecit.

2070 2103 2209 2156 Dum
2243 2117 2368 2172 ergo
2399 2102 2649 2157 audisset
2683 2102 2907 2156 Pilatus
2938 2104 3034 2155 hos
3065 2118 3357 2170 sermones,
3385 2106 3567 2173 magis
3601 2105 3679 2159 ti-

2070 2193 2238 2246 muit.
2266 2192 2329 2244 Et
2352 2192 2639 2261 ingressus
2660 2193 2993 2262 praetoriam
3018 2192 3169 2246 dixit
3195 2193 3265 2246 ad
3286 2194 3475 2247 Iesum
3495 2214 3512 2245 :
3530 2193 3682 2249 Unde

2071 2296 2128 2336 es
2153 2284 2213 2334 tu
2230 2278 2432 2334 Hesus
2446 2286 2635 2333 autem
2654 2295 2977 2346 responsum
3007 2296 3121 2334 non
3150 2279 3303 2336 dedit
3334 2282 3386 2335 ei
3404 2279 3467 2307 "’
3479 2321 3492 2333 .
3534 2281 3686 2335 Dixit

2074 2384 2207 2440 ergo
2247 2368 2297 2423 ei
2341 2368 2539 2422 Pilatus
2566 2366 2671 2423 1”:
2699 2368 2829 2423 Mihi
2862 2386 2974 2424 non
3011 2373 3288 2441 loqueris!
3321 2370 3510 2425 Nescis
3549 2372 3686 2442 quia

2072 2461 2412 2529 potestatem
2429 2455 2596 2512 habeo
2609 2457 2937 2529 cruciﬁgere
2954 2461 3024 2524 te,
3054 2461 3108 2513 et
3129 2463 3474 2529 potestatem
3506 2458 3680 2513 habeo

2076 2544 2369 2601 dimittere
2391 2546 2786 2617 te?ltespondit
2804 2547 2961 2601 Iesus
2987 2564 3004 2597 :
3030 2547 3151 2602 Non
3176 2546 3406 2603 haberes
3424 2550 3690 2619 potesta-

2079 2639 2489 2689 temadversum
2500 2650 2590 2689 me
2604 2635 2928 2700 ullam,nisi
2943 2636 3258 2690 tibidatum
3270 2636 3687 2708 essetdesuper-

2082 2725 2388 2795 Propterea
2410 2724 2507 2795 qui
2533 2722 2774 2778 tradidit
2796 2740 2885 2778 me
2910 2726 3031 2791 tibi,
3061 2725 3246 2795 majus
3269 2729 3563 2796 peccatum
3588 2727 3691 2781 ha-

2080 2812 2189 2877 bet.
2205 2812 2511 2883 Etlexinde
2531 2812 2817 2883 quaerebat
2840 2810 2905 2839 ¹⁸⁴
2936 2812 3173 2868 Pilatus
3195 2814 3486 2869 dimittere
3509 2830 3638 2869 eum
3676 2832 3696 2870 :

2080 2900 2257 2956 Iudcei
2272 2904 2466 2955 autem
2494 2901 2819 2955 clamabant
2841 2901 3091 2957 dicentes
3117 2923 3135 2959 δ
3158 2902 3216 2957 Si
3242 2902 3392 2958 hunc
3422 2902 3690 2966 dimittis,

2090 3005 2205 3043 non
2219 2989 2330 3044 eris
2351 2990 2570 3044 amicus
2598 2990 2832 3045 Ctesaris
2853 2990 3031 3059 (ibid.,
3066 2994 3218 3059 6-12)
3238 2990 3318 3046 ³⁸⁵.
3363 2992 3554 3046 Videas
3586 3008 3696 3048 au-

2096 3082 2207 3133 tem
2222 3077 2453 3133 Pilatus
2465 3078 2606 3150 quod
2617 3078 2766 3133 nihil
2778 3080 2980 3150 proﬁce
2988 3095 3044 3134 re
3052 3079 3192 3145 t,sed
3206 3082 3382 3151 magis
3409 3082 3698 3135 tumultus

2095 3166 2276 3234 ﬁeret,
2287 3171 2518 3238 accepta
2531 3183 2696 3237 aqua,
2716 3168 2855 3223 lavit
2874 3183 3080 3222 manus
3093 3183 3283 3223 coram
3301 3171 3456 3224 omni
3465 3171 3694 3241 populo,

2097 3259 2149 3311 et
2165 3256 2352 3312 dixit:
2384 3255 2660 3311 [πηοί-8ης
2687 3272 2780 3327 ego
2809 3272 2937 3311 sum
2968 3258 3295 3327 asanguine
3305 3259 3459 3329 justi
3489 3258 3693 3328 huius;

2099 3360 2189 3401 vos
2211 3345 2468 3400 videritis
2479 3386 2492 3399 .
2510 3346 2574 3399 Et
2590 3347 2930 3416 respondens
2943 3348 3240 3402 universus
3250 3348 3491 3419 populus
3502 3349 3658 3403 dixit
3678 3367 3695 3400 .-

2096 3434 2337 3504 Sanguis
2350 3434 2472 3503 ejus
2492 3450 2660 3506 super
2679 3450 2780 3489 nos
2793 3439 2848 3489 et
2859 3450 3027 3505 super
3036 3435 3184 3503 ﬁlios
3212 3436 3689 3503 nostros(ttatth.,

2100 3539 2273 3587 xxvu,
2318 3523 2536 3591 24-25).
2580 3523 2875 3578 [astabant
2925 3538 3058 3594 ergo
3102 3525 3325 3595 magnis
3367 3526 3583 3581 vocibus
3630 3529 3696 3580 ut

2098 3610 3043 3681 cruciﬁgeretur,et-invalescebant
3056 3628 3208 3667 voces
3230 3629 3444 3667 eorum.
3464 3614 3529 3666 Et
3544 3615 3696 3668 Pila-

2099 3713 2191 3764 tus
2203 3709 2521 3780 adjudicavi
2530 3712 2552 3763 t
2572 3709 2699 3778 ﬁeri
2717 3711 3019 3781 petitiones
3035 3711 3485 3767 eorum.Dimisit
3500 3714 3697 3767 autem

2100 3810 2218 3863 illis
2240 3824 2390 3875 eum,
2416 3810 2510 3880 qui
2531 3812 2762 3880 propter
2783 3809 3148 3864 homicidium
3186 3812 3393 3865 missus
3412 3812 3603 3880 fuerat
3633 3812 3695 3865 in

2097 3923 2404 3975 carcerem,
2429 3923 2590 3979 quem
2618 3906 2887 3979 petebant
2918 3908 3071 3979 (Luc.
3107 3923 3265 3974 xxm,
3296 3908 3518 3975 “23-25).

1693 4058 1923 4113 VARUE
1963 4058 2371 4113 LECTIONES.

467 4153 529 4186 “‘
556 4153 680 4209 Non
710 4162 868 4209 erant
895 4153 1055 4209 amici
1086 4154 1150 4208 ad
1171 4154 1423 4220 invicem,
1444 4171 1548 4211 ms.
1569 4163 1719 4210 erant
1738 4155 1963 4211 inimici.

2041 4156 2106 4228 “ff
2144 4156 2335 4211 Sciens
2353 4162 2531 4228 autem
2549 4172 2650 4211 ms.
2672 4156 2851 4211 sciens
2884 4156 3067 4228 igitur.
3144 4155 3204 4185 ³³⁸
3250 4156 3698 4227 Prasmisitquos-

397 4224 522 4325 de?!
540 4242 647 4281 ms.
669 4225 917 4325 providit1
923 4226 1220 4325 1qiéOsIdam.
1295 4224 1371 4325 υἱ]
1385 4226 1705 4325 Con'vocatis
1728 4226 2406 4325 Pilatusom‘nibusﬁlpgasis
2422 4228 2557 4307 dixit
2574 4229 2640 4308 ad
2657 4242 2751 4283 eos
2772 4224 3245 4325 alisfconnvocans
3271 4228 3489 4308 Pilatus.
3505 4224 3698 4325 omnes

397 4296 634 4362 Judaos,
668 4296 827 4351 dixit.
901 4295 936 4325 “

394 4367 549 4422 illum
577 4386 589 4421 ε
614 4374 667 4423 et
683 4383 829 4423 ecce.

981 4298 1087 4351 Sed
1121 4312 1297 4367 neque
1328 4297 1572 4352 Herodes
1601 4314 1707 4352 ms.
1735 4297 1849 4353 haec
1872 4299 2107 4353 omittit.
2186 4298 2400 4352 “'Nam
2427 4298 2609 4353 remisi
2625 4314 2720 4353 vos
2735 4298 2990 4353 adillum.
3018 4298 3160 4353 Ecce
3180 4314 3285 4352 ms.
3309 4299 3493 4352 remisi
3521 4299 3699 4354 advos

907 4364 969 4396 "‘
998 4364 1224 4437 PrOpter
1255 4368 1603 4438 homicidium
1622 4385 1725 4424 ms.
1754 4368 2307 4438 proptcrseditionem
2332 4370 2772 4425 ethomicidium.

2852 4367 2908 4396 ¹¹¹
2957 4369 3159 4423 Pilatus
3187 4369 3324 4422 dixit
3361 4388 3464 4424 ms.
3496 4370 3698 4425 Pilatus

393 4442 450 4494 2⁸
477 4437 630 4512 dixit.
707 4436 771 4466 m
795 4439 1007 4512 Magnis
1030 4447 1084 4493 ut
1104 4436 1534 4512 eruciﬁgeretur,
1555 4436 2172 4512 clamantes'rCruciﬁgc
2198 4456 2299 4512 ms.
2328 4442 2542 4512 magnis
2568 4459 2579 4494 :
2615 4438 2908 4512 Cruciﬁge.
2958 4439 3017 4468 ’”
3066 4442 3309 4505 Speraus
3338 4457 3443 4509 quo
3468 4441 3696 4496 crudi-li-

396 4511 493 4565 tati
508 4510 817 4581 Iudmorum
839 4509 1153 4565 satisfacere
1169 4510 1397 4565 deberet
1424 4511 1848 4581 :appreliensum
1874 4511 2051 4565 Iesum
2073 4510 2340 4581 ﬂagellari
2367 4509 2493 4565 feeit
2516 4513 2565 4565 in
2584 4520 2755 4566 statua
2781 4509 3005 4580 ligatum
3029 4513 3095 4564 ita
3119 4512 3259 4580 quod
3282 4528 3309 4565 a
3336 4530 3442 4565 ms.
3469 4528 3698 4580 sperans

392 4580 698 4636 crudelitati
719 4580 1030 4634 Iudaeorum
1054 4581 1393 4651 satisfacere,
1416 4580 1975 4650 apprclicnditlesum
1999 4590 2051 4635 et
2082 4582 2373 4651 ﬂagellat-it
2398 4582 2445 4635 in
2478 4584 2734 4636 columna
2778 4583 3026 4651 ligatum,
3055 4582 3123 4635 ita
3168 4588 3222 4635 ut
3259 4597 3317 4637 a.
3404 4581 3466 4610 "‘

395 4667 621 4724 manum
639 4667 745 4724 ms.
763 4666 956 4724 manus
976 4666 1257 4724 magnum.

3506 4584 3697 4638 Manus

1333 4649 1484 4706 "‘lbi
1507 4651 1711 4722 aliquid
1735 4653 1974 4706 ms.inde
1988 4649 2193 4723 aliquid
2218 4722 2223 4724 Α
2271 4651 2328 4680 ¹²⁶
2345 4654 2412 4706 Μ.
2430 4654 2652 4708 Multum
2673 4649 3015 4724 speraveram
3041 4662 3261 4722 propter
3287 4654 3430 4708 hanc
3445 4669 3692 4719 causam,

394 4737 555 4795 gnam
569 4722 662 4775 tibi
686 4722 1322 4795 maniAfestaboCDelicata
1344 4725 1483 4779 enim
1508 4732 1676 4779 etms.
1713 4725 1845 4778 Mar.
1873 4724 2047 4778 Etiam
2064 4722 2339 4785 Auselme,
2363 4725 2511 4794 quasi
2537 4722 2725 4780 mater.
2754 4727 3043 4795 Propterea
3064 4739 3288 4779 causam
3315 4724 3411 4778 tibi
3435 4725 3690 4794 pandam.

391 4791 630 4865 Delicata
660 4792 932 4865 siquidem
963 4801 1017 4848 et
1090 4792 1153 4822 "7
1194 4796 1257 4848 Et
1306 4795 1669 4849 membrorum
1721 4794 2095 4865 principalium
2134 4791 2431 4865 compages
2462 4795 2588 4850 mihi
2633 4797 2785 4850 matri
2838 4791 2961 4864 ejus
3001 4795 3342 4849 solummodo
3382 4791 3507 4849 nota
3538 4812 3691 4864 spem

390 4861 669 4945 praestitit.
694 4836 1046 4945 iistimabam
1078 4865 1347 4945 siquidem
1390 4867 1603 4945 nudato
1629 4836 1860 4932 corpore
1877 4836 2149 4945 nlOi‘mQSlS
2186 4836 2550 4945 me'ingrorum
2588 4836 2928 4945 lineamentis
2953 4866 3071 4920 victi
3099 4873 3379 4945 parcerent
3406 4885 3418 4928 ;
3458 4866 3551 4945 sed
3571 4836 3689 4922 'lieu

393 4935 448 5007 in
471 4941 744 5007 momento
765 4935 1047 5004 temporis,
1084 4935 1257 4990 totalis
1287 4937 1527 5006 corporis
1556 4938 1676 5006 ejus
1706 4935 2023 5007 superﬁcies
2054 4937 2127 4991 ita
2156 4936 2422 5006 sanguine
2443 4938 2971 5007 superfundebalur.
3002 4954 3064 4991 ac
3093 4935 3136 4990 Si
3172 4953 3408 5006 purpura
3444 4940 3686 4993 circum-

388 5006 574 5080 datus,
608 5014 662 5080 et
692 5005 744 5059 in
774 5014 1044 5080 stuporem
1074 5023 1178 5061 ms.
1203 5007 1537 5080 Et__for_mosa
1569 5005 1935 5062 membrorum
1970 5007 2343 5080 principalium
2375 5005 2642 5080 compago
2671 5010 2795 5063 inde
2823 5009 2951 5062 mihi
2974 5009 3317 5063 solummodo
3349 5025 3414 5063 ex
3439 5016 3688 5064 materna

386 5075 757 5149 familiaritate
794 5074 893 5129 fuit
921 5084 1069 5149 nota,
1102 5086 1151 5149 et
1181 5076 1311 5130 nulli
1341 5076 1432 5131 alii
1464 5088 1720 5147 experta;
1756 5074 1985 5149 ideoque
2017 5078 2395 5132 existimabam
2426 5074 2804 5147 quod'nudato
2835 5096 3063 5148 corpore
3094 5080 3482 5135 decentissime
3507 5096 3685 5134 mem-

386 5146 606 5221 brorum
640 5148 970 5221 lineamento
1003 5147 1126 5221 victi
1169 5146 1628 5221 coinpaterentur.
1667 5150 1771 5221 Sed
1808 5146 1911 5203 heu
1950 5148 2020 5221 ita
2051 5150 2227 5204 totalis
2264 5146 2510 5218 corporis
2541 5150 2653 5217 ejus
2684 5146 2998 5221 superﬁcies
3036 5151 3302 5220 sanguine
3333 5149 3545 5220 perfusa
3581 5160 3680 5214 est,

385 5234 449 5274 ac
480 5218 520 5272 si
564 5232 799 5290 purpura
831 5219 1200 5273 circumdatus
1240 5220 1291 5273 in
1322 5228 1616 5290 stuporem.

380 5442 631 5490 onstum.

1693 5219 1752 5248 ¹¹⁸
1792 5225 1872 5275 Ac
1904 5219 2183 5274 veniebant
2213 5222 2280 5274 ad
2313 5238 2436 5275 eum
2468 5230 2517 5275 ct
2547 5219 2793 5276 dicebant
2831 5239 2935 5277 ms.
2960 5231 3012 5276 et
3056 5219 3426 5276 venerunt’ad

383 5286 680 5344 dixerunt;
735 5286 797 5319 ³⁸⁸
836 5289 1095 5361 Francius.
1122 5291 1249 5345 Haec
1277 5286 1481 5345 corona
1512 5307 1617 5344 non
1650 5308 1756 5346 ms.
1786 5292 2109 5347 Francomm
2143 5308 2264 5361 quae
2289 5309 2415 5347 non.

378 5361 691 5432 imprimere
717 5359 1070 5433 conabantur,
1104 5362 1176 5416 ita
1212 5378 1316 5416 ms.
1352 5361 1523 5433 igitur
1561 5362 1855 5430 plectentes
1882 5361 2043 5431 capiti
2065 5359 2183 5426 ejus
2214 5363 2622 5433 imprimebant,
2658 5366 2750 5418 ita.

713 5433 779 5464 ²⁸⁹
822 5430 1161 5501 Responsum
1195 5449 1301 5488 non
1331 5430 1482 5488 dedit
1510 5435 1560 5489 ei
1594 5450 1696 5488 ms.
1743 5449 1849 5487 non
1874 5430 2155 5502 reapondit
2184 5432 2259 5488 ei.

3451 5238 3574 5276 Blll'ﬂ

2492 5230 2517 5272 et
2547 5230 2793 5276 dicebant
2831 5239 2935 5277 ms.
2960 5231 3012 5276 et
3056 5230 3321 5276 venerunt
3360 5230 3426 5275 ad
3451 5238 3597 5287 eum,
3633 5230 3689 5277 et

2492 5291 2553 5319 ¹³⁰
2594 5293 2725 5347 Cum
2760 5293 2946 5347 lancea
2984 5293 3350 5361 percutienles
3375 5291 3537 5361 capiti
3568 5292 3688 5360 ejus

2829 5365 2886 5395 ¹³¹
2929 5365 3019 5420 Sic
3046 5372 3386 5418 cruentatum
3431 5380 3539 5417 m8.
3603 5363 3688 5420 δίο

2344 5432 2617 5490 "'Dicitei
2656 5436 2855 5489 Pilatus
2886 5452 2992 5507 ms.
3034 5435 3167 5489 dixit
3207 5451 3342 5507 ergo
3373 5435 3421 5490 ei
3454 5433 3680 5490 Pilatus.

375 5505 435 5535 "‘
475 5505 538 5560 Et
560 5504 756 5561 exinde
774 5504 1053 5585 (inserebat
1082 5521 1193 5564 ms.
1234 5504 1426 5561 etinde
1457 5503 1698 5560 volebat.
1783 5505 1843 5535 "'
1882 5504 2004 5563 Non
2035 5521 2091 5559 es
2121 5504 2326 5562 amicus
2359 5523 2465 5563 ms.
2500 5522 2607 5562 non
2650 5507 2755 5562 eris
2794 5506 3026 5563 amicus.
