4024 6078
415 251 518 312 283

1446 262 1537 322 AD
1576 260 1844 323 OPERAS
1881 261 1936 320 S.
1979 261 2281 321 ANSELMI
2318 265 2693 329 APPENDIX.

3617 275 3721 331 28$

412 381 756 489 Acceperunt
803 396 988 462 postea
1036 388 1197 448 funes
1268 396 1322 448 et
1394 396 1667 447 traxerunt
1741 388 1887 489 aliud
1943 384 2004 418 ³⁸⁸
2030 388 2086 451 Α
2116 391 2244 459 Deo,
2273 392 2470 451 liberet
2496 410 2625 453 eum
2654 413 2830 469 nunc,
2865 414 2923 458 se
2954 399 3077 457 vult
3108 420 3126 469 ;
3158 399 3311 458 dixit
3342 398 3498 489 enim
3530 416 3548 456 :
3584 399 3730 471 Quia

412 467 694 531 brachium
727 476 819 534 filii
849 480 953 536 mei
983 481 1136 549 Jesu,
1168 487 1220 537 el
1236 481 1446 538 clavum
1478 479 1777 537 secundum
1834 478 1882 535 ei
1914 479 2007 534 in-

412 566 802 623 cusserunt‘“.
849 570 1038 625 Pestea
1094 571 1260 642 pedes
1317 570 1538 625 funibus
1596 576 1895 634 traxerunt,
1958 575 2011 623 et

415 650 627 708 clavum
684 657 1053 715 acutissimum
1110 659 1462 729 incutiebant,
1531 666 1585 716 et
1640 659 1776 715 adeo
1826 666 2010 713 tensus

416 738 512 794 fuit
542 745 604 797 ut
634 746 809 800 omnia
840 744 903 775 ³⁸³
930 764 1055 804 ossa
1118 766 1215 804 sua
1271 757 1323 804 et
1373 749 1611 804 membra
1667 754 2008 819 apparerent,

413 826 493 883 ita
539 839 596 884 nt
650 833 968 904 impleretur
1040 837 1173 892 illud
1227 836 1287 867 ‘”
1321 838 1520 893 Psalmi
1555 855 1566 891 :
1597 839 2006 894 Dinumerave~

413 922 892 980 runtomniaossa
920 942 1048 982 mea
1093 928 1267 993 (Psal.
1317 928 1574 997 xxx,18).
1622 927 1687 981 Et
1745 934 1868 981 tunc
1913 925 2012 979 im-

411 1002 557 1074 pleta
608 1008 705 1065 fuit
735 1014 1023 1083 prophetia
1080 1016 1250 1087 ipsius
1308 1016 1501 1082 David,
1570 1016 1626 1071 id
1682 1021 1764 1070 est
1844 1014 2012 1085 ipsius

411 1090 629 1163 Christi,
677 1100 911 1156 dicentis
969 1103 1022 1158 in
1054 1104 1262 1174 psalmo
1296 1124 1307 1160 :
1342 1105 1486 1161 Audi
1515 1104 1575 1134 "'
1604 1106 1749 1175 ﬁlia,
1784 1108 1839 1160 et
1891 1101 2011 1159 vide

410 1180 583 1250 (Psal.
618 1204 765 1258 κων,
801 1192 908 1258 Η).
945 1191 1110 1262 Quasi
1167 1193 1367 1249 diceret
1396 1193 1538 1249 illius
1567 1210 1719 1249 meus
1779 1209 1791 1248 :
1850 1193 2009 1265 Audi,

416 1271 744 1333 charissima
774 1287 948 1335 mater
976 1298 1113 1351 mea,
1155 1298 1346 1337 sonum
1400 1283 1737 1349 malleorum,
1788 1290 1840 1337 et
1888 1282 2011 1337 vide

415 1362 645 1430 qualiter
665 1381 859 1422 manus
890 1385 1045 1424 meas
1072 1378 1125 1427 et
1148 1372 1317 1442 pedes
1347 1387 1503 1427 meos
1532 1372 1871 1427 conﬁxerunt
1904 1390 1919 1438 ;
1959 1381 2014 1428 et

412 1464 581 1506 nemo
611 1451 672 1482 ³⁸⁵
703 1455 837 1511 mihi
869 1460 1208 1529 compatitur,
1257 1460 1356 1515 nisi
1414 1464 1469 1515 tu
1518 1460 1640 1517 sola
1698 1466 1869 1516 mater
1889 1477 2013 1516 mea

416 1537 608 1595 electa.
628 1543 766 1598 Audi
796 1545 923 1615 lilia,
944 1555 998 1603 et
1016 1556 1330 1620 competere
1347 1550 1496 1605 mihi.
1549 1552 1676 1606 Haec
1695 1549 1756 1579 ³⁸⁸
1785 1550 2012 1605 audiens

416 1634 465 1682 et
491 1628 697 1700 videns,
756 1634 971 1703 gladius
1015 1637 1284 1693 Simeonis
1325 1654 1417 1694 cor
1446 1654 1625 1694 meum
1674 1643 1731 1695 et
1777 1640 2010 1694 animam

417 1730 591 1773 meam
614 1721 898 1779 transfixit.
933 1725 1057 1781 Post
1094 1728 1213 1783 haec
1253 1735 1539 1783 erexerunt
1595 1745 1718 1783 eum
1777 1745 1895 1783 cum
1951 1726 2015 1759 ³⁸⁷
2039 1751 2093 1814 B

416 1820 619 1879 magno
650 1810 851 1882 labore,
887 1823 941 1869 et
966 1814 1063 1871 fuit
1091 1816 1228 1872 adeo
1260 1818 1366 1872 alte
1384 1834 1673 1889 suspensus
1718 1819 1865 1891 quod
1895 1819 2014 1890 ejus

415 1894 582 1965 pedes
604 1915 871 1972 nusquam
904 1903 1173 1977 attingere
1205 1910 1472 1977 poteram.
1512 1907 1574 1961 Et
1629 1923 1749 1962 cum
1803 1916 2016 1964 erectus

420 1982 632 2049 fuisset,
662 1995 785 2044 tunc
814 2001 1038 2063 propter
1058 1995 1524 2064 ponderositatem
1557 1996 1806 2068 corporis
1834 1996 2018 2052 omnia

418 2073 647 2131 vulnera
667 2074 728 2105 ³⁸⁸
758 2077 994 2136 lacerata
1038 2091 1159 2138 sunt
1205 2093 1254 2139 et
1286 2093 1495 2155 aperta,
1555 2092 1607 2141 et
1663 2094 1787 2140 tunc
1841 2086 2016 2157 primo

417 2164 644 2237 sanguis
673 2166 740 2222 de
770 2170 1025 2226 manibus
1056 2180 1107 2227 et
1128 2172 1363 2244 pedibus
1392 2174 1666 2246 copiosius
1711 2174 2005 2230 emanavit.

418 2250 540 2321 Ego
570 2261 749 2311 autem
782 2258 965 2314 induta
996 2261 1072 2316 fui
1131 2262 1366 2332 quadam
1408 2269 1581 2330 veste,
1633 2280 1734 2333 qua
1767 2264 2017 2319 mulieres

364 2356 375 2362 ·
422 2340 666 2413 regionis
694 2345 844 2402 illius
874 2349 946 2404 uti
977 2351 1169 2419 solent,
1203 2367 1307 2423 qua
1341 2353 1539 2425 tegitur
1566 2360 1729 2424 caput
1756 2360 1809 2408 et
1838 2359 2016 2408 totum

418 2443 637 2500 corpus,
662 2442 715 2489 et
735 2442 821 2490 est
847 2439 1003 2507 quasi
1022 2439 1243 2495 linteum
1278 2460 1294 2510 ;
1329 2450 1380 2499 et
1424 2441 1521 2497 fuit
1550 2441 1653 2497 ista
1708 2442 1877 2499 vestis
1908 2448 2017 2497 tota

417 2532 665 2591 respersa
694 2525 986 2597 sanguine.

1021 2618 1241 2675 CAPUT
1278 2621 1381 2675 ΧΙ.

732 2703 808 2759 De
840 2703 1051 2761 Christi
1080 2708 1139 2762 in
1165 2723 1331 2765 cruce
1361 2710 1690 2783 opprobriis.

488 2787 816 2847 ANSBLMrs.
856 2792 997 2862 Quid
1024 2793 1219 2849 factum
1252 2806 1329 2851 est
1360 2798 1671 2869 posthaec?

487 2875 688 2932 ΜΑιιιΑ.
721 2880 1022 2954 Postquam
1052 2886 1471 2955 cruciﬁxerunt
1492 2885 1656 2941 filium
1680 2903 1887 2955 meum,
1921 2888 2012 2946 di-

415 2964 674 3022 viserunt
703 2967 806 3023 sibi
829 2972 1167 3029 vestimenta
1207 2988 1326 3040 sua,
1379 2979 1434 3029 et
1464 2975 1749 3032 mittebant
1803 2982 2012 3035 sortem

409 3066 580 3120 super
600 3057 814 3112 vustem
843 3057 1241 3128 inconsutilem,
1274 3067 1331 3118 et
1361 3063 1694 3136 impleretur
1749 3066 1889 3139 quod
1917 3066 2003 3122 di-

412 3144 570 3197 ctum
598 3147 683 3200 est
697 3163 799 3218 per
823 3150 1159 3221 prophetam
1177 3116 1529 3209 :Diviserunt
1551 3155 1656 3209 sibi
1671 3116 2008 3211 vesvtimenta
2038 3116 2086 3182 C

412 3246 558 3300 mea,
582 3237 639 3289 et
658 3252 830 3303 super
859 3243 1065 3295 vestem
1121 3256 1307 3297 meam
1339 3244 1621 3299 miserunt
1674 3248 1910 3300 sortem.
1943 3247 2011 3300 Et

380 3321 669 3379 ‘sedentes
699 3324 1065 3384 observabant
1095 3345 1224 3385 eum
1254 3331 1480 3401 (Matth.
1546 3349 1725 3397 xxvn,
1780 3334 1865 3397 35,
1899 3334 2007 3401 36).

418 3411 483 3466 Et
503 3414 732 3485 scripsit
748 3417 970 3473 Pilatus
984 3433 1153 3488 super
1167 3427 1329 3488 caput
1351 3420 1673 3489 ejuslitteris
1710 3422 2007 3490 Hebraicis,

412 3500 619 3557 Graecis
645 3510 695 3557 et
716 3505 916 3560 Latinis
936 3508 1097 3564 Iesus
1142 3509 1472 3566 Nazarenus
1521 3526 1626 3566 rex
1664 3511 2007 3568 Judarorum.

411 3588 560 3644 Tunc
583 3590 757 3646 Judaei
789 3594 1062 3665 rogabant
1089 3596 1340 3664 Pilatum,
1374 3605 1552 3653 utnon
1582 3599 1871 3655 scriberet:
1893 3603 2011 3657 Rex

409 3676 750 3735 Iudaeorum.
766 3681 871 3737 Sed
883 3686 1013 3755 quia
1031 3684 1189 3740 dixit
1204 3707 1222 3738 :
1243 3688 1359 3742 Rea:
1375 3703 1502 3741 sum
1518 3688 1855 3743 Iudaeorum.
1869 3690 2013 3744 Pila-

414 3769 505 3821 tus
522 3767 856 3838 respondit:
872 3771 1024 3839 Quod
1033 3775 1465 3846 scripsi,scripsi
1479 3777 1789 3845 (Joan.x1x,
1811 3779 2006 3845 19-22).

411 3854 1030 3916 Prwtereuntesautem
1055 3861 1521 3931 blasphemabant
1561 3871 2010 3931 eum,movenles

414 3945 607 4014 capita
634 3962 758 4013 sua,
791 3948 1148 4006 etdicentcs:
1171 3952 1278 4007 Vah
1302 3953 1691 4022 lquidestruis
1714 3956 1992 4027 templum

411 4033 529 4101 Dei,
564 4038 757 4107 etpost
778 4036 1032 4095 triduum
1057 4039 1613 4109 recedi/icasmillud,
1659 4045 1814 4100 salva
1840 4049 2009 4102 teme-

415 4124 626 4195 tipsum
641 4126 721 4191 ,-si
736 4127 913 4183 Filius
930 4129 1025 4184 Dei
1038 4130 1403 4196 es,descende
1432 4148 1587 4188 nunc
1618 4132 1684 4189 de
1704 4149 1891 4191 cruce.
1924 4135 2009 4191 Si-

409 4213 626 4269 militer
636 4219 692 4270 et
701 4216 987 4287 principes
998 4219 1349 4275 sacerdotum
1374 4222 1681 4279 illudentes
1719 4240 1849 4279 cum
1865 4225 2007 4280 scri-

410 4300 491 4357 bis
505 4305 1126 4363 ctscnioribusdiceban
1139 4312 1160 4364 t
1173 4327 1190 4362 :
1206 4310 1239 4365 Α
1252 4310 1547 4366 liossalvos
1560 4311 1699 4381 [ecit
1714 4331 1732 4378 ;
1745 4329 1804 4368 se
1822 4314 2007 4384 ipsum

410 4407 524 4447 non
542 4397 724 4466 potest
736 4396 955 4452 salvum
978 4400 1187 4469 facere.
1208 4396 1271 4453 Si
1301 4414 1405 4454 rex
1438 4400 1613 4455 Israel
1630 4405 1733 4466 est,
1780 4401 2008 4457 descen-

2121 482 2302 539 Filius
2330 485 2429 541 Dei
2454 502 2581 542 sum
2614 488 2838 559 (Matth.
2871 506 3040 559 xxvn,
3074 491 3292 562 39—43.)

2697 596 2919 653 CAPUT
2956 596 3092 653 XII.

2473 703 2551 760 De
2604 702 2793 762 Verbis
2840 704 3053 763 Christi
3080 707 3143 762 in
3174 723 3362 765 cruce.

2192 810 2510 867 Ansswns.
2537 811 2680 881 Quid
2710 812 2778 868 ad
2799 814 3116 886 hujusmodi
3149 815 3380 872 insultas
3437 816 3725 890 respondit

2122 898 2262 955 ﬁlius
2282 900 2342 931 "’°
2373 910 2494 956 tuus
2521 905 2549 957 ξ)
3072 927 3077 932 ·

2194 993 2390 1047 Manu.
2416 992 2655 1048 Dilectus
2684 1010 2839 1048 meus
2873 994 3047 1050 oravit
3077 1011 3176 1065 pro
3224 996 3321 1063 eis,
3359 997 3552 1053 dicens
3607 995 3671 1028 ³⁷³
3707 1014 3721 1053 :

2123 1082 2550 1146 Pater,dimitte
2564 1084 2698 1150 illis,
2724 1084 2854 1156 quia
2868 1087 3137 1141 nesciunt
3156 1087 3292 1158 quid
3312 1089 3543 1157 faciunt
3566 1090 3722 1155 (Luc.

2123 1187 2278 1239 xxm,
2302 1175 2411 1239 31).
2449 1172 2512 1226 Et
2529 1172 2705 1227 stabat
2737 1173 2971 1245 papulas
3009 1183 3355 1245 exspectans,
3406 1180 3462 1230 et
3497 1177 3724 1233 deride-

2123 1262 2383 1318 bateum.
2418 1264 2566 1317 Tunc
2597 1264 2755 1317 matri
2787 1263 2961 1334 potuit
3014 1263 3197 1320 dicere
3247 1282 3262 1319 :
3307 1266 3465 1322 Audi
3494 1263 3559 1294 ¹⁷²
3586 1267 3721 1338 ﬁlia,

2121 1360 2179 1411 et
2210 1354 2329 1410 vide
2360 1356 2531 1423 (Psal.
2564 1371 2711 1423 xuv,
2738 1359 2848 1423 ll),
2886 1354 3014 1409 audi
3033 1370 3196 1411 voces
3225 1354 3723 1427 blasphemantium

2122 1442 2292 1498 ﬁlium
2323 1451 2492 1509 tuum,
2523 1451 2576 1499 et
2605 1444 2728 1499 vide
2756 1444 3005 1499 dolorem
3037 1460 3239 1500 meum.
3272 1446 3389 1502 Scis
3404 1448 3553 1503 enim
3575 1450 3725 1521 quod

2122 1534 2190 1590 de
2213 1534 2412 1606 Spiritu
2452 1543 2637 1591 sancto
2676 1536 2973 1605 concepisti
3023 1551 3138 1602 me,
3173 1545 3226 1592 et
3247 1538 3393 1609 quod
3422 1537 3581 1612 virgo
3609 1555 3718 1612 ge-

2122 1624 2284 1679 nuisti
2315 1640 2421 1693 me,
2451 1626 2766 1698 ctqnaliter
2818 1625 2992 1680 aluisti
3018 1642 3107 1682 me
3136 1623 3218 1681 ³⁷³.
3280 1626 3435 1683 Unde
3488 1643 3557 1684 ex
3614 1644 3727 1701 quo

2123 1713 2208 1767 isti
2239 1729 2346 1769 non
2368 1714 2595 1769 credunt
2626 1715 2679 1769 in
2727 1731 2835 1781 me,
2867 1722 2925 1770 tu
2957 1720 3140 1770 tamen
3175 1716 3337 1772 crede
3389 1717 3445 1771 in
3502 1733 3610 1784 me,
3672 1726 3727 1774 et

2121 1812 2435 1875 competere
2465 1803 2544 1859 ‘7‘.
2563 1806 2712 1860 Tunc
2734 1805 2931 1860 iterum
2949 1805 3164 1877 gladius
3194 1805 3465 1863 Simeonis
3478 1807 3723 1862 animam

2120 1894 2482 1965 pertransivit.
2514 1894 2753 1949 Audiens
2783 1897 2890 1949 hoc
2916 1895 3071 1962 latro,
3098 1896 3192 1965 qui
3242 1911 3274 1950 a
3304 1896 3543 1951 sinistris
3591 1913 3726 1967 pen-

2121 1984 2301 2049 debat,
2324 1984 2542 2039 insultat
2568 1983 2639 2051 ei,
2667 1984 2855 2039 dicens
2890 1986 2986 2041 :Si
3042 1989 3107 2040 tu
3133 2001 3188 2041 es
3225 1986 3505 2054 Christus,
3565 1987 3726 2043 salva

2123 2074 2481 2144 temetipsum
2500 2079 2557 2129 et
2585 2090 2709 2130 nos.
2745 2077 3099 2147 Respondeas
3118 2079 3313 2132 autem
3367 2077 3537 2143 alter,
3569 2077 3659 2146 qui
3694 2090 3727 2130 a

2121 2162 2327 2216 dextris
2361 2162 2652 2233 pendebat,
2677 2166 2986 2236 increpans
3032 2181 3183 2232 eum,
3227 2166 3418 2222 dixit:
3451 2166 3637 2237 Neque
3665 2164 3728 2195 ³⁷⁸

2125 2255 2189 2307 tu
2222 2252 2387 2308 times
2421 2254 2613 2318 Deum,
2672 2256 2767 2326 qui
2796 2255 2858 2310 in
2894 2254 3095 2311 eadem
3138 2253 3508 2311 damnatione
3539 2272 3619 2321 es,
3666 2258 3726 2311 et

2121 2342 2344 2414 quidem
2377 2359 2474 2399 nos
2486 2344 2664 2415 juste,
2682 2345 2810 2416 quia
2836 2344 3007 2415 digna
3044 2345 3219 2416 [actis
3260 2344 3606 2416 recipimus;
3634 2344 3727 2401 hic

2121 2447 2248 2488 vero
2269 2431 2417 2487 nihil
2448 2432 2587 2487 mali
2615 2434 2804 2503 gessit.
2822 2433 2889 2487 Et
2902 2433 3202 2490 dicebatad
3213 2435 3405 2489 Iesum
3420 2451 3433 2489 :
3450 2433 3727 2490 Memento

2122 2525 2254 2589 mei,
2273 2524 2521 2589 Domine,
2536 2539 2665 2579 cum
2686 2523 2903 2578 veneris
2913 2523 2975 2578 in
2989 2538 3224 2593 regnum
3240 2527 3426 2578 tuum.
3467 2524 3537 2578 Et
3567 2519 3729 2578 dixit

2120 2611 2216 2670 illi
2233 2615 2415 2669 Iesus.
2448 2612 2841 2679 Amen,amen
2870 2613 2992 2669 dico
3026 2611 3148 2681 tibi,
3167 2611 3327 2670 hodie
3348 2628 3572 2669 mecum
3613 2614 3728 2668 eris

2121 2705 2183 2759 in
2205 2702 2467 2775 paradiso
2501 2701 2656 2769 (Luc.
2689 2716 2856 2770 χχιιι,
2893 2702 3112 2772 39-43).

2190 2796 2253 2848 Λ.
2289 2791 2431 2861 Quid
2457 2790 2633 2847 fecisti
2658 2799 2810 2857 tunc,
2845 2792 3067 2846 domina
3088 2790 3409 2847 charissima
3438 2791 3468 2845 ?

2190 2884 2261 2937 M.
2297 2884 2514 2940 Stabam
2542 2882 2691 2951 juxta
2722 2896 2941 2937 crucem
2960 2889 3066 2936 tam
3099 2879 3263 2952 plena
3294 2895 3542 2946 maerore,
3579 2880 3726 2952 quod

2117 2972 2549 3031 consolationem
2585 2970 2724 3028 ferre
2751 2986 2857 3026 non
2892 2978 3152 3042 poteram,
3186 2977 3239 3025 et
3269 2984 3479 3024 mecum
3509 2970 3729 3027 stabant

2118 3077 2333 3119 sorores
2364 3077 2521 3129 meae,
2554 3069 2606 3116 et
2654 3061 2819 3115 Maria
2876 3058 3218 3131 Magdalena.
3278 3059 3347 3113 Et
3402 3074 3534 3115 cum
3579 3057 3727 3115 ﬁlius

2119 3168 2271 3206 meus
2316 3151 2544 3206 vidisset
2600 3165 2687 3204 me
2718 3153 2775 3204 et
2835 3149 3099 3204 Joannem
3159 3148 3505 3219 discipulum
3563 3163 3723 3203 suum

2119 3241 2558 3315 quemdiligebal
2582 3238 2766 3294 dixit:
2799 3236 3159 3305 Mulier,ecce
3180 3236 3338 3306 ﬁlius
3369 3241 3502 3293 tuus
3533 3238 3723 3301 (Joan.

2118 3347 2230 3399 XIX,
2262 3332 2352 3394 25,
2376 3329 2490 3400 26).
2521 3327 2567 3383 Ο
2615 3343 2777 3399 quam
2828 3325 3157 3381 miserabilis
3213 3325 3432 3381 licentia
3466 3331 3479 3382 ι
3510 3326 3726 3382 Deinde

2118 3420 2271 3475 dixit
2299 3419 2575 3490 discipulo
2601 3414 2659 3445 ³⁷⁸
2680 3419 2815 3472 Ecce
2847 3419 3036 3471 mater
3067 3419 3165 3471 tua
3190 3414 3365 3483 (ibid.,
3423 3415 3538 3485 27).
3588 3415 3725 3470 Erat

2119 3517 2297 3564 autem
2324 3508 2472 3580 quasi
2502 3509 2633 3562 hora
2663 3513 2834 3569 sexta,
2867 3512 2921 3559 et
2952 3504 3106 3559 facta:
3136 3512 3259 3557 sunt
3291 3504 3527 3558 tenebrae
3555 3519 3724 3575 super

2118 3597 2431 3653 universam
2483 3605 2712 3664 terram,
2771 3611 2948 3664 usque
3008 3592 3075 3649 ad
3131 3595 3318 3647 horam
3375 3606 3597 3647 nonam.
3650 3592 3721 3647 Et

2118 3686 2374 3743 clamavit
2402 3687 2558 3740 Iesus
2586 3700 2723 3741 voce
2740 3699 2958 3756 magna,
2983 3681 3199 3737 dicens:
3234 3683 3347 3747 Eli,
3380 3680 3466 3736 Eli
3502 3681 3719 3736 Iamma

2118 3774 2616 3841 sabbacthani,hoc
2630 3778 2733 3839 est,
2750 3776 2897 3830 Deus
2910 3787 3089 3837 meus,
3115 3773 3259 3827 Deus
3297 3787 3475 3837 meus,
3492 3773 3555 3826 ut
3584 3769 3721 3843 quid

2118 3863 2476 3937 dereliquiin
2516 3880 2602 3919 me
2635 3865 2663 3918 .9
2693 3863 2924 3931 Quidam
2971 3864 3164 3917 autem
3212 3860 3505 3915 dicebant:
3532 3859 3720 3914 Etiam

2118 3959 2277 4012 vocat
2307 3955 2433 4010 iste.
2465 3955 2599 4010 Sine
2629 3952 2917 4010 videamus
2971 3952 3019 4007 si
3050 3952 3241 4005 veniat
3278 3949 3432 4004 Elias
3468 3947 3720 4003 liberans

2116 4060 2245 4101 eum
2274 4044 2492 4115 (Matth.
2526 4058 2699 4105 xxvu,
2735 4041 2949 4109 i549).
2986 4042 3178 4095 Postea
3193 4034 3556 4093 sciensJesus
3583 4037 3719 4108 quia

2117 4135 2308 4192 omnia
2321 4134 2717 4189 consummata
2731 4134 2915 4186 essent
2931 4125 3011 4196 ³⁷⁷,
3032 4128 3219 4184 dixit:
3235 4127 3376 4183 Sitio
3391 4127 3575 4194 (Joan.
3599 4142 3716 4193 xix,

2114 4222 2227 4292 28).
2261 4221 2424 4291 Quid,
2449 4220 2699 4285 Domine,
2732 4220 2892 4274 sitis?
2919 4217 3156 4273 Salutem
3188 4216 3716 4287 peccatorum.Erat

2115 4316 2305 4368 autem
2324 4328 2418 4367 vas
2435 4311 2683 4384 positum
2697 4312 2856 4365 aceto
2867 4309 3099 4379 plenum
3142 4305 3323 4376 (ibid.,
3344 4382 3345 4385 η
3364 4306 3547 4373 29),et
3586 4319 3717 4359 cur-

2116 4418 2249 4458 rens
2270 4416 2439 4465 unus,
2462 4399 2705 4470 implens
2746 4397 3038 4470 spongiam
3078 4399 3257 4460 aceto,
3307 4397 3364 4450 et
3391 4393 3715 4464 circumpo-

410 4484 509 4539 dut
566 4500 723 4541 nunc
752 4485 820 4541 de
862 4503 1048 4556 cruce,
1096 4489 1150 4544 et
1181 4487 1466 4544 credimus
1517 4488 1590 4545 ei.
1644 4488 1887 4559 Conﬁdit
1940 4490 2002 4545 in
2032 4482 2085 4543 D
2116 4506 2258 4546 nens
2289 4487 2562 4556 hastaz‘",
2596 4488 2762 4545 dabat
2794 4487 2845 4544 ei
2876 4486 3059 4542 bibere
3115 4486 3308 4555 (Marc.
3363 4498 3459 4551 xv,
3502 4482 3613 4553 36),
3659 4488 3717 4536 ut

1717 4669 1940 4725 VARUS
1980 4668 2385 4726 LECTIONES.

484 4841 1043 4920 mI‘raxeran_t__ali_ud
1102 4847 1418 4920 ms.__omit.
1456 4844 1627 4900 aliud.
1685 4846 1975 4920 mClavum
2033 4846 2339 4920 secundum
2392 4845 2441 4920 ei
2500 4844 2847 4920 incusserunt
2896 4862 3003 4901 ms.
3074 4841 3303 4920 similem
3332 4841 3547 4897 clavum
3605 4837 3702 4920 in:

412 4921 754 4992 cuss_erunt._
804 4913 1044 4970 "’Pedes
1090 4915 1327 4992 funibus
1410 4924 1705 4983 traxerunt,
1781 4925 1834 4973 et
1906 4918 2150 4992 clavum
2202 4917 2572 4992 acutissimum
2632 4914 2987 4992 ineutiebant,
3032 4913 3326 4992 _et_adeo_
3359 4920 3543 4992 tensus
3601 4912 3703 4992 fuit

412 4985 555 5065 quod
610 4984 805 5065 omnia
843 5002 948 5065 nis.
1000 4986 1170 5054 pedes
1226 4987 1387 5041 etiam
1419 4996 1737 5065 traxerunt,
1789 4988 2106 5065 etuclavosA
2137 4988 2997 5065 incutiebant_ita__ut__omnia..
3032 4982 3444 5065 “’Apparebant
3516 4983 3596 5065 ita
3643 4989 3701 5063 ut

410 5057 727 5129 impleretur
753 5057 883 5129 illud
910 5073 1016 5111 ms.
1048 5067 1393 5129 apparerent.
1421 5059 1579 5127 juxta
1610 5058 1761 5113 illud.
1839 5058 1899 5087 "‘
1949 5061 2240 5129 Prophetia
2266 5061 2439 5128 ipsius
2463 5059 2661 5125 David,
2695 5059 2745 5112 id
2769 5067 2852 5114 est
2898 5058 3067 5129 ipsius
3096 5056 3314 5129 Christi,
3346 5056 3581 5110 dicentis
3643 5056 3698 5106 in

412 5128 627 5181 Psalmo
661 5146 673 5180 :
707 5127 844 5181 Audi
893 5143 1001 5182 ms.
1046 5128 1327 5197 Pmphetia
1358 5129 1535 5184 David
1563 5148 1574 5184 :
1609 5130 1769 5185 Audi.
1802 5129 2008 5195 l"’Quia
2040 5127 2199 5186 nemo
2228 5127 2339 5186 ms.
2380 5139 2434 5185 et
2464 5146 2643 5184 nemo.
2702 5127 3037 5185 "‘Audi'ﬁlia
3082 5133 3138 5183 et
3194 5127 3338 5193 vide,
3386 5131 3699 5193 competere

408 5198 559 5253 mihi.
592 5198 717 5253 Haec
748 5214 855 5253 ms.
887 5198 1010 5252 audi
1040 5196 1168 5255 filia.
1201 5207 1252 5252 et
1282 5210 1613 5268 competere.
1638 5202 1791 5257 Haec.

446 5269 555 5325 oris
580 5270 763 5323 omnia
783 5270 1031 5323 vulnera.

456 5341 676 5411 epondit
739 5339 898 5395 illius.

410 5430 510 5468 ms.
544 5411 728 5467 dicere
779 5430 792 5466 :
839 5412 999 5469 Audi.

986 5337 1289 5421 "’Qﬂectus
1316 5358 1473 5421 meus
1494 5344 1923 5421 oravitproeis,
1955 5337 2143 5421 dicens
2171 5346 2427 5421 ms._ha:e
2458 5346 2695 5400 omittit.
2758 5343 3017 5400 "’Dicere
3058 5337 3190 5421 illud
3242 5338 3495 5421 Psalmimg
3554 5337 3691 5421 Audi

1079 5409 1331 5467 1"'Aluisti
1354 5430 1438 5467 me
1468 5431 1574 5469 ms.
1599 5408 1814 5469 abluisti
1849 5408 1952 5470 me.
1982 5413 2041 5444 ³⁷⁸
2073 5415 2250 5471 Crede
2272 5416 2335 5486 in
2366 5431 2453 5469 me
2480 5423 2532 5471 et
2562 5425 2877 5486 competere
2908 5431 3019 5486 ms.
3059 5412 3230 5468 crede
3256 5411 3384 5482 quia
3423 5408 3568 5486 filius
3593 5408 3695 5486 Dei

1883 5200 2178 5258 1"Crucem
2205 5218 2326 5257 cum
2358 5218 2462 5258 ms.
2493 5218 2617 5256 eum
2649 5219 2792 5256 cum.
2842 5199 3156 5265 1"Corporis
3184 5198 3409 5252 vulnera
3436 5213 3544 5251 ms.
3567 5211 3695 5249 cor-

1116 5269 1325 5343 ‘_”Quid
1357 5265 1650 5327 déstruit...
1676 5273 1939 5328 rmdiﬁcat
1971 5289 2070 5327 ms.
2107 5273 2195 5343 qui
2226 5272 2531 5328 destruis...
2565 5273 2889 5328 resedificas.
2960 5269 3354 5343 17°Respondet
3393 5265 3535 5343 filius
3573 5281 3690 5343 ‘ms:

3554 5336 3694 5391 Audi

407 5501 551 5564 sum,
611 5492 664 5539 tu
719 5491 901 5538 tamen
955 5491 1288 5564 compatcre.
1340 5485 1762 5564 Ivﬁllespondens
1785 5496 1960 5564 autem
1985 5486 2137 5553 alter,
2189 5485 2319 5556 quia
2349 5479 3309 5564 a_dextris__pendebat.increpans-
3339 5497 3462 5564 eum
3519 5479 3689 5564 dixit;

394 5559 593 5630 ,Neque
622 5572 729 5612 ms.
753 5549 1121 5626 respondebat
1151 5564 1327 5611 autem
1358 5549 1525 5622 alius;
1547 5564 1603 5613 et
1625 5557 1842 5630 dicebat
1870 5549 2161 5628 increpans
2190 5549 2320 5630 cum
2345 5576 2357 5621 ;
2386 5558 2595 5629 Neque.
2620 5549 2678 5587 ¹⁷⁸
2698 5558 2839 5616 Dicit
2859 5556 3124 5630 discipulo
3140 5549 3240 5611 ms.
3257 5549 3693 5622 dixitdiscipulo.

408 5628 854 5686 x'I"Consummata
885 5634 1066 5685 essent
1096 5643 1201 5685 ms.
1242 5636 1701 5687 consummasset.
1742 5628 1800 5658 ‘7'
1829 5631 2015 5687 Hastae
2036 5645 2140 5686 ms.
2175 5629 2405 5687 calamo.
