4036 6072
303 212 407 274 287

1196 216 1298 301 Al)
1338 214 1571 276 ΟΡΕΗΑ
1607 214 1663 274 S.
1707 209 2010 274 ANSELMI
2048 213 2437 274 APPENDIX.

3497 206 3603 267 288

304 355 426 398 eum
456 354 619 415 super
650 348 843 401 terram
874 340 1013 402 bene
1043 342 1111 401 ad
1141 352 1245 401 tres
1276 360 1462 417 passus
1481 343 1689 399 deloco
1705 341 1894 399 crucis.
1927 343 1982 403 Α
2012 352 2098 398 me
2138 343 2376 399 Joannes
2422 341 2492 398 ad
2538 340 2815 400 civitatem
2862 335 3059 398 dueere
3100 334 3284 407 vellet,
3334 340 3388 394 et
3429 349 3463 393 a
3509 352 3603 393 se-

305 430 369 487 Et
388 446 493 506 ego
515 442 674 507 caput
695 433 812 505 ejus
824 434 879 490 in
892 435 1069 492 sinum
1088 450 1265 489 meum
1282 434 1548 505 recipiens
1563 431 1898 488 amarissime

304 518 435 577 flere
481 525 641 594 cmpi,
690 524 874 580 dicens
908 542 919 578 :
953 525 1108 578 Heu!
1153 522 1468 579 dulcissime
1516 520 1632 590 ﬁlii,
1684 522 1897 593 qualem

303 610 731 667 consolationem
781 613 953 667 habeo
1002 610 1064 640 ¹⁹⁷
1111 629 1232 682 qua:
1274 620 1542 667 mortuum
1590 610 1757 665 ﬁlium
1797 626 1898 667 co-

303 714 421 753 ram
453 697 511 728 ¹’⁸
541 716 627 754 me
655 700 842 756 video.
882 702 1030 757 Tunc
1059 716 1354 756 accurrens
1381 700 1622 756 Joannes
1653 716 1898 772 evange-

307 784 427 841 lista
457 788 653 844 cecidit
681 798 1074 860 super'pectus
1118 791 1266 857 Jesu,
1295 789 1520 860 plorans
1568 797 1620 844 et
1668 788 1852 845 dicens
1884 805 1896 842 :

307 874 443 941 Heu,
476 878 599 943 heu,
632 877 699 933 de
723 877 822 933 isto
853 887 1068 948 pectore
1098 878 1213 934 heri
1243 879 1497 950 potabam
1515 878 1696 934 dulcia
1710 878 1899 946 verba,

307 963 470 1019 hodie
497 964 558 994 ”’
589 964 756 1021 tristia
785 975 837 1023 et
865 968 1263 1022 lamentabilia.
1297 969 1446 1023 Tunc
1495 969 1678 1023 Petrus
1728 968 1902 1023 adve-

307 1051 416 1115 nit;
450 1062 504 1109 et
549 1055 693 1125 quod
742 1055 912 1125 ipsum
944 1055 1004 1084 ”°
1035 1064 1340 1128 negaverat,
1393 1056 1734 1112 amarissime
1775 1056 1905 1113 ﬂere

309 1142 506 1211 coepit;
559 1151 685 1197 tunc
729 1144 902 1199 Maria
943 1145 1270 1216 Magdalena
1314 1146 1434 1215 plus
1482 1146 1733 1201 omnibus
1777 1146 1906 1201 ﬂere

311 1231 475 1301 coepit
520 1248 682 1303 super
726 1233 1012 1288 Dominum
1072 1250 1246 1301 suum,
1293 1233 1481 1290 dicens
1529 1252 1541 1289 :
1594 1234 1728 1305 Quis
1775 1234 1907 1289 mihi

321 1320 487 1374 modo
535 1329 759 1390 peccata
805 1322 1076 1377 dimittet?
1125 1322 1258 1390 Quis
1302 1339 1387 1379 me
1434 1324 1599 1379 modo
1635 1324 1911 1380 excusabit

314 1408 460 1477 apud
518 1409 812 1476 Simonem,
872 1419 924 1466 et
979 1412 1121 1481 apud
1177 1427 1420 1467 sororem
1475 1414 1700 1468 meam?
1757 1413 1911 1468 Venit

313 1495 477 1550 etiam
509 1497 764 1566 Jacobus,
796 1501 885 1570 qui
918 1500 1081 1555 frater
1112 1498 1205 1554 filii
1236 1500 1342 1555 mei
1372 1502 1669 1572 appellatus
1716 1511 1797 1557 est
1826 1500 1907 1569 ”‘,

314 1583 405 1652 qui
435 1585 744 1642 simillimus
784 1587 859 1642 illi
908 1598 1021 1644 erat
1052 1587 1131 1654 ’°’,
1165 1598 1219 1645 et
1260 1605 1381 1645 cum
1433 1589 1613 1644 multis
1658 1591 1912 1662 lacrymis

2008 432 2202 503 pulcro
2271 448 2542 499 amovere,
2574 429 2881 503 lacrymans
2952 418 3141 502 rogavi
3200 446 3214 483 :
3276 425 3605 483 Charissime

2005 522 2244 577 Joannes
2274 519 2358 590 η’,
2401 538 2509 577 non
2554 521 2724 576 facias
2771 519 2902 575 mihi
2954 520 3092 574 hanc
3143 515 3394 586 injuriam
3424 510 3504 580 ”",
3549 520 3610 570 ut

2008 626 2096 665 me
2126 625 2349 682 separes
2379 609 2439 639 ³³⁸
2469 626 2498 665 a
2528 609 2844 666 dulcissimo
2875 607 2988 663 ﬁlio
3020 622 3148 662 meo
3179 607 3326 674 Jesu,
3352 603 3608 675 quoniam

2008 699 2096 755 hic
2142 699 2470 771 exspectabo
2516 700 2692 757 donec
2722 697 2782 727 "'
2824 697 3054 760 moriar;
3089 705 3139 751 et
3183 695 3374 749 iterum
3422 707 3612 749 omnes

2011 788 2275 843 ﬂeverunt
2330 790 2566 844 Joannes
2624 804 2751 843 vero
2808 801 2895 841 me
2951 785 3172 840 tandem
3229 782 3502 853 accipiens
3557 789 3611 836 et

2012 876 2169 949 quasi
2202 878 2465 933 violenter
2493 877 2769 933 deducens
2799 875 2853 930 in
2883 873 2945 903 ’⁸⁸
2975 873 3251 931 civitatem
3281 869 3607 927 introduxit.

2014 966 2247 1036 Populus
2275 974 2453 1021 autem
2486 982 2571 1021 me
2601 965 2792 1020 videns
2820 964 3061 1019 indutam
3093 970 3298 1019 vestem
3328 974 3608 1031 aspersam

2013 1055 2295 1127 sanguine,
2329 1057 2470 1110 sicut
2499 1064 2622 1110 ante
2650 1056 2838 1109 Jesum
2873 1061 3145 1117 steteram,
3164 1058 3217 1106 et
3245 1048 3467 1121 sanguis
3495 1046 3615 1116 ejus

2014 1160 2179 1215 super
2224 1160 2313 1200 me
2355 1144 2669 1211 stillaverat,
2703 1142 3025 1199 unanimiter
3046 1140 3350 1196 clamabant
3383 1152 3613 1211 gemen-

2016 1241 2097 1289 tes
2128 1251 2142 1288 :
2178 1233 2223 1289 Ο
2256 1241 2455 1304 quanta
2484 1233 2681 1304 injuria
2713 1233 2855 1289 facta
2885 1241 2965 1287 est
2994 1232 3153 1286 hodie
3185 1229 3241 1283 in
3274 1227 3611 1282 Hierusalem

2016 1322 2070 1377 in
2100 1323 2199 1378 ista
2229 1323 2594 1393 pulcherrima
2622 1322 2863 1391 domina,
2897 1329 2949 1376 et
2979 1319 3089 1375 ﬁlio
3118 1334 3214 1375 suo
3244 1315 3326 1383 m,
3359 1324 3412 1371 et
3457 1330 3615 1371 eom-

2017 1411 2364 1481 patiebantur
2391 1413 2546 1466 mihi.
2579 1410 2750 1467 Judaei
2780 1409 2844 1438 ”’
2870 1418 3048 1465 autem
3087 1414 3309 1480 prepter
3358 1404 3618 1459 invidiam

2017 1499 2357 1556 recluserunt
2385 1502 2590 1572 Joseph
2607 1501 2790 1556 vivum
2812 1502 2870 1555 in
2889 1514 3064 1565 muro,
3099 1497 3226 1569 quia
3247 1494 3517 1550 Christum
3538 1508 3620 1548 se-

2019 1588 2209 1659 pelivit
2232 1609 2247 1654 ;
2279 1606 2417 1645 uxor
2446 1599 2625 1646 autem
2647 1590 2764 1659 ejus
2782 1590 2961 1645 locum
2978 1586 3089 1642 ﬁlio
3108 1585 3227 1655 ejus
3244 1584 3479 1654 Josepho
3496 1587 3623 1651 post

312 1671 421 1727 hoc
449 1672 664 1729 dicebat
696 1691 706 1726 :
743 1676 857 1730 Heu
897 1678 908 1730 !
941 1677 1189 1743 Domine,
1222 1679 1552 1749 etmagister
1581 1677 1758 1734 "die
1776 1697 1911 1750 prae-
1943 1697 1993 1758 Β
2021 1679 2256 1733 ostendit
2283 1677 2364 1733 ”⁸.
2396 1680 2635 1735 Tandem
2669 1686 2789 1749 post
2836 1692 3009 1732 annos
3055 1672 3410 1747 quadraginta
3452 1685 3621 1758 vene-

316 1759 490 1825 terita,
512 1763 629 1818 haec
653 1763 823 1819 facies
844 1764 1219 1819 amantissima
1242 1773 1355 1820 erat
1374 1767 1509 1821 mihi
1530 1767 1806 1823 simillima
1827 1768 1908 1835 ”‘,

319 1849 435 1903 Heu
464 1852 475 1904 !
510 1852 671 1907 modo
698 1860 923 1923 apparet
950 1853 1175 1907 multum
1206 1854 1484 1910 dissimilis
1514 1854 1575 1883 ”‘
1609 1876 1621 1911 :
1656 1858 1785 1912 Tuae
1804 1873 1917 1913 ma-

316 1952 439 2006 nus,
472 1947 525 1992 et
555 1939 719 2009 pedes
750 1941 824 1994 tui
852 1941 1019 1996 clavis
1050 1940 1110 1969 ²⁰⁸
1142 1952 1267 1996 sunt
1295 1944 1527 2013 conﬁxi;
1560 1961 1759 2015 corpus
1789 1962 1914 2001 vero

316 2026 553 2096 undique
583 2028 919 2084 vulneratum
949 2039 1174 2116 apparet
1201 2048 1232 2086 a
1262 2033 1439 2103 planta
1471 2034 1622 2104 pedis
1649 2051 1821 2104 usque
1847 2036 1915 2090 ad

319 2118 607 2178 verticem;
640 2133 819 2173 meum
853 2127 1028 2173 autem
1060 2131 1281 2191 apparet
1309 2138 1374 2175 ex
1404 2127 1518 2177 toto
1560 2123 1788 2179 illaesum
1818 2121 1904 2179 ’°".

316 2204 529 2259 Juravit
566 2205 710 2276 quod
758 2221 860 2262 nec
890 2205 949 2234 ’“
978 2209 1157 2263 cibum
1213 2225 1316 2265 nec
1377 2219 1560 2281 potum
1606 2217 1914 2284 sumpturus

322 2300 486 2361 esset,
504 2310 788 2367 quousque
804 2295 871 2349 ad
894 2296 1299 2353 similitudinem
1325 2300 1407 2354 sui
1464 2301 1909 2357 conformaretur.

320 2381 471 2438 Tunc
513 2386 702 2438 caeteri
732 2380 792 2411 '°’
840 2384 1088 2455 discipuli
1137 2388 1491 2443 accnrrebant
1537 2397 1591 2445 et
1640 2390 1914 2446 lamenta-

319 2469 519 2526 bantur
542 2487 704 2542 super
731 2490 852 2528 eum
882 2473 982 2541 ’³ος
1012 2473 1070 2530 ει
1100 2474 1245 2531 filius
1274 2474 1334 2504 ²¹¹
1366 2493 1517 2532 meus
1546 2478 1613 2533 ad
1654 2480 1913 2535 consola-

318 2558 521 2615 tionem
549 2577 730 2617 meam
772 2566 827 2617 et
871 2562 1265 2633 discipulorum
1314 2564 1652 2637 glorificatus
1695 2568 1797 2624 fuit
1836 2568 1913 2623 ibi

318 2663 504 2703 coram
547 2650 658 2705 suis
685 2649 751 2679 ὐ
782 2671 793 2707 :
828 2652 898 2706 ita
943 2653 1089 2724 quod
1135 2653 1280 2708 nulla
1328 2654 1489 2727 plaga
1537 2664 1632 2710 aut
1674 2657 1813 2712 livor
1858 2658 1913 2712 in

319 2752 549 2809 corpore
578 2755 677 2795 suo
705 2741 955 2811 apparuit
984 2749 1180 2812 praeter
1220 2742 1456 2815 quinque
1504 2744 1785 2801 vulnerum
1828 2746 1911 2802 ci-

319 2826 561 2894 catrices,
595 2845 731 2899 quas
759 2838 1137 2885 reservaturns
1165 2839 1249 2886 est
1276 2848 1445 2901 usque
1482 2832 1537 2886 in
1583 2833 1726 2889 diem
1759 2834 1914 2904 judi-

321 2914 418 2981 cii,
478 2923 531 2970 et
572 2917 710 2973 adeo
765 2933 928 2973 sanus
983 2920 1235 2989 apparuit
1265 2918 1325 2948 ’"
1356 2921 1411 2974 in
1466 2937 1691 2991 corpore
1748 2939 1813 2979 ac
1866 2924 1912 2978 si

321 3018 597 3073 nunquam
644 3022 839 3075 passus
882 3007 1092 3064 fuisset.
1142 3008 1220 3063 De
1263 3024 1369 3080 quo
1412 3026 1516 3081 ego
1562 3015 1617 3066 et
1664 3011 1910 3083 discipuli

319 3089 636 3148 immensam
667 3095 1096 3151 consolationem
1139 3097 1464 3168 recepimus.
1498 3099 1563 3153 Et
1612 3115 1734 3154 cum
1785 3117 1908 3156 eum

321 3181 555 3250 sepelire
584 3182 784 3238 vellent
813 3182 893 3251 ”‘,
926 3200 1047 3239 cum
1079 3200 1277 3257 magno
1307 3203 1539 3242 maerore
1570 3204 1774 3258 corpus
1801 3188 1911 3243 for-

320 3267 534 3325 tissime
564 3271 709 3325 tenui
739 3280 792 3327 et
830 3272 1044 3343 sepeliri
1094 3274 1185 3330 vix
1226 3276 1465 3345 permisi,
1500 3276 1685 3332 dicens
1718 3295 1730 3331 :
1764 3278 1911 3332 Cha-

316 3357 529 3414 rissime
584 3361 837 3430 Joannes,
893 3362 1138 3434 relinque
1195 3363 1327 3419 mihi
1400 3376 1669 3422 mortuum
1743 3367 1912 3421 ﬁlium

320 3448 523 3513 meum,
558 3465 717 3520 quem
749 3465 860 3505 non
889 3452 1042 3520 potui
1087 3452 1287 3508 habere
1330 3452 1532 3510 vivum.
1568 3456 1674 3511 Sed
1719 3456 1765 3510 si
1811 3473 1914 3512 ne-

322 3550 477 3592 cesse
506 3546 589 3591 est
617 3546 674 3592 ut
703 3540 805 3594 hoc
836 3538 1021 3606 facias,
1053 3556 1190 3611 rogo
1222 3549 1272 3597 te
1298 3546 1356 3596 ut
1385 3559 1472 3598 me
1504 3559 1623 3598 cum
1656 3543 1777 3612 ipso
1822 3561 1913 3597 se-

318 3622 507 3694 pelias.
538 3625 775 3681 Joannes
802 3627 1078 3697 respondit
1107 3645 1119 3684 :
1155 3629 1296 3699 Scis,
1327 3630 1544 3685 domina
1572 3631 1911 3700 charissima,

322 3712 467 3782 quod
494 3713 654 3768 aliter
680 3732 797 3771 esse
828 3732 935 3771 non
964 3717 1156 3787 potuit,
1189 3725 1242 3772 et
1292 3735 1464 3790 genus
1500 3719 1789 3775 humanum
1834 3721 1914 3777 sic

321 3799 515 3856 redimi
553 3801 758 3858 debuit.
790 3804 1033 3861 Tandem
1080 3806 1250 3861 invita
1294 3807 1508 3877 permisi
1557 3816 1615 3863 ut
1654 3809 1912 3878 sepelire-

324 3897 445 3958 tur;
478 3898 676 3947 etcum
710 3893 766 3947 in
819 3895 1127 3965 sepulcrum
1177 3897 1384 3967 positus
1428 3894 1636 3961 fuisset,
1670 3897 1738 3951 ad
1787 3915 1910 3953 eum

321 3980 526 4035 intrare
550 3980 715 4049 volui,
749 3987 805 4038 et
832 3999 997 4053 super
1011 3982 1324 4054 sepulcrum
1342 4002 1430 4041 me
1444 3985 1672 4056 projeci,
1699 3990 1754 4041 et
1772 3987 1910 4043 adeo

321 4067 707 4126 miserabiliter
734 4070 823 4144 egi
852 4071 998 4145 quod
1026 4069 1089 4100 ⁸¹⁸
1117 4088 1307 4129 omnes
1353 4073 1650 4131 ﬂeverunt.
1689 4076 1753 4129 Et
1781 4092 1908 4131 eum

2023 1776 2145 1821 runt
2163 1768 2319 1822 Titus
2336 1776 2388 1823 et
2407 1767 2816 1838 Vespasiamus,
2833 1763 3162 1820 Hierusalem
3180 1762 3523 1817 destruentes
3538 1755 3622 1826 "‘,

2024 1863 2076 1910 et
2122 1857 2327 1926 Joseph
2375 1857 2556 1912 vivum
2605 1856 2660 1911 in
2703 1870 2877 1920 muro,
2921 1854 3239 1908 invenerunt
3265 1847 3346 1902 ”‘.
3378 1849 3447 1903 Et
3488 1847 3626 1903 sicut

2021 1944 2191 1999 Judaei
2222 1945 2492 2000 Christum
2542 1960 2639 2016 pro
2687 1944 2907 2016 triginta
2955 1939 3201 1997 denariis
3251 1943 3518 2001 emerunt,
3549 1936 3625 1989 ita

2022 2032 2235 2105 triginta
2278 2035 2495 2090 Judaeos
2552 2050 2651 2104 pro
2702 2048 2809 2087 uno
2863 2029 3088 2086 denario
3143 2025 3500 2082 vendiderunt
3530 2020 3611 2077 ”'.

2094 2125 2207 2178 Heu
2238 2138 2433 2194 sponsa
2462 2138 2581 2178 mea
2612 2121 2809 2177 dilecta
2835 2135 2999 2175 cerne
3029 2132 3177 2172 meas
3262 2168 3263 2173 η

2093 2211 2241 2281 Quas
2268 2229 2367 2282 pro
2402 2220 2449 2268 te
2480 2211 2678 2266 suffero
2709 2224 2923 2281 pennas.

2094 2303 2251 2356 Ferre
2282 2317 2390 2357 non
2419 2300 2616 2371 expavi

2093 2390 2250 2460 Quod
2283 2397 2449 2463 agunt
2481 2406 2634 2455 crux,
2668 2388 2878 2447 lancea.
2911 2383 3070 2441 clavi.

2093 2480 2183 2535 Fel
2216 2496 2321 2551 ego
2350 2478 2661 2550 degustavi.

2093 2568 2234 2638 Quia
2264 2576 2313 2622 te
2344 2568 2696 2623 vehementer
2726 2563 2924 2620 amavi.

2090 2657 2171 2711 Tu
2201 2657 2332 2710 mihi
2364 2656 2531 2711 redde
2560 2655 2757 2722 vicem,

2091 2746 2170 2800 Tu
2201 2762 2421 2818 quoque
2456 2744 2580 2800 tolle
2609 2757 2844 2799 crucem.

2096 2834 2228 2890 Vide
2259 2850 2347 2888 me
2378 2832 2602 2901 nudum,

2090 2922 2422 2978 Verberibus
2454 2922 2773 2988 laceratum,

2092 3013 2152 3066 In
2183 3010 2362 3067 medio
2392 3010 2658 3065 latronum

2092 3100 2250 3156 Cruci
2280 3082 2674 3171 ignominiosae
2689 3096 2860 3155 clavis
2891 3097 3083 3152 ferreis
3111 3094 3358 3162 afﬁxum,

2091 3192 2261 3245 Aceto
2292 3189 2345 3242 in
2376 3204 2538 3243 cruce
2566 3193 2836 3257 potatum,

2092 3280 2216 3333 Post
2246 3286 2471 3333 mortem
2503 3278 2689 3331 lancea
2722 3277 2860 3330 latus
2890 3276 3246 3330 vulneratum.

2025 3369 2109 3422 Ad
2137 3367 2241 3422 hoc
2269 3366 2449 3420 anima
2481 3366 2616 3419 dixit
2651 3380 2661 3420 :
2692 3366 2833 3420 Ecce
2862 3380 2967 3420 vox
2998 3362 3275 3435 sanguinis
3302 3362 3481 3432 sponsi
3512 3358 3614 3414 mei

2020 3456 2149 3510 Jesu
2178 3454 2357 3510 dilecti
2389 3454 2587 3509 clamat
2613 3451 2683 3507 ad
2716 3469 2801 3507 me
2830 3452 2897 3508 de
2925 3468 3081 3521 cruce
3112 3469 3124 3505 :
3159 3450 3205 3507 Ο
3249 3464 3454 3521 sponsa
3498 3463 3616 3502 mea

2023 3545 2202 3605 unica.
2237 3544 2361 3599 vide
2391 3543 2633 3599 dolorem
2671 3558 2871 3597 meum.
2904 3520 2985 3596 Ad
3034 3543 3139 3597 hoc
3186 3554 3387 3611 sponsa
3420 3556 3434 3591 :
3465 3538 3613 3603 Jesu,

2021 3632 2093 3685 mi
2125 3632 2341 3699 dilecte,
2375 3631 2548 3686 factus
2576 3647 2634 3685 es
2664 3646 2760 3701 pro
2803 3646 2888 3684 me
2916 3627 3269 3699 opprobrium
3311 3626 3614 3691 hominum,

2021 3720 2111 3792 qui
2143 3727 2224 3775 est
2256 3722 2518 3775 Dominus
2545 3720 2889 3793 angelorum.
2921 3718 3172 3784 Attende,
3207 3733 3239 3773 o
3281 3716 3481 3782 anima,
3516 3715 3615 3770 iste

2021 3818 2102 3865 est
2134 3809 2363 3865 dilectus
2393 3817 2533 3876 tuus,
2565 3810 2719 3878 cujus
2742 3808 2911 3878 pedes
2940 3805 3173 3876 pallidos
3201 3805 3356 3861 clavo
3400 3803 3613 3875 perfos-

2018 3915 2125 3965 sos,
2158 3898 2423 3969 sunguine
2451 3897 2593 3968 perit
2611 3913 2705 3951 ωε
2727 3894 2970 3953 intueris.
2993 3894 3127 3951 Vide
3156 3909 3265 3948 non
3288 3893 3401 3948 sine
3430 3908 3614 3947 amaro

2018 3988 2238 4058 planctu
2271 3995 2322 4041 et
2352 3987 2627 4058 lacrymis.
2660 4002 2766 4040 non
2798 3986 3029 4056 positum
3061 3983 3317 4047 suaviter,
3348 3981 3445 4037 sed
3492 3981 3610 4036 dis-

2020 4084 2223 4132 tentum
2255 4074 2547 4131 crudeliter
2584 4073 2640 4128 in
2682 4074 2831 4145 ligno
2876 4073 3016 4129 duro
3058 4087 3256 4143 corpus
3297 4072 3423 4126 Jesu
3468 4068 3611 4125 deli-

1628 4253 1868 4310 VARIE
1898 4251 2304 4310 LECTIONES.

396 4398 461 4430 "'
487 4401 917 4457 Consolationem
949 4401 1017 4458 de
1047 4409 1099 4458 te
1127 4402 1307 4459 habeo
1336 4419 1438 4459 ms.
1473 4404 1633 4459 omit.
1667 4403 1736 4459 de
1768 4412 1835 4459 te.
1870 4402 2105 4472 "'Quem
2140 4421 2280 4459 nunc
2309 4411 2579 4459 mortuum
2610 4417 2789 4458 coram
2822 4418 2924 4456 ms.
2960 4416 3082 4467 quae
3106 4404 3393 4472 mortuum
3443 4395 3611 4450 ﬁlium

328 4488 539 4546 coram.
572 4472 826 4546 ""Dulcia
856 4473 1149 4546 hodierna.
1183 4474 1359 4529 dulcia
1392 4474 1579 4546 verba,
1610 4474 1790 4546 hodie.
1827 4469 2132 4544 ’“Etﬁuod
2164 4476 2341 4546 ipsum
2373 4491 2478 4528 ms.
2512 4483 2563 4528 et
2587 4474 2683 4546 qui
2719 4473 2914 4542 ipsum.
2948 4469 3461 4546 ’”.\lei_ap_pella_tur
3489 4484 3602 4546 ins.

327 4544 431 4599 mei
463 4543 766 4613 appellatus
796 4553 893 4597 est.
924 4543 1102 4599 ’"Sibi
1133 4552 1247 4599 erat
1277 4562 1387 4600 ms.
1426 4545 1504 4599 illi
1530 4553 1662 4600 erat.
1694 4544 1873 4600 ’“Heu
1905 4539 2136 4600 Domine
2168 4539 2269 4602 me.
2305 4548 2406 4599 heu
2438 4539 2689 4610 Domine,
2723 4539 2775 4598 et
2810 4546 3090 4613 magister.
3123 4539 3325 4606 ’“llen,
3360 4539 3607 4613 Domine,

326 4610 753 4688 talem—gratiam
785 4614 921 4688 mihi
948 4615 1174 4687 indigno
1206 4632 1314 4685 pra:
1344 4616 1551 4672 ceteris
1583 4617 1850 4671 contulisti
1883 4616 2007 4688 quia
2040 4616 2351 4671 dulcissima
2382 4616 2551 4671 facies
2570 4623 2654 4688 tua
2672 4610 2932 4688 eratmjlii
2950 4610 3225 4688 simillima
3244 4628 3349 4666 ms.
3376 4611 3477 4664 heu
3495 4611 3610 4688 [)0-

328 4686 473 4757 mine
502 4681 555 4757 et
583 4686 860 4757 Magister,
893 4686 985 4740 die
1016 4681 1305 4757 praeterita,
1340 4688 1456 4743 haec
1489 4688 1652 4742 facies
1682 4681 2049 4757 amantissima
2075 4688 2205 4741 mihi
2236 4695 2350 4743 erat
2370 4686 2772 4757 consimillima.
2806 4683 2981 4757 "‘Heu
3002 4684 3411 4757 inodquparet
3432 4681 3613 4735 vultus

326 4755 457 4811 mibi
487 4751 782 4810 dissimilis.
814 4751 918 4811 ms.
951 4751 1115 4813 modo
1145 4751 1370 4826 apparet
1400 4759 1625 4812 multum
1657 4758 1959 4812 dissimilis.
1993 4756 2232 4813 ’“Pedes
2262 4758 2430 4814 clavis
2457 4773 2559 4811 ms.
2597 4756 2760 4826 pedes
2809 4755 2883 4810 tui
2928 4755 3113 4810 clavis.
3147 4751 3559 4826 ’"Vulnemtum
3593 4770 3606 4807 :

326 4843 503 4902 meum
536 4833 717 4902 autem
747 4843 941 4898 corpus
968 4844 1096 4883 vero
1127 4825 1366 4902 undique
1393 4838 1713 4902 apparere;
1744 4837 1858 4902 toto
1883 4829 2131 4883 illaesum.
2164 4846 2269 4902 ms.
2307 4825 2653 4882 Vulneratnm
2685 4834 2907 4902 apparet
2938 4842 2968 4880 a
3014 4826 3199 4902 planta
3245 4825 3410 4902 pedis
3424 4839 3610 4902 .usque

328 4898 393 4952 ad
452 4896 759 4952 verticem:
804 4892 983 4953 meum
1043 4908 1220 4954 autem
1263 4892 1586 4955 econtrario.
1619 4898 1994 4970 "‘Juravitque
2049 4900 2193 4970 quod
2250 4915 2524 4968 nunquam
2582 4914 2687 4952 ms.
2718 4892 2930 4966 juravit
2984 4892 3161 4970 quem
3187 4892 3609 4970 nec.h’_°'Czeteri

327 4984 517 5023 omnes
545 4971 879 5038 m:._omitt.
913 4986 1122 5025 omnes.
1154 4970 1598 5026 ’“Lamentantes
1628 4985 1790 5038 super
1818 4965 1936 5024 eum
1970 4965 2078 5025 ms:
2109 4978 2163 5024 et
2191 4965 2619 5024 lamentabantur
2648 4965 2811 5038 super
2840 4984 2989 5023 eum.
3029 4966 3090 4996 ’³³
3119 4966 3270 5021 Tunc
3302 4965 3441 5038 titius
3488 4981 3600 5038 ms.

328 5048 383 5094 et
431 5039 590 5093 filius.
624 5036 882 5095 “’Coram
941 5042 1098 5096 nobis
1154 5060 1259 5097 ms.
1293 5057 1475 5096 coram
1533 5040 1667 5093 suis.
1693 5035 1941 5095 ""Sanus
1998 5041 2251 5110 apparuit
2312 5058 2413 5096 ms.
2448 5056 2609 5095 sanus
2661 5035 2724 5094 et
2768 5040 2947 5095 clarus
3004 5037 3277 5110 apparuit.
3304 5035 3610 5107 "‘Sepelire

333 5111 550 5184 vellem»
579 5127 697 5184 m:._
714 5112 951 5184 sepelire
1001 5112 1217 5167 vellent.
1249 5110 1435 5184 "‘Egi,
1470 5111 1613 5184 quod
1656 5127 1762 5184 ms.
1796 5108 2213 5184 incessipquod.
2248 5109 2645 5184 "fLacrymans
2685 5111 2869 5184 rogavi
2905 5108 3124 5184 :‘Chare
3164 5108 3440 5184 Joatinnes
3489 5123 3599 5162 ms.

327 5180 451 5238 ideo
482 5177 867 5239 miserabiliter
908 5182 1146 5239 clamavi
1180 5203 1191 5239 :
1222 5177 1502 5237 Johannes
1543 5181 1873 5236 charissime.
1904 5179 2094 5235 ""Mihi
2143 5182 2394 5249 injuriam
2437 5177 2542 5238 ins.
2578 5181 2705 5251 mihi
2749 5177 2890 5236 hanc
2937 5181 3213 5251 injuriam.
3246 5177 3394 5235 "'Me
3442 5194 3610 5249 sepa—

328 5268 500 5308 rarem
531 5269 638 5309 ms.
672 5269 760 5308 me
790 5269 1033 5323 separes.
1066 5253 1432 5324 "’Expectare
1471 5253 1667 5324 vellem
1717 5254 1891 5308 donec
1932 5269 2043 5324 ms.
2069 5254 2395 5324 exspectabo
2438 5255 2632 5309 donec.
2664 5250 2967 5307 “'l‘andem
2996 5250 3069 5324 in
3116 5266 3221 5324 πίε.
3255 5253 3611 5324 tandemdme

326 5325 601 5395 accipiens
629 5333 679 5380 et
709 5320 867 5395 quasi
898 5323 1161 5380 violenter
1188 5320 1466 5379 deducens
1497 5321 1729 5395 infamia.
1765 5324 1869 5378 ista
1890 5323 2123 5378 Domina
2168 5320 2217 5378 i-t
2269 5322 2378 5380 ﬁlio
2400 5340 2495 5379 suo
2521 5340 2623 5380 ms.
2651 5322 3133 5395 istaipulcherrima
3154 5322 3385 5395 Domina
3401 5320 3610 5395 et‘lfilio

331 5341 601 5395 accipiens
629 5341 679 5380 et
709 5341 864 5395 quasn
898 5341 1161 5380 vxorenter
1188 5341 1466 5379 deducens
1497 5341 1568 5378 in.
1604 5341 1729 5377 "‘A.
1765 5341 1869 5378 ista
1890 5341 2123 5378 uomina
2168 5341 2217 5378 (ιι
2269 5341 2378 5380 nuo
2400 5341 2495 5379 suo
2521 5341 2623 5380 ms.
2651 5341 2752 5379 1sra
2812 5341 3133 5377 utcnerrima
3157 5341 3385 5376 uomvna
3401 5341 3455 5375 et
3477 5341 3609 5375 rmo

331 5394 473 5463 ejus.
504 5393 758 5452 "’Nobis.
788 5395 960 5450 Judaei
991 5413 1097 5451 ms.
1131 5396 1280 5450 mihi.
1311 5395 1503 5450 Judaei.
1536 5394 1739 5449 '"Filio
1770 5395 1889 5465 ejus
1918 5395 2158 5466 Josepho
2188 5404 2310 5466 post
2341 5395 2572 5450 ostendit
2601 5410 2705 5450 ms.
2737 5341 2862 5449 filiis
2891 5393 3094 5466 Joseph
3125 5393 3377 5466 ostendit.
3410 5390 3609 5447 ⁸³⁸1ὶὶ8-

326 5465 560 5520 rusalem
619 5466 954 5521 destruentes
1010 5483 1114 5522 ms.
1175 5466 1507 5522 Hierusalem
1566 5463 1955 5521 destruxerunt
1984 5464 2127 5519 ’“De
2186 5463 2339 5521 muro
2397 5466 2747 5521 excluserunt
2791 5482 2896 5520 ms.
2954 5463 3009 5517 in
3041 5478 3195 5518 muro
3263 5464 3606 5518 invenerunt.

329 5532 783 5593 ’“Vendiderunt.
820 5538 1071 5610 Explicit
1101 5538 1192 5596 hic
1214 5540 1275 5595 in
1300 5537 1468 5595 editis
1499 5556 1516 5593 :
1547 5541 1608 5593 at
1640 5537 1702 5592 in
1722 5552 1829 5592 ms.
1867 5536 2002 5593 Thu.
2033 5540 2135 5591 519
2168 5537 2283 5593 hac
2314 5539 2475 5593 nullo
2508 5538 2805 5607 interfecto
2835 5536 3017 5608 spatio
3047 5534 3489 5609 subsequuntur.
