4036 6072
349 248 453 333 ξέθ
1221 262 1490 324 SPURIA.
1525 296 1592 306 —
1620 263 1753 320 LIB.
1788 260 1882 321 ne
1912 251 2468 323 MENSURATIONE
2498 256 2771 327 CRUCIS.
3540 270 3641 335 200

352 409 552 457 catum.
582 398 629 455 0
661 408 730 467 te,
754 397 878 452 Jesu
918 394 1065 449 salus
1111 390 1353 449 omnium
1380 392 1392 445 l
1428 390 1473 447 0
1524 390 1844 445 admiranda
1893 398 1946 444 et
1978 392 2028 451 A
2058 406 2249 445 manus
2276 407 2340 445 ac
2369 393 2611 448 membra
2641 403 2731 449 tua
2760 396 2813 449 in
2842 398 2961 467 ejus
2997 399 3161 454 ramis
3206 398 3441 455 eﬁ‘udisti
3488 403 3641 459 ﬂori-

353 491 586 545 amanda
620 485 902 560 dignatio!
936 483 982 540 0
1010 484 1135 537 Jesu
1178 482 1250 535 mi
1300 481 1516 547 dilecte,
1549 488 1601 534 et
1653 480 1798 533 Deus
1840 478 1949 531 im-
2058 479 2187 532 dum
2217 480 2533 551 sanguinem
2564 498 2661 552 per
2680 485 2891 540 radices
2926 488 2998 540 tui
3031 487 3294 558 corporis.
3324 488 3465 556 Quid
3486 493 3648 547 retri-

353 595 555 634 mensae
591 577 863 651 gloriosae,
899 572 1100 628 vermis
1132 568 1553 639 contemptibilis
1597 576 1819 637 propter
1864 584 1951 622 me
2059 566 2226 623 buam
2264 568 2497 626 Domino
2535 587 2634 640 pro
2673 574 2929 630 omnibus
2969 593 3094 647 qua:
3144 577 3409 632 retribuit
3458 580 3648 635 mihi?

351 668 465 724 ﬁeri
497 683 604 722 non
635 664 962 734 despexistil
1000 659 1047 717 0
1073 656 1387 729 speculum!
1421 656 1467 712 0
1509 656 1727 711 claritas
1774 670 1947 727 ange—
2062 657 2305 713 Calicem
2334 660 2609 715 salutaris
2632 663 2935 733 accipiam,
2960 669 3015 719 et
3049 680 3272 720 nomem
3302 668 3527 723 Domini
3557 668 3645 722 in-

316 764 319 767 ‘
353 754 562 811 lorum!
614 751 909 809 Ascendisti
981 750 1229 804 arborem
1287 746 1478 843 qrucis,
1538 753 1589 799 et
1650 745 1950 799 extendens
2058 745 2251 801 vocabo
2280 748 2456 816 (Psal.
2490 764 2618 813 cxv,
2654 752 2739 815 12,
2774 754 2889 820 t3).
2932 752 3044 809 Deo
3077 753 3294 808 Gratias
3322 751 3402 808 ἠ.

1658 842 1883 897 VARle
1925 841 2223 897 LECTION
2230 841 2339 898 ES.

1204 939 1270 969 ’⁸⁷
1299 942 1413 995 Heu
1443 955 1641 1009 sponsa
1671 954 1791 994 mea
1821 939 2018 995 dilecta
2048 955 2205 995 cerne
2238 956 2385 995 meas

1292 1011 1440 1081 Quas
1467 1027 1567 1081 pro
1600 1020 1650 1065 te
1679 1009 1877 1065 suffero
1907 1026 2122 1081 paenas.

1314 1084 1475 1138 Ferre
1502 1096 1609 1137 non
1639 1081 1838 1151 expavi

1313 1154 1471 1225 Quod
1500 1160 1667 1225 agunt
1696 1169 1846 1225 crux,
1878 1156 2087 1221 lancea,
2118 1152 2280 1209 clavi.

1268 1282 1271 1287 ν
1314 1224 1411 1296 Fel
1434 1223 1557 1293 ego
1569 1223 1872 1296 degustavi,

1313 1295 1453 1363 Quia
1484 1303 1534 1348 te
1564 1295 1909 1349 vehementer
1938 1297 2138 1351 amavi.

1311 1366 1391 1420 Tu
1420 1365 1554 1419 mihi
1586 1365 1755 1420 redde
1784 1365 1978 1433 vicem,

1311 1438 1391 1491 Tu
1421 1452 1635 1506 quoque
1667 1436 1793 1490 tolle
1824 1436 2070 1494 Crucem.

1315 1508 1479 1562 Vides
1508 1522 1595 1561 me
1622 1508 1848 1575 nudum,

1316 1578 1645 1633 Verberibus
1676 1578 1989 1647 laceratum,

1312 1651 1371 1704 In
1402 1650 1583 1704 medio
1614 1649 1902 1715 latronum,

1312 1721 1469 1777 Cruci
1495 1720 1871 1793 ignominiosa:
1902 1721 2072 1775 clavis
2103 1722 2290 1778 ferreis
2318 1722 2565 1791 aﬂixum,

1312 1796 1480 1848 Δοθιο
1506 1792 1559 1846 in
1592 1805 1751 1847 cruce
1774 1799 2039 1861 potatum,

1315 1866 1439 1918 Post
1468 1870 1695 1917 mortem
1725 1863 1912 1917 lancea
1941 1862 2080 1917 latus
2108 1864 2464 1922 vulneratum.

356 1973 444 2046 Ad
470 1974 574 2046 hoc
592 1968 782 2046 anima
811 1965 950 2020 dixit
974 1983 987 2019 :
1023 1965 1166 2046 Ecce
1186 1979 1292 2018 vox
1314 1963 1602 2046 sanguinis
1625 1962 1811 2046 sponsi
1831 1962 1948 2046 mei
1964 1963 2089 2046 Iesu
2110 1964 2291 2046 dailecti
2318 1967 2521 2021 clamat
2539 1967 2606 2021 ad
2631 1984 2717 2023 me
2740 1970 2808 2024 de
2828 1971 3018 2046 Cruce.
3044 1972 3089 2027 0
3108 1990 3304 2043 sponsa
3325 1992 3443 2031 mea
3467 1978 3645 2046 unica,

356 2044 483 2098 vide
514 2042 756 2096 dolorem
791 2053 996 2115 meum.
1030 2037 1111 2090 Ad
1142 2037 1248 2115 hoc
1277 2033 1502 2114 sponsa,
1532 2035 1677 2101 Jesu,
1712 2033 1845 2115 mihi
1877 2034 2091 2115 dilecte,
2126 2036 2298 2091 factus
2326 2053 2383 2091 es
2412 2053 2629 2115 prome
2676 2042 3031 2115 opprobrium
3077 2033 3374 2101 hominum.
3410 2048 3516 2115 Qui
3565 2033 3646 2107 est

360 2115 622 2187 Dominus
648 2109 987 2187 angelorum,
1019 2104 1321 2187 attende,o
1352 2106 1549 2186 anima.
1564 2121 1706 2172 mea,
1738 2105 1842 2159 iste
1872 2112 1951 2187 est
1981 2104 2224 2187 dilectus.
2269 2104 2596 2187 tuna—cujus
2638 2104 2808 2187 pedes
2857 2114 3111 2187 pallidos,
3144 2116 3297 2171 clavo
3345 2104 3626 2187 perfossus

358 2184 623 2256 sanguine
651 2164 901 2256 pe'rfusos
928 2164 1174 2256 intueris.
1210 2164 1354 2256 Vide
1372 2192 1477 2230 non
1502 2176 1622 2256 sine
1652 2164 2089 2256 amaroﬁplanctu
2119 2185 2171 2231 et
2212 2164 3304 2256 lacrymis,_'non‘piositumsaevitiam-sed

358 2246 911 2332 crudeliter'indigno
942 2250 1091 2332 duro
1108 2265 1300 2330 corpus
1326 2249 1453 2303 Jesu
1484 2246 1884 2332 delica_tum‘.,0
1916 2254 1967 2327 te
2014 2248 2143 2332 Jesu
2180 2246 2588 2332 salus‘omnium
2619 2246 2682 2332 :16
2703 2254 3020 2332 admiranda
3041 2263 3091 2311 et
3112 2246 3344 2332 amanda
3361 2259 3605 2332 dignatio
3630 2264 3644 2317 ι

360 2328 407 2382 0
432 2327 581 2402 _Jesu,
615 2317 935 2402 midilécte,
969 2329 1022 2376 et
1050 2317 1744 2402 Deus’immcnszeglorize.
1782 2317 1993 2371 Vermis
2024 2319 2450 2402 contemptibilis
2484 2327 2710 2391 propter
2738 2340 2826 2379 me
2856 2325 2968 2379 ﬁeri
2990 2342 3098 2402 non
3123 2317 3649 2402 despexistiTOSpe-

361 2388 874 2470 eu_lum,'_o‘elar_itas
902 2391 1222 2470 angelorum
1252 2392 1263 2443 !
1294 2388 1602 2470 Ascendisti
1628 2388 1883 2470 arborem
1914 2389 2200 2470 crucis,_et
2227 2388 2520 2470 este-nden's
2548 2388 2744 2470 manus
2773 2410 2839 2450 ac
2863 2397 3106 2451 membra
3139 2388 3240 2453 tua.
3254 2400 3307 2453 in
3336 2402 3455 2470 ejus
3486 2388 3652 2458 ramis

360 2458 877 2542 eﬁ'udistiAﬂoridum
907 2458 1227 2542 sanguinem
1258 2476 1356 2542 per
1385 2460 1599 2542 radices
1624 2459 1697 2513 tui
1728 2458 1999 2542 corporis:
2027 2459 2169 2542 Quid
2200 2462 2507 2542 retribuam
2531 2464 2782 2542 _Domino_
2801 2483 2901 2542 pro
2932 2470 3189 2542 omnibus
3219 2487 3340 2542 qua:
3365 2458 3648 2529 ’νεινίὴηὶι

358 2539 502 2594 mihi
525 2536 560 2614 ?_
589 2531 1479 2614 quicemfututariiae'cipiam,‘
1499 2536 1555 2585 et
1579 2546 1813 2614 clamem
1849 2531 2359 2614 Domini-inuocem
2390 2535 2562 2602 (Psal.
2598 2551 2731 2604 cxv,
2766 2531 2852 2603 1'2,
2883 2540 2992 2609 13).
3019 2539 3132 2594 Deo
3161 2531 3383 2612 gratias.
3413 2543 3653 2614 Explicit

359 2611 601 2667 narratio
633 2609 807 2662 Beata;
841 2604 1078 2676 Virginis
1106 2600 1311 2670 Mariae,
1344 2603 1413 2657 de
1444 2602 1700 2657 Passione
1730 2600 1949 2657 Domini
1975 2601 2044 2656 ad
2076 2603 2132 2656 Β.
2168 2600 2502 2658 Anselmum.

680 2787 3655 2819 Μ

721 2961 966 3106 DE
1048 2952 2540 3277 MENSURﬁgl‘EliONE
2625 2956 3298 3113 CBUCIS

358 3421 435 3484 In
467 3420 629 3485 illud
662 3420 907 3486 Christi
946 3420 1064 3486 ε.ςὶ
1091 3422 1238 3502 quis
1267 3419 1406 3483 vult
1432 3421 1656 3502 venire
1700 3427 1841 3498 post
1895 3436 2020 3498 me,
2053 3418 2321 3502 abneget
2367 3422 2797 3501 semetipsum,
2832 3431 2888 3487 et
2922 3424 3106 3490 tollat
3152 3444 3407 3493 crucem
3456 3449 3654 3496 suam

1320 3500 1632 3581 quotidie,
1651 3508 1706 3562 et
1732 3505 2045 3580 sequatur
2072 3516 2172 3561 me
2201 3499 2426 3577 (Lucae
2457 3517 2543 3574 Ix,
2567 3503 2689 3583 23).
2782 3499 2789 3501 ⁷
3328 3505 3332 3509 “

432 3720 700 3789 Quoniam
714 3720 939 3792 jubente
959 3720 1070 3777 filio
1094 3728 1184 3776 tuo
1205 3719 1456 3776 Christo:
1488 3719 1731 3791 Per/esti
1754 3722 1952 3788 estote,
1985 3718 2038 3777 B
2588 3720 2811 3778 CAPUT
2842 3721 3129 3778 PRIMUM.

363 3810 514 3867 sicut
535 3814 591 3866 et
604 3811 1229 3867 Patervesterewlestis
1243 3814 1533 3882 per/cetus
1545 3814 1628 3865 est
1664 3808 1883 3877 (Matth.
1902 3824 1955 3877 v,

362 3899 454 3968 48)
491 3916 504 3952 :
540 3899 605 3953 Et
636 3899 886 3968 apostolo
917 3900 1233 3954 exhortante
1262 3906 1318 3952 ut
1347 3898 1416 3953 ad
1447 3898 1838 3968 perfectionem
1871 3896 1959 3950 fe-

362 4003 567 4055 ramur,
602 3986 858 4041 omnibus
888 3987 1065 4042 modis
1093 3988 1161 4041 ad
1185 3986 1575 4056 perfectionem
1595 3985 1718 4041 vita:
1742 3986 1960 4040 tendere

365 4074 630 4129 debemus
655 4092 668 4137 ;
702 4074 981 4129 tendentes
1010 4083 1190 4129 autem
1217 4073 1330 4128 sine
1348 4074 1588 4139 ductore,
1612 4089 1794 4129 errare
1824 4088 1957 4143 pos-

364 4179 595 4225 sumus;
645 4164 850 4233 optime
898 4164 1132 4219 consulit
1174 4162 1334 4217 nobis
1377 4163 1429 4216 in
1461 4177 1525 4217 eo
1574 4162 1786 4216 bonitas
1850 4168 1956 4230 tua,

364 4253 510 4307 Deus
540 4269 709 4319 meus,
743 4251 835 4323 qui
865 4252 1116 4306 eumdem
1147 4251 1363 4306 unicum
1394 4258 1543 4305 tuum
1574 4249 1730 4305 nobis
1758 4248 1810 4302 in
1852 4249 1959 4302 du-

367 4350 570 4396 ctorem
605 4342 816 4396 tradere
846 4340 1102 4414 dignatus
1130 4348 1229 4403 est,
1261 4348 1319 4394 ut
1350 4339 1507 4393 nobis
1529 4338 1685 4392 factis
1705 4346 1755 4392 et
1781 4336 1962 4392 verbis

369 4431 512 4484 viam
546 4429 782 4485 veritatis
811 4430 1121 4485 ostenderet
1154 4444 1218 4485 ac
1248 4427 1483 4482 doceret.
1518 4427 1614 4480 Cui
1663 4427 1864 4480 etenim
1906 4433 1962 4480 ut

370 4534 493 4573 eum
538 4518 871 4574 conﬁdenter
912 4534 1266 4588 sequeremur
1308 4514 1654 4587 perfectionis
1716 4515 1962 4569 testimo-

376 4607 526 4662 nium
562 4607 906 4677 perhibuisti,
933 4607 1155 4661 dicens:
1180 4606 1277 4662 llic
1306 4609 1391 4660 est
1420 4605 1577 4674 ﬁlius
1618 4619 1777 4658 meus
1818 4603 1966 4658 dile-

374 4700 523 4765 ctus,
558 4699 618 4752 in
647 4712 751 4768 quo
801 4694 946 4751 mihi
990 4695 1125 4751 bene
1168 4694 1506 4765 complacui,
1539 4696 1726 4764 ipsum
1769 4691 1964 4748 audite

372 4783 1208 4855 (Matth.xvu,5).lpseigitur,ut
1228 4781 1427 4836 faceret
1447 4781 1773 4835 voluntatem
1796 4788 1964 4846 tuam,

374 4873 648 4942 quoddam
680 4872 1062 4942 compendium
1095 4872 1201 4925 via:
1231 4868 1576 4941 perfectionis
1593 4867 1848 4922 brevibus
1866 4868 1966 4921 sub

373 4961 576 5028 verbis,
609 4962 706 5015 sed
734 4961 1022 5032 plurimum
1054 4957 1395 5028 ponderosis,
1424 4956 1580 5012 nobis
1609 4955 1843 5012 ostendit
1887 4956 1970 5010 di-

2069 3821 2489 3897 E.rpenduntur
2518 3826 2717 3895 primae
2745 3825 3066 3897 particulae.
3101 3826 3157 3881 Si
3188 3827 3327 3897 quis,
3349 3830 3445 3886 ubi
3465 3833 3532 3890 de
3553 3852 3654 3892 ra-

2280 3895 2494 3951 dicibus
2522 3898 2577 3950 et
2608 3895 2873 3951 remediis
2901 3895 3432 3967 pusillanimitatis.

2140 3981 2468 4036 Paucitatem
2521 3983 2885 4052 perfectorum
2945 3982 3139 4053 innuis,
3190 3987 3440 4059 Domine,
3491 3993 3545 4048 in
3592 4012 3658 4055 eo

2069 4071 2212 4140 quod
2254 4069 2428 4125 dicis:
2461 4070 2521 4125 Si
2573 4072 2717 4143 quis,
2761 4072 2910 4141 quasi
2960 4073 3157 4142 aliquis
3201 4090 3268 4129 ex
3318 4079 3500 4135 multis
3543 4088 3658 4141 vult

2067 4165 2190 4228 post
2215 4174 2302 4213 me
2348 4158 2549 4213 venire.
2584 4159 2650 4213 Et
2699 4175 2863 4229 quare
2911 4161 3033 4227 hoc,
3068 4162 3212 4217 Deus
3251 4181 3422 4234 meus,
3445 4170 3545 4225 nisi
3589 4190 3659 4229 ex

2068 4246 2302 4318 quodam
2347 4254 2563 4316 torpore
2610 4254 2661 4301 et
2706 4247 3151 4316 pusillanimitate
3199 4252 3381 4321 nimia,
3415 4272 3480 4312 eo
3513 4264 3659 4330 quod

2068 4335 2315 4407 plerique
2343 4335 2583 4389 animum
2609 4352 2762 4390 suum
2804 4336 2872 4390 ad
2920 4337 3247 4393 tendendum
3295 4359 3513 4400 sursum
3559 4366 3659 4406 co-

2072 4440 2200 4497 gere
2229 4423 2435 4492 nolunt,
2467 4432 2521 4479 et
2568 4425 2864 4495 perfectam
2911 4425 3054 4479 viam
3097 4433 3356 4485 attentare
3398 4450 3507 4491 non
3554 4454 3658 4494 au-

2073 4514 2219 4567 dent.
2264 4512 2517 4567 Nascitur
2571 4522 2749 4568 autem
2806 4513 3222 4582 pusillanimitas
3277 4519 3438 4575 etiam
3494 4526 3662 4585 nimio

2072 4601 2284 4669 timore,
2316 4601 2555 4656 maxime
2578 4608 2800 4670 propter
2829 4609 3053 4673 peccata
3097 4606 3388 4675 praeterita,
3422 4619 3475 4666 et
3513 4618 3659 4684 quod

2075 4690 2250 4744 minus
2277 4690 2497 4760 propria
2525 4689 2818 4758 respiciunt
2846 4690 3060 4757 merita,
3094 4702 3318 4763 propter
3345 4699 3660 4774 utilitatem;

2076 4779 2216 4848 quod
2248 4780 2407 4833 nimis
2438 4779 2620 4833 timent
2649 4778 3053 4849 impedimenta,
3080 4788 3133 4834 et
3160 4783 3306 4850 quod
3333 4788 3511 4843 statim
3556 4811 3664 4851 non

2076 4867 2307 4922 sentiant
2349 4882 2406 4921 se
2452 4865 2733 4935 proﬁcere,
2783 4867 2921 4921 inter
2966 4868 3311 4937 quotidianos
3352 4873 3558 4947 lapsus,
3608 4892 3662 4939 et

2077 4956 2220 5027 quod
2252 4963 2396 5009 tuam
2429 4956 2604 5008 minus
2631 4955 2979 5010 considerant
3008 4956 3323 5015 bonitatem.
3355 4964 3465 5021 Ista
3501 4971 3662 5028 etiam

371 5064 527 5103 cens:
549 5050 608 5104 Si
632 5049 758 5121 quis
790 5049 910 5104 vult
938 5050 1128 5103 venire
1155 5049 1282 5117 post
1313 5062 1420 5112 me,
1444 5046 1677 5117 abneget
1706 5046 1967 5143 semetip:
1995 5076 2044 5141 α
2076 5060 2221 5115 saepe
2259 5044 2457 5098 multos
2503 5043 2767 5112 repellunt
2813 5038 2881 5098 ne
2927 5045 3163 5101 audeant
3211 5054 3477 5110 attentare
3519 5060 3661 5121 viam

369 5140 589 5204 sum,“
604 5137 770 5193 tollat
799 5152 1025 5191 crucem
1056 5139 1314 5204 suam,“
1335 5141 1606 5205 sequatur
1634 5149 1742 5188 me.
1766 5132 1827 5186 In
1857 5132 1969 5201 qui-

366 5225 472 5281 bus
502 5225 683 5281 verbis
711 5224 944 5280 ostendit
973 5223 1299 5294 paucitatem
1323 5222 1686 5292 perfectorum
1719 5221 1967 5276 libertate

370 5314 581 5371 arbitrii
611 5330 736 5369 eum
767 5311 918 5385 sequi
949 5312 1247 5368 volentium
1275 5325 1288 5380 ;
1319 5311 1437 5382 ipse
1470 5318 1649 5364 tamen
1699 5310 1813 5365 vult
1859 5299 1966 5364 no-

370 5412 479 5459 ster
508 5418 626 5458 esse
673 5404 883 5470 ductor,
915 5401 1126 5456 initium
1164 5400 1272 5454 viae
1324 5398 1696 5471 perfectionis,
1727 5398 1968 5455 medium

371 5501 423 5549 et
452 5489 593 5558 ﬁnis,
625 5500 677 5547 et
707 5507 812 5562 qua
840 5489 1138 5545 intentione
1177 5488 1245 5545 sit
1294 5488 1707 5545 ambulandum.
1741 5485 1969 5562 Singula

374 5589 555 5647 autem
583 5580 640 5640 in
670 5580 779 5641 suis
805 5578 941 5641 locis
965 5577 1246 5658 patebunt.

2072 5132 2390 5204 perfectam,
2423 5131 2533 5186 imo
2565 5138 2615 5186 et
2644 5132 2791 5202 ipsos
2821 5132 3138 5202 incipientes
3166 5152 3340 5207 saepes
3366 5140 3420 5197 in
3453 5150 3660 5212 tantum

2079 5220 2335 5290 dejiciuut
2363 5229 2420 5274 ut
2446 5220 2744 5289 procedere
2773 5237 2828 5275 se
2855 5236 3016 5291 posse
3062 5223 3363 5295 desperent.
3399 5232 3507 5298 Sed
3550 5239 3665 5306 pri.

2076 5324 2245 5372 mum,
2272 5308 2479 5363 scilicet
2506 5307 2704 5362 nimius
2734 5308 2895 5363 timor
2921 5319 3142 5381 propter
3179 5325 3403 5382 peccata
3433 5332 3660 5389 praeter-

2076 5396 2150 5451 ita
2181 5411 2291 5451 non
2322 5394 2487 5451 debet
2516 5412 2615 5451 nos
2644 5396 2932 5466 impedire,
2965 5400 3091 5467 quia
3119 5400 3162 5454 si
3193 5401 3333 5459 bene
3354 5420 3420 5460 eo
3440 5409 3642 5467 utimur

2079 5484 2259 5541 omnia
2285 5493 2666 5557 computantur
2694 5485 2852 5541 nobis
2882 5485 2936 5541 in
2963 5485 3169 5543 bonum
3196 5493 3535 5560 praedicandi

2078 5573 2244 5634 mium
2316 5573 2610 5637 bonitatem
2682 5576 2852 5651 tuam,
2919 5579 3288 5654 cognoscendi
3365 5587 3434 5656 te,
3506 5594 3670 5667 atque
