4024 6078
406 206 497 258 291

1439 192 1532 251 ΑΙ)
1565 192 1792 250 OPERA
1823 193 1879 251 S.
1913 185 2223 251 ANSELMI
2256 189 2646 252 APPENDIX.

3600 196 3705 258 293

402 328 621 385 amandi
653 337 707 384 et
735 327 1018 384 laudandi.
1057 324 1367 383 Notandum
1398 339 1525 379 vero
1554 321 1701 393 quod
1716 322 1987 393 principa-
2018 322 2074 383 A
2103 323 2418 394 deputemus
2448 324 2683 395 aliquam
2715 325 2905 380 horam
2938 326 3047 381 diei
3077 325 3147 381 ad
3165 326 3589 384 examinandum
3606 347 3706 386 nos

401 417 527 473 liter
557 419 656 473 tria
686 419 886 474 damna
933 425 1055 473 sunt
1097 417 1151 470 in
1197 412 1454 485 peccatis,
1488 411 1697 468 scilicet
1749 413 1891 483 quod
1936 411 1990 466 in

404 507 485 561 eis
530 524 801 563 meremur
850 523 1065 578 pinnam
1112 513 1390 569 aeternam,
1441 501 1781 557 demeremur
1827 509 1990 556 aeter-

401 609 530 650 nam
587 597 997 663 beatitudinem,
1055 602 1266 663 tempus
1322 590 1485 660 (quod
1533 590 1836 659 pessimum
1891 589 1991 659 est)

402 685 518 739 sine
548 701 732 740 amore
772 692 822 739 et
868 684 1026 738 laude
1073 681 1245 738 nostri
1294 679 1567 734 Creatoris
1616 678 1988 748 expendimus.

404 773 586 828 Prima
632 773 737 828 duo
784 772 1054 842 pertinent
1099 770 1167 824 ad
1218 768 1526 831 hominem;
1575 767 1793 821 tertium
1859 782 1990 821 vero

401 861 471 915 ad
519 869 665 915 tuum
710 861 967 915 damnum
1018 859 1291 932 pertinere
1339 856 1572 923 videtur,
1624 857 1769 910 Deus
1819 871 1987 909 meus.

399 951 533 1005 Cum
564 965 698 1022 ergo
729 966 793 1006 ex
824 949 1061 1004 indebita
1091 957 1141 1004 et
1173 947 1341 1002 nimia
1366 945 1738 1000 misericordia
1766 953 1856 999 tua
1881 945 1990 1012 jam

398 1039 557 1094 morti
603 1055 704 1093 nos
748 1039 1034 1108 deputatos
1090 1053 1353 1093 revocare
1408 1034 1651 1107 digneris
1707 1033 1775 1087 ad
1824 1033 1991 1088 vitam

400 1137 563 1197 tuam,
596 1136 704 1182 tam
755 1126 987 1183 fideliter
1040 1136 1093 1183 at
1152 1136 1203 1181 te
1260 1126 1584 1180 deberemus
1637 1122 1877 1178 converti
1932 1128 1992 1177 ut

398 1218 597 1273 damna
644 1222 833 1271 nostra
876 1216 1360 1282 dissimularemus,
1411 1222 1463 1268 et
1514 1212 1688 1267 modis
1738 1211 1990 1266 omnibus

397 1307 619 1373 instare,
651 1314 707 1360 ut
732 1305 947 1359 laudem
996 1314 1161 1375 tuam,
1196 1320 1357 1376 quam
1400 1302 1766 1373 negleximus,
1800 1301 1990 1355 saltem

397 1394 453 1449 in
511 1395 693 1464 aliquo
750 1393 970 1448 residuo
1029 1392 1199 1448 nostri
1266 1391 1523 1461 temporis
1594 1390 1987 1462 suppleremus.

399 1484 672 1551 Quantum
713 1487 816 1550 est,
850 1482 1098 1549 Domine,
1131 1481 1474 1536 dissimulare
1523 1479 1762 1534 timorem
1812 1494 1985 1548 punias

397 1579 618 1643 propter
644 1586 883 1625 amorem
919 1579 1064 1625 tuum
1086 1570 1113 1624 ?
1143 1573 1209 1624 At
1258 1584 1356 1625 cur
1400 1576 1622 1639 propter
1660 1567 1986 1622 desiderium

2101 413 2335 483 qualiter
2364 414 2655 468 habeamus
2685 430 2785 468 nos
2816 414 2869 468 in
2910 416 3255 471 interioribus
3297 425 3350 473 et
3403 420 3695 474 exteriori-

2099 501 2219 569 bus,
2249 512 2301 557 et
2333 503 2593 574 quidquid
2625 504 2926 558 invenimus
2956 506 3102 576 quod
3147 507 3308 561 nobis
3353 506 3398 561 si
3449 508 3577 562 utile
3632 509 3702 564 ad

2099 591 2425 660 profectum,
2454 592 2522 645 ad
2570 594 2671 647 hoc
2701 591 3003 649 firmissime
3032 594 3275 650 laborare
3313 612 3700 666 proponamus,

2100 688 2152 733 et
2192 680 2437 735 detectus
2483 697 2835 752 quoscunque
2902 683 3130 752 rejicere
3186 684 3516 739 studeamus.
3572 687 3695 740 Non

2100 776 2277 822 autem
2312 777 2503 824 terreat
2532 785 2630 824 nos
2674 770 2719 823 si
2766 769 2901 825 forte
2950 787 3335 842 nonnunquam
3383 773 3567 846 aliqua
3611 775 3702 830 die

2100 867 2287 911 contra
2316 858 2649 928 prOpositum
2682 858 2965 927 faciamus,
2998 877 3105 930 qua
3134 877 3240 914 non
3281 861 3460 916 minus
3488 879 3699 933 propo-

2099 961 2310 1013 namus,
2342 946 2467 1016 quia
2499 947 2659 1019 longe
2691 947 2902 1002 facilius
2931 949 3072 1003 redit
3100 949 3165 1004 ad
3202 958 3270 1018 te,
3306 951 3394 1020 qui
3428 968 3495 1006 ex
3544 952 3700 1005 infir-

2100 1034 2284 1089 mitate
2328 1034 2458 1090 facit
2501 1045 2691 1090 contra
2736 1037 3082 1107 propositum
3130 1054 3290 1110 quam
3341 1041 3431 1109 qui
3496 1047 3699 1094 statum

2098 1139 2253 1177 suum
2286 1124 2637 1178 dissimulans
2667 1140 2723 1180 se
2755 1141 2865 1179 non
2895 1127 3177 1197 proposuit
3222 1129 3553 1193 emendare;
3585 1130 3698 1185 imo

2101 1212 2427 1284 quandoque
2458 1214 2637 1282 major
2658 1221 2738 1268 est
2766 1214 2812 1268 ei
2844 1230 3006 1283 pcnna
3038 1232 3200 1287 quam
3250 1217 3427 1288 culpa,
3458 1226 3511 1273 et
3544 1218 3698 1273 boni-

2102 1309 2182 1356 tas
2215 1307 2301 1355 tua
2339 1302 2498 1357 malis
2546 1302 2742 1357 nostris
2784 1304 2933 1359 novit
2980 1304 3118 1360 bene
3164 1306 3259 1373 uti,
3291 1321 3438 1377 sepe
3489 1307 3699 1363 faciens

2100 1388 2347 1446 defectus
2407 1399 2620 1446 nostros
2664 1392 2733 1445 ad
2791 1400 3138 1463 augmentum
3200 1395 3514 1450 humilitatis
3569 1413 3695 1467 pro-

2100 1478 2281 1547 desse,
2313 1487 2368 1533 ut
2396 1495 2583 1535 verum
2600 1480 2669 1534 sit
2691 1481 2838 1551 quod
2859 1483 3066 1554 septies
3084 1483 3147 1537 in
3166 1483 3256 1539 die
3278 1484 3430 1540 cadit
3476 1486 3691 1558 justus,

2099 1574 2150 1620 et
2186 1567 2375 1622 fortior
2405 1569 2642 1640 resurgit
2674 1571 2856 1637 (Prov.
2888 1585 3039 1639 xxrv,
3075 1570 3183 1639 16).
3220 1572 3480 1643 Septimo,
3510 1575 3694 1644 pusil-

398 1661 745 1716 beatitudinis
777 1670 968 1715 nostra:
1000 1660 1368 1714 minueremns
1394 1658 1592 1711 famam
1635 1657 1812 1711 laudis
1861 1665 1983 1725 tuae,
2019 1682 2071 1745 Β
2102 1652 2339 1711 Ιίιηὶιηρε’
2360 1672 2460 1711 nos
2492 1655 2635 1725 facit,
2657 1659 2815 1727 quod
2834 1666 2979 1712 tuam
3003 1676 3109 1714 non
3134 1662 3517 1731 perpendimus
3539 1663 3697 1719 boni-

399 1766 521 1807 cum
555 1766 674 1805 eam
707 1750 817 1820 pati
851 1749 1178 1803 aeternaliter
1221 1747 1625 1811 meruissemus,
1650 1746 1810 1800 etiam
1854 1761 1986 1815 pro-

396 1845 518 1909 pter
546 1838 784 1893 furorem
816 1842 1010 1892 tuum?
1041 1837 1281 1891 Primum
1327 1851 1631 1905 quaeremus
1663 1842 1713 1889 te
1744 1834 1984 1902 laudare,

397 1927 489 1999 qui
521 1943 576 1982 es
603 1942 831 1998 regnum
859 1926 977 1993 Dei,
1010 1933 1065 1979 ut
1095 1926 1231 1981 dicis
1260 1925 1314 1978 in
1354 1924 1657 1994 Evangelia
1692 1942 1703 1977 :
1740 1925 1982 1994 Regnum

395 2016 493 2073 Dei
524 2017 683 2071 intra
722 2030 815 2071 vos
845 2019 929 2071 est
960 2017 1111 2084 (Luc.
1144 2029 1279 2081 xvn,
1317 2017 1406 2082 21)
1435 2027 1449 2081 ;
1482 2021 1535 2067 et
1568 2030 1580 2066 :
1609 2012 1722 2066 Hoc
1768 2012 1987 2082 adjicie-

395 2112 482 2160 tur
508 2105 668 2161 vobis
697 2121 765 2158 ex
794 2103 1256 2175 superabundanti
1298 2103 1452 2171 (Luc.
1488 2116 1585 2171 xu,
1617 2106 1727 2169 31).
1756 2102 1832 2156 Da
1882 2117 1986 2156 no-

393 2194 495 2264 bis,
531 2194 779 2262 Domine,
812 2192 1128 2247 charitatem
1179 2207 1285 2247 non
1335 2198 1669 2263 quaerentem
1716 2208 1840 2265 qua:
1880 2209 1986 2247 sua

390 2288 530 2341 sunt
560 2284 608 2353 (Ι
637 2282 758 2340 Cor.
788 2299 907 2350 xm,
928 2284 1003 2352 5),
1030 2282 1127 2336 sed
1159 2297 1281 2353 qua:
1310 2288 1402 2335 tua
1430 2289 1572 2349 sunt,
1596 2286 1656 2336 ut
1686 2296 1794 2337 non
1824 2289 1988 2353 cogat

392 2374 558 2429 timor
587 2386 761 2442 preme
790 2371 883 2426 tibi
915 2371 1120 2426 servire
1153 2386 1253 2439 pro
1281 2370 1538 2441 peccatis,
1569 2371 1656 2425 vel
1685 2372 1839 2426 amur
1881 2386 1985 2425 no-

393 2472 517 2520 stra;
546 2461 891 2517 beatitudinis
917 2476 1014 2532 pro
1046 2459 1312 2526 mercede,
1346 2461 1471 2529 quia
1502 2468 1715 2530 tempus
1747 2467 1800 2514 et
1846 2459 1989 2513 vires

394 2568 505 2608 non
538 2550 817 2606 sufficiunt
846 2549 1003 2604 nobis
1032 2548 1100 2603 ad
1132 2548 1463 2603 laudandum
1494 2557 1562 2615 te,
1586 2548 1743 2619 cujus
1772 2548 1987 2604 bonitas

394 2647 683 2710 exsuperat
730 2654 949 2693 omnem
996 2653 1209 2691 sensum
1254 2645 1306 2691 et
1349 2638 1430 2691 sic
1484 2636 1986 2706 pusillanimitatem

392 2731 558 2784 timor
600 2743 708 2782 non
756 2726 980 2781 incutiet
1026 2733 1395 2794 peccatorum.
1448 2726 1638 2779 Terret.
1681 2725 1842 2779 etiam
1884 2742 1986 2781 nos

391 2816 721 2890 quandoque
769 2823 1075 2870 nostrorum
1120 2813 1363 2883 pan-vitas
1419 2815 1757 2881 meritorum,
1808 2831 1874 2870 ne
1915 2817 1984 2872 ad

388 2905 774 2981 perfectionem
804 2904 929 2959 vitae
958 2903 1181 2959 tendere
1228 2903 1539 2970 audeamus,
1573 2903 1701 2974 quia
1746 2904 1815 2959 ad
1862 2921 1982 2960 eam

2101 1753 2282 1799 tatem.
2316 1744 2451 1799 Cum
2482 1745 2627 1799 enim
2661 1746 2753 1800 tibi
2792 1748 3000 1802 orando
3048 1748 3341 1820 loquimur,
3375 1766 3483 1805 non
3527 1752 3695 1807 debe-

2095 1849 2279 1887 remus
2309 1841 2360 1888 te
2403 1833 2645 1906 cogitare
2693 1836 2844 1903 quasi
2893 1836 3089 1890 durum
3142 1838 3211 1891 ad
3260 1840 3690 1909 exaudiendum,

2097 1923 2194 1977 sed
2222 1930 2427 1993 patrem
2464 1922 2942 1995 benignissimum,
2967 1926 3060 1996 qui
3080 1926 3240 1981 etiam
3260 1934 3553 2000 antequam
3574 1945 3697 1984 ora-

2096 2027 2217 2065 mus
2247 2011 2351 2065 seis
2381 2012 2509 2081 quid
2541 2011 2609 2065 sit
2641 2028 2863 2068 necesse
2904 2014 3082 2083 nobis,
3114 2024 3164 2070 et
3201 2032 3269 2070 ex
3312 2018 3543 2071 naturali
3592 2017 3692 2075 bo-

2096 2099 2261 2155 nitate
2293 2108 2381 2155 tua
2407 2100 2459 2154 in
2487 2099 2754 2156 inﬁnitum
2784 2103 3005 2174 pronior
3032 2120 3092 2159 es
3141 2105 3210 2159 ad
3257 2106 3687 2177 exaudiendum,

2099 2196 2357 2259 quantum
2389 2189 2443 2243 in
2479 2198 2525 2244 te
2556 2198 2654 2258 est,
2688 2208 2851 2262 quam
2899 2209 2998 2248 nos
3038 2193 3189 2247 avidi
3237 2195 3307 2248 ad
3356 2196 3686 2267 rogandum.

2095 2278 2198 2345 Da,
2231 2277 2540 2334 dulcissime
2564 2280 2814 2347 Domine,
2843 2289 2895 2334 ut
2930 2296 3036 2336 non
3075 2282 3246 2337 simus
3293 2284 3686 2355 pusillanimes,

2096 2366 2193 2421 sed
2224 2368 2564 2439 magnamini
2598 2368 2649 2422 in
2697 2368 3093 2424 inﬁrmitatibus
3139 2372 3370 2437 nostris;
3404 2389 3501 2428 nos
3543 2375 3690 2445 deji-

2096 2470 2225 2511 cere
2264 2457 2714 2512 contendentibus
2760 2458 3087 2513 medicinam
3134 2468 3346 2515 tuarum
3388 2463 3689 2534 gratiarum

2095 2554 2450 2615 apponentes,
2486 2561 2589 2601 non
2622 2546 3021 2616 pusillanimes,
3052 2549 3149 2603 sed
3180 2542 3511 2622 magnamin'i
3535 2560 3586 2608 te
3605 2569 3688 2609 se-

2096 2633 2187 2704 qui
2215 2632 2435 2688 ﬁrmiter
2453 2651 2841 2705 pmponamus,
2872 2638 3113 2692 maxime
3139 2638 3184 2691 si
3215 2654 3325 2693 non
3355 2648 3436 2694 est
3475 2640 3530 2694 in
3579 2658 3688 2697 no-

2093 2721 2177 2775 bis
2206 2730 2350 2777 tanta
2378 2722 2641 2778 fortitudo
2671 2725 2818 2795 quod
2848 2732 2972 2794 post
2999 2734 3051 2779 te
3079 2726 3384 2799 gigantem,
3402 2728 3493 2799 qui
3514 2731 3690 2785 exsul-

2093 2810 2217 2864 tasti
2260 2812 2329 2865 ad
2370 2814 2696 2867 curreudam
2745 2814 2911 2868 viam.
2937 2815 3110 2883 (Psat.
3160 2830 3316 2885 xvm,
3362 2817 3435 2887 6),
3468 2835 3690 2876 currere

2092 2915 2419 2969 possumus;
2465 2902 2570 2957 hoc
2619 2908 2797 2956 tamen
2846 2903 3149 2958 remedium
3197 2905 3488 2973 habemus,
3539 2910 3689 2979 quod

388 2994 817 3068 promerendum
851 3009 957 3048 non
988 2991 1276 3048 sufﬁciunt.
1310 2991 1417 3047 Sed
1447 2992 1574 3047 huic
1588 2992 1837 3063 objicitur
1855 2995 1981 3065 quia
2010 3017 2059 3081 ρ
2093 2994 2215 3081 post
2245 2994 2300 3043 te
2329 2987 2565 3081 clamare
2592 3006 2879 3060 possumus
2909 3008 2923 3045 :
2953 2993 3127 3048 Trahe
3149 3008 3247 3047 nos
3265 2999 3389 3071 post
3408 3000 3462 3050 te
3487 2998 3684 3057 (Cant.

390 3096 466 3155 tu,
500 3083 751 3151 Domine,
780 3083 993 3153 jussisti
1026 3097 1127 3136 nos
1172 3098 1377 3151 emere,
1411 3089 1468 3137 et
1513 3083 1805 3153 adjunxisti
1852 3084 1982 3156 quia

385 3174 559 3248 gratis
586 3187 766 3228 emere
796 3171 1077 3226 debemus.
1111 3170 1306 3225 Dixisti
1336 3172 1479 3225 enim
1514 3188 1527 3228 :
1559 3172 1852 3237 Sitientes,
1885 3189 1981 3229 ve-

386 3266 510 3321 nite
539 3262 612 3319 ad
640 3277 815 3333 aquas
850 3261 999 3329 (lsai.
1031 3276 1119 3327 ιν,
1155 3264 1227 3330 1).
1262 3258 1404 3328 Quid
1454 3268 1554 3329 est,
1586 3261 1840 3330 Domine,
1873 3278 1981 3332 quo

385 3354 572 3410 vinum
604 3350 840 3407 fervoris
870 3350 923 3403 in
954 3349 1111 3404 laude
1143 3358 1233 3404 tua
1262 3354 1316 3404 et
1346 3348 1430 3405 lac
1461 3350 1675 3406 munda:
1706 3351 1981 3407 conscien-

387 3442 473 3497 tiae
499 3442 705 3512 absque
735 3440 843 3494 ulla
873 3439 1294 3495 commutatione
1331 3437 1595 3494 debemus
1641 3456 1843 3508 emere,
1877 3440 1980 3494 nisi

385 3531 532 3602 quod
564 3530 661 3584 tibi
709 3527 924 3597 sufficit,
954 3536 1431 3599 quantumcunque
1470 3545 1665 3598 parum
1715 3530 1800 3597 sit,
1834 3529 1980 3601 quod

383 3620 651 3676 habemus
685 3617 778 3671 tibi
811 3617 985 3685 dare;
1019 3616 1128 3671 imo
1159 3624 1211 3671 et
1244 3617 1345 3671 hoc
1373 3617 1551 3687 ipsum
1596 3617 1743 3688 quod
1788 3618 1981 3673 damus

383 3716 536 3763 tuum
565 3708 690 3761 est?
722 3704 933 3760 Inducit
960 3705 1121 3760 etiam
1155 3705 1651 3771 pusillanimitatem
1698 3707 1842 3778 quod
1890 3709 1977 3761 in-

381 3796 583 3868 dignos
614 3809 715 3849 nos
740 3793 1007 3863 videmus,
1042 3810 1106 3848 eo
1137 3794 1280 3865 quod
1310 3794 1544 3864 petimus
1565 3811 1578 3848 :
1598 3794 1743 3864 quod
1765 3795 1978 3866 utrique

381 3900 569 3941 verum
600 3890 721 3946 est;
755 3882 882 3953 quia
911 3882 954 3935 si
998 3882 1161 3937 homo
1205 3882 1353 3937 mille
1401 3883 1557 3937 annis
1596 3883 1823 3938 serviret
1863 3887 1976 3941 Deo

384 3974 550 4031 etiam
588 3971 1008 4039 ferventissime,
1039 3987 1147 4027 non
1178 3978 1472 4027 mereretur
1497 3988 1566 4028 ex
1596 3973 1869 4045 condigno
1897 3975 1975 4029 di-

381 4062 608 4118 midiam
637 4060 781 4116 diem
809 4076 936 4115 esse
964 4059 1019 4114 in
1052 4076 1224 4133 regno
1256 4060 1540 4117 caelorum.
1574 4061 1702 4131 Sed,
1724 4062 1971 4131 Domine,

377 4166 491 4208 non
520 4150 783 4206 debemus
826 4148 1175 4206 considerare
1227 4154 1430 4205 tantum
1482 4159 1723 4206 nostram
1767 4152 1972 4207 utilita-

377 4248 508 4309 tem,
543 4239 637 4295 sed
666 4247 811 4294 tuam
843 4238 1077 4307 laudem,
1108 4239 1264 4309 cujus
1296 4238 1505 4293 bonitas
1536 4246 1828 4311 exsuperat
1858 4256 1972 4295 om-

375 4347 502 4386 nem
529 4328 879 4384 intellectum.
915 4326 1293 4382 Pusillanimes
1323 4328 1485 4382 etiam
1513 4328 1645 4383 facit
1695 4344 1794 4384 nos
1841 4329 1967 4398 quia

373 4418 542 4477 nimia
572 4417 961 4489 impedimenta
989 4424 1175 4471 nostra
1203 4416 1478 4472 videmus.
1501 4417 1629 4488 Sed,
1658 4418 1903 4485 Domine,
1925 4419 1969 4473 si

375 4508 638 4564 audacter
664 4515 714 4562 te
744 4506 897 4576 sequi
930 4506 1305 4577 proponimus,
1339 4521 1438 4576 pro
1469 4515 1619 4562 certo
1650 4507 1857 4562 habere
1877 4508 1966 4563 de-

375 4597 569 4653 bemus
596 4595 740 4667 quod
768 4594 953 4649 aufers
996 4594 1257 4664 quidquid
1304 4610 1401 4650 nos
1449 4595 1688 4650 retardat
1735 4611 1767 4651 a
1810 4596 1966 4652 laude

376 4694 486 4741 tua.
515 4683 790 4755 Quidquid
820 4684 963 4737 enim
996 4699 1101 4738 non
1131 4683 1312 4739 aufers
1341 4685 1641 4740 secundum
1685 4694 1831 4740 tuam
1862 4702 1965 4742 vo-

373 4776 660 4839 luntatem,
693 4772 923 4826 libenter
968 4781 1189 4842 portare
1226 4774 1510 4829 debemus.
1546 4773 1778 4829 Stultitia
1821 4775 1965 4831 enim

372 4869 561 4922 nostra
590 4876 735 4931 saepe
763 4867 913 4930 putat
943 4875 1008 4915 ea
1039 4877 1157 4916 esse
1185 4862 1573 4933 impedimenta
1603 4881 1727 4935 quae
1761 4872 1846 4919 tua
1875 4881 1965 4921 oc-

370 4952 517 5008 culta
573 4949 838 5020 sapientia
895 4949 960 5003 ad
1014 4958 1255 5004 nostrum
1310 4951 1580 5007 ordinavit
1636 4953 1960 5024 proiectum.

372 5040 595 5111 Quinto,
626 5046 790 5093 terret
817 5038 962 5110 quod
992 5054 1100 5092 non
1132 5040 1313 5093 statim
1343 5041 1610 5097 sentimus
1660 5058 1759 5098 nos
1804 5040 1962 5113 profi-

369 5144 513 5197 cere,
544 5126 641 5183 sed
700 5127 950 5195 Domine,
1004 5143 1148 5198 saepe
1203 5125 1390 5184 differs
1446 5130 1591 5201 quod
1647 5132 1865 5202 petitur,
1909 5140 1965 5186 ut

370 5219 580 5276 excites
601 5216 778 5289 magis
798 5216 1097 5288 appetitum
1123 5235 1135 5281 ;
1156 5233 1264 5273 non
1283 5217 1465 5274 differs
1483 5220 1628 5290 quod
1651 5221 1791 5275 nolis
1808 5220 1960 5290 dare,

368 5307 468 5365 sed
513 5314 569 5362 ut
620 5314 780 5362 aucto
833 5305 1107 5362 desiderio
1160 5307 1526 5364 abundantius
1584 5310 1764 5380 possis
1812 5310 1958 5366 dare.

367 5397 612 5466 Sextum,
646 5394 792 5469 quod
840 5395 1066 5451 retrahit
1116 5411 1234 5466 nos,
1268 5403 1394 5453 sunt
1441 5398 1746 5470 quotidiani
1792 5400 1961 5457 nostri

366 5484 629 5547 delectus.
663 5483 772 5545 Sed
800 5489 993 5543 contra
1020 5483 1123 5543 hoc
1150 5492 1233 5544 est
1269 5485 1599 5563 remedium,
1632 5494 1689 5546 ut
1743 5504 1962 5564 semper

2091 3092 2131 3145 ι,
2162 3077 2238 3145 3),
2272 3081 2327 3132 et
2355 3078 2647 3135 clamorem
2674 3088 2923 3136 nostrum
2954 3082 3135 3136 audiat
3167 3090 3219 3138 et
3250 3084 3503 3142 exaudiat
3542 3087 3689 3144 auris

2093 3173 2205 3222 tua.

2743 3256 2967 3315 CAPUT
3003 3260 3064 3314 ll.

2090 3372 2164 3427 De
2196 3372 2482 3449 libertate,
2515 3377 2571 3449 et
2602 3374 2724 3449 ejus
2754 3376 3003 3449 itticitms
3023 3376 3096 3431 ad
3116 3379 3564 3449 perfectionem;
3585 3400 3686 3440 ea:-

2162 3445 2367 3520 positio
2395 3447 2701 3517 particqu
2730 3446 2863 3514 vult,
2896 3447 2961 3501 in
2986 3445 3276 3520 proposita
3309 3453 3521 3509 Christi
3542 3445 3687 3510 sen-

2164 3516 2371 3570 tentia.

2160 3628 2408 3684 Secundo
2438 3630 2615 3684 innuis
2644 3631 2947 3688 libertatem
2981 3633 3187 3690 arbitrii
3206 3636 3360 3706 sequi
3387 3638 3686 3696 volentium

2088 3716 2141 3769 in
2172 3717 2257 3772 via
2277 3717 2650 3787 perfectionis,
2675 3737 2795 3774 cum
2822 3721 2994 3779 dicis:
3021 3723 3090 3779 Si
3108 3725 3229 3797 quis
3257 3727 3375 3781 vult
3396 3747 3418 3791 ;
3436 3728 3560 3799 quia
3580 3730 3685 3784 hoc

2086 3805 2350 3875 relinquis
2369 3807 2650 3861 hominum
2674 3809 2933 3865 voluntati
2960 3813 3087 3879 ;sed
3112 3815 3353 3886 nunquid
3381 3817 3684 3886 potestati?

2084 3893 2224 3947 Non.
2261 3894 2367 3948 Sed
2410 3903 2729 3965 potestatem
2779 3897 2895 3965 tibi,
2928 3899 3179 3967 Domine,
3212 3904 3521 3973 reservasti,
3553 3920 3678 3961 cum

2083 3982 2260 4037 omnis
2290 3991 2529 4053 potestas
2560 4001 2590 4037 a
2623 3985 2737 4041 Deo
2766 3986 2831 4040 sit
2859 3987 3032 4053 (Rom.
3066 3994 3202 4060 xm).
3236 3991 3346 4045 Cur
3388 4007 3518 4065 ergo
3548 4009 3680 4049 cau-

2083 4071 2290 4125 sabitur
2335 4073 2496 4127 homo
2541 4081 2728 4128 contra
2772 4083 2841 4144 te,
2875 4076 2919 4129 si
2977 4082 3029 4132 te
3082 4080 3232 4149 sequi
3293 4083 3426 4143 vult,
3459 4090 3513 4137 et
3567 4100 3678 4139 non

2080 4160 2299 4230 potest?
2332 4160 2489 4217 Certe
2519 4162 2642 4218 ideo
2675 4164 2819 4233 quod
2850 4180 2957 4220 non
2987 4173 3039 4221 te
3082 4169 3344 4239 sequitur,
3379 4172 3501 4241 quia
3549 4170 3678 4229 licet

2079 4264 2185 4303 non
2217 4249 2384 4320 possit
2411 4266 2509 4321 per
2538 4268 2617 4319 se,
2650 4260 2829 4306 tamen
2856 4270 2953 4324 per
2984 4262 3053 4321 te,
3087 4256 3176 4325 qui
3207 4272 3313 4312 non
3345 4259 3472 4315 ideo
3507 4276 3679 4318 reser-

2087 4338 2221 4392 vasti
2254 4338 2347 4392 tibi
2378 4346 2698 4409 potestatem
2729 4344 2902 4396 nostri
2934 4342 3225 4416 profectus,
3259 4354 3315 4402 ut
3340 4363 3447 4403 non
3492 4353 3675 4421 possi-

2090 4442 2226 4495 mus,
2262 4426 2352 4498 qui
2381 4428 2565 4482 omnia
2594 4445 2759 4500 opera
2790 4439 2969 4486 nostra
3001 4435 3262 4502 operaris,
3297 4437 3393 4491 sed
3425 4446 3481 4493 ut
3504 4441 3677 4514 magis

2076 4516 2409 4571 admiremur
2438 4526 2489 4572 et
2520 4518 2805 4575 laudemus
2832 4520 3088 4591 abyssum
3108 4523 3363 4580 bonitatis
3383 4534 3504 4597 tua),
3529 4532 3675 4600 quod

2075 4604 2266 4659 eadem
2299 4622 2419 4677 quae
2450 4613 2501 4659 tu
2537 4606 2667 4661 iacis
2698 4607 2749 4661 in
2782 4609 2959 4675 nobis,
2992 4620 3151 4683 grata
3190 4612 3283 4667 tibi
3333 4620 3439 4670 sint
3489 4626 3543 4673 et
3587 4635 3673 4676 ac-

2075 4701 2252 4764 cepta,
2281 4702 2332 4750 et
2356 4695 2568 4762 iudicas
2598 4713 2661 4751 ea
2693 4698 2859 4770 digna
2891 4701 3158 4767 mercede,
3192 4702 3267 4757 ita
3318 4705 3463 4774 quod
3508 4707 3671 4763 etiam

2074 4785 2312 4839 calicem
2343 4802 2502 4858 aqua:
2527 4787 2754 4857 frigidm
2785 4789 3133 4845 nondimittis
3164 4792 3372 4863 absque
3406 4798 3665 4854 mercede

2076 4871 2295 4943 (Matth.
2327 4890 2387 4941 Χ,
2418 4875 2508 4939 42)
2536 4893 2550 4942 ;
2583 4882 2635 4930 et
2665 4892 2730 4931 eo
2759 4876 2879 4948 ipso
2910 4887 3148 4933 nostram
3173 4879 3403 4953 alicujus
3421 4885 3669 4942 volunta-

2074 4967 2204 5031 tem,
2240 4978 2399 5031 quam
2432 4964 2570 5019 adeo
2600 4964 2826 5020 liberam
2868 4976 3087 5036 propter
3136 4970 3208 5023 tni
3257 4970 3667 5030 similitudinem

2075 5049 2274 5112 fecisti,
2304 5058 2361 5105 ut
2390 5051 2513 5124 cogi
2547 5068 2651 5108 non
2681 5055 2869 5123 possit.
2904 5056 3083 5111 Multis
3111 5058 3274 5113 etiam
3324 5060 3444 5116 aliis
3488 5063 3668 5119 modis

2073 5139 2143 5193 ad
2173 5139 2316 5193 viam
2342 5140 2585 5195 veritatis
2613 5150 2665 5197 et
2692 5142 3039 5213 perfectionis
3064 5161 3163 5200 nos
3192 5148 3412 5205 allicere
3444 5152 3661 5208 studui-

2073 5226 2163 5282 sti.
2197 5228 2354 5285 Unde
2372 5228 2479 5284 hoc
2497 5231 2864 5301 merebamur,
2879 5233 3128 5303 Domine,
3151 5243 3207 5290 ut
3226 5238 3295 5292 ad
3318 5254 3416 5294 nos
3439 5240 3666 5297 descen-

2073 5316 2252 5383 deres,
2286 5325 2339 5372 et
2368 5319 2756 5375 humanitatem
2786 5330 3024 5376 nostram
3059 5332 3165 5378 tam
3188 5326 3507 5384 mirabiliter
3531 5331 3659 5385 uui-

2072 5421 2181 5474 res,
2210 5406 2345 5462 etin
2375 5424 2439 5463 ea
2469 5417 2582 5463 tam
2616 5409 2889 5467 humiliter
2929 5429 3051 5467 eum
3100 5414 3319 5473 homine
3367 5433 3665 5476 conversa-

2068 5494 2231 5569 reris,
2263 5496 2368 5555 nisi
2399 5498 2546 5573 quod
2575 5515 2673 5560 nos
2702 5499 2771 5558 ad
2797 5500 3200 5576 perfectionem
3232 5506 3306 5565 tui
3337 5509 3537 5571 amoris
3582 5510 3661 5575 sic
