4036 6072
332 248 432 303 293

1219 239 1484 302 SPURIA.
1518 275 1586 286 --
1617 238 1742 302 LIB.
1778 239 1870 300 DE
1900 236 2446 303 MENSURATIONE
2483 242 2761 306 CRUCIS.

3522 258 3623 312 294

329 388 629 444 provocare
658 371 900 439 volebas,
933 380 990 427 ut
1020 371 1146 425 dum
1176 370 1461 425 visibiliter
1492 370 1662 425 Deum
1708 386 1922 442 cogno-
1953 370 2008 433 A
2040 379 2101 425 ut
2132 370 2331 427 reficiat
2364 388 2434 429 ne
2465 373 2729 430 deﬁciant.
2751 376 2992 431 Tandem
3011 387 3249 434 assumct
3264 379 3332 434 ad
3363 379 3630 467 requiem,

329 464 554 529 scimus,
588 477 684 532 per
712 462 853 514 hunc
883 460 937 514 in
966 458 1319 514 invisibilium
1350 474 1591 513 amorem
1638 458 1924 528 rapiamur.

333 550 467 619 Quis
497 566 631 621 ergo
664 551 831 604 homo
861 549 1059 619 dignus
1089 557 1207 603 erat
1251 556 1307 602 ut
1350 548 1516 602 Filius
1564 547 1662 601 Dei
1702 553 1930 602 mortem

330 657 432 710 pro
463 656 530 695 eo
561 638 876 710 pateretur?
901 642 1006 692 Aut
1035 638 1155 707 quis
1184 653 1422 709 unquam
1453 636 1644 691 meruit
1687 644 1777 691 tuo
1806 652 1929 691 core

330 754 469 809 pore
500 746 552 793 et
584 737 851 810 sanguine
883 734 1050 800 reﬁci,
1085 736 1187 791 nisi
1219 735 1362 807 quod
1395 744 1469 800 tu,
1503 735 1651 790 Deus
1671 750 1844 802 meus,
1879 734 1933 788 in

331 829 438 882 hoc
469 825 755 882 ostendisti
784 825 1099 880 aviditatem
1151 823 1349 879 amoris
1388 824 1461 877 tui
1510 823 1653 879 circa
1696 839 1816 891 nos,
1874 830 1935 877 ut

334 916 527 972 saltem
561 933 623 971 ex
655 914 1000 969 multitudine
1047 920 1099 968 et
1137 912 1511 983 magnitudine
1561 920 1664 967 tam
1707 910 1932 966 mirabi-

332 1007 464 1061 lium
495 1002 882 1060 beneﬁciorum
917 1012 1128 1057 tuorum
1177 1001 1247 1056 ad
1296 1009 1536 1055 mutuam
1584 1000 1931 1056 dilectionem

330 1094 655 1151 accenderes
680 1108 775 1147 cor
803 1099 1065 1160 nostrum,
1110 1098 1162 1145 et
1208 1091 1266 1144 in
1313 1089 1680 1161 captivitatem
1728 1088 1932 1145 amoris

332 1183 408 1240 tui
441 1181 774 1255 redigeres‘?
808 1178 1233 1235 innumerabilia
1274 1179 1433 1233 nimis
1484 1186 1614 1232 sunt
1670 1176 1933 1233 beneﬁcia

335 1281 445 1337 tua,
492 1270 739 1334 Domine,
773 1268 972 1342 quibus
1000 1268 1329 1327 voluntatem
1358 1276 1595 1323 nostram
1626 1266 1849 1333 excites,
1877 1275 1935 1322 ut

332 1362 581 1434 perfecte
612 1368 662 1414 et
689 1359 946 1413 ardenter
976 1365 1027 1413 te
1058 1356 1213 1427 sequi
1236 1356 1480 1420 velimus,
1505 1356 1740 1412 maxime
1753 1364 1931 1411 autem

336 1465 456 1520 quae
486 1454 842 1519 provocaret;
874 1445 1006 1515 imo,
1040 1444 1082 1499 si
1113 1444 1191 1499 sic
1234 1444 1416 1499 dicere
1462 1443 1669 1513 liceret,
1715 1450 1936 1514 cogeret

334 1540 670 1596 voluntatem
701 1544 939 1592 nostram
974 1542 1079 1590 tuae
1135 1531 1494 1588 consideratio
1550 1531 1825 1599 bonitatis,
1865 1547 1934 1586 ex

338 1646 446 1699 qua
469 1626 652 1682 omnia
673 1625 817 1680 bona
838 1632 1018 1679 creata
1046 1622 1367 1693 procedunt.
1402 1621 1540 1688 Quia
1561 1629 1736 1675 autem
1758 1636 1933 1691 pauca

2037 461 2127 515 ubi
2162 470 2343 517 tamen
2376 464 2623 533 requiem
2667 481 2774 520 non
2820 466 3141 522 habebimus
3197 477 3352 524 nocte
3404 485 3469 524 ac
3522 461 3630 540 die,

2039 550 2281 605 dicentes
2305 568 2317 605 :
2344 552 2606 620 Sanctus,
2623 559 2878 623 sanctus,
2898 561 3151 623 sanctus,
3175 558 3444 614 Dominus
3467 560 3631 627 Deus,

2038 638 2287 696 Sabaoth
2306 640 2455 709 (Isai.
2484 658 2560 705 vi,
2593 642 2667 711 3).
2693 643 2772 697 Ibi
2792 643 3094 716 absterges,
3136 646 3384 713 Domine,
3409 663 3635 703 omnem

2044 727 2353 799 lacrymam
2367 728 2435 785 ob
2449 731 2625 786 oculis
2638 731 2959 787 dilectorum
2979 741 3217 798 tuorum,
3236 736 3500 808 quoniam
3518 753 3633 793 non

2041 819 2577 889 eritampliusmors
2594 821 2772 887 ultra,
2797 838 2974 894 neque
2990 823 3396 896 Iuctus(Apoc.
3421 827 3628 894 sunt).

2041 913 2145 961 etc.
2168 906 2236 960 Se
2260 907 2315 975 d,
2349 908 2595 980 Domine,
2631 910 2904 978 quomodo
2950 912 3090 966 istud
3134 913 3309 981 possit
3338 929 3483 982 esse,
3522 930 3632 970 non

2040 994 2181 1050 bene
2213 1003 2392 1065 potest
2423 997 2887 1068 comprehendere
2918 998 3093 1053 anima
3126 1016 3266 1068 mea,
3300 1018 3420 1072 quae
3448 1001 3630 1074 aliquo

2039 1084 2206 1139 modo
2236 1093 2463 1156 experta
2495 1094 2578 1140 est
2605 1093 2807 1157 quanta
2837 1087 2905 1141 sit
2934 1088 3136 1143 aiilicto
3193 1105 3417 1145 noscere
3469 1098 3522 1146 te
3577 1099 3632 1147 et

2040 1189 2149 1227 non
2178 1189 2340 1243 posse
2380 1173 2597 1229 laudare
2612 1184 2681 1242 te,
2702 1190 2824 1230 cum
2842 1182 2894 1229 et
2910 1175 3026 1245 ipsa
3043 1176 3388 1232 aftlictionem
3412 1188 3633 1250 generet

2040 1269 2262 1332 propter
2280 1261 2684 1333 gratitudinem,
2709 1262 2852 1332 quod
2866 1262 2990 1318 licet
3006 1263 3055 1318 ei
3075 1264 3267 1336 aﬂligi,
3284 1281 3381 1335 pro
3401 1281 3466 1321 eo
3481 1267 3630 1338 quod

2042 1366 2148 1404 non
2177 1358 2354 1419 potest
2384 1351 2606 1405 laudare
2638 1360 2708 1417 te,
2751 1351 2858 1406 imo
2888 1351 3075 1406 omnia
3106 1368 3223 1421 quae
3280 1369 3518 1425 unquam
3565 1356 3633 1409 ad

2040 1437 2257 1493 laudem
2290 1446 2432 1493 tuam
2461 1440 2721 1510 cogitare,
2756 1438 2923 1509 loqui,
2955 1440 3041 1495 vel
3099 1457 3264 1513 agere
3319 1451 3517 1511 potest,
3543 1442 3633 1498 af-

2040 1526 2340 1582 ﬂictionem
2372 1528 2421 1582 ei
2451 1536 2733 1599 generant,
2767 1528 2893 1600 quia
2922 1528 3005 1583 his
3035 1528 3313 1601 indignam
3357 1546 3416 1585 se
3461 1539 3634 1604 putat,

2042 1625 2093 1671 et
2124 1616 2250 1686 quia
2283 1616 2378 1671 tibi
2428 1617 2480 1670 in
2512 1617 2660 1672 nullo
2716 1616 2922 1687 poterit
2966 1618 3322 1688 respondere.
3390 1619 3446 1675 Si
3501 1637 3635 1694 ergo

338 1725 597 1789 expertus
618 1723 720 1782 est,
740 1722 792 1769 et
809 1715 1047 1768 nondum
1067 1711 1390 1767 exercitatus
1418 1709 1486 1764 de
1510 1718 1581 1777 te,
1605 1709 1696 1781 qui
1714 1709 1933 1779 spiritus
1962 1727 2015 1786 B
2041 1706 2224 1760 anima
2254 1706 2609 1773 incarcerata,
2643 1706 2697 1759 in
2727 1706 2930 1760 umbris
2958 1706 3241 1776 collocata,
3303 1708 3348 1762 si
3402 1709 3635 1766 insatia-

339 1823 421 1874 es,
452 1803 802 1875 Spiritualiter
829 1802 1074 1873 cogitare
1102 1798 1353 1865 voluerit,
1388 1798 1467 1852 sic
1503 1797 1749 1852 meditari
1782 1797 1850 1852 de
1881 1805 1934 1852 te

335 1894 544 1968 poterit
577 1893 854 1948 inchoare.
893 1890 1073 1945 Primo
1105 1895 1352 1943 assumat
1408 1887 1461 1941 in
1513 1895 1746 1940 mentem
1779 1901 1934 1940 suam

339 1986 582 2056 aliquam
613 1982 855 2037 animam
887 1978 1177 2033 virtutibus
1209 1977 1522 2047 perfectam,
1565 1984 1616 2029 et
1645 1974 1714 2030 de
1742 1974 1835 2028 illa
1862 1974 1936 2029 ita

337 2072 649 2144 specialiter
671 2070 894 2141 cogitet,
928 2066 1081 2140 quasi
1112 2066 1245 2121 nulli
1276 2065 1487 2135 corpori
1514 2063 1581 2118 sit
1610 2063 1926 2132 conjuncta.

341 2161 683 2234 Imaginetur
709 2166 883 2213 autem
917 2157 970 2211 in
990 2157 1082 2211 illa
1108 2170 1326 2210 onmem
1350 2153 1742 2224 perfectionem
1760 2152 1934 2207 virtu-

339 2260 474 2319 tum,
509 2265 630 2322 quaa
660 2262 894 2319 unquam
924 2245 992 2300 de
1021 2244 1205 2314 aliqua
1236 2242 1417 2297 anima
1458 2241 1656 2312 poterit
1683 2239 1933 2313 cogitari,

338 2341 551 2397 scilicet
579 2353 740 2408 quam
758 2335 920 2404 bona,
941 2348 1104 2405 quam
1124 2331 1315 2398 dulcis,
1334 2345 1498 2404 quam
1518 2330 1751 2400 patiens,
1771 2344 1935 2401 quam

339 2428 672 2495 misericors,
702 2441 863 2498 quam
895 2423 1133 2494 sapiens,
1163 2436 1326 2491 quam
1383 2419 1724 2484 charitativa,
1772 2434 1936 2488 quam

338 2518 532 2587 ﬁdelis,
562 2531 719 2586 quam
750 2514 861 2583 pia,
894 2528 1053 2584 quam
1078 2512 1242 2581 justa,
1275 2525 1442 2580 quam
1475 2523 1628 2576 vera,
1651 2523 1810 2580 quam
1831 2508 1938 2562 hu-

337 2606 501 2675 milis,
535 2614 637 2661 etc.
671 2603 801 2658 Cum
832 2609 1016 2656 autem
1049 2600 1191 2656 circa
1220 2598 1456 2655 animam
1502 2597 1628 2652 talia
1656 2596 1939 2669 cogitave-

335 2697 425 2765 rit,
457 2694 657 2767 cogitet
683 2691 828 2764 quod
858 2693 975 2747 haec
1002 2689 1184 2744 anima
1214 2695 1296 2743 est
1354 2686 1546 2741 similis
1594 2684 1827 2741 creatori
1884 2685 1938 2740 in

338 2783 630 2843 virtutibus
660 2782 752 2853 qui
783 2795 905 2836 eam
936 2779 991 2832 in
1021 2777 1435 2833 similitudinem
1493 2790 1648 2830 suam
1708 2774 1860 2841 fecit,
1889 2782 1941 2829 et

338 2882 524 2948 postea
556 2870 846 2927 transferat
883 2884 941 2924 se
986 2868 1056 2923 ad
1089 2867 1423 2933 Creatorem,
1478 2873 1536 2919 ut
1581 2864 1762 2919 omnia
1819 2880 1940 2936 quae

335 2965 395 3021 in
422 2963 603 3019 anima
633 2961 873 3032 profecta
904 2965 1154 3030 poterant
1184 2955 1440 3023 inveniri,
1473 2954 1525 3008 in
1568 2954 1827 3009 Creatore
1863 2953 1941 3007 in.

337 3053 490 3109 ﬁnita
520 3050 726 3124 cogitet
755 3056 808 3104 et
836 3047 1122 3111 immensa,
1155 3053 1208 3101 et
1236 3061 1301 3099 ea
1329 3045 1447 3114 ipsa
1494 3050 1742 3098 naturam
1783 3059 1937 3099 suam

338 3158 480 3210 esse,
504 3148 555 3196 et
576 3139 653 3194 sic
676 3137 911 3209 quodam
937 3135 1100 3191 modo
1129 3132 1439 3189 invisibilia
1459 3133 1558 3188 Dei
1578 3148 1679 3204 per
1720 3148 1787 3189 ea
1816 3148 1938 3204 quae

335 3235 494 3305 facta
513 3235 648 3285 sunt
659 3269 672 3295 ,
692 3224 993 3297 conspiciat
1020 3223 1293 3278 intellecta
1322 3224 1498 3288 (Rom.
1531 3237 1571 3290 ι,
1595 3222 1704 3291 20).
1729 3221 1831 3277 Hic
1855 3229 1940 3277 est

340 3319 562 3394 quidem
592 3316 816 3371 initialis
844 3313 1037 3369 modus
1093 3310 1369 3383 cogitandi
1427 3311 1496 3365 de
1552 3318 1623 3379 te,
1680 3310 1934 3377 Domine,

341 3424 504 3480 quem
558 3405 650 3476 qui
712 3404 949 3459 sollicite
978 3401 1223 3473 sequitur
1279 3397 1591 3454 meditando
1617 3407 1689 3467 te,
1721 3399 1939 3454 intrabit

339 3498 546 3554 fontem
577 3495 758 3551 vivum
790 3500 843 3549 et
864 3490 1206 3547 dulcedinem
1225 3496 1328 3543 tua:
1349 3497 1577 3556 natura},
1597 3504 1716 3559 qua
1736 3496 1936 3558 quanto

338 3586 520 3656 major
545 3592 628 3640 est
656 3581 912 3639 omnibus
942 3578 1222 3635 beneﬁciis
1250 3578 1369 3646 tuis,
1406 3584 1552 3631 tanto
1597 3576 1774 3648 magis
1813 3574 1935 3632 atii-

338 3676 413 3733 cit
442 3682 685 3729 nostram
715 3671 1070 3738 voluntatem,
1094 3676 1148 3723 ut
1168 3682 1459 3737 sequamur
1473 3664 1727 3721 ardenter
1752 3666 1935 3720 Iesum

335 3763 506 3820 ﬁlium
537 3771 687 3818 tuum
719 3760 789 3816 ad
820 3758 1034 3816 laudem
1062 3757 1323 3812 bonitatis
1353 3763 1460 3810 tuae
1495 3769 1593 3809 nos
1627 3753 1932 3810 informan-

340 3862 470 3911 tem.

960 3938 1181 3994 CAPUT
1211 3937 1305 3993 IlI.

482 4032 560 4087 De
591 4029 949 4104 sequentibus
974 4026 1305 4101 particulis,
1336 4027 1521 4084 venire
1546 4033 1666 4099 post
1695 4039 1801 4080 me.

410 4138 589 4193 Tertio
618 4137 763 4192 enim
792 4153 853 4193 se
882 4135 1031 4191 dedit
1058 4144 1300 4191 nostrum
1331 4135 1609 4191 ductorem
1642 4140 1695 4189 et
1733 4132 1937 4187 instru-

338 4231 572 4297 ctorem,
588 4242 713 4283 cum
728 4225 942 4281 subdit:
984 4225 1176 4281 Venite
1188 4228 1313 4296 post
1328 4222 1937 4293 me.Quantumcunque

338 4332 620 4373 curramus
659 4315 935 4371 ferventer
961 4314 1260 4385 sequendo,
1292 4314 1474 4368 nullus
1506 4310 1760 4384 praecedit
1782 4318 1853 4377 te,
1885 4325 1941 4380 et

340 4406 527 4462 nullus
556 4404 706 4461 vadit
730 4405 891 4475 juxta
920 4412 972 4459 te
1005 4420 1018 4458 :
1051 4402 1255 4458 Omnes
1286 4418 1387 4457 nos
1415 4410 1626 4473 oportet
1680 4402 1759 4456 ire
1813 4406 1939 4470 post

343 4504 418 4564 te,
439 4495 569 4566 quia
588 4502 641 4549 tu
659 4509 720 4550 es
733 4495 1150 4567 primogenita:
1168 4493 1230 4548 in
1247 4492 1450 4548 multis
1459 4491 1737 4563 fratribus
1754 4490 1940 4560 (Rom.

347 4601 472 4653 vni,
502 4586 618 4655 29).
652 4583 831 4638 Primo
873 4582 1031 4650 dicis,
1063 4581 1313 4648 Domine,
1346 4580 1627 4651 discipulis
1660 4596 1671 4633 :
1720 4578 1938 4647 Venite,

343 4678 403 4731 et
433 4674 815 4743 videteran.
846 4689 885 4741 ι,
920 4675 1032 4741 39).
1060 4671 1253 4726 Postea
1282 4668 1441 4738 dicis,
1473 4670 1665 4725 Venite
1679 4672 1806 4740 post
1828 4684 1938 4736 me,

344 4771 405 4818 ut
430 4762 575 4834 quod
604 4766 658 4816 in
691 4770 742 4816 te
771 4760 1026 4815 viderunt
1054 4760 1348 4827 imitentur,
1379 4757 1585 4813 Deinde
1615 4757 1750 4812 dicis
1781 4774 1795 4811 :
1837 4761 1939 4812 Ve-

346 4854 472 4909 nite
483 4851 556 4909 ad
574 4866 681 4915 me,
696 4865 891 4906 omnes
907 4850 1005 4921 qui
1023 4848 1289 4904 laboratis
1301 4850 1358 4903 et
1375 4848 1829 4911 oneratiestis,et
1844 4859 1940 4917 ego

343 4940 602 5010 reﬁciam
616 4955 705 4995 vos
727 4937 945 5009 (Matth.
962 4939 1290 5005 xr,28),etc.,
1308 4937 1570 5008 utjugum
1588 4943 1733 4990 tuum
1751 4950 1938 5003 suave,

344 5034 405 5088 et
446 5045 591 5085 onus
623 5036 773 5083 tuum
806 5028 922 5083 leve
953 5026 1134 5097 (ibid,
1159 5027 1270 5094 30),
1304 5025 1451 5096 quod
1483 5026 1574 5096 qui
1605 5024 1943 5094 susceperint

344 5118 597 5174 hilariter
631 5116 838 5187 possint
870 5123 1083 5187 portare
1104 5114 1172 5169 ad
1202 5113 1435 5186 gloriam
1465 5112 1638 5168 Patris
1669 5112 1771 5167 tui.
1797 5113 1943 5166 Tan-

339 5208 471 5265 dem
500 5206 633 5261 dicis
665 5223 679 5277 _:
722 5207 933 5274 Venite,
957 5203 1235 5261 benedicti
1260 5204 1449 5259 Patris
1481 5202 1635 5265 mei,-
1667 5203 1943 5274 percipite

344 5311 584 5370 regnum
617 5295 838 5363 (Matth.
865 5309 993 5358 xxv,
1013 5294 1124 5363 3t).
1148 5292 1257 5361 Sic,
1280 5292 1529 5360 Domine,
1562 5291 1661 5346 iste
1691 5298 1772 5345 est
1804 5289 1943 5345 fide-

345 5386 590 5444 tissimus
610 5384 828 5457 legatus
858 5392 1006 5449 tuus,
1040 5381 1131 5453 qui
1173 5381 1354 5452 primo
1385 5381 1537 5453 ponit
1590 5396 1649 5435 se
1701 5379 1859 5435 nobis
1888 5380 1944 5436 in

344 5473 683 5546 exemplum,
715 5488 837 5529 cum
869 5470 998 5529 dicit
1030 5488 1043 5528 :
1085 5471 1274 5528 Venite
1322 5475 1378 5529 et
1430 5468 1643 5538 videte;
1674 5478 1727 5526 et
1755 5478 1948 5543 postea

345 5562 537 5631 invitat
566 5560 634 5623 ad
663 5560 999 5629 veniendum
1027 5567 1159 5638 post
1179 5576 1258 5620 se.
1282 5559 1575 5621 Venientes
1596 5559 1666 5620 ad
1682 5576 1745 5621 se
1763 5568 1944 5636 vocat,

1970 4436 2029 4499 D

2042 1794 2224 1848 biliter
2252 1793 2514 1867 aﬁligitur
2540 1810 2640 1865 pro
2671 1794 2828 1849 laude
2859 1803 2967 1864 tua,
3002 1798 3274 1865 quomodo
3327 1798 3630 1868 satiabitur,

2044 1898 2167 1938 cum
2199 1883 2253 1936 in
2283 1884 2511 1937 meridie
2542 1883 2851 1954 apparuerit
2880 1884 2929 1938 ei
2988 1883 3199 1940 bonitas
3233 1893 3341 1955 tua,
3374 1902 3497 1942 cum
3528 1888 3637 1943 uti-

2045 1987 2151 2042 que
2181 1971 2360 2025 videat
2385 1972 2451 2026 ad
2476 1971 2700 2041 plenum
2723 1988 2844 2027 eam
2868 1987 2976 2028 non
2996 1989 3155 2042 posse
3174 1974 3403 2028 laudari.
3425 1976 3480 2031 Si
3499 1974 3639 2032 forte

2044 2059 2182 2115 dicis
2215 2060 2367 2128 mihi,
2389 2060 2637 2129 Domine,
2662 2062 2806 2131 quod
2823 2064 2923 2117 hoc
2945 2063 3043 2116 erit
3061 2063 3356 2118 maximum
3377 2065 3640 2136 gaudium

2044 2148 2181 2219 ejus,
2215 2148 2359 2218 quod
2389 2149 2625 2219 perfecte
2652 2158 2951 2223 cognoscet
2981 2150 3273 2207 bonitatem
3298 2160 3462 2223 tuam,
3497 2161 3550 2209 et
3578 2154 3640 2209 il-

2045 2236 2154 2291 lam
2187 2245 2294 2291 tam
2327 2236 2667 2307 immensam,
2697 2238 2841 2308 quod
2864 2255 2985 2294 eam
3041 2255 3148 2295 non
3203 2240 3402 2311 poterit
3456 2243 3640 2312 aliqua

2036 2334 2291 2382 creatura
2317 2327 2481 2397 plene
2510 2327 2755 2383 laudare.
2786 2329 2985 2384 Verum
3016 2329 3182 2385 credo
3212 2329 3359 2398 quod
3388 2330 3457 2385 de
3484 2330 3640 2387 boni-

2048 2416 2169 2470 tatis
2201 2424 2305 2470 tate
2335 2415 2693 2472 immensitate
2723 2417 3017 2489 gaudebit;
3051 2426 3231 2474 tamen
3283 2418 3458 2475 adhuc
3511 2436 3635 2490 pm-

2045 2505 2179 2560 nitet
2202 2521 2322 2560 eam
2356 2505 2593 2593 perfecte
2621 2521 2729 2561 non
2767 2522 2928 2577 posse
2983 2506 3233 2573 laudare,
3292 2508 3394 2563 nisi
3450 2509 3636 2583 aliquo

2046 2593 2210 2649 modo
2240 2594 2464 2648 vulnera
2492 2596 2613 2664 ejus
2642 2595 3013 2667 alligarentur,
3033 2603 3085 2650 et
3101 2611 3433 2666 percussurae
3460 2598 3638 2671 plagae

2047 2684 2164 2753 ejus
2192 2691 2529 2749 sanarentur,
2563 2684 2690 2755 quia
2719 2692 2844 2739 tunc
2873 2684 3108 2753 primum
3167 2685 3344 2740 oleum
3391 2687 3640 2742 additum

2049 2780 2189 2828 esset
2218 2772 2452 2829 camino.
2502 2773 2661 2828 Unde
2717 2772 2764 2827 si
2819 2773 2995 2842 placet
3028 2773 3142 2839 tibi,
3198 2774 3448 2843 Domine,
3476 2777 3640 2832 credo

2049 2862 2197 2933 quod
2226 2860 2384 2917 etiam
2416 2877 2579 2931 poena
2609 2868 2663 2916 et
2692 2860 2911 2916 aﬁlictio
2940 2861 3119 2917 laudis
3147 2869 3271 2932 tute,
3302 2880 3461 2935 quam
3480 2865 3642 2920 habet

2047 2950 2139 3006 hic
2170 2950 2370 3017 anima,
2401 2950 2474 3005 ibi
2506 2948 2789 3005 satiabitur
2812 2956 2866 3006 et
2893 2949 3213 3023 alligabitur
3264 2953 3394 3021 palo
3441 2952 3637 3023 laudis,

2050 3056 2171 3095 cum
2204 3047 2258 3094 tu
2313 3039 2403 3110 qui
2450 3040 2631 3110 reples
2687 3039 2740 3094 in
2797 3039 2955 3095 bonis
3011 3039 3347 3097 desiderium
3400 3050 3638 3098 nostrum

2051 3129 2224 3198 (Psal.
2258 3143 2350 3194 cu,
2383 3131 2460 3198 5),
2495 3135 2699 3183 tantum
2728 3128 2945 3183 dederis
3004 3136 3054 3183 te
3110 3129 3330 3185 laudare
3382 3139 3641 3202 quantum

2045 3215 2444 3283 desideramus,
2477 3215 2586 3271 imo
2607 3216 2769 3287 longe
2786 3232 2949 3285 supra
2968 3217 3355 3272 desideratum.
3381 3218 3472 3275 Sic
3491 3220 3638 3275 enim

2048 3304 2229 3358 dixisti
2254 3323 2265 3358 :
2287 3303 2427 3371 Quia
2443 3320 2533 3360 vos
2562 3305 2860 3376 plorabitis
2877 3309 2933 3360 et
2962 3305 3170 3373 ﬂebitis
3206 3322 3365 3373 nunc,
3391 3307 3638 3365 mundus

2046 3396 2239 3448 autem
2254 3392 2534 3464 gaudebit.
2549 3393 2805 3448 Tristitia
2819 3397 3004 3448 vestra
3020 3396 3276 3449 vertetur
3292 3395 3353 3449 in
3367 3395 3639 3466 gaudium

2047 3482 2232 3551 (Joan.
2270 3495 2382 3549 xvr,
2417 3480 2534 3550 20).
2598 3480 2799 3535 Sanata
2855 3487 3032 3535 autem
3090 3497 3274 3551 paena,
3334 3498 3498 3554 quam
3554 3485 3642 3541 hic

2044 3569 2259 3636 habuit,
2292 3577 2345 3624 et
2375 3568 2598 3640 impleto
2617 3569 2759 3638 quod
2778 3569 2865 3625 hic
2881 3568 3226 3639 desideravit,
3241 3569 3403 3627 aliam
3424 3588 3639 3642 poenam

2046 3675 2144 3731 pro
2176 3657 2368 3728 majori
2396 3657 2710 3714 laudatione
2740 3657 2836 3724 ibi,
2868 3657 3006 3713 sicut
3032 3674 3134 3714 nec
3153 3659 3258 3726 hic,
3291 3676 3324 3714 a
3353 3676 3413 3715 se
3442 3661 3643 3718 habere

2043 3764 2152 3804 non
2184 3752 2383 3818 potest.
2416 3747 2495 3801 Tu
2526 3746 2689 3801 etiam
2721 3762 2831 3801 non
2860 3746 3016 3802 dabis
3045 3746 3114 3815 ei,
3148 3747 3238 3820 qui
3255 3749 3447 3806 omnia
3467 3750 3642 3823 dispo.

2044 3840 2138 3895 nis
2169 3839 2229 3893 in
2246 3852 2504 3901 numero,
2528 3835 2797 3907 pondere,
2826 3841 2884 3892 et
2912 3852 3177 3893 mensura
3208 3838 3359 3910 (Sap.
3406 3854 3487 3907 χι,
3525 3841 3636 3911 21),

2046 3928 2168 3999 quia
2194 3934 2320 3981 tunc
2354 3942 2461 3981 non
2491 3924 2592 3980 erit
2622 3932 2832 3997 tempus
2859 3924 3043 3993 ﬂendi,
3074 3926 3172 3982 sed
3230 3927 3462 3994 ridendi,
3516 3945 3641 3984 cum

2047 4014 2355 4087 apparuerit
2386 4014 2547 4069 nobis
2580 4022 2702 4070 tuus
2732 4013 2922 4070 unicus
2950 4014 3139 4083 Filius,
3159 4014 3205 4069 si
3236 4016 3486 4073 volumus
3515 4026 3641 4089 post

2046 4103 2220 4176 ipsum
2250 4102 2454 4158 venire.

2304 4270 2321 4283 κ
2652 4208 2876 4266 CAPUT
2930 4209 3027 4266 1v.

2123 4329 2130 4336 -
2159 4297 2315 4365 Quod
2370 4313 2485 4355 non
2516 4298 2697 4354 simus
2723 4296 2930 4367 nostri,
2965 4296 3066 4354 sed
3094 4299 3231 4364 Dei;
3260 4299 3333 4357 ad
3359 4299 3526 4368 illud,

2513 4388 2749 4460 abneget
2800 4388 3175 4459 semetipsum.

2121 4496 2325 4565 Quarto
2358 4511 2489 4568 ergo
2520 4495 2750 4551 ostendit
2778 4494 2938 4550 nobis
2968 4494 3176 4549 initium
3206 4495 3328 4565 vite,
3390 4514 3492 4567 qua
3538 4498 3639 4555 de-

2051 4586 2240 4642 bemus
2269 4594 2387 4658 post
2417 4587 2690 4641 Christum
2721 4584 2923 4651 venire,
2957 4601 3077 4639 cum
3109 4585 3267 4641 dicit:
3287 4585 3523 4659 abneget
3550 4604 3643 4644 se-

2049 4676 2378 4747 metipsum.
2413 4675 2517 4743 Qui
2548 4689 2678 4746 ergo
2709 4673 2763 4729 in
2793 4676 2885 4729 via
2914 4674 3265 4745 perfectionis
3316 4676 3432 4731 vult
3487 4678 3643 4748 sequi

2052 4764 2321 4821 Christum
2350 4765 2554 4831 Jesum,
2587 4764 2796 4818 laboret
2824 4763 3000 4832 primo
3028 4772 3083 4818 ut
3139 4764 3376 4836 abneget
3431 4771 3641 4822 semet-

2049 4854 2257 4926 ipsum.
2296 4852 2480 4907 Merito
2511 4866 2641 4923 ergo
2698 4851 2957 4906 debemus
3012 4868 3111 4907 nos
3169 4853 3462 4925 abnegare,
3522 4871 3643 4910 cum

2049 4941 2183 4996 nihil
2208 4940 2346 5010 juris
2377 4940 2676 4995 habeamus
2704 4939 2760 4994 in
2798 4940 2971 4995 nobis.
3029 4940 3163 4996 Sunt
3202 4949 3381 4997 autem
3438 4952 3646 5016 septem

2053 5045 2250 5098 causae,
2284 5045 2516 5101 quarum
2550 5028 2807 5100 quaelibet
2835 5028 3103 5085 suﬂiceret
3155 5029 3428 5086 hominem
3489 5049 3646 5089 com-

2051 5119 2255 5189 pellere
2285 5124 2341 5172 ut
2370 5117 2598 5172 fateatur
2626 5117 2679 5171 in
2710 5133 2767 5172 se
2798 5117 2929 5171 nihil
2981 5117 3119 5188 juris
3178 5117 3406 5178 habere.
3444 5122 3647 5193 Prima,

2051 5208 2177 5278 quia
2206 5214 2281 5272 tu,
2315 5206 2563 5272 Domine,
2598 5221 2697 5261 nos
2725 5204 2917 5262 creasti
2946 5207 3266 5280 ;sicutergo
3298 5208 3433 5264 nihil
3464 5210 3519 5265 in
3547 5226 3645 5266 no-

2054 5296 2139 5351 bis
2170 5294 2326 5351 bonis
2354 5301 2454 5360 esl,
2489 5294 2635 5367 quod
2662 5302 2717 5349 tu
2744 5310 2854 5350 non
2880 5296 3183 5367 creaveris,
3216 5296 3292 5352 ita
3317 5298 3544 5370 dignum
3565 5307 3650 5354 est

2055 5384 2202 5457 quod
2231 5384 2419 5440 omnia
2450 5383 2597 5439 bona
2626 5391 2808 5439 nostra
2837 5383 2945 5441 sint
2977 5391 3087 5453 tua,
3118 5401 3239 5457 quae
3293 5387 3443 5443 nullo
3482 5387 3646 5443 modo

2053 5473 2181 5531 licet
2209 5472 2408 5531 auferri
2439 5489 2470 5530 a
2500 5480 2552 5530 te
2580 5474 2781 5529 Sancto
2811 5480 3141 5543 sanctorum,
3176 5489 3248 5530 ne
3295 5474 3646 5546 sacrilegium

2055 5562 2478 5629 committamus.
2512 5561 2620 5622 Cur
2647 5577 2781 5641 ergo
2810 5578 2920 5625 non
2948 5561 3348 5639 abnegaremus
3400 5576 3522 5635 nos,
3557 5564 3647 5641 qui
