4036 6072
306 230 311 235 ’
392 228 493 287 295

1418 223 1508 279 AD
1549 218 1777 279 OPERA
1816 220 1872 277 S.
1913 221 2226 277 ANSELMI
2265 218 2637 277 APPENDIX.

3588 222 3690 280 £96

384 359 553 416 nostri
584 373 692 413 non
720 355 946 411 sumus?
1002 354 1140 408 Nam
1198 352 1631 425 quandocumque
1689 344 1895 418 aliquid
1953 361 1983 400 a
2014 349 2063 407 A
2097 364 2257 416 quam
2291 356 2361 416 te,
2396 356 2599 403 tantum
2631 348 2700 404 de
2724 365 2779 405 se
2809 362 3043 407 reservet
3073 352 3187 423 tibi,
3247 362 3445 424 quanto
3494 356 3693 410 melio-

388 449 550 505 nobis
578 447 932 518 abnegamus;
992 458 1094 497 nec
1122 442 1225 497 hoc
1280 440 1603 512 abnegatum
1660 445 1883 507 prepter
1940 443 1988 491 te

388 536 740 602 conferimus,
772 534 869 589 sed
902 531 1119 587 aliunde
1162 529 1554 602 quantumlibet
1583 526 1743 581 etiam
1775 525 1988 580 modico

390 625 646 696 temporis
674 622 846 692 spatio
877 620 1166 687 donamus,
1199 633 1327 673 mox
1384 616 1619 671 alienum
1663 613 1984 668 invadimus.

391 714 637 771 Secunda
667 725 826 767 causa
860 716 960 775 est,
996 708 1122 778 quia
1150 722 1249 762 nos
1286 713 1501 761 aeternas
1555 702 1719 759 morti
1774 701 1988 756 deditos

392 814 481 859 tua
537 808 712 856 morte
768 797 1162 870 pretiosissima
1220 794 1519 861 redemisti,
1578 807 1678 861 pro
1736 789 1989 845 omnibus

387 900 629 948 mortuus
660 904 738 958 es,
772 891 842 943 ut
860 886 955 959 qui
979 886 1177 941 vivunt
1198 885 1311 953 iam
1337 883 1443 939 sibi
1465 897 1579 937 non
1604 878 1926 945 vivanl,sed
1937 878 1989 933 ei

388 977 866 1054 quiproomnibus
894 978 1156 1031 mortuus
1180 976 1264 1029 est
1292 972 1370 1042 (11
1398 972 1519 1028 Cor.
1550 987 1603 1035 v,
1637 972 1747 1038 15),
1778 976 1835 1022 ut
1864 965 1995 1022 dicit

386 1070 494 1124 Vas
526 1075 673 1123 tuum
707 1065 957 1121 electum.
994 1063 1138 1135 Ergo
1168 1061 1303 1116 sicut
1333 1075 1523 1115 omnes
1552 1066 1604 1113 et
1634 1065 1773 1113 totos
1826 1056 1992 1112 rede-

388 1158 554 1225 misti,
586 1157 663 1211 sic
693 1162 745 1210 et
774 1168 963 1208 omnes
994 1160 1047 1207 et
1077 1151 1170 1206 toti
1205 1150 1278 1205 tui
1337 1148 1461 1203 sint.
1524 1146 1627 1216 Qui
1685 1146 1800 1201 vult
1855 1160 1989 1217 ergo

388 1248 571 1302 salvus
600 1261 739 1311 esse,
773 1243 1018 1298 restituat
1051 1240 1141 1295 tibi
1175 1238 1326 1293 illum
1356 1236 1802 1308 pretiosissimum
1860 1251 1988 1288 san-

286 1390 289 1393 .
388 1335 607 1409 guinem
641 1348 799 1403 quem
834 1346 929 1401 pro
960 1345 1025 1384 eo
1076 1327 1284 1382 fudisti.
1324 1327 1525 1393 Tertia,
1559 1324 1688 1395 quia
1746 1339 1845 1379 nos
1900 1323 1987 1377 in-

391 1433 575 1497 gratos
608 1421 861 1477 omnibus
891 1418 1049 1473 bonis
1079 1417 1186 1472 tuis
1217 1425 1268 1472 et
1300 1429 1519 1470 aversos
1575 1429 1607 1468 a
1664 1422 1715 1468 te
1772 1419 1992 1483 propter

392 1520 613 1585 peccata
642 1527 670 1565 a
703 1508 919 1563 diabolo
951 1506 1256 1571 defendisti,
1290 1512 1578 1575 postquam
1637 1517 1669 1556 a
1727 1510 1777 1557 te
1808 1509 1990 1556 nostro

392 1600 628 1657 Domino
661 1596 988 1654 recessimus
1023 1593 1253 1664 turpiter
1282 1602 1338 1647 et
1369 1592 1574 1664 inique,
1607 1589 1706 1644 sub
1739 1598 1826 1644 tua
1858 1604 1989 1658 pro-

390 1689 628 1745 tectione
658 1701 779 1742 esse
809 1684 1000 1738 merito
1030 1698 1137 1737 non
1169 1682 1509 1738 deberemus.
1543 1678 1739 1748 Sicque
1768 1693 1868 1732 nos
1898 1679 1995 1732 ho-

392 1775 489 1832 stis
517 1777 630 1829 sine
661 1772 980 1828 defensione
1010 1771 1251 1840 captivos
1282 1768 1487 1823 habens
1516 1766 1583 1821 ad
1612 1781 1766 1820 suam
1796 1766 1995 1820 volun-

395 1874 582 1931 tatem,
614 1862 898 1917 debuisset
927 1859 981 1913 in
1011 1867 1211 1914 aeterna
1243 1856 1508 1927 supplicia
1524 1854 1874 1922 demersisse,
1895 1853 1997 1907 nisi

395 1964 449 2011 tn
482 1971 549 2010 ex
581 1949 1037 2022 superabundanti
1070 1947 1306 2002 bonitate
1339 1962 1437 2001 nos
1466 1943 1801 1999 defendisses
1821 1944 1888 1997 ab
1909 1958 1994 2009 eo,

394 2053 447 2099 et
478 2043 547 2097 ad
581 2039 948 2113 pcenitcntiam
980 2052 1331 2100 reservasses,
1366 2041 1421 2089 et
1448 2041 1668 2105 propter
1694 2033 1839 2087 hanc
1866 2048 1998 2088 cau—

396 2149 511 2188 sam
541 2130 758 2201 proprie
787 2143 970 2182 sumus
1002 2126 1072 2180 tui
1107 2125 1267 2193 servi,
1302 2123 1461 2194 quasi
1493 2122 1561 2177 ab
1592 2122 1747 2177 hoste
1777 2121 1996 2176 servati.

396 2219 660 2276 Similiter
692 2216 763 2272 tui
793 2223 914 2269 sunt
942 2215 1251 2287 quicunque
1305 2229 1406 2282 per
1449 2219 1599 2266 tuam
1655 2210 1886 2283 gratiam
1916 2209 2001 2263 la—

399 2324 569 2382 queos
598 2305 805 2362 diaboli
836 2303 1171 2369 evitaverint,
1207 2309 1259 2357 et
1289 2300 1412 2355 ideo
1455 2300 1550 2354 tibi
1608 2299 1744 2354 nihil
1801 2298 1998 2353 auferri

395 2398 557 2453 debet
589 2410 657 2451 ex
700 2411 764 2449 eo
797 2394 940 2466 quod
970 2393 1056 2448 vel
1090 2400 1141 2447 tc
1171 2396 1330 2445 dante
1361 2405 1471 2449 non
1499 2388 1716 2454 cecidit,
1753 2388 1839 2442 vel
1856 2387 1897 2441 si
1915 2403 1999 2443 ce-

395 2487 599 2541 ciderat
631 2490 710 2537 est
740 2490 999 2537 erectum.
1051 2479 1255 2549 Quarta
1311 2493 1472 2533 causa
1529 2485 1629 2544 est,
1688 2475 1818 2546 quia
1873 2491 2000 2530 cum

396 2583 652 2631 aeternam
682 2578 911 2626 mortem
942 2567 1182 2640 peccatis
1240 2567 1436 2621 nostris
1492 2564 1900 2630 meruissemus,
1945 2571 2000 2619 tu

398 2679 497 2718 nos
526 2661 783 2718 reduxisti
816 2659 882 2714 ad
913 2659 1102 2725 vitam,
1137 2672 1254 2711 eam
1288 2655 1634 2710 dimittenda.
1703 2653 1810 2708 Cur
1865 2668 2000 2723 ergo

400 2751 491 2807 tibi
522 2766 630 2805 non
672 2748 919 2804 vivemus
974 2761 1076 2801 nos
1132 2745 1344 2816 penitus
1400 2742 1746 2813 abnegando,
1805 2758 1837 2795 a
1893 2756 1998 2813 quo

400 2841 666 2896 habemus
695 2838 840 2909 quod
859 2832 1183 2891 aeternaliter
1203 2831 1403 2887 mortui
1427 2846 1531 2886 non
1555 2830 1732 2885 simus
1750 2831 1779 2883 ‘2
1801 2828 1998 2898 Quinta

402 2944 570 2986 causa
626 2934 726 2993 est,
787 2923 931 2995 quod
991 2922 1180 2978 eadem
1240 2920 1479 2976 bonitate
1511 2935 1621 2992 qua
1652 2935 1750 2973 nos
1778 2919 1992 2987 creasti,

399 3018 563 3074 etiam
594 3029 901 3079 conservas,
935 3028 1001 3067 ne
1029 3012 1085 3066 in
1107 3010 1333 3065 nihilum
1353 3008 1683 3081 redigamur.
1708 3007 1996 3075 Quomodo

401 3107 545 3162 enim
580 3104 762 3175 aliquo
794 3101 1087 3156 subsistere
1145 3100 1443 3165 valeamus,
1504 3097 1603 3152 nisi
1664 3105 1713 3152 te
1770 3112 1998 3152 conser-

398 3195 609 3252 vante‘?
667 3192 720 3248 Si
764 3206 895 3263 ergo
939 3197 995 3245 tu
1038 3205 1097 3244 es
1142 3188 1252 3242 vita
1299 3194 1499 3252 nostra,
1533 3186 1665 3240 nulli
1695 3186 1782 3240 alii
1812 3187 2002 3240 vivere

402 3284 684 3350 debemus,
717 3281 854 3335 sicut
884 3279 1033 3334 nullo
1065 3278 1170 3333 alio
1200 3275 1497 3331 subsistere
1539 3276 1806 3330 valemus.
1838 3275 2002 3329 Sexta

400 3388 566 3430 causa
599 3379 676 3426 est
708 3367 1007 3437 securitas;
1041 3366 1132 3439 qui
1162 3365 1309 3421 enim
1339 3381 1397 3420 se
1428 3372 1597 3419 totum
1628 3364 1884 3435 abnegat,
1946 3370 2004 3417 ut

400 3463 573 3517 Deum
602 3459 820 3523 habeat,
847 3456 937 3528 qui
970 3456 1071 3509 sibi
1104 3454 1260 3526 periit
1288 3462 1346 3509 ut
1375 3453 1469 3507 tibi
1502 3453 1698 3519 valeat,
1748 3452 1839 3523 qui
1899 3451 2000 3505 sibi

400 3549 535 3604 nihil
565 3556 647 3603 est
676 3555 732 3601 ut
762 3546 856 3600 tibi
902 3544 1106 3615 aliquid
1163 3545 1273 3607 sit;
1333 3542 1379 3595 si
1426 3541 1563 3595 nihil
1619 3540 1673 3594 in
1729 3556 1786 3596 se
1817 3539 1999 3608 habet,

403 3638 535 3693 nihil
567 3636 649 3690 sui
681 3635 928 3689 amittere
955 3632 1123 3700 timet,
1166 3630 1261 3686 sed
1321 3645 1537 3701 semper
1593 3646 1811 3684 securus
1839 3636 1921 3683 est
1952 3637 2002 3683 te

409 3725 556 3798 quod
585 3731 733 3779 tuum
765 3730 847 3777 est
876 3734 1223 3775 conservare.
1282 3718 1339 3774 Si
1393 3719 1667 3773 minentur
1723 3717 1769 3772 ei
1827 3732 2003 3788 poena;

403 3813 623 3880 inferni,
656 3811 742 3866 vel
774 3810 916 3883 ignis
945 3808 1315 3881 purgatorius,
1349 3823 1538 3878 parum
1570 3806 1759 3860 timore
1817 3822 2002 3860 eorum

403 3903 647 3967 aﬂicitur,
681 3900 807 3972 quia
837 3898 1075 3954 cantabit
1101 3913 1306 3952 vacuus
1334 3911 1517 3952 coram
1547 3896 1750 3949 latrone
1781 3895 1955 3950 viator
1985 3912 1998 3952 :

405 4002 458 4048 et
486 4007 543 4047 se
577 4006 683 4045 non
718 3988 866 4044 timet
895 3987 1123 4059 perdere
1153 3986 1245 4058 qui
1275 4002 1332 4041 se
1362 3985 1618 4057 abnegat.
1674 3983 1739 4041 Si
1773 3986 1916 4039 enim
1946 3991 2003 4039 tu

401 4097 544 4148 eum,
578 4078 672 4152 qui
702 4087 822 4132 tuus
850 4084 948 4144 est,
982 4077 1051 4131 ad
1081 4091 1269 4147 poenas
1297 4075 1511 4130 mittere
1540 4073 1731 4141 velles,
1791 4088 2005 4144 semper

405 4179 585 4226 tamen
616 4168 687 4222 de
719 4171 770 4221 te
802 4166 856 4220 in
883 4165 1116 4221 bonitate
1166 4164 1408 4227 sentiret,
1469 4171 1686 4234 paratus
1737 4163 2001 4217 sustinere

406 4258 555 4332 quod
584 4255 768 4324 velles,
801 4270 901 4309 nec
929 4254 1131 4309 diceret
1154 4270 1167 4307 :
1190 4253 1382 4307 Curita
1412 4251 1591 4307 facis?
1622 4251 1716 4305 Cui
1747 4250 2003 4322 praedicta

408 4346 675 4402 sententia
706 4359 812 4399 non
844 4343 1058 4413 placet;
1094 4349 1144 4396 at
1179 4342 1249 4409 ei,
1280 4341 1530 4408 Domine,
1562 4356 1618 4395 se
1632 4339 2006 4409 abnegare,ut

2099 452 2211 490 rem
2244 452 2302 491 se
2334 445 2481 507 putat
2512 454 2673 507 quam
2724 446 2798 493 tu.
2850 442 3079 511 Propter
3128 443 3433 512 bujusmodi
3477 460 3696 499 causam

2102 524 2271 579 dicis:
2297 527 2354 581 Si
2380 528 2503 599 quis
2536 528 2657 582 vult
2684 530 2874 585 venire
2898 534 3026 603 post
3057 547 3163 600 me,
3196 533 3437 603 abnegat
3485 536 3698 588 semet-

2100 613 2285 685 ipsum
2302 612 2532 682 (Matth.
2573 632 2689 680 xw,
2723 619 2810 685 24)
2840 618 2851 670 l
2888 618 3017 685 imo,
3053 619 3302 687 Domine,
3331 619 3447 689 jam
3501 636 3693 692 cogor,

2100 702 2281 757 dicere
2308 702 2482 773 (salvo
2514 705 2684 759 verbo
2715 704 2829 778 tuo)
2852 708 2993 776 quod
3028 708 3204 762 nullus
3235 709 3586 780 semetipsum
3606 725 3699 763 va-

2096 789 2525 863 leatabnegare.
2587 791 2877 860 Quomodo
2937 796 3079 852 enim
3142 813 3202 852 se
3258 796 3571 870 abnegabit,
3605 797 3696 868 qui

2096 895 2369 949 nunquam
2402 880 2604 952 aliquid
2632 882 2772 952 juris
2802 882 2852 937 in
2884 899 2943 939 se
2974 884 3204 939 habuit?
3262 886 3390 951 Sed,
3443 885 3695 951 Domine,

2096 966 2152 1022 in
2196 970 2299 1024 hoc
2329 970 2495 1024 verbo
2526 971 2763 1025 ostendis
2792 972 3086 1027 maximam
3112 973 3494 1044 gratitudinem
3527 983 3694 1042 tuam,

2096 1065 2153 1111 ut
2182 1057 2285 1113 hoc
2314 1058 2443 1112 tanti
2474 1059 2711 1115 aestimes
2736 1068 2792 1115 ut
2822 1062 3125 1134 quicunque
3155 1062 3207 1117 in
3238 1079 3295 1118 se
3326 1062 3431 1118 sibi
3490 1062 3697 1136 aliquid

2090 1146 2225 1215 juris
2252 1157 2624 1218 usurpaverat,
2656 1148 2882 1205 ulterius
2910 1166 2967 1206 se
2998 1150 3095 1205 tibi
3126 1168 3318 1221 rapere
3347 1168 3457 1207 non
3512 1159 3691 1207 atten-

2098 1240 2189 1289 tet.
2225 1236 2305 1290 Da
2335 1234 2487 1305 mihi,
2521 1238 2772 1308 Domine,
2804 1246 2862 1294 ut
2891 1256 2978 1294 me
3006 1239 3293 1310 abnegam,
3329 1240 3439 1295 imo
3478 1246 3534 1295 ut
3562 1240 3692 1295 red-

2096 1322 2222 1377 dam
2254 1325 2398 1394 quod
2419 1326 2568 1396 rapui
2601 1326 2881 1384 violenter.
2913 1328 3185 1383 Debemus
3205 1337 3383 1384 autem
3396 1328 3693 1384 secundum

2097 1412 2277 1481 legem
2307 1413 2546 1469 ablatum
2575 1416 2804 1471 reddere
2834 1417 2889 1471 in
2920 1416 3277 1487 quadruplum
3312 1419 3330 1485 (
3338 1418 3382 1473 ιι
3420 1417 3555 1490 Reg.
3587 1433 3690 1483 xu,

2099 1502 2171 1569 6),
2205 1510 2263 1555 ut
2292 1518 2401 1556 non
2432 1503 2608 1558 solum
2640 1520 2757 1572 nos,
2790 1505 2884 1560 sed
2917 1514 2970 1560 et
2999 1514 3180 1561 nostra
3211 1506 3521 1574 reddamus,
3581 1507 3694 1563 sci-

2097 1589 2223 1644 licet
2252 1592 2535 1660 naturalia,
2572 1593 2789 1648 fortuita
2820 1602 2872 1650 et
2901 1595 3162 1666 gratuita.
3217 1595 3497 1651 Naturalia
3550 1603 3693 1663 sunt,

2023 1700 2075 1759 B
2108 1695 2228 1748 quae
2259 1681 2619 1735 communiter
2648 1690 2837 1737 natura
2866 1683 3119 1738 omnibus
3152 1683 3461 1739 hominibus
3517 1684 3700 1738 admi-

2106 1768 2326 1832 nistrat;
2362 1770 2608 1840 quaedam
2646 1771 2699 1824 in
2730 1772 2910 1826 anima
2938 1779 3165 1843 tantum,
3197 1781 3254 1826 ut
3312 1773 3612 1828 intellectus
3650 1782 3700 1827 et

2107 1856 2363 1921 affectus;
2399 1860 2646 1928 quaedam
2703 1861 2757 1914 in
2814 1876 3063 1931 corpore,
3096 1862 3369 1917 mediante
3416 1863 3614 1926 anima,
3648 1869 3705 1916 ut

2108 1946 2344 2018 quinque
2374 1962 2569 2002 sensus
2598 1948 2904 2004 interiores.
2938 1950 3249 2005 Reddamus
3304 1966 3434 2022 ergo
3490 1949 3704 2006 intelle-

2106 2042 2271 2102 ctum,
2305 2037 2397 2090 sed
2430 2053 2583 2091 suum
2606 2038 2880 2109 preprium
2912 2039 3296 2109 relinquentes,
3323 2040 3422 2110 qui
3452 2054 3550 2094 nos
3568 2040 3711 2093 mul-

2109 2130 2221 2177 tum
2249 2141 2280 2178 a
2310 2124 2620 2197 cognitione
2652 2127 2888 2181 veritatis
2927 2126 3207 2199 impendit.
3268 2128 3514 2195 Quandiu
3561 2128 3708 2182 enim

2106 2212 2272 2267 homo
2303 2229 2463 2268 sensu
2494 2230 2595 2269 suo
2628 2214 2704 2269 ita.
2732 2215 2973 2270 innititur
3001 2223 3055 2269 ut
3087 2215 3156 2270 ab
3186 2232 3251 2271 eo
3308 2216 3557 2272 recedere
3603 2231 3707 2272 no-

2108 2301 2225 2368 luit,
2256 2302 2345 2357 vix
2376 2319 2596 2357 sensum
2627 2303 2849 2360 alterius
2871 2290 3343 2377 quantumcunque
3383 2305 3707 2361 rationalem

2094 2392 2488 2462 .apprehendit.
2529 2392 2858 2449 Faciendum
2889 2394 3056 2467 igitur
3084 2402 3165 2449 est
3195 2394 3490 2450 secundum
3549 2396 3706 2464 Apo-

2108 2480 2337 2536 stolum:
2365 2482 2859 2553 Quicunqueinter
2872 2500 2959 2540 vos
2979 2485 3205 2555 sapiens
3241 2500 3358 2539 esse
3390 2485 3531 2551 vult,
3557 2485 3706 2540 stul-

2112 2573 2222 2635 tus,
2237 2572 2369 2640 fiat,
2396 2572 2701 2642 uts'rpiens
2719 2572 2793 2627 sit
2813 2573 2861 2641 (Ι
2876 2571 2998 2628 Cor.
3024 2588 3102 2640 in,
3124 2573 3231 2641 18).
3259 2573 3315 2628 Si
3347 2573 3489 2627 enim
3521 2571 3704 2626 humi-

2109 2658 2233 2712 liter
2259 2674 2316 2713 se
2346 2659 2566 2714 stultum
2596 2669 2867 2731 reputaret
2922 2662 2990 2716 ad
3047 2670 3276 2732 tempus,
3339 2670 3463 2717 tunc
3517 2677 3705 2716 veram

2108 2747 2431 2818 sapientiam
2462 2764 2492 2802 a
2523 2755 2596 2814 te,
2627 2749 2741 2803 sive
2771 2765 2804 2804 a
2834 2750 2937 2804 tuis
2967 2751 3374 2821 apprehendere
3406 2760 3456 2805 te
3490 2760 3702 2819 posset,

2106 2836 2234 2906 quia
2289 2836 2384 2893 ubi
2439 2837 2758 2904 humilitas,
2805 2840 2884 2895 ibi
2930 2840 3220 2911 sapientia
3276 2840 3460 2909 (Prov.
3495 2855 3571 2907 x1,
3626 2840 3702 2909 2).

2105 2924 2302 2978 Paulus
2343 2925 2493 2980 enim
2551 2927 2787 2981 creditur
2843 2927 3100 2983 didicisse
3184 2929 3547 3000 Evangelium
3652 2928 3709 2983 in

2028 3055 2077 3118 Ο
2108 3011 2214 3066 illis
2281 3012 2450 3067 tribus
2499 3014 2709 3083 diebus,
2769 3032 2892 3072 cum
2950 3032 3128 3072 caecus
3162 3024 3305 3071 esset
3341 3015 3489 3086 (Act.
3521 3032 3596 3081 Ix,
3631 3020 3708 3086 9).

2110 3100 2425 3157 Reddamus
2448 3104 2609 3157 etiam
2641 3102 2893 3160 affectum
2925 3106 3063 3171 Deo,
3099 3121 3317 3175 semper
3333 3105 3712 3176 postponendo

2106 3199 2348 3245 nostram
2377 3192 2709 3247 voluntatem
2740 3194 3001 3249 voluntati
3032 3193 3253 3263 divinae,
3286 3202 3339 3247 et
3394 3194 3629 3247 maxime
3658 3193 3715 3247 in

2106 3279 2351 3335 oratione
2382 3289 2582 3346 nostra,
2616 3283 2742 3354 quia
2772 3283 2823 3335 in
2854 3282 2999 3337 omni
3059 3283 3301 3337 oratione
3354 3290 3552 3337 nostra:
3602 3282 3713 3335 uti-

2106 3368 2239 3422 litati
2272 3385 2427 3423 suam
2454 3370 2717 3425 debemus
2740 3387 3065 3442 praeponere
3094 3371 3449 3436 voluntatem,
3484 3370 3594 3425 imo
3617 3386 3713 3424 sua

2109 3458 2377 3526 voluntas,
2412 3460 2460 3513 si
2491 3475 2555 3513 ea
2588 3468 2734 3514 recte
2765 3460 2981 3526 utimur,
3016 3476 3234 3528 semper
3263 3466 3557 3513 estnostra
3601 3457 3711 3511 uti-

2108 3545 2249 3600 litas.
2285 3546 2440 3617 Saepe
2474 3558 2654 3602 autem
2686 3548 2831 3602 venit
2874 3548 2940 3602 de
2973 3548 3192 3618 proprio
3222 3563 3382 3601 sensu
3430 3546 3557 3617 quia
3602 3561 3712 3601 non

2108 3635 2378 3689 credimus
2420 3637 2636 3690 Domini
2700 3637 3031 3691 voluntatem
3077 3652 3196 3691 esse
3252 3636 3515 3708 quidquid
3572 3635 3713 3690 circa

2110 3738 2208 3777 nos
2239 3724 2522 3797 contingit,
2554 3735 2607 3780 et
2634 3725 2705 3779 ita
2735 3724 3007 3779 abutimur
3035 3740 3120 3790 ea,
3152 3725 3330 3779 minus
3359 3733 3511 3796 grate
3533 3724 3709 3780 susci-

2111 3812 2327 3882 piendo,
2363 3814 2501 3867 sicut
2531 3815 2663 3870 dicit
2691 3814 3023 3886 Augustinus
3055 3815 3120 3881 (ι.
3154 3831 3184 3867 x
3213 3815 3461 3885 Con/ess.
3487 3814 3665 3883 v1,?.6)
3693 3826 3706 3866 :

2117 3922 2136 3949 ι
2173 3901 2421 3973 Optimus
2451 3903 2541 3959 ille
2574 3912 2695 3958 tuus
2728 3904 2970 3957 minister
2998 3908 3077 3957 est
3107 3902 3196 3973 qui
3222 3919 3327 3957 non
3352 3904 3503 3958 hoca
3532 3911 3582 3956 te
3611 3918 3709 3956 au-

2110 3991 2228 4045 dire
2253 3991 2522 4047 desiderat
2552 3992 2694 4061 quod
2726 3992 2840 4063 ipse
2871 3992 3119 4058 voluerit,
3142 3990 3237 4046 sed
3259 3992 3362 4046 hoc
3391 3991 3531 4065 velle
3561 3990 3710 4063 quod

2109 4096 2139 4135 a
2171 4089 2219 4135 te
2250 4080 2457 4136 audiet.
2499 4104 2519 4130 n
2559 4080 2666 4136 Sed
2697 4095 2820 4137 cum
2853 4081 2935 4135 his
2963 4080 3195 4147 duobus,
3236 4080 3440 4134 scilicet
3491 4078 3711 4134 intelle-

2110 4178 2197 4225 ctu
2222 4177 2276 4225 et
2301 4169 2516 4235 aﬁ‘ectu,
2549 4178 2603 4224 et
2633 4170 2870 4242 quinque
2899 4185 3090 4225 sensus
3147 4169 3447 4224 exteriores
3503 4167 3707 4223 redda-

2112 4276 2249 4327 mus,
2285 4259 2663 4315 mortiﬁcando
2696 4274 2790 4314 eos
2828 4259 2896 4314 ab
2959 4258 3211 4314 omnibus
3265 4257 3607 4325 vanitatibus,
3660 4265 3712 4312 et

2111 4349 2177 4403 ad
2209 4355 2359 4401 tuum
2390 4347 2714 4418 obsequium
2745 4348 3136 4414 convertendo,
3164 4346 3286 4417 jam
3315 4345 3711 4416 aliquantulum

405 4436 689 4508 intelligat.
725 4433 966 4504 Septima
995 4446 1124 4486 vero
1154 4445 1320 4486 causa
1348 4429 1573 4484 deberet
1624 4429 1861 4482 maxime
1904 4442 2001 4483 nos
2029 4413 2082 4474 D
2113 4438 2373 4492 habemus
2400 4436 2469 4492 de
2499 4413 2673 4507 ριῖίιῃδ
2695 4445 2844 4507 parte
2873 4453 3035 4506 quam
3091 4413 3380 4491 nobiscum
3411 4413 3710 4505 'abnegare

405 4536 604 4591 urgere
631 4538 643 4582 ;
668 4517 945 4573 scilicetut
967 4514 1060 4570 tibi
1082 4513 1230 4570 vices
1262 4513 1611 4569 redderemus
1638 4513 1749 4567 sive
1778 4527 2001 4583 respon-

404 4608 655 4663 deremus
683 4604 809 4676 quia
836 4620 978 4675 puer
998 4607 1175 4659 natus
1198 4607 1281 4659 est
1300 4602 1473 4666 nobis,
1489 4603 1543 4657 et
1553 4602 1888 4670 ﬁliusdatus
1917 4604 2001 4656 est

405 4697 560 4752 nobis
590 4694 741 4765 (Isai.
777 4709 852 4760 Ix,
887 4694 971 4764 6);
1035 4692 1125 4764 qui
1171 4693 1270 4747 das
1301 4691 1537 4762 quotidie
1569 4698 1619 4745 te
1652 4690 1808 4744 nobis
1835 4689 1887 4743 in
1918 4689 2000 4744 ci-

404 4785 555 4851 bum,
587 4787 641 4839 et
674 4782 892 4836 tandem
921 4781 1078 4835 dabis
1108 4789 1159 4836 te
1188 4780 1346 4835 nobis
1374 4781 1428 4834 in
1485 4779 1787 4850 praemium,
1848 4787 1901 4834 et
1948 4779 2001 4833 in

407 4871 716 4927 mercedem
746 4885 1002 4941 magnam
1041 4869 1226 4923 nimis.
1286 4868 1536 4937 Domine,
1596 4868 1723 4937 quid
1780 4867 1999 4941 dignum

405 4959 601 5031 poterit
630 4974 751 5014 esse
782 4958 941 5012 tantis
966 4956 1247 5012 beneficiis
1277 4957 1381 5011 tuis
1402 4958 1430 5010 Ὺ
1460 4954 1599 5025 Quid
1630 4956 1699 5011 ad
1750 4956 1856 5011 hoc
1912 4956 2001 5010 di-

404 5062 571 5120 gnum
601 5046 901 5117 poterimus
930 5044 1101 5100 dare?
1133 5047 1219 5099 An
1250 5052 1465 5115 oportet
1492 5044 1693 5116 aliquid
1723 5053 1919 5114 praeter
1947 5044 2000 5097 id

401 5160 501 5203 nos
529 5141 739 5215 penitus
751 5141 1022 5213 abnegare
1034 5149 1086 5195 et
1099 5140 1193 5194 tibi
1206 5140 1360 5205 dare,
1376 5141 1708 5211 dulcissime,
1728 5141 1960 5196 Domine
1972 5142 2000 5193 ‘2

405 5243 460 5300 Si
492 5258 627 5297 unus
656 5240 820 5296 homo
852 5246 991 5294 esset
1049 5238 1177 5293 tanti
1235 5238 1423 5313 quanti
1479 5254 1666 5295 omnes
1720 5247 1998 5307 creatura,

404 5356 539 5412 quas
566 5354 804 5413 unquam
839 5336 1035 5403 fecisti,
1069 5340 1299 5406 quantus
1327 5345 1486 5402 esset,
1520 5337 1561 5391 si
1592 5337 1745 5393 daret
1799 5353 1856 5393 se
1912 5346 1999 5393 to-

404 5446 516 5494 tum
549 5436 664 5506 tibi,
698 5435 787 5506 qui
819 5433 1015 5490 dedisti
1046 5441 1095 5488 te
1142 5441 1311 5489 totum
1339 5433 1522 5503 nobis,
1577 5435 1733 5508 cujus
1788 5435 2002 5493 bonitas

401 5536 459 5602 in
487 5533 752 5600 inﬁnitum
780 5530 1202 5613 praeponderat?
1259 5532 1351 5611 qui
1405 5549 1464 5596 se
1510 5540 1666 5613 putat
1715 5533 1999 5601 meliorem

2112 4527 2394 4593 debemus,
2428 4526 2632 4581 scilicet
2660 4525 2730 4582 de
2759 4525 3096 4579 naturalibus
3126 4524 3300 4579 bonis.
3319 4524 3571 4579 Secunda
3584 4538 3710 4594 pars

2111 4624 2235 4671 sunt
2267 4615 2506 4682 fortuita,
2540 4631 2661 4684 quae
2690 4615 2871 4670 dicere
2916 4630 3209 4684 possumus
3262 4612 3597 4683 temporalia,
3655 4619 3709 4665 et

2112 4706 2333 4760 amicos.
2368 4702 2507 4760 Hmc
2533 4705 2677 4758 enim
2708 4703 2894 4758 omnia
2924 4702 3186 4759 calcanda
3239 4710 3383 4769 sunt,
3415 4716 3485 4756 ne
3528 4700 3707 4771 impe-

2110 4794 2261 4848 diant
2292 4801 2439 4847 tuum
2466 4808 2733 4847 amorem.
2778 4814 2799 4841 «
2834 4793 3009 4846 Minus
3034 4792 3177 4846 enim
3209 4798 3354 4845 amat
3383 4798 3456 4857 te,
3490 4789 3579 4860 qui
3630 4797 3706 4844 te-

2111 4898 2233 4936 cum
2265 4881 2470 4952 aliquid
2501 4888 2666 4947 amat,
2699 4881 2846 4952 quod
2874 4896 2985 4936 non
3038 4887 3261 4951 prepter
3318 4886 3366 4933 te
3423 4885 3589 4944 amat,
3648 4884 3708 4931 ut

2109 4971 2242 5026 dicit
2273 4970 2634 5043 Augustinus.
2681 4993 2701 5017 n
2734 4970 2905 5025 Valde
2937 4970 3165 5024 deberet
3194 4968 3356 5022 homo
3410 4966 3705 5037 indignari,

2111 5059 2338 5130 diligere
2371 5059 2585 5114 modica
2614 5075 2777 5131 quem
2837 5066 2998 5113 tantas
3056 5057 3336 5130 dignitatis
3395 5054 3592 5123 fecisti,
3650 5063 3710 5110 ut

2111 5150 2160 5205 ei
2190 5150 2353 5205 liceat
2381 5156 2432 5204 te
2461 5163 2666 5203 amare.
2719 5148 2996 5204 Occultius
3049 5155 3230 5202 autem
3286 5152 3447 5201 nocet
3504 5144 3710 5199 nimius

2111 5254 2266 5294 amor
2293 5237 2594 5294 amicorum
2625 5253 2785 5309 quam
2820 5236 3223 5309 temporalium,
3282 5234 3408 5306 quia
3468 5233 3604 5306 tegit
3650 5247 3711 5288 se

2112 5335 2379 5390 velamine
2409 5334 2705 5400 charitatis,
2739 5334 2810 5388 ita
2839 5331 2984 5404 quod
3014 5347 3158 5401 saepe
3188 5337 3337 5400 putet
3367 5327 3535 5383 homo
3582 5326 3709 5382 cha-

2109 5433 2320 5489 ritatem
2349 5450 2469 5490 esse
2499 5431 2643 5506 quod
2673 5432 2894 5488 dilectio
2922 5437 3001 5486 est
3028 5428 3277 5498 carnalis,
3311 5442 3430 5498 quae
3476 5426 3551 5482 ita
3579 5423 3707 5481 dul-

2109 5532 2243 5596 citer
2269 5535 2323 5597 et
2352 5531 2589 5597 suaviter
2615 5537 2855 5591 mentem
2884 5527 3155 5606 captivam
3185 5530 3350 5599 tenet,
3409 5521 3554 5603 quod
3602 5536 3707 5589 ne-
