4036 6072
242 271 345 327 9.97

1131 266 1393 326 SPURIA.
1421 298 1489 308 -
1519 268 1644 322 LIB.
1686 266 1779 322 DE
1820 262 2371 322 MENSURATIONE
2409 264 2672 323 CRUCIS.

3461 278 3559 330 298

245 397 379 451 sciat
411 396 573 450 homo
604 412 765 464 quam
808 394 954 449 duris
1000 394 1229 452 vinculis
1274 394 1433 449 fuerit
1473 393 1694 463 ligatus,
1745 391 1849 445 nisi
1880 390 1934 450 Α
1965 405 2181 445 onmem
2211 390 2428 446 excedis
2457 391 2835 460 humilitatem,
2868 392 2954 449 cui
2984 394 3028 449 si
3077 395 3306 453 velimus
3334 399 3560 456 similari

246 493 541 556 postquam
590 483 758 538 fuerit
810 483 1105 538 absolutus.
1159 484 1248 537 Sic
1282 490 1448 537 totum
1494 497 1588 535 cor
1617 488 1854 535 nostrum

250 582 341 630 tuo
373 574 638 629 debemus
667 571 858 637 amori,
890 580 947 625 ut
978 571 1239 645 quidquid
1270 571 1339 625 de
1366 586 1430 624 eo
1462 568 1613 624 alteri
1645 570 1855 637 damus,

253 664 349 719 tibi
375 662 802 717 subtrahamus‘?
838 661 1214 715 Necessarium
1260 676 1392 731 ergo
1444 668 1523 713 est
1570 667 1626 711 ut
1655 658 1856 728 onmia,

253 769 376 823 quae
408 752 628 806 fortuna
654 751 809 804 nobis
839 748 993 805 offert
1028 748 1328 820 diligenda,
1363 748 1479 804 sive
1525 764 1612 802 res
1643 754 1860 815 tempo-

250 842 415 909 rales,
447 841 561 895 sive
593 840 1058 907 amicos,pr0pter
1089 846 1136 891 te
1157 836 1515 906 abnegemus.
1536 835 1713 889 Tertia
1736 850 1862 904 pars

250 928 603 984 restitutionis
632 934 753 981 sunt
801 927 1054 997 gratuita,
1102 926 1303 980 scilicet
1351 926 1596 989 virtutes,
1646 939 1780 994 quas
1809 922 1863 975 in

254 1018 464 1072 fontem
497 1034 656 1071 suum
689 1015 904 1086 penitus
934 1015 1219 1069 refundere
1239 1014 1518 1079 debemus,
1540 1011 1673 1065 nihil
1693 1027 1760 1066 ex
1782 1010 1865 1063 his

254 1107 413 1160 nobis
448 1104 790 1171 ascribendo,
840 1105 935 1158 sed
966 1103 1080 1173 tibi,
1110 1118 1266 1174 aquo
1296 1118 1462 1157 omne
1491 1102 1701 1157 donum
1730 1115 1864 1171 pcr-

254 1198 473 1267 [ectum
502 1195 640 1262 (Jac.
668 1210 705 1257 ι,
733 1194 841 1259 17),
876 1208 975 1261 pro
1006 1191 1083 1245 eis
1103 1199 1289 1261 grates
1320 1189 1619 1245 referendo.
1655 1188 1713 1243 Si
1743 1203 1866 1241 om-

257 1284 369 1350 nia,
421 1297 541 1351 quae
590 1281 643 1335 in
694 1280 775 1333 his
826 1280 1009 1337 tribus:
1064 1279 1267 1333 scilicet
1315 1278 1470 1333 bonis
1511 1277 1846 1332 naturalibus

260 1372 498 1427 fortuitis
541 1378 592 1424 et
640 1369 906 1443 gratuitis,
962 1368 1327 1433 inveniuntur,
1378 1367 1739 1438 abnegamus,
1774 1383 1872 1423 ros

260 1462 357 1518 tibi
390 1460 538 1531 quod
573 1458 938 1512 fraudavimus
996 1457 1049 1509 in
1107 1456 1471 1525 quadruplum
1520 1456 1868 1523 restituimus,

257 1560 310 1607 et
340 1550 445 1604 hoc
474 1547 541 1600 sit
572 1546 727 1600 nobis
755 1545 970 1599 initium
1004 1546 1136 1600 vitae
1167 1544 1451 1614 perfectae,
1504 1544 1582 1599 sic
1630 1552 1871 1600 nosmet-

258 1640 409 1710 ipsos
438 1636 656 1707 penitus
685 1634 981 1705 abnegare.

940 1722 1162 1778 CAPUT
1204 1723 1266 1775 ν.

367 1814 766 1871 Excutiuntur
802 1811 969 1868 verba
1001 1809 1125 1875 illa,
1164 1811 1315 1864 tollat
1344 1825 1559 1865 crucem
1588 1827 1761 1865 suam.

331 1904 533 1973 Quinto
563 1901 961 1957 consideratum
984 1906 1061 1954 est
1091 1899 1252 1968 quale
1310 1899 1550 1953 medium
1587 1900 1876 1969 perfectio—

259 1993 345 2047 nis
374 1993 445 2046 sit
474 1990 629 2046 nobis
654 1988 1015 2059 propositum,
1064 1994 1121 2042 ut
1166 1986 1504 2041 ambulemus
1552 2004 1651 2056 per
1678 1988 1875 2056 ipsum,

256 2081 467 2137 scilicet
496 2088 554 2133 ut
582 2093 802 2132 erucem
834 2084 1078 2131 nostram
1113 2075 1385 2129 tollamus.
1442 2076 1583 2128 Crux
1632 2084 1809 2129 autem
1846 2089 1880 2129 a

254 2170 497 2226 cruciatu
526 2167 741 2223 dicitur.
793 2164 1046 2230 Domine,
1099 2163 1146 2216 si
1196 2179 1409 2217 crucem
1456 2171 1696 2217 nostram
1728 2170 1878 2217 tuum

260 2256 542 2313 servitium
574 2256 837 2321 dicerem,
869 2252 1169 2307 secundum
1200 2250 1512 2320 opinionem
1558 2267 1743 2306 eorum
1775 2252 1879 2305 hoc

256 2346 623 2417 intelligerent
658 2343 748 2412 qui
767 2342 1011 2396 nesciunt
1044 2340 1298 2409 quoniam
1319 2339 1513 2409 jugum
1548 2347 1697 2393 tuum
1718 2355 1882 2394 suave

261 2442 361 2499 est,
394 2442 449 2488 et
481 2449 616 2487 onus
646 2440 792 2485 tuum
826 2430 947 2483 leve
978 2428 1203 2497 (Matth.
1246 2444 1329 2494 x1,
1373 2428 1483 2495 30),
1515 2444 1617 2483 nec
1647 2428 1883 2482 sentiunt

263 2539 426 2593 quam
462 2523 635 2576 bonus
666 2528 719 2573 et
749 2535 911 2588 quam
941 2517 1125 2571 suavis
1144 2524 1263 2570 tuus
1287 2516 1356 2569 sit
1387 2517 1607 2585 spiritus
1628 2516 1681 2569 in
1700 2516 1877 2571 nobis.

265 2612 405 2667 Dico
434 2618 611 2663 autem
646 2623 857 2662 erucem
891 2621 1009 2660 esse
1039 2604 1341 2660 cruciatum
1367 2604 1567 2669 cordis,
1620 2620 1780 2673 quem
1812 2604 1880 2657 de

266 2701 371 2754 hoc
401 2698 608 2752 habere
638 2696 905 2751 debemus
936 2694 1082 2763 quod
1111 2708 1220 2747 non
1248 2709 1433 2746 sumus
1482 2692 1557 2747 ita
1604 2690 1798 2746 fideles
1828 2700 1881 2746 et

263 2786 539 2843 ferventes
570 2785 625 2838 in
654 2783 802 2839 omni
833 2782 1051 2837 servitio
1084 2789 1173 2835 tuo
1206 2789 1257 2835 et
1291 2781 1454 2835 laude
1485 2784 1578 2835 tua
1608 2784 1671 2835 ut
1704 2780 1878 2834 debe-

260 2891 468 2931 remus.
502 2875 631 2927 Hacc
660 2888 794 2927 crux
846 2871 1009 2925 habet
1042 2869 1462 2940 longitudinem,
1518 2868 1878 2937 latitudinem,

257 2962 675 3026 sublimitatem,
709 2968 870 3029 atque
899 2957 1249 3028 profundum.
1298 2956 1568 3010 Debemus
1618 2972 1748 3027 ergo
1780 2958 1881 3010 ha-

261 3054 393 3108 bere
443 3050 765 3111 cruciatum,
817 3063 881 3102 eo
924 3046 1068 3116 quod
1112 3060 1223 3099 non
1276 3052 1480 3099 tantum
1538 3044 1884 3099 humiliamur

256 3148 317 3196 ut
346 3139 697 3204 deberemus,
732 3144 785 3191 et
843 3137 944 3190 hoc
999 3140 1077 3189 est
1126 3132 1454 3204 profundum
1514 3133 1706 3187 crucis.
1758 3134 1881 3187 Non

258 3234 469 3285 tantum
502 3242 749 3281 amamus
779 3232 832 3279 et
862 3223 1173 3290 laudamus,
1207 3229 1465 3291 quantum
1522 3221 1737 3276 bonitas
1796 3229 1882 3275 tua

258 3316 456 3388 exigit,
490 3323 543 3369 et
571 3316 672 3369 hac
703 3321 789 3368 est
818 3312 1155 3367 sublimitas.
1196 3312 1318 3365 Non
1346 3326 1530 3365 sumus
1561 3317 1671 3364 tam
1694 3308 1883 3364 ﬁdeles

255 3415 317 3461 ut
337 3405 692 3469 deberemus,
725 3409 777 3456 et
806 3402 925 3455 haec
955 3407 1036 3455 est
1063 3399 1308 3453 latitudo.
1337 3398 1496 3465 Quod
1527 3414 1635 3453 non
1666 3413 1886 3466 semper

258 3493 662 3555 continuamus,
695 3504 796 3545 nec
843 3489 1059 3543 laudem
1116 3494 1257 3542 tuam
1299 3487 1520 3556 copiose
1552 3486 1880 3553 extollimus,

260 3598 365 3637 nec
390 3580 464 3635 ab
494 3577 814 3633 inﬁdelitate
846 3584 956 3632 toto
989 3576 1105 3629 nisu
1137 3574 1444 3629 desistimus
1474 3592 1485 3636 ;
1538 3582 1591 3629 et
1634 3575 1753 3629 haec
1802 3582 1886 3629 est

262 3669 576 3741 longitudo.
611 3667 691 3721 Ad
721 3664 1047 3736 profundum
1071 3663 1389 3717 humilitatis
1409 3662 1557 3734 cogit
1588 3679 1686 3717 nos
1705 3664 1885 3733 primo

263 3758 491 3830 propria
520 3754 797 3824 cognitio;
830 3753 959 3807 satis
989 3752 1133 3806 enim
1165 3760 1246 3807 est
1276 3751 1502 3817 homini,
1558 3752 1628 3805 ad
1660 3752 1883 3805 humili-

264 3855 455 3910 tatem,
490 3857 822 3915 cognoscere
851 3840 1114 3910 seipsum,
1150 3839 1388 3893 maxime
1439 3838 1485 3892 si
1534 3840 1888 3894 recordamur

266 3934 614 4004 iniquitatum
659 3938 958 3985 nostrarum
1010 3928 1372 3998 antiquarum,
1426 3927 1549 3995 quia
1596 3927 1780 3996 inique
1830 3937 1883 3983 tu

260 4029 560 4091 conspectu
594 4027 682 4073 tuo
712 4016 942 4087 egimus,
972 4016 1119 4070 Deus
1150 4031 1320 4082 meus,
1375 4015 1501 4085 quia
1545 4031 1740 4070 revera
1772 4025 1883 4071 tam

262 4111 447 4167 ﬁdelis
480 4106 639 4163 nobis
669 4123 725 4161 es
755 4106 898 4175 quod
930 4104 1093 4159 etiam
1122 4105 1175 4157 in
1206 4103 1444 4174 peccatis
1475 4103 1631 4159 nobis
1652 4104 1881 4158 existen-

264 4200 414 4255 tibus
442 4203 669 4267 peccata
698 4194 1001 4261 dimittere,
1034 4200 1087 4246 et
1115 4192 1352 4262 gratiam
1385 4200 1527 4246 tuam
1561 4198 1665 4246 tam
1699 4192 1878 4246 abun-

265 4290 481 4350 danter,
516 4284 655 4338 sicut
684 4282 965 4348 vellemus,
998 4281 1182 4353 largiri
1241 4288 1323 4335 est
1369 4289 1611 4351 paratus.
1667 4279 1879 4349 Quanto

268 4377 487 4446 majora
534 4372 653 4441 quis
699 4371 766 4425 de
813 4379 865 4425 te
908 4368 1205 4439 praesumit,
1258 4377 1405 4423 tanto
1453 4369 1630 4441 magis
1660 4385 1879 4425 necesse

1964 495 2181 533 necesse
2212 478 2475 533 habemus
2520 480 2809 534 humiliari.
2861 483 3017 549 Item,
3072 484 3217 553 quod
3269 486 3407 543 adeo
3450 498 3565 545 tam

1967 566 2153 637 frigidi
2178 584 2360 621 sumus
2389 576 2445 621 ut
2476 583 2575 623 nec
2604 584 2809 637 amore,
2843 586 2942 624 uec
2972 571 3150 639 laude,
3176 589 3275 630 uec
3304 575 3356 629 in
3387 577 3568 647 aliquo

1968 656 2297 725 respondere.
2346 664 2449 711 tum
2499 656 2721 712 bonitati
2774 673 3084 728 possumus.
3135 662 3259 718 Haec
3306 672 3358 718 et
3407 666 3576 722 multa

1971 744 2095 811 alia,
2143 761 2263 813 qua:
2312 745 2486 816 magis
2532 748 2841 801 communia
2884 756 3026 816 sunt,
3087 750 3155 803 ad
3209 753 3573 809 humilitatem

1971 833 2131 887 nobis
2161 831 2444 900 sufficiunt,
2475 834 2584 887 imo
2614 835 2884 904 superbiae
2913 836 3118 891 nullum
3174 840 3350 895 locum
3402 842 3572 897 relin-

1972 929 2157 989 quunt.
2192 920 2361 975 Valde
2389 930 2569 976 autem
2599 926 2897 978 necessaria
2927 933 3005 979 est
3035 927 3191 981 nobis
3232 930 3572 998 profunditas

1973 1009 2290 1063 humilitatis
2318 1010 2387 1063 ad
2420 1018 2565 1063 tuam
2604 1011 3007 1079 sublimitatem,
3041 1016 3167 1083 quia
3215 1028 3417 1088 quanto
3449 1024 3569 1093 quis

1973 1114 2031 1153 se
2060 1105 2268 1168 reputat
2297 1098 2686 1169 indigniorem,
2723 1108 2865 1155 tanto
2887 1104 3063 1173 magis
3090 1114 3278 1175 gratus
3306 1117 3385 1163 est
3406 1110 3575 1168 bene-

1974 1185 2140 1247 ﬁciis;
2174 1194 2223 1239 et
2253 1194 2453 1255 quanto
2482 1188 2706 1257 gratior,
2740 1196 2886 1243 tanto
2917 1192 3091 1262 magis
3119 1193 3474 1262 laudabilior;
3518 1211 3571 1256 et

1978 1274 2068 1346 qui
2090 1273 2323 1328 maxime
2353 1283 2540 1345 gratus
2569 1285 2668 1343 est,
2703 1277 2939 1332 maxime
2969 1287 3017 1332 te
3046 1278 3304 1338 laudabit.
3354 1287 3434 1341 Da
3465 1290 3575 1360 igi-

1981 1372 2067 1417 tur
2095 1362 2270 1427 nobis,
2302 1364 2552 1429 Domine,
2586 1380 2776 1419 veram
2804 1365 3180 1439 humilitatem,
3241 1372 3295 1425 id
3350 1384 3450 1443 est,
3503 1379 3576 1433 ita

1979 1452 2230 1518 cruciari,
2264 1452 2409 1520 quod
2439 1451 2492 1504 in
2523 1454 2624 1507 hoc
2654 1452 2761 1506 vita
2792 1469 2897 1508 non
2928 1470 3214 1525 possumus
3242 1460 3309 1514 ad
3354 1464 3574 1532 plenum

1980 1540 2275 1605 humiliari,
2310 1539 2473 1595 utsic
2502 1541 2794 1595 habeamus
2814 1543 2986 1597 crucis
3011 1545 3363 1613 profundum.
3404 1552 3579 1609 Subli-

1986 1630 2147 1684 mitas
2176 1628 2350 1683 crucis
2381 1637 2459 1682 est
2488 1630 2710 1683 cruciari
2737 1646 2837 1699 pro
2864 1647 2930 1686 eo
2960 1635 3105 1703 quod
3137 1643 3189 1690 te
3239 1638 3307 1691 ad
3360 1639 3581 1709 plenum

1896 1744 1950 1803 Β
1986 1717 2209 1773 laudare
2239 1725 2346 1772 non
2376 1733 2665 1785 possumus
2694 1726 2745 1772 et
2767 1736 2968 1775 amare.
3004 1721 3161 1789 Quod
3187 1741 3345 1780 causa
3375 1732 3580 1786 amoris

1988 1806 2060 1862 tui
2089 1805 2370 1871 habemus,
2402 1821 2523 1875 qua}
2544 1805 2730 1877 lingua
2759 1807 2939 1863 dicere
2956 1811 3044 1864 vel
3075 1813 3584 1881 quibusintellectus

1985 1894 2214 1949 sufﬁciat
2267 1910 2484 1963 capere,
2542 1895 2748 1950 nescio.
2806 1897 2863 1950 Si
2918 1897 3119 1968 aliquid
3177 1904 3347 1973 gratis
3402 1923 3588 1964 amare

1986 1984 2251 2050 volumus,
2302 1982 2396 2037 ubi
2443 1982 2639 2038 melius
2678 2000 2840 2053 quam
2886 1986 2945 2039 in
2995 1995 3043 2041 te
3073 2003 3311 2046 amorem
3343 2002 3588 2052 nostrum

1988 2071 2290 2126 locabimus
2312 2074 2339 2123 δὲ
2372 2071 2427 2125 Si
2459 2087 2556 2141 pro
2585 2072 2914 2141 muneribus,
2948 2084 3147 2144 quanto
3193 2079 3350 2147 plura
3379 2083 3538 2139 dabis
3558 2087 3587 2139 ‘?

1990 2159 2097 2214 Sed
2129 2167 2329 2231 quanto
2359 2159 2477 2228 plus
2499 2161 2784 2229 promittis,
2822 2170 2967 2218 tanto
3005 2167 3182 2238 magis
3199 2170 3363 2238 gratis
3391 2175 3580 2242 amari,

1990 2248 2233 2307 mereris.
2294 2248 2350 2301 Si
2404 2264 2591 2303 amare
2637 2249 2888 2304 volumus
2929 2267 3023 2306 eos
3079 2255 3168 2323 qui
3227 2273 3327 2313 nos
3384 2269 3585 2331 amant,

1989 2345 2188 2407 quanto
2219 2337 2424 2405 aequius
2452 2352 2550 2391 nos
2579 2344 2631 2391 te
2660 2338 2963 2393 amabimus
2983 2342 3011 2392 ‘?
3045 2343 3106 2396 Et
3134 2344 3181 2397 si
3212 2360 3588 2415 exspectamus

1989 2432 2041 2479 et
2072 2424 2445 2479 desideramus
2472 2434 2527 2479 ut
2577 2425 2696 2495 quis
2736 2434 3052 2497 extorqueat
3099 2447 3129 2484 a
3181 2434 3340 2489 nobis
3396 2437 3584 2507 amari,

1989 2529 2169 2568 nonne
2199 2522 2251 2567 tu
2284 2529 2341 2567 es
2370 2514 2517 2566 Deus
2546 2530 2718 2582 meus,
2769 2515 2859 2586 qui
2909 2524 3020 2570 tam
3068 2520 3266 2576 crebro
3315 2524 3499 2593 pulsas
3537 2536 3591 2581 et

1990 2602 2268 2657 mendicas
2298 2603 2365 2655 ad
2392 2602 2588 2656 ostium
2619 2610 2857 2657 nostrum
2888 2604 3080 2659 dicens
3140 2625 3153 2661 :
3212 2611 3422 2679 Prwbe,
3478 2616 3587 2685 ﬁli,

1988 2708 2081 2747 cor
2107 2694 2271 2745 tuum
2288 2690 2427 2746 mihi
2443 2692 2625 2760 (Prov.
2646 2707 2800 2757 xxm,
2830 2694 2941 2762 26),
2957 2694 3066 2750 imo
3087 2703 3139 2750 et
3154 2712 3302 2770 saepe
3323 2701 3590 2771 repulsus,

1990 2787 2041 2834 te
2072 2780 2269 2834 iterum
2299 2779 2509 2849 ingeris
2537 2780 2900 2849 impudenter.
2928 2782 2984 2836 Si
3016 2799 3142 2839 vero
3198 2786 3402 2858 aliquid
3435 2791 3593 2847 volu-

1989 2884 2115 2922 mus
2174 2868 2421 2939 diligere,
2482 2868 2608 2938 quia
2665 2868 2889 2939 bonum,
2947 2887 3046 2926 cur
3118 2889 3226 2929 non
3293 2877 3473 2945 potius
3542 2888 3594 2936 te

1990 2958 2314 3010 immensum
2344 2956 2569 3025 bonum,
2603 2957 2692 3027 qui
2717 2964 2884 3013 totum
2914 2969 3161 3015 nostrum
3213 2963 3308 3018 tibi
3350 2966 3592 3023 vindicas

1992 3044 2263 3112 affectum,
2298 3053 2352 3098 ut
2386 3044 2685 3100 bonitatem
2737 3056 2880 3103 tuam
2921 3066 3165 3105 amemus
3194 3060 3245 3106 et
3272 3053 3595 3110 laudemus?

1993 3133 2048 3188 Si
2080 3148 2211 3188 vero
2264 3133 2470 3203 aliquid
2518 3134 2747 3206 dignum
2801 3138 3111 3206 judicamus
3164 3155 3349 3196 amore
3404 3126 3590 3200 nostro

1993 3221 2139 3292 quod
2192 3228 2337 3274 tanta
2384 3221 2576 3277 fecerit
2625 3239 2723 3293 pro
2773 3225 2950 3291 nobis,
2998 3242 3092 3281 cur
3132 3243 3241 3282 non
3280 3229 3595 3297 judicamus

1992 3309 2239 3363 similiter
2286 3310 2355 3363 de
2404 3317 2474 3374 te,
2527 3310 2617 3379 qui
2667 3319 2743 3364 tot
2790 3321 2843 3366 et
2891 3320 3032 3367 tanta
3062 3314 3231 3369 fecisti
3266 3333 3365 3385 pro
3408 3320 3594 3375 nobis?

1995 3397 2048 3452 Si
2082 3412 2217 3451 vero
2255 3397 2663 3451 consideramus
2708 3399 2991 3467 passiones
3046 3408 3183 3469 tuas,
3243 3411 3296 3457 tu
3354 3406 3592 3473 animam

1995 3493 2139 3539 tuam
2197 3501 2294 3556 pro
2347 3484 2504 3539 nobis
2570 3486 2946 3557 dignatissime
3002 3490 3252 3561 posuisti,
3312 3502 3369 3548 ut
3426 3502 3595 3552 totam

1993 3574 2228 3628 animam
2256 3583 2498 3630 nostram
2528 3574 2856 3644 possideres.
2891 3577 3103 3633 Inﬁnita
3159 3589 3300 3650 sunt,
3344 3583 3594 3659 Domine,

1994 3680 2115 3732 quae
2172 3679 2272 3717 nos
2328 3671 2379 3718 te
2434 3679 2619 3718 amare
2675 3666 3027 3735 compellunt,
3087 3669 3213 3739 quia
3259 3673 3595 3746 omniaquae

1993 3750 2208 3817 creasti,
2271 3759 2413 3805 tuam
2471 3753 2767 3821 praedicant
2823 3754 3141 3825 bonitatem,
3198 3775 3364 3831 quam
3412 3764 3591 3833 quiin

1993 3839 2245 3893 omnibus
2274 3855 2379 3893 non
2411 3839 2734 3911 intelligunt,
2768 3858 2875 3896 non
2906 3843 3022 3912 tibi,
3053 3847 3150 3900 sed
3193 3865 3303 3904 suae
3330 3850 3595 3921 imputem

1994 3928 2246 3983 caecitati.
2280 3928 2389 3982 Sed
2420 3930 2548 3997 quia
2579 3952 2599 3999 ᾳ
2634 3930 2886 3999 probatio
2943 3933 3269 4000 dilectionis,
3329 3940 3591 3998 exhibitio

1991 4025 2075 4072 est
2104 4016 2285 4085 operis
2317 4016 2640 4087 (Gnaeum),
2675 4038 2697 4067 ι
2732 4034 2951 4074 necesse
2984 4021 3145 4077 habet
3175 4025 3355 4079 anima
3400 4029 3480 4083 sic
3532 4048 3590 4087 se

1989 4105 2337 4161 conformare
2364 4104 2435 4156 ad
2464 4103 2809 4160 dilectionem
2859 4115 3024 4175 tuam,
3068 4118 3125 4163 ut
3153 4111 3289 4167 sicut
3336 4122 3386 4169 te
3425 4117 3592 4174 habes

1989 4194 2054 4247 ad
2086 4209 2227 4260 eam,
2261 4191 2339 4245 sic
2367 4206 2583 4260 semper
2611 4208 2667 4247 se
2697 4194 2764 4248 ad
2798 4202 2846 4248 te
2874 4195 3075 4252 habere
3104 4199 3322 4254 nitatur.
3354 4203 3589 4264 Maxime

1989 4291 2169 4337 autem
2200 4281 2253 4334 in
2304 4280 2437 4334 istis.
2488 4280 2685 4348 Primo,
2718 4283 2859 4336 sicut
2889 4290 2943 4336 tu
2975 4301 3128 4341 amas
3158 4303 3392 4360 semper,
3423 4292 3494 4348 ita
3538 4300 3593 4352 et

1986 4370 2104 4441 ipsa
2134 4384 2351 4439 semper
2378 4376 2540 4437 amet,
2574 4376 2625 4422 ct
2654 4370 2755 4424 hoc
2783 4372 3064 4428 ostendere
3111 4375 3207 4430 tibi
3263 4379 3477 4450 nitatur,
3532 4392 3592 4440 ut

271 4471 355 4521 est
384 4476 511 4517 eum
532 4459 826 4526 humiliari,
861 4458 987 4527 quia
1018 4465 1161 4511 tanto
1193 4456 1419 4526 nequius
1449 4458 1561 4528 egit
1608 4466 1793 4512 contra
1824 4466 1873 4514 te
1903 4454 1953 4514 D
1984 4474 2199 4513 onmem
2233 4456 2487 4513 affectum
2536 4474 2691 4511 suum
2740 4466 2843 4514 tute
2886 4470 3255 4532 eontemperet
3303 4468 3583 4525 voluntati.

266 4549 576 4625 peccando,
611 4555 811 4619 quanto
843 4550 899 4600 tu
945 4545 1163 4599 interim
1211 4545 1416 4617 largius
1464 4546 1513 4600 ei
1557 4545 1881 4601 benefacere

266 4637 573 4713 cogitabas.
597 4636 751 4692 Unde
800 4632 1099 4689 Bernardus
1132 4649 1144 4688 :
1181 4655 1203 4681 α
1239 4633 1451 4700 Quanto
1499 4633 1787 4705 benignius
1813 4636 1883 4689 de

269 4730 388 4793 illo,
422 4734 571 4782 tanto
599 4723 874 4795 indignius
929 4722 997 4777 de
1056 4737 1142 4776 me
1200 4721 1402 4777 sentire
1432 4737 1623 4792 cogor.
1663 4745 1684 4771 ιο
1724 4724 1880 4789 Item,

271 4817 518 4873 defectus
550 4811 848 4883 quotidiani
880 4810 1182 4875 humiliant,
1216 4825 1282 4865 eo
1312 4810 1457 4879 quod
1488 4811 1559 4864 ita
1605 4810 1882 4866 instabiles

269 4906 328 4961 in
358 4903 521 4959 laude
553 4909 640 4956 tua
671 4915 876 4968 sumus,
911 4899 1021 4953 imo
1052 4915 1324 4968 nunquam
1381 4899 1433 4952 in
1493 4899 1687 4953 eodem
1744 4907 1882 4954 statu

270 5005 690 5065 permanemus.
760 4989 971 5055 Quanto
1024 4994 1076 5041 tu
1132 4986 1372 5056 quotidie
1428 4988 1652 5056 pronior
1706 5004 1764 5043 es
1812 4987 1881 5042 ad

268 5080 696 5152 indulgendum,
772 5080 922 5131 tanto
996 5074 1120 5145 plus
1183 5075 1429 5129 humiliat
1493 5084 1680 5131 contra
1738 5084 1881 5131 tuam

269 5168 587 5238 delinquere
615 5165 933 5222 bonitatem.
966 5165 1122 5228 Item,
1156 5164 1369 5234 pondus
1397 5164 1585 5235 gratiae
1636 5164 1885 5219 humiliat

267 5264 323 5314 et
380 5255 656 5327 deprimit,
718 5269 841 5309 cum
899 5252 1307 5308 consideramus
1361 5253 1508 5323 quod
1559 5268 1623 5307 ea
1669 5252 1886 5325 indigni

268 5370 475 5421 sumus,
507 5352 600 5424 qui
634 5350 808 5423 magis
839 5350 895 5403 in
925 5349 1137 5404 inferno
1168 5365 1287 5404 esse
1316 5365 1701 5405 merueramus.
1728 5351 1880 5419 Item,

277 5451 425 5523 quod
473 5458 529 5506 tu
585 5456 787 5505 tantum
836 5446 1150 5503 humiliatus
1198 5463 1254 5503 es
1296 5462 1395 5518 pro
1444 5447 1620 5516 nobis,
1653 5448 1884 5505 Domine

270 5546 419 5609 Deus
448 5561 627 5607 meus.
684 5545 836 5611 Item,
888 5542 1034 5617 quod
1090 5542 1145 5600 in
1190 5550 1384 5601 natura
1431 5543 1729 5605 divinitatis
1779 5551 1883 5604 tuae

598 5652 877 5734 Passion.
930 5647 1144 5718 CLIX.

1990 4548 2125 4602 Sunt
2152 4555 2330 4601 autem
2363 4554 2592 4616 quatuor
2619 4546 2948 4617 affectiones,
2982 4550 3051 4604 ad
3083 4567 3219 4621 quas
3249 4554 3369 4609 alia:
3401 4558 3590 4615 reduci

1986 4643 2230 4705 possunt,
2288 4635 2495 4690 scilicet
2544 4636 2823 4706 gaudium,
2885 4637 3059 4709 dolor,
3116 4657 3244 4711 spes
3296 4652 3349 4699 et
3408 4630 3584 4706 timor.

1990 4724 2184 4778 Primze
2215 4724 2337 4777 duae
2358 4731 2480 4777 sunt
2504 4724 2648 4779 circa
2704 4725 3013 4795 praesentia,
3070 4729 3156 4784 vel
3211 4735 3502 4804 prasterita,
3537 4747 3590 4795 et

1990 4811 2112 4866 alite
2153 4812 2274 4866 dum
2323 4819 2447 4865 sunt
2494 4811 2637 4866 circa
2684 4812 2879 4868 futura.
2940 4815 3035 4871 Sic
3080 4816 3245 4888 igitur
3271 4820 3366 4876 tibi
3396 4827 3588 4880 contir-

1989 4916 2146 4954 mare
2192 4907 2401 4954 nostras
2450 4898 2767 4956 affectiones
2812 4903 3091 4973 debemus,
3143 4914 3199 4961 ut
3240 4908 3308 4964 de
3337 4914 3588 4971 omnibus

1990 5004 2111 5057 quae
2158 4987 2250 5041 tibi
2296 4988 2529 5042 adversa
2575 4998 2699 5044 sunt
2747 4992 3029 5047 timeamus
3071 5003 3123 5049 et
3172 4995 3490 5074 doleamus;
3539 5015 3593 5062 et

1992 5092 2112 5146 quae
2159 5076 2261 5130 tibi
2307 5078 2552 5145 honesta,
2607 5078 2677 5134 de
2719 5080 2802 5135 his
2848 5097 3122 5151 speremus
3148 5093 3199 5140 et
3227 5090 3588 5163 gaudeamus,

1992 5181 2180 5220 omnes
2219 5165 2354 5220 alias
2381 5165 2693 5222 affectiones
2723 5168 2791 5223 de
2821 5170 3072 5226 cordibus
3103 5176 3305 5230 nostris
3334 5160 3590 5253 effugata-

1993 5261 2092 5309 tes.
2145 5253 2355 5322 Quanta
2402 5254 2602 5309 utilitas
2664 5256 2718 5310 in
2772 5256 2877 5312 hoc
2928 5269 3070 5315 esset
3125 5264 3270 5332 quod
3322 5265 3486 5322 falsas
3539 5279 3594 5326 et

1990 5349 2208 5405 inutiles
2237 5350 2548 5407 affectiones
2597 5352 2941 5410 vitaremus?
2996 5357 3189 5428 Utique
3233 5361 3279 5416 si
3325 5365 3489 5420 homo
3536 5381 3595 5421 se

1992 5464 2119 5505 vere
2149 5449 2444 5506 secundum
2474 5450 2572 5505 has
2603 5459 2834 5522 quatuor
2876 5452 3187 5514 affectiones
3236 5460 3592 5532 examinaret,

1991 5549 2210 5626 quando
2266 5547 2476 5625 aliquos
2523 5557 2703 5609 motus
2751 5550 2994 5624 sentiret,
3047 5557 3320 5628 quomodo
3364 5564 3419 5614 tu
3468 5572 3597 5618 cum

3239 5663 3310 5733 10
