4024 6078
468 275 567 323 299

1491 259 1582 315 AD
1623 251 1863 315 oram
1903 260 1963 315 s.
2012 245 2311 313 ANSELMI
2353 255 2734 313 APPENDIX.

3662 257 3776 310 300

464 392 700 462 eriperes
724 390 750 441 ἱ)
782 386 1031 452 Domine,
1082 384 1227 439 solus
1267 383 1425 437 nosti.
1484 382 1539 436 Si
1588 382 1732 436 enim
1789 380 2055 454 originem
2085 381 2141 445 A
2171 379 2365 435 devote
2394 381 2479 435 vel
2509 382 2577 435 ad
2608 380 2785 434 minus
2806 378 3025 446 seriose,
3058 386 3116 434 ut
3145 394 3267 435 cum
3297 378 3438 433 bene
3482 378 3781 433 videamus

468 487 711 535 motuum
743 484 1048 532 nostrorum
1097 473 1387 543 diligenter
1432 471 1859 535 adverteremus,
1920 485 2063 539 saepe

470 568 833 624 inveniremus
862 579 985 617 esse
1017 560 1149 627 vitii,
1170 561 1312 631 quod
1345 559 1658 630 putavimus
1688 576 1804 614 esse
1833 558 2061 623 virtutis,

469 667 521 712 et
569 670 714 724 szepe
756 652 849 706 illo
897 650 1231 719 impedimur
1277 663 1381 717 quo
1431 648 1703 702 credimus
1730 646 2062 717 promoveri.

470 743 740 808 Secundo,
772 740 906 794 sicut
938 752 1152 807 semper
1197 736 1369 791 habes
1418 752 1518 791 nos
1566 752 1679 805 prae
1724 735 1892 791 oculis
1939 735 2063 802 tuis,

474 835 543 887 ita
576 831 739 887 etiam
794 838 842 882 te
892 840 1109 896 semper
1136 823 1400 879 debemus
1448 824 1691 895 cogitare
1721 831 2063 893 praesentem.

471 922 585 975 Hoc
614 918 763 989 cogit
810 930 911 971 nos
961 914 1029 967 ab
1072 913 1323 967 omnibus
1381 912 1801 985 cogitationibus
1846 913 2065 976 nostris,

466 1008 666 1075 verbis,
728 1005 885 1059 factis
933 1010 986 1057 et
1039 1002 1283 1057 moribus
1342 1017 1464 1055 esse
1532 1001 1630 1053 sub
1694 1001 2067 1055 moderamine

464 1094 786 1166 disciplinae,
822 1092 1079 1162 quoniam
1112 1106 1223 1146 non
1274 1090 1495 1144 auderet
1542 1104 1743 1160 sponsa
1785 1089 2067 1144 inhoneste

460 1203 525 1241 se
554 1184 753 1241 habere
792 1196 995 1252 sponso
1043 1195 1143 1234 suo
1187 1187 1474 1249 praesente,
1537 1180 1648 1233 imo
1705 1178 1759 1231 in
1815 1177 2067 1232 omnibus

465 1274 768 1330 intenderet
797 1269 899 1325 sibi
930 1267 1172 1338 placere,
1209 1275 1522 1337 etquaerere
1570 1267 1639 1321 ab
1684 1283 1749 1322 eo
1779 1266 2064 1321 consilium

460 1373 515 1420 et
545 1361 829 1427 auxilium,
863 1361 922 1412 ut
953 1357 1007 1411 in
1038 1356 1288 1412 omnibus
1319 1357 1618 1411 secundum
1667 1372 1821 1409 suam)
1883 1362 2065 1425 posset

463 1467 629 1524 agere
654 1449 1008 1505 voluntatem.
1044 1445 1175 1498 Cum
1207 1453 1385 1498 autem
1417 1444 1471 1497 in
1503 1444 1758 1499 omnibus
1804 1442 1896 1496 tibi
1939 1442 2063 1512 pla-

467 1556 590 1596 cere
656 1535 1001 1602 inlendimus,
1070 1549 1286 1603 semper
1359 1548 1604 1586 securam
1679 1530 2063 1585 conscientiam

470 1626 811 1691 habebimus,
846 1621 1063 1677 etiamsi
1101 1637 1158 1675 se
1188 1620 1391 1689 aliquid
1423 1621 1603 1673 minus
1632 1620 1759 1673 utile
1788 1626 1985 1689 praeter
2012 1626 2062 1673 te

2174 471 2298 538 quid
2364 469 2657 539 petendum
2698 470 2767 524 sit
2812 484 2842 523 a
2890 477 2959 537 te,
3010 468 3212 523 intente
3258 467 3325 522 de
3368 467 3530 523 corde
3574 475 3781 523 nostro

2172 567 2438 629 petamus,
2466 574 2571 614 non
2602 558 2812 625 alienis,
2846 558 2943 612 sed
2976 557 3207 628 propriis
3230 556 3410 613 verbis
3455 557 3636 612 cordis
3681 555 3783 613 vel

2176 646 2301 715 oris,
2362 647 2489 718 quia
2544 655 2768 719 utraque
2818 663 2972 717 aeque
3033 645 3291 717 intelligis
3353 653 3406 700 et
3473 645 3781 702 auscultas.

2175 735 2485 802 Humiliter,
2513 744 2570 790 ut
2599 751 2706 790 non
2737 736 2806 790 de
2836 743 3019 790 nostro
3051 737 3258 800 merito,
3310 734 3407 789 sed
3457 741 3660 788 tantum
3700 735 3785 789 de

2177 829 2261 875 tua
2292 823 2467 891 gratia
2496 821 2851 879 conﬁdamus.
2885 823 3145 891 Quamvis
3179 821 3320 876 enirn
3352 830 3569 891 peccata
3598 821 3783 876 dimi-

2175 911 2329 979 seris,
2379 919 2431 966 et
2474 911 2799 984 quandoque
2847 911 3051 981 aliquid
3103 911 3197 965 tibi
3245 910 3450 966 servire
3478 911 3781 977 concedas,

2175 1014 2392 1070 semper
2422 1007 2598 1056 tamen
2632 1000 2764 1055 tales
2810 1016 2911 1056 nos
2958 1009 3205 1070 reputare
3248 998 3528 1067 debemus,
3581 998 3785 1070 quales

2174 1092 2422 1161 nosipsos
2449 1090 2727 1160 peccando
2770 1088 3017 1154 fecimus,
3078 1089 3168 1160 qui
3225 1088 3358 1143 nihil
3407 1088 3510 1143 nisi
3565 1087 3781 1142 malum

2178 1197 2278 1251 per
2298 1195 2397 1234 nos
2426 1177 2600 1234 facere
2626 1193 2938 1247 possumus.
2997 1176 3272 1245 Fideliter,
3322 1184 3380 1230 ut
3418 1177 3474 1230 in
3521 1175 3781 1232 oratione

2174 1267 2461 1324 offeramus
2489 1281 2586 1320 nos
2616 1267 2684 1320 ad
2715 1264 3009 1321 carentiam
3040 1265 3216 1321 omnis
3253 1264 3437 1337 gaudii
3481 1271 3533 1319 et
3559 1263 3782 1335 patien-

2176 1357 2304 1410 tiam
2335 1353 2510 1411 omnis
2537 1370 2713 1424 pinnae
2742 1370 2866 1425 quae
2894 1353 2963 1407 ad
2992 1352 3277 1407 utilitatem
3298 1360 3542 1408 nostram
3572 1352 3782 1408 cedere

2172 1444 2351 1499 valeat
2381 1459 2478 1514 per
2506 1450 2653 1496 tuum
2684 1441 3033 1511 adjutorium,
3063 1450 3120 1496 ut
3148 1441 3203 1495 in
3233 1440 3580 1496 exauditioue
3609 1439 3777 1495 desi-

2171 1532 2312 1588 derii
2335 1531 2500 1587 nostri
2530 1530 2669 1585 actio
2695 1538 2841 1585 tuam
2870 1529 3087 1584 laudem
3121 1530 3328 1584 attolat.
3358 1529 3486 1597 Sed,
3511 1529 3777 1596 Domine,

2173 1620 2422 1675 merebor
2449 1623 2526 1674 sic
2555 1618 2832 1674 offerendo
2881 1634 2968 1672 me
3000 1617 3113 1683 tibi,
3152 1634 3274 1671 cum
3308 1624 3507 1682 tamen,
3540 1626 3593 1671 ut
3626 1624 3780 1671 totus

455 1712 738 1770 intentioni
768 1718 965 1765 nostra:
997 1706 1281 1780 ingesserit
1315 1707 1633 1762 incidentcr.
1665 1707 1868 1772 Tertio,
1914 1706 2051 1760 sicut
2079 1732 2132 1791 Β
2170 1717 2311 1777 tuus,
2345 1707 2414 1763 ad
2444 1708 2549 1762 hoc
2578 1713 2775 1771 teneat,
2805 1706 2965 1761 etiam
2998 1706 3039 1760 si
3080 1722 3351 1776 nunquam
3399 1705 3634 1761 volueris
3672 1721 3776 1761 me

455 1818 670 1874 semper
696 1808 747 1855 et
776 1798 1025 1855 continue
1056 1797 1228 1851 servis
1249 1795 1433 1862 nobis,
1455 1796 1637 1850 omnia
1667 1811 1837 1865 opera
1865 1801 2052 1849 nostra

456 1890 730 1962 operando
760 1887 844 1943 vel
878 1885 1211 1951 sustinendo,
1232 1901 1299 1939 ne
1331 1900 1449 1939 esse
1489 1884 1817 1952 desinamus,
1853 1883 1938 1937 vel
1960 1899 2059 1952 per

457 1982 610 2045 alios,
654 1978 738 2035 vel
772 1990 1089 2046 quocunque
1118 1974 1303 2041 modo,
1338 1973 1411 2028 ita
1461 1989 1734 2042 nunquam
1790 1972 2057 2041 particula

458 2069 567 2123 diei
598 2068 755 2122 bona:
782 2064 939 2118 debet
967 2078 1065 2117 nos
1110 2062 1386 2133 praeterire
1444 2061 1569 2131 quin
1616 2063 1671 2114 in
1715 2068 1808 2114 tuo
1837 2060 2055 2115 servitio

457 2157 854 2223 expendamus.
906 2152 1130 2218 Quarto,
1177 2150 1317 2205 sicut
1360 2166 1576 2219 semper
1622 2148 1782 2203 tueris
1828 2164 1945 2212 nos,
2004 2156 2055 2202 et

456 2243 703 2300 custodis
733 2256 833 2295 nos
863 2239 931 2295 ab
962 2238 1214 2294 omnibus
1243 2238 1428 2301 malis,
1460 2238 1574 2292 sive
1592 2254 1691 2309 per
1722 2245 1792 2303 te,
1826 2237 1941 2291 sive
1959 2252 2058 2305 per

458 2342 603 2399 tuos,
621 2332 692 2385 ita
713 2330 1007 2401 diligenter
1035 2327 1299 2382 debemus
1324 2342 1424 2381 nos
1445 2326 1759 2381 abstrahere
1790 2324 1860 2379 ab
1889 2325 2057 2380 omni-

454 2421 555 2475 bus
581 2436 699 2491 quaa
723 2434 820 2472 nos
840 2423 1061 2486 possent
1090 2415 1143 2469 in
1168 2422 1255 2469 tuo
1279 2413 1498 2469 servitio
1522 2414 1804 2485 impedire.
1832 2412 2050 2482 Quinto,

452 2509 588 2563 sicut
617 2507 841 2578 largitas
897 2512 983 2559 tua
1030 2520 1301 2575 nunquam
1354 2502 1587 2557 lassatur
1643 2503 1696 2555 in
1748 2502 1947 2569 dando,
1980 2501 2054 2555 ita

454 2612 734 2666 nunquam
782 2593 1042 2648 debemus
1092 2591 1393 2647 voluntarie
1444 2589 1679 2645 deﬁcere
1726 2591 1780 2643 in
1811 2590 2043 2644 orando.

455 2687 642 2754 Sexto,
674 2684 813 2738 sicut
843 2696 1060 2750 semper
1102 2696 1159 2734 es
1205 2679 1471 2750 benignus
1518 2679 1571 2732 in
1618 2678 1935 2745 relaxando,
1979 2677 2053 2731 ita

454 2787 728 2845 nunquam
774 2770 1036 2825 debemus
1093 2767 1390 2822 defectibus
1437 2767 1633 2822 nostris
1682 2766 1864 2821 terreri
1924 2766 2053 2837 quin

452 2862 628 2918 statim
688 2867 814 2930 post
869 2858 1080 2927 culpam
1137 2856 1351 2911 veniam
1407 2854 1761 2926 postulemus.
1820 2852 2052 2921 Quando

456 2951 599 3007 enim
631 2965 725 3004 cor
754 2945 988 3001 hominis
1016 2952 1096 2999 est
1143 2944 1446 3010 distortum,
1506 2951 1558 2998 et
1605 2960 1635 2997 a
1683 2952 1731 2997 te
1779 2943 2051 3013 quodam-

460 3040 623 3095 modo
654 3037 912 3105 alienum,
945 3033 1112 3087 multo
1143 3041 1222 3087 est
1266 3032 1493 3101 pronius
1531 3032 1600 3086 ad
1631 3031 1873 3085 levitates
1902 3039 1954 3085 et.
1981 3030 2051 3085 ad

456 3125 775 3201 quaerendas
867 3122 1102 3178 exterius
1192 3121 1356 3174 falsas
1426 3121 1837 3176 consolationes
1889 3088 2131 3188 quamC‘

456 3216 620 3272 fuerit
652 3214 780 3268 dum
812 3212 958 3281 apud
990 3219 1040 3265 te
1089 3218 1246 3264 esset.
1308 3209 1460 3264 L'nde
1509 3224 1615 3262 non
1661 3216 1715 3262 et
1757 3206 2054 3262 diﬁerenda

457 3300 743 3374 acquisitio
773 3300 968 3366 venite,
1019 3314 1087 3354 ne
1130 3298 1433 3352 diuturnior
1479 3312 1733 3352 recessus
1780 3295 2053 3351 diﬁicilio-

457 3410 569 3450 rem
601 3391 872 3447 redditum
905 3394 1176 3457 operetur.
1209 3386 1409 3441 Taliter
1439 3401 1537 3441 nos
1579 3384 1840 3440 debemus
1886 3385 1954 3439 ad
2003 3392 2053 3439 te

457 3483 679 3550 habere,
740 3486 792 3532 et
848 3492 1065 3547 semper
1116 3474 1340 3531 cruciari
1394 3475 1540 3545 quod
1597 3481 1647 3528 te
1702 3481 1906 3527 tantum
1947 3487 2055 3527 non

458 3585 705 3627 amamus
745 3574 807 3620 ut
863 3564 1144 3618 debemus.
1187 3562 1475 3631 Quomodo
1518 3569 1696 3617 autem
1742 3570 1792 3615 te
1830 3561 2054 3615 laudare

460 3658 776 3720 debeamus,
806 3660 860 3708 et
890 3653 956 3705 de
983 3651 1176 3720 quibus
1202 3651 1406 3722 gratias
1433 3666 1593 3721 agere
1624 3650 1940 3716 debeamus,
1972 3656 2056 3703 est

461 3748 517 3801 in
546 3741 812 3814 principio
844 3756 1007 3809 supra
1039 3738 1260 3792 dictum.
1294 3739 1373 3791 Da
1405 3738 1582 3803 nobis,
1642 3737 1894 3805 Domine,
1943 3744 2052 3791 toto

466 3831 733 3889 desiderio
765 3828 833 3882 ad
862 3826 1154 3882 amandum
1186 3834 1239 3880 et
1280 3825 1606 3879 laudandum
1638 3828 1691 3878 te
1721 3825 1984 3895 aspirare,
2003 3832 2055 3879 et

462 3937 559 3995 pro
582 3935 646 3974 eo
678 3917 821 3987 quod
852 3915 1017 3986 digne
1049 3930 1155 3968 non
1205 3926 1512 3984 possumus,
1563 3912 1810 3977 cruciari,
1844 3921 1895 3967 et
1949 3914 2054 3968 hoc

464 4008 622 4067 nobis
656 4005 908 4061 tollendae
951 4002 1123 4057 crucis
1155 4001 1222 4056 sit
1261 4002 1507 4056 altitudo.
1568 4002 1814 4056 Latitudo
1871 4010 2053 4057 autem

463 4098 634 4156 crucis
687 4104 740 4152 et
799 4092 1031 4148 fidelitas
1101 4106 1318 4162 semper
1381 4091 1625 4160 spiritum
1697 4091 1945 4146 crucians
2004 4099 2055 4145 et

469 4190 719 4249 dilatans,
752 4192 808 4238 ut
839 4198 1059 4239 onmem
1086 4180 1363 4235 hominem
1397 4179 1652 4247 subjiciat
1684 4188 1785 4234 tuae
1817 4180 1959 4233 laudi
1991 4194 2055 4234 ac

457 4274 719 4335 servituti.
752 4274 872 4328 Hac
919 4270 1157 4325 maxime
1204 4268 1335 4323 facit
1378 4268 1650 4323 hominem
1707 4268 1760 4322 in
1813 4268 2056 4323 oratione

460 4378 805 4425 communem
854 4375 1057 4432 cogens
1097 4365 1153 4413 ut
1198 4357 1461 4429 quidquid
1506 4357 1610 4410 sibi
1659 4356 1746 4411 vel
1784 4355 2055 4427 aliquibus

2165 1797 2444 1852 exaudire.
2486 1797 2917 1863 Perseveranter,
2951 1803 3008 1849 ut
3049 1810 3323 1866 nunquam
3367 1809 3579 1849 cessare
3623 1808 3774 1863 pro-

2163 1901 2430 1956 ponamus
2460 1900 2491 1939 a
2530 1884 2803 1939 desiderio
2851 1884 3093 1939 omnium
3141 1898 3262 1953 quae
3289 1882 3381 1937 tibi
3413 1891 3537 1937 sunt
3576 1881 3776 1937 lauda-

2164 1974 2299 2028 bilia
2324 1982 2378 2029 et
2407 1974 2664 2029 honesta.
2705 1973 2761 2027 Si
2793 1989 2899 2043 qua
2929 1988 3059 2028 vero
3089 1971 3144 2025 in
3174 1971 3334 2026 nobis
3368 1972 3453 2026 vel
3482 1970 3537 2024 in
3567 1970 3775 2025 nostris

2164 2063 2534 2131 supervenerit
2578 2061 2910 2130 necessitas,
2966 2060 3212 2130 quamvis
3252 2076 3352 2131 pro
3404 2060 3503 2114 hac
3544 2075 3777 2130 semper

2165 2165 2286 2206 cum
2318 2150 2611 2206 intentione
2637 2166 2748 2205 non
2778 2165 3064 2220 possumus
3091 2164 3264 2217 orare,
3314 2155 3494 2203 tamen
3541 2147 3773 2217 aliquo-

2166 2239 2281 2306 ties,
2315 2255 2441 2294 cum
2472 2238 2620 2294 omni
2649 2238 2904 2293 ﬁdelitate
2933 2254 3039 2310 qua
3068 2253 3371 2309 possumus,
3403 2251 3506 2307 pro
3535 2251 3601 2292 ea
3633 2250 3773 2292 ora-

2162 2327 2362 2391 bimus,
2413 2335 2464 2381 et
2511 2327 2770 2397 deinceps
2811 2326 3073 2381 voluntati
3132 2334 3377 2381 nostrum
3428 2325 3770 2380 desiderium

2162 2415 2584 2481 committemus,
2617 2431 2832 2486 semper
2863 2414 3092 2485 primam
3135 2413 3468 2479 ﬁdelitatem,
3495 2421 3548 2469 et
3577 2413 3619 2467 si
3647 2428 3769 2469 non

2160 2503 2215 2557 in
2256 2512 2397 2570 actu,
2452 2512 2648 2570 tamen,
2701 2503 2756 2556 in
2800 2503 2985 2557 habitu
3029 2502 3337 2558 retinentes.
3394 2500 3765 2570 Conﬁdenter,

2160 2594 2217 2644 ut
2248 2591 2585 2660 postulemus
2615 2591 2668 2645 in
2700 2590 2803 2645 ﬁne
2833 2590 2966 2644 nihil
3025 2590 3355 2645 hmsitantes.
3417 2589 3551 2644 Sunt
3576 2597 3767 2645 autem

2160 2687 2370 2749 septem
2400 2696 2580 2735 causae
2599 2695 2721 2750 quae
2749 2686 2951 2751 cogunt
2971 2695 3069 2734 nos
3095 2687 3199 2735 tua
3217 2678 3493 2734 conﬁdere
3513 2677 3763 2733 bonitati.

2161 2767 2360 2833 Prima,
2389 2768 2511 2840 quia
2536 2769 2743 2838 justum
2770 2783 2931 2823 omne
2964 2766 3294 2823 desiderium
3355 2775 3410 2822 tu
3459 2766 3573 2834 das,
3607 2773 3660 2821 et
3684 2767 3764 2821 ad

2161 2856 2287 2926 qaid
2334 2857 2519 2923 dares,
2567 2856 2669 2910 nisi
2711 2857 2873 2912 etiam
2920 2856 3089 2911 velles
3137 2855 3442 2912 exaudire?
3482 2855 3761 2923 Secunda,

2160 2944 2287 3014 quia
2317 2961 2425 3000 non
2452 2946 2519 3000 ad
2549 2952 2787 3000 nostram
2818 2944 3124 3011 utilitatem,
3156 2946 3253 3000 sed
3271 2946 3341 2999 ad
3364 2953 3506 2999 tuam
3523 2943 3766 3016 gloriam

2161 3033 2409 3088 volumus
2452 3033 2726 3088 exaudiri.
2776 3034 2975 3101 Tertia,
3025 3034 3151 3105 quia
3190 3034 3421 3102 majora,
3480 3048 3600 3102 quae
3655 3046 3764 3103 pro

2160 3121 2315 3176 nobis
2362 3122 2558 3189 fecisti,
2618 3122 2861 3176 animant
2906 3137 3006 3178 nos
3055 3129 3111 3176 ut
3157 3122 3319 3177 etiam
3362 3122 3431 3176 de
3462 3120 3768 3176 minoribus

2157 3209 2517 3266 conﬁdamus.
2557 3210 2755 3266 Omnia
2785 3211 2927 3266 enim
2953 3228 3072 3282 quae
3101 3219 3285 3281 petere
3323 3226 3610 3282 possumus
3641 3214 3765 3265 tam

2159 3299 2369 3355 minora
2425 3307 2547 3353 sunt
2594 3315 2752 3369 quam
2810 3300 2955 3370 quod
3004 3300 3295 3371 dignanter
3332 3314 3433 3370 pro
3479 3297 3637 3353 nobis
3694 3313 3764 3355 es

2160 3387 2469 3442 incarnatus
2516 3395 2567 3442 et
2613 3403 2826 3459 passus.
2874 3388 3089 3455 Quarta,
3139 3388 3272 3459 quia
3321 3394 3428 3442 tam
3477 3385 3635 3442 facile
3676 3394 3766 3442 est

2161 3475 2305 3547 apud
2352 3484 2401 3531 te
2450 3476 2505 3529 in
2556 3476 2827 3545 maximis,
2878 3491 3041 3548 quam
3090 3476 3143 3530 in
3178 3475 3417 3530 minimis
3473 3474 3759 3530 exaudire.

2162 3564 2379 3632 Quinta,
2413 3564 2540 3635 quia
2566 3579 2665 3619 nos
2695 3565 2766 3618 ad
2791 3565 2895 3620 hoc
2926 3572 3185 3632 provocat
3234 3573 3339 3619 tuae
3392 3562 3764 3620 consideratio

2160 3651 2439 3707 bonitatis.
2476 3653 2659 3721 Sexta,
2692 3652 2816 3723 quia
2845 3653 3248 3709 intercessorem
3298 3660 3367 3718 te,
3416 3654 3545 3707 Jesu
3591 3650 3765 3705 Chri-

2163 3749 2264 3806 ste,
2315 3740 2597 3808 habemus,
2663 3749 2715 3796 et
2776 3757 2967 3796 omnes
3023 3750 3257 3797 sanctos.
3313 3740 3572 3811 Septima,
3626 3738 3764 3812 quia

2160 3828 2419 3882 inﬁnitam
2448 3829 2515 3883 ad
2548 3845 2647 3884 nos
2678 3829 2842 3884 habes
2882 3829 3198 3885 bonitatem.
3249 3829 3305 3885 Si
3352 3829 3495 3884 enim
3541 3827 3767 3884 modica

2162 3916 2379 3972 dilectio
2410 3933 2569 3987 quam
2601 3917 2669 3971 ad
2700 3925 2751 3972 te
2782 3917 3048 3973 habemus
3076 3918 3144 3972 ad
3171 3918 3271 3972 hoc
3300 3933 3400 3973 nos
3427 3917 3591 3990 cogit,
3622 3917 3764 3972 utin

2160 4006 2411 4061 omnibus
2451 4014 2553 4061 tuae
2582 4006 2851 4061 votuntati
2886 4006 3115 4061 libenter
3149 4022 3341 4078 parere
3382 4006 3627 4072 velimus,
3661 4020 3768 4060 cur

2161 4093 2305 4148 idem
2337 4094 2405 4147 de
2435 4093 2803 4148 inaestimabili
2837 4094 3125 4150 dilectione
3179 4102 3272 4149 tua
3301 4109 3407 4150 non
3447 4109 3760 4165 praesume-

2160 4197 2339 4235 remus
2361 4182 2389 4233 ‘I
2417 4181 2666 4252 Alioquin
2696 4181 2964 4237 ﬁdeliores
2990 4182 3253 4239 vellemus
3297 4197 3561 4253 apparere
3591 4197 3764 4252 quam

2164 4278 2237 4340 tu,
2260 4269 2302 4323 si
2336 4270 2471 4324 tales
2500 4285 2601 4325 nos
2652 4270 2745 4325 tibi
2803 4270 3206 4340 exhiberemus,
3241 4272 3456 4341 qualem
3513 4278 3563 4325 te
3593 4270 3762 4326 nobis

2161 4373 2458 4413 econverso
2490 4374 2598 4414 non
2622 4358 3010 4414 crederemus?
3039 4359 3146 4426 Sic,
3172 4360 3425 4427 Domine,
3456 4358 3758 4430 orabimus,

460 4453 770 4527 specialiter
797 4448 909 4504 suis
939 4446 1208 4502 desiderat
1237 4445 1360 4514 quia
1390 4460 1483 4499 eos
1510 4443 1742 4499 humiles
1782 4443 2053 4515 quodam-
2082 4438 2135 4499 D
2165 4455 2217 4501 et
2245 4454 2468 4517 propter
2528 4447 2630 4502 hoc
2679 4447 2733 4500 in
2777 4447 3021 4503 oratione
3078 4446 3463 4503 conﬁdentiam
3519 4446 3760 4502 habebi-

460 4544 625 4601 modo
657 4540 821 4605 videt,
857 4535 990 4591 nihil
1041 4543 1220 4589 tamen
1266 4533 1569 4600 hominum,
1618 4532 1711 4587 sed
1762 4539 1926 4587 totum
1984 4530 2054 4586 ad

456 4631 676 4689 laudem
709 4636 811 4682 tuae
841 4625 1109 4680 desideret
1151 4622 1422 4678 bonitatis.
1457 4621 1613 4677 Unde
1656 4635 1780 4677 cum
1826 4619 2055 4675 ﬁdelitas

458 4719 703 4774 maxime
761 4713 817 4768 in
873 4712 1115 4769 oratione
1170 4711 1447 4778 consistat,
1479 4708 1927 4765 considerandum
1976 4716 2057 4763 est

460 4807 690 4880 qualiter
719 4802 915 4857 debeat
946 4816 1102 4857 orare
1150 4801 1239 4870 qui
1288 4798 1515 4856 voluerit
1562 4798 1830 4855 exaudiri.
1887 4797 2056 4853 Debet

460 4896 602 4954 enim
623 4907 777 4948 orare
808 4890 1098 4961 sapienter,
1151 4889 1422 4955 ardenter,
1473 4887 1771 4956 humiliter,
1805 4885 2051 4955 ﬁdeliter,

461 4989 877 5059 perseveranter
934 4986 985 5034 et
1037 4976 1383 5033 conﬁdenter.
1446 4977 1752 5048 Sapienter,
1829 4984 1886 5031 ut
1940 4983 2056 5031 oret

461 5090 583 5147 quae
639 5080 743 5125 tuae
798 5067 947 5123 laudi
1001 5074 1123 5120 sunt
1168 5065 1511 5135 expedientia
1564 5073 1617 5120 et
1683 5065 2055 5135 proximorum

460 5161 634 5219 saluti.
697 5158 752 5214 Si
803 5170 930 5213 vero
986 5154 1042 5208 in
1100 5152 1427 5225 quibusdam
1493 5153 1804 5207 dubitamus
1876 5161 2056 5207 utrum

459 5248 770 5323 expediant,
823 5245 958 5299 sicut
1014 5243 1157 5297 salus
1224 5242 1487 5312 corporis,
1564 5248 1616 5297 et
1671 5241 1869 5297 similia
1937 5257 2057 5311 qua

460 5348 786 5423 quandoque
834 5356 1047 5407 nocere,
1103 5340 1431 5411 quandoque
1488 5340 1751 5409 prodesse
1805 5347 2054 5411 possunt,

457 5463 556 5523 pro
587 5445 671 5501 his
700 5456 915 5513 semper
940 5438 1039 5495 sub
1070 5436 1377 5495 conditione
1403 5444 1483 5493 est
1523 5436 1806 5507 orandum,
1854 5437 2059 5493 scilicet

448 5547 510 5610 si
538 5544 635 5606 tibi
666 5541 734 5600 sit
760 5537 1019 5621 placitum
1069 5543 1122 5597 et
1164 5536 1469 5596 honestum.
1519 5535 1806 5609 Ardenter,
1855 5534 2058 5595 scilicet

2162 4550 2318 4597 mus;
2381 4534 2733 4591 nihilominus
2790 4544 2965 4590 tamen
3025 4535 3400 4602 cruciabimur,
3450 4536 3594 4606 quod
3648 4534 3766 4592 hoc

2162 4623 2326 4693 digne
2356 4624 2705 4694 exsequendo
2736 4639 2952 4679 omnem
2999 4624 3275 4679 hominem
3323 4624 3393 4678 ad
3449 4631 3595 4679 tuam
3632 4622 3762 4679 lau-

2162 4712 2287 4767 dem
2343 4728 2442 4781 per
2494 4711 2745 4767 effectum
2800 4712 3013 4768 trahere
3069 4728 3179 4767 non
3232 4726 3523 4782 possumus
3549 4718 3603 4767 et
3631 4728 3760 4767 am-

2160 4799 2359 4869 plecti;
2419 4808 2471 4856 et
2527 4800 2645 4857 haec
2684 4800 2978 4872 spiritualis
3030 4804 3232 4858 nostra:
3281 4801 3460 4859 crucis
3515 4800 3760 4857 estlati-

2161 4888 2309 4943 tudo.

2783 4995 3002 5054 CAPUT
3042 4996 3131 5053 VI.

2238 5090 2310 5147 De
2339 5095 2767 5165 perseverantia
2795 5095 2857 5151 in
2890 5109 3057 5152 cruce
3087 5114 3105 5148 .-
3134 5094 3208 5151 ad
3235 5095 3401 5164 illud,
3436 5091 3695 5167 quotidie.

2233 5181 2463 5253 Longilo
2541 5191 2721 5238 autem
2785 5184 2962 5240 crucis
3034 5191 3139 5240 tuae
3214 5184 3307 5239 toti
3382 5184 3507 5240 vita:
3565 5191 3767 5239 nostra:

2165 5269 2329 5325 debet
2359 5272 2805 5340 commensurari,
2833 5281 2890 5327 ut
2921 5272 3171 5342 quamvis
3219 5272 3630 5328 consideremus
3686 5279 3765 5327 te-

2163 5374 2285 5414 cum
2315 5375 2434 5415 esse
2457 5360 2777 5430 jucundum,
2811 5369 2863 5416 et
2893 5369 2943 5416 te
2972 5359 3026 5414 in
3056 5360 3218 5417 domo
3271 5369 3361 5417 tua
3416 5360 3657 5424 laudare,
3708 5367 3767 5419 et

2163 5448 2218 5502 in
2247 5445 2444 5520 abysso
2474 5457 2577 5506 tua;
2606 5449 2909 5505 dulcedinis
2937 5448 3245 5517 absorberi,
3280 5457 3462 5506 tamen
3516 5464 3624 5505 non
3665 5455 3762 5505 ta:-

2164 5535 2287 5596 deat
2324 5552 2422 5595 nos
2447 5546 2668 5615 portare
2717 5553 2933 5599 crucem
2976 5546 3145 5615 tuam,
3182 5537 3411 5598 cruciari
3452 5536 3658 5600 scilicet
3704 5535 3765 5603 in
