4036 6072
294 284 385 343 sui

1334 283 1703 345 SPURIA..—
1734 289 1827 345 DE
1858 284 2151 349 CONCEP.
2185 291 2242 346 B.
2278 283 2528 351 statim.

3495 292 3597 360 302

291 414 483 468 misera
541 413 644 467 hac
694 412 801 467 vita
858 428 955 482 pro
1016 419 1118 467 tuae
1170 411 1349 469 laudis
1396 424 1707 485 augmento.
1751 416 1975 485 QuidA
2007 424 2095 473 tua
2150 416 2310 472 laude
2369 419 2608 489 quotidie
2664 418 2963 477 deﬁciendo
3018 421 3183 491 cadit,
3241 422 3316 479 ita
3382 439 3600 482 crucem

291 502 475 574 magni
505 509 606 567 est,
642 501 888 566 Domine,
920 500 966 554 si
997 508 1172 555 tecum
1202 502 1303 555 sim
1337 502 1391 556 in
1423 504 1618 573 patria,
1650 504 1741 557 ubi
1773 521 1890 559 sum

288 606 513 647 securus
544 589 612 643 ab
642 589 787 644 omni
819 588 961 643 malo
988 596 1041 643 et
1068 588 1157 643 ubi
1190 590 1419 644 habeam
1443 591 1710 662 quidquid
1728 594 1893 647 volo?

288 680 369 733 Da
411 678 565 743 mihi,
616 678 867 742 Domine,
920 684 975 731 ut
1018 694 1289 747 nunquam
1332 695 1420 734 me
1474 682 1767 751 pungendo
1814 681 1894 737 sic

289 774 547 837 superent
573 765 707 820 clavi
741 765 948 819 timoris
979 773 1029 821 et
1057 766 1296 821 miseriae
1324 767 1485 837 hujus
1515 768 1656 834 vitm,
1693 777 1747 822 ut
1768 778 1894 825 ante

290 856 454 913 velim
488 855 817 910 descendere
846 855 933 908 vel
961 854 1148 908 saltem
1180 855 1382 926 deponi
1409 856 1478 909 de
1527 873 1683 911 cruce
1728 872 1892 928 quam

290 961 324 1001 a
355 953 425 1012 te,
458 943 708 1011 Domine,
742 944 843 998 hoc
877 942 1039 997 fuerit
1069 943 1403 999 mandatum.
1438 945 1544 999 Sed
1585 962 1760 1016 neque
1791 947 1893 1001 hoc

290 1034 683 1099 desiderarem,
718 1040 772 1085 ut
800 1031 868 1085 ab
900 1032 998 1086 hac
1039 1032 1142 1086 cito
1188 1032 1360 1087 facias
1408 1048 1493 1087 me
1542 1034 1760 1102 deponi,
1794 1035 1893 1089 sed

292 1131 349 1178 ut
377 1137 596 1192 semper
625 1120 841 1174 mallem
875 1126 1097 1190 propter
1126 1126 1176 1175 te
1206 1122 1442 1190 pendere
1470 1122 1525 1175 in
1553 1138 1711 1177 cruce
1728 1137 1891 1191 quam

288 1227 318 1265 a
350 1210 589 1265 miseriis
616 1208 699 1262 his
732 1206 899 1263 facias
945 1224 1032 1262 me
1081 1208 1134 1261 in
1181 1210 1500 1265 abscondito
1548 1210 1781 1279 sepeliri.
1813 1212 1892 1266 Tu

287 1299 454 1364 enim,
488 1296 737 1362 Domine,
770 1312 869 1350 nec
901 1296 1238 1351 descendisti
1269 1297 1336 1352 de
1367 1314 1546 1365 cruce,
1581 1314 1679 1353 nec
1727 1299 1810 1355 sic
1842 1308 1891 1356 te

289 1386 490 1457 deponi
516 1384 715 1456 petisti.
752 1384 1011 1439 Voluntas
1034 1400 1170 1456 ergo
1209 1400 1424 1456 semper
1469 1385 1741 1458 aﬁligendi
1790 1404 1890 1459 pro

286 1481 582 1547 augmento
612 1481 718 1527 tua:
748 1472 945 1539 laudis,
978 1475 1157 1529 crucis
1181 1474 1286 1528 erit
1326 1474 1624 1546 longitudo.
1662 1477 1721 1531 Si
1768 1478 1891 1547 quis

284 1567 409 1620 vult
434 1565 627 1618 venire
647 1565 771 1634 post
793 1577 901 1629 me,
925 1563 1091 1619 tollat
1109 1578 1334 1617 crucem
1356 1578 1518 1619 suam
1540 1563 1813 1635 quotidie,
1834 1569 1889 1620 et

284 1659 559 1725 sequatur
574 1666 662 1706 me
680 1652 831 1719 (Luc.
853 1666 931 1717 1x,
952 1653 1065 1718 23),
1099 1657 1152 1704 et
1179 1650 1255 1704 sic
1285 1660 1462 1706 currat
1505 1668 1605 1722 per
1651 1652 1886 1707 medium

2002 505 2242 575 quotidie
2289 506 2480 563 tollere
2527 508 2818 578 debemus,
2867 509 3047 566 laudis
3099 518 3207 568 tuas
3269 512 3600 570 desiderium

2001 594 2348 649 resumenda.

2614 668 2842 724 CAPUT
2875 670 2985 725 VII.

2001 755 2282 824 Expensio
2311 759 2726 825 postremorum
2757 759 3067 826 verborum,
3100 766 3154 814 et
3193 769 3450 833 sequatur
3486 777 3597 819 me.

2072 858 2188 926 Qua
2220 875 2346 914 vero
2377 860 2669 916 intentione
2698 862 2751 916 in
2798 863 2886 917 via
2934 863 3034 919 ista
3078 865 3145 919 sit
3192 867 3598 937 ambulandum,

2000 946 2179 1000 innuis
2209 948 2395 1002 ultimo
2424 964 2544 1004 cum
2578 949 2730 1018 dicis,
2755 956 3026 1022 sequatur
3056 970 3163 1009 me.
3199 954 3358 1022 Quod
3391 963 3497 1009 tam
3529 956 3599 1011 de

2000 1052 2189 1106 gressu
2218 1036 2469 1105 corporis
2491 1052 2655 1107 quam
2673 1037 2741 1093 de
2758 1040 2955 1093 mentis
2969 1056 3258 1110 possumus
3274 1042 3593 1115 intelligere.

2002 1123 2140 1190 Quia
2170 1124 2321 1177 multi
2352 1140 2460 1179 non
2489 1126 2667 1180 solum
2708 1136 2981 1197 portantes
3030 1137 3268 1197 crucem,
3300 1131 3397 1187 sed
3439 1139 3491 1186 et
3537 1148 3598 1186 se

2000 1212 2391 1281 suspendentes
2421 1213 2473 1267 in
2503 1230 2683 1281 cruce,
2717 1224 2770 1271 te
2806 1232 3000 1287 gressu
3049 1219 3293 1287 corporis
3338 1228 3461 1274 sunt
3503 1236 3596 1276 se—

2000 1301 2126 1353 cuti.
2149 1300 2456 1370 Sequamur
2475 1302 2641 1373 igitur
2660 1306 2714 1358 te
2744 1320 2851 1359 non
2883 1312 3083 1359 tantum
3115 1321 3309 1377 gressu
3330 1306 3595 1364 bonorum

2000 1404 2249 1459 Operam,
2283 1389 2379 1444 sed
2423 1397 2475 1444 et
2520 1392 2819 1447 intentione
2863 1382 3129 1461 cordium,
3162 1402 3220 1448 ut
3262 1410 3368 1449 non
3418 1396 3597 1452 solum

1998 1477 2407 1533 consideremus
2434 1478 2627 1547 quibus
2668 1481 2924 1551 operibus
2975 1497 3074 1537 nos
3108 1483 3467 1551 praecesseris,
3499 1486 3596 1540 sed

1998 1582 2102 1637 qua
2134 1565 2430 1621 intentione
2460 1565 2678 1634 feceris,
2712 1576 2766 1623 et
2792 1569 2846 1622 in
2878 1569 2986 1625 huc
3015 1578 3066 1624 te
3089 1570 3242 1642 sequi
3264 1572 3593 1627 studeamus.

1998 1653 2302 1723 luveuimus
2336 1663 2515 1710 autem
2563 1656 2707 1726 quod
2756 1657 2809 1710 in
2854 1658 3105 1713 omnibus
3148 1659 3594 1729 cogitationibus,

287 1741 392 1796 viae
436 1739 806 1811 perfectionis.
838 1738 894 1793 Si
940 1754 1041 1793 nos
1086 1739 1357 1805 tollamus,
1392 1740 1641 1807 Domine,
1678 1748 1729 1795 tu
1776 1741 1890 1810 ipse
1920 1775 1972 1834 B
2002 1743 2207 1796 verbiis
2237 1751 2289 1797 et
2320 1744 2479 1799 factis
2508 1744 2609 1798 tuis
2652 1744 3028 1816 principaliter
3070 1748 3346 1817 qumsieris
3365 1748 3603 1819 gloriam

286 1828 549 1900 portabis.
603 1828 788 1882 Finem
845 1835 1025 1881 autem
1083 1828 1223 1881 viam
1256 1829 1655 1898 perfectionis,
1698 1829 1753 1882 id
1811 1836 1893 1883 est

288 1916 747 1989 perseverantiam
773 1916 829 1969 in
857 1915 1154 1983 voluntate,
1185 1932 1403 1985 semper
1432 1932 1528 1987 pro
1560 1924 1610 1971 te
1658 1916 1895 1987 patiendi

288 2006 467 2061 innuis
496 2006 551 2058 in
580 2019 644 2059 eo
676 2004 820 2075 quod
852 2003 987 2057 dicis
1024 2003 1294 2074 quotidie.
1331 2004 1386 2059 Si
1432 2008 1577 2059 enim
1625 2020 1730 2060 uno
1780 2004 1889 2073 die,

287 2095 438 2166 prius
470 2109 630 2165 quam
663 2100 716 2146 tu
752 2092 1001 2163 jusseris,
1036 2108 1249 2147 crucem
1292 2093 1563 2163 deponere
1604 2093 1889 2160 volumus;

290 2199 410 2238 eam
429 2181 669 2252 quotidie
698 2197 806 2236 non
838 2180 1095 2235 tollimus.
1116 2181 1218 2248 Qui
1251 2188 1431 2235 autem
1464 2182 1895 2251 perseveraverit

291 2286 576 2343 usquequo
605 2285 726 2324 eam
753 2270 1017 2338 deponas,
1048 2269 1135 2323 hic
1165 2268 1218 2321 in
1257 2269 1552 2323 abundanti
1596 2269 1756 2324 laude
1802 2277 1894 2324 tua

290 2361 597 2430 sepulcrum
634 2358 932 2429 ingreditur
960 2357 1109 2427 pacis
1133 2364 1369 2412 aeternas.
1403 2357 1664 2425 Quamvis
1695 2358 1749 2411 in
1792 2360 1894 2413 hoc

292 2449 460 2505 verbo
491 2447 793 2520 intelligere
821 2461 1115 2517 possumus
1147 2447 1293 2518 quod
1322 2445 1459 2502 sicut
1490 2446 1755 2500 cruciatus
1793 2460 1893 2516 pro

313 2585 515 2593 ...νῆ-

2006 1830 2076 1884 tui
2130 1831 2315 1885 Patris.
2366 1833 2443 1886 Tu
2492 1848 2642 1904 ergo,
2691 1834 2925 1890 Domine
2966 1836 3096 1889 Jesu
3143 1835 3375 1902 Christe,
3428 1837 3603 1908 dirige

2004 1919 2353 1974 intentionem
2397 1929 2657 1987 nostram,
2706 1930 2764 1976 ut
2807 1922 2860 1975 in
2903 1924 3153 1978 omnibus
3194 1924 3424 1994 gloriam
3483 1926 3602 1995 ejus

2001 2024 2305 2076 quzeramus
2359 2012 2414 2062 et
2471 2018 2636 2075 tuam,
2696 2026 2796 2065 nos
2851 2011 3197 2083 abnegando,
3244 2013 3598 2083 profundum,

2000 2095 2410 2163 sublimitatem,
2474 2097 2812 2153 latitudinem
2869 2106 2923 2154 et
2970 2099 3362 2171 longitudinem
3425 2102 3604 2157 crucis

2001 2184 2285 2252 portando,
2317 2194 2371 2238 et
2416 2184 2471 2238 in
2537 2201 2605 2240 ea
2668 2188 3069 2257 perseverando
3134 2187 3204 2243 ad
3268 2188 3485 2244 laudem
3549 2198 3602 2246 et

2000 2270 2235 2343 gloriam
2294 2280 2469 2340 tuam,
2520 2274 2610 2344 qui
2666 2291 2789 2329 cum
2841 2276 2998 2331 Patre
3053 2284 3105 2330 et
3153 2275 3354 2346 Spiritu
3411 2286 3600 2334 sancto

2001 2360 2142 2413 vivis
2173 2376 2234 2414 ac
2264 2376 2484 2432 regnas,
2515 2362 2681 2429 Deus,
2703 2379 2802 2434 per
2829 2364 3010 2420 omnia
3031 2364 3234 2419 saecula
3251 2364 3596 2421 saeculorum.

2000 2450 2191 2503 Amen.

520 2581 3597 2606 “ww

1305 2776 2592 2928 TRACTATUS

645 3052 809 3152 DE
916 3046 1806 3154 CONCEPTIONE
1888 3052 2001 3151 B.
2089 3049 2516 3152 manu
2592 3009 3267 3158 VIRGINIS

370 3377 722 3449 Principium,
755 3391 861 3447 quo
893 3374 1042 3430 salus
1074 3372 1266 3428 mundi
1297 3373 1583 3445 processit,
1617 3372 1746 3428 mihi
1772 3388 1905 3429 con-
1939 3371 1988 3433 Cl
2019 3370 2313 3440 bueudum,
2363 3372 2491 3444 quid
2529 3373 2635 3429 mei
2678 3374 2948 3429 similibus
2991 3374 3058 3430 sit
3100 3383 3249 3433 certa
3305 3378 3486 3450 magis
3537 3393 3624 3434 ra-

296 3467 546 3523 siderare
578 3465 777 3522 volenti
827 3464 1063 3521 occurrit
1110 3464 1371 3518 hodierna
1419 3462 1753 3531 solemnitas,
1786 3477 1908 3533 quae

295 3555 656 3626 conceptione
686 3554 859 3609 beatae
891 3551 1076 3607 Matris
1108 3552 1205 3606 Dei
1236 3551 1418 3606 Mariae
1448 3550 1631 3604 multis
1678 3551 1735 3603 in
1782 3548 1914 3604 locis

296 3644 495 3700 festiva
546 3642 789 3697 redditur
840 3639 923 3694 ”’.
958 3642 1023 3695 Et
1071 3639 1287 3711 quidem
1339 3639 1534 3710 priscis
1580 3638 1914 3708 temporibus

294 3731 655 3803 frequentiori
703 3748 804 3785 usu
848 3728 1228 3785 celebrabatur
1273 3726 1356 3794 ³³⁸,
1403 3727 1477 3782 ab
1520 3727 1596 3782 eis
1639 3727 1913 3797 przecipue

294 3836 351 3889 in
380 3820 580 3891 quibus
610 3835 748 3889 pura
769 3816 1093 3887 simplicitas
1124 3824 1177 3871 et
1207 3815 1462 3870 humilior
1505 3816 1558 3869 in
1602 3816 1777 3869 Deum
1822 3816 1911 3871 vi-

296 3910 463 3981 gebat
491 3908 733 3964 devotio.
766 3910 833 3961 At
860 3904 922 3933 ⁸⁸³
956 3904 1045 3960 ubi
1073 3913 1123 3960 et
1155 3905 1331 3974 major
1361 3903 1588 3959 scientia
1608 3911 1659 3958 et
1677 3905 1914 3981 praepol.

296 3998 414 4051 lens
457 3994 800 4051 examinatio
844 4009 1021 4048 rerum
1067 3999 1278 4047 mentes
1322 3991 1675 4063 quorumdam
1719 3991 1914 4047 imbuit

295 4093 348 4140 et
391 4084 587 4151 erexit,
620 4082 868 4138 eamdem
898 4079 962 4110 ’”
1005 4080 1428 4145 solemnitatem,
1476 4087 1657 4151 spreta
1702 4096 1908 4150 paupe-

294 4190 415 4228 rum
461 4172 834 4242 simplicitate,
867 4170 936 4224 de
979 4169 1162 4223 medio
1208 4167 1457 4230 sustulit;
1491 4176 1542 4222 et
1587 4183 1707 4222 eam
1754 4170 1910 4239 quasi

296 4262 511 4317 ratione
554 4267 842 4314 vacantem
888 4256 949 4285 ³³³
997 4255 1209 4328 redegit
1252 4255 1305 4309 in
1351 4255 1577 4310 nihilum
1609 4255 1697 4309 ’3‘.
1752 4256 1906 4324 Quo-

294 4366 415 4404 rum
445 4349 713 4403 sententia
743 4363 808 4401 eo
839 4344 1077 4400 maxime
1109 4345 1161 4398 in
1194 4344 1361 4398 robur
1389 4345 1626 4399 excrevit
1670 4345 1811 4414 quod
1842 4345 1901 4411 ii,

296 4438 388 4507 qui
432 4453 558 4492 eam
601 4434 956 4506 protulerunt,
1003 4432 1249 4487 saeculari
1294 4439 1347 4486 et
1390 4432 1755 4487 ecclesiastica
1811 4449 1905 4487 au-

296 4525 541 4581 ctoritate
597 4523 1017 4593 divitiarumque
1077 4519 1412 4576 abundantia
1452 4520 1900 4589 prmeminebant.

294 4613 402 4669 Sed
432 4628 554 4668 cum
585 4627 688 4683 ego
716 4619 769 4667 et
799 4611 1094 4681 priscorum
1135 4608 1538 4680 simplicitatem
1583 4612 1637 4662 et
1677 4609 1902 4663 moder-

294 4717 486 4757 norum
544 4699 749 4772 ingenii
806 4698 1194 4753 sublimitatem
1261 4713 1472 4752 mecum
1544 4696 1902 4763 revolverem,

293 4788 489 4845 cecidit
518 4788 573 4842 in
602 4791 838 4842 mentem
870 4786 1116 4857 quaedam
1156 4785 1353 4840 divinae
1398 4784 1693 4855 Scriptura;
1736 4786 1903 4840 verba

293 4876 347 4932 in
380 4876 559 4931 medio
589 4888 827 4946 ponere;
859 4882 911 4929 et
941 4874 1067 4943 quid
1091 4874 1285 4943 judicii
1313 4874 1381 4927 de
1414 4873 1656 4944 singulis
1686 4881 1898 4945 gerant,

290 4981 392 5039 pro
422 4980 545 5019 meo
573 4981 732 5020 sensu
770 4962 860 5034 pia
900 4963 1331 5018 consideratione
1378 4962 1736 5033 perpendere,
1770 4979 1901 5034 qua-

292 5067 451 5115 tenus
481 5047 541 5078 ’³³
579 5065 672 5104 sua
729 5048 1039 5104 auctoritate
1096 5047 1354 5119 probetur
1410 5046 1539 5117 quid
1593 5046 1680 5101 cui
1738 5047 1895 5101 attri-

2015 3460 2161 3515 tione
2191 3461 2549 3532 sequendum.
2586 3464 2648 3516 Et
2676 3462 2745 3517 de
2775 3462 3112 3534 simplicibus
3143 3465 3358 3536 quidem
3389 3467 3446 3521 in
3488 3466 3624 3538 ipsis

2020 3548 2203 3603 verbis
2233 3550 2504 3605 invenitur
2533 3550 2671 3620 quod
2705 3566 2828 3607 cum
2858 3552 2942 3606 eis
2970 3552 3041 3607 sit
3082 3554 3469 3610 sermocinatio
3497 3554 3619 3618 Dei.

2017 3636 2145 3690 Illos
2175 3653 2308 3692 vero
2338 3654 2477 3709 quos
2505 3639 2669 3693 multa
2713 3639 2936 3695 scientia
2983 3642 3101 3697 sine
3143 3642 3406 3698 charitale
3447 3643 3624 3715 periu-

2018 3732 2153 3780 strat
2184 3725 2364 3780 ferunt
2394 3726 2583 3781 eadem
2615 3727 2845 3783 scientia
2873 3728 3051 3783 inﬂari
3081 3730 3260 3800 potius
3305 3747 3466 3800 quam
3507 3731 3622 3788 veri

2018 3812 2145 3868 boni
2176 3813 2482 3885 integritate
2514 3815 2754 3870 solidari.
2788 3816 2916 3870 Cum
2949 3833 3083 3888 ergo
3102 3817 3236 3872 illos
3265 3818 3367 3874 Dei
3410 3836 3626 3876 sermo-

2016 3900 2218 3956 cinatio
2249 3902 2495 3970 instruat,
2529 3905 2586 3958 et
2617 3904 2744 3958 istos
2774 3921 2872 3958 sua
2903 3904 3131 3960 scientia
3162 3906 3397 3977 quadam
3426 3915 3623 3965 vento-

2015 3987 2171 4043 sitate
2200 3989 2492 4055 distendat,
2526 3992 2621 4061 qui
2663 4006 2819 4060 aequa
2860 3992 3174 4048 discernere
3215 4009 3324 4048 non
3369 4005 3624 4051 verentur

2014 4078 2099 4131 cui
2130 4078 2306 4146 magis
2337 4078 2469 4147 parti
2512 4078 2577 4130 sit
2620 4079 2943 4145 cedendum,
2974 4095 3185 4149 precor,
3218 4080 3422 4149 edieas,
3456 4083 3621 4139 collo-

2014 4163 2105 4233 qui
2135 4165 2388 4219 videlicet
2437 4164 2535 4219 Dei
2574 4164 2878 4231 inhaarenti,
2913 4181 2981 4219 an
3024 4167 3094 4222 de
3136 4167 3218 4221 sui
3263 4168 3447 4223 cordis
3490 4186 3618 4239 per-

2011 4251 2245 4322 spicacia
2276 4253 2407 4307 ultra
2439 4268 2652 4324 usquam
2684 4252 2929 4307 tumenti.
2951 4254 3018 4307 Et
3046 4254 3100 4309 bi
3132 4255 3345 4325 quidem
3372 4264 3428 4310 ut
3472 4258 3619 4313 nulla

2012 4340 2277 4395 memoria
2309 4342 2375 4396 de
2404 4340 2758 4411 conceptione
2790 4341 3025 4413 Virginis
3052 4343 3240 4398 Matris
3270 4344 3324 4397 in
3367 4344 3619 4401 Ecclesia

2009 4428 2104 4482 filii
2135 4428 2253 4497 ejus
2285 4428 2391 4497 ﬁat,
2414 4445 2519 4483 non
2550 4429 2652 4485 sibi
2682 4430 2909 4485 rationis
2938 4428 3000 4457 ’⁸³
3037 4430 3207 4486 videri
3239 4430 3528 4500 affirmant,
3548 4449 3615 4489 eo

2010 4517 2155 4587 quod
2185 4534 2253 4573 ex
2282 4516 2345 4547 ’³⁷
2374 4519 2655 4574 nativitate
2686 4518 2827 4573 illius
2857 4535 2980 4589 qum
3010 4518 3214 4590 ubique
3242 4519 3434 4575 festive
3452 4537 3614 4577 reco-

2007 4607 2153 4673 litur,
2187 4607 2556 4679 conceptionis
2599 4607 2717 4676 ejus
2760 4607 3044 4662 exordium
3087 4607 3220 4663 satis
3262 4618 3612 4678 memoratur,

2009 4712 2109 4752 nec
2139 4697 2304 4764 enim,
2336 4696 2502 4761 aiunt,
2536 4704 2662 4749 nata
2692 4701 2858 4761 esset,
2892 4696 2933 4750 si
2964 4705 3231 4766 concepta
3259 4713 3369 4753 non
3398 4698 3609 4754 fuisset.

2009 4785 2075 4838 Et
2106 4800 2228 4840 cum
2261 4786 2320 4837 in
2352 4784 2527 4838 lucem
2556 4800 2620 4837 ex
2653 4784 2882 4838 materni
2921 4784 3058 4839 uteri
3101 4794 3310 4841 secreto
3352 4787 3612 4858 prodivit,

2005 4872 2211 4927 clarum
2261 4872 2361 4926 fuit
2392 4872 2535 4944 quod
2593 4872 2646 4925 in
2702 4872 2823 4928 alvo
2880 4874 3123 4944 parentis
3181 4883 3438 4945 concepta
3466 4874 3529 4905 ⁸³⁸
3557 4877 3613 4932 in

2005 4961 2295 5015 humanam
2342 4960 2570 5016 formam
2612 4961 2909 5017 concrevit.
2955 4962 3089 5017 Cum
3134 4962 3313 5037 itaque
3369 4964 3613 5036 corporis

2004 5049 2124 5119 ejus
2154 5047 2462 5121 speciﬁcata
2493 5050 2835 5122 compositio,
2866 5057 2919 5106 et
2947 5051 3001 5105 in
3031 5050 3191 5122 hujus
3221 5052 3408 5108 mundi
3436 5053 3615 5110 latitu-

1628 5170 1851 5227 VARDE
1880 5173 2269 5230 LECTIONES
2282 5212 2296 5230 .

363 5295 687 5371 “Collatus
714 5299 808 5371 est
830 5311 962 5371 cum
984 5311 1131 5371 ipss.
1176 5297 1415 5371 Qluniac
1445 5295 1690 5371 et‘Corb.
1724 5328 1793 5338 —
1820 5315 1927 5354 ms.
1964 5298 2222 5371 Cluniae.
2242 5300 2445 5370 incipit
2467 5315 2480 5354 :
2503 5297 2781 5371 Tractatus
2813 5298 2871 5353 Β.
2895 5298 3232 5371 AnselmiDe
3249 5299 3608 5371 conceptione

291 5370 349 5443 Β.
384 5371 573 5443 alariae
609 5369 862 5443 Virginis.
897 5366 1064 5423 milia.
1097 5371 1153 5421 et
1189 5368 1339 5443 garb.
1373 5372 1429 5422 et
1459 5367 1642 5443 editio
1678 5371 1938 5443 Rat/Aquae
1967 5370 2033 5443 de
2063 5366 2671 5443 conceptione:_._._locis
2716 5372 2998 5443 recolitur.
3032 5368 3211 5443 "{Ms.
3246 5372 3398 5428 εον-ι).
3424 5366 3609 5443 ᾔειιή-

290 5440 527 5497 busdam
579 5438 934 5539 praesentibus
978 5438 1385 5506 temporibus...

297 5521 508 5539 “ne-..
622 5510 732 5539 tu.
797 5510 928 5539 Ρηκιι
983 5509 1255 5539 ..ζηηιιιηηη
1323 5507 1385 5538 135

297 5521 532 5568 rentem.
580 5521 751 5567 "'Ms.
796 5521 948 5566 Coro.
983 5521 1278 5565 Vinculum.

295 5581 458 5644 milia.
495 5581 649 5642 Corb.
680 5582 736 5639 in
763 5580 1002 5657 peccatis
1030 5588 1314 5656 concepta.

1434 5438 1768 5510 celebratur;
1795 5438 1961 5497 milia.
1999 5440 2157 5510 Coro,
2202 5443 2397 5510 Atque.
2431 5438 2594 5496 "’Ms.
2630 5442 2783 5497 Corb.
2819 5444 3058 5497 tandem.
3090 5439 3282 5498 ³³³.Μ.ς.
3318 5441 3475 5499 Corb.
3498 5438 3610 5499 ὀα-

622 5510 751 5585 ⁶Με.
796 5509 1278 5585 Corb._vinculum.
1323 5507 1385 5538 ³³⁵
1416 5509 1508 5568 ills.
1563 5510 1715 5571 Corb.
1763 5519 2045 5585 quantum.
2096 5507 2302 5570 "'Msf
2330 5509 2493 5569 Corb.
2547 5526 2657 5569 non
2699 5513 2817 5571 sine
2860 5515 3094 5571 ratione.
3126 5510 3299 5575 ’"Ms.
3337 5512 3496 5571 Corb.
3528 5513 3607 5573 in.
