4024 6078
456 275 557 327 303

1514 264 1605 317 AD
1636 260 1859 319 ()PER.\
1893 263 1949 318 S.
1982 262 2279 321 ANSELMI
2310 263 2684 323 APPENDIX.

3649 271 3761 329 304

455 396 582 453 dine
598 393 945 451 “’exhibitio
962 396 1264 457 veneretur,
1286 385 1567 454 acunctis,
1588 402 1926 458 supervacue
1946 385 2038 441 illa
2070 388 2127 449 Α
2159 403 2321 459 quam
2353 390 2634 460 conceptio
2664 390 2929 448 venientis
2966 393 3020 448 in
3068 410 3231 452 carne
3274 394 3398 453 Filii
3440 398 3583 454 Dei?
3612 399 3760 455 Con-

457 486 637 542 adhuc
666 484 911 540 informis
939 480 1164 537 materia
1182 478 1447 535 coleretur
1463 474 1544 545 "°,
1565 492 1684 546 quae
1703 475 1753 529 in
1774 476 2047 531 nonnullis

457 591 623 646 saepe,
654 573 961 645 priusquam
993 571 1153 642 plene
1183 567 1234 621 in
1268 568 1556 622 humanam
1588 565 1825 637 effigiem
1870 573 2046 619 trans-

458 672 564 731 eat,
610 662 822 733 deperit
865 668 917 715 et
959 657 1307 713 adnihilatur.
1344 658 1454 709 llac
1498 656 1662 709 animi
1708 654 1796 708 sui
1841 654 2046 725 sagaci-

458 760 564 806 tate
580 750 844 822 perfuncti
868 748 1013 818 quod
1032 746 1381 817 antiquorum
1401 743 1720 814 simplicitas
1740 750 1793 797 et
1812 743 2049 813 perfecta

456 842 510 895 in
527 840 742 895 domina
760 845 944 892 nostra
959 834 1019 863 ’“
1049 835 1401 890 constituerat
1431 834 1682 900 charitas,
1716 832 1913 886 festum
1945 832 2047 886 sci-

453 931 579 985 licet
605 930 674 983 de
703 926 1056 996 conceptione
1086 924 1253 995 ipsius
1283 922 1662 977 sacratissima
1692 921 1926 975 domina:
1950 936 2046 975 sua

454 1033 558 1090 qua
590 1033 648 1071 se
679 1015 887 1086 pollere
916 1012 1290 1085 gloriabantur
1317 1009 1651 1066 auctoritatis
1682 1009 1888 1064 ratione
1917 1008 2047 1064 abo-

449 1107 567 1163 lere
597 1121 702 1161 non
730 1104 1046 1159 timuerunt.

524 1194 653 1249 Visa
682 1209 814 1265 ergo
844 1192 1050 1246 ratione
1079 1206 1411 1245 summorum
1441 1190 1679 1246 virorum
1701 1189 1751 1243 in
1788 1187 2045 1243 abolitio-

455 1300 526 1339 ne
562 1281 872 1338 festivitatis
903 1280 1087 1335 Matris
1117 1280 1216 1334 Dei
1246 1278 1744 1349 proficientium’“,
1765 1278 2046 1334 videamus

453 1374 616 1428 etiam
649 1371 967 1425 eharitatem
999 1368 1324 1437 simplicium
1356 1369 1423 1423 de
1469 1369 1600 1421 tanti
1646 1367 1828 1439 gaudii
1873 1366 2045 1421 amis-

454 1462 605 1516 sione
635 1459 977 1530 gementium
1022 1456 1103 1509 ’“.
1139 1457 1429 1527 Simplices
1474 1464 1615 1522 sunt,
1663 1465 1715 1511 et
1759 1455 2045 1526 profundis

450 1550 754 1605 rationibus
788 1547 1234 1617 philosophorum
1286 1560 1546 1615 responsa
1594 1562 1716 1616 quae
1761 1552 2039 1614 expetunt,

451 1636 703 1694 fortassis
735 1635 959 1690 reddere
1004 1634 1269 1689 nesciunt.
1304 1634 1501 1688 Dicunt
1544 1641 1725 1688 tamen
1754 1633 1815 1660 ’“
1845 1634 2043 1687 devota

2159 478 2334 548 ceptio
2368 495 2598 551 namque
2626 480 2951 537 incarnandi
2983 482 3103 538 Filii
3135 485 3232 540 Dei
3263 486 3334 540 ab
3363 488 3582 559 angelo,
3614 490 3761 545 sicut

2158 567 2517 637 Evangelium
2540 568 2705 625 refert
2723 569 2804 638 ⁸⁵⁸,
2836 572 3049 628 coalitus
3079 575 3441 644 praenuntiata
3471 585 3523 631 et
3552 579 3758 633 huma-

2157 655 2298 709 nitus
2329 655 2597 712 intellecta
2630 662 2729 713 est.
2774 660 2830 715 Si
2870 677 3004 733 ergo
3054 649 3256 734 aliquid
3304 665 3655 721 excellentius
3696 674 3759 723 et

2157 744 2300 812 quod
2349 746 2651 801 humanum
2691 748 3019 804 intellectum
3068 753 3401 822 supervolet,
3433 756 3757 826 conceptio-

2156 847 2279 886 nem
2314 834 2370 886 B.
2405 835 2584 890 Mariae
2614 836 2936 908 designasse
2953 840 3330 895 aestimandum
3349 850 3449 910 est,
3472 844 3758 899 excellen-

2157 921 2260 975 tior
2290 920 2466 993 gloria
2498 932 2549 979 et
2582 926 2757 995 major
2784 926 3021 998 dignitas
3051 929 3104 983 in
3134 930 3249 998 ejus
3279 948 3449 1002 quam
3479 933 3533 986 in
3555 932 3757 988 Christi

2155 1007 2371 1063 Domini
2399 1012 2753 1081 conceptione
2789 1014 3045 1069 divinitus
3085 1017 3347 1073 enituisse
3378 1016 3441 1047 ³⁵⁷
3466 1020 3756 1077 verisimili

2155 1097 2361 1152 ratione
2392 1099 2618 1154 videtur.
2652 1102 2773 1156 Non
2804 1104 2910 1159 lioc
2939 1104 3079 1170 dico,
3113 1106 3211 1160 sed
3243 1107 3409 1162 Filius
3456 1109 3576 1175 Dei,
3610 1125 3753 1166 can-

2153 1184 2256 1241 dor
2285 1188 2416 1241 lucis
2454 1196 2672 1245 aeterna:
2718 1199 2771 1245 et
2817 1192 2930 1261 ipse
2976 1192 3067 1248 lux
3110 1195 3486 1262 inacessibilis,
3520 1198 3752 1253 formam

2155 1276 2297 1329 servi
2336 1285 2657 1347 accepturus
2702 1281 3055 1351 semetipsum
3118 1283 3433 1351 exinanivit,
3480 1302 3753 1358 suumque

2154 1363 2443 1417 adventum
2486 1365 2560 1419 ita
2603 1367 2851 1421 humanis
2896 1370 3168 1425 mentibus
3211 1374 3642 1443 contemperavit
3689 1382 3753 1429 ut

2152 1452 2275 1522 capi
2304 1460 2485 1521 posset
2528 1460 2580 1509 et
2624 1455 2891 1527 intelligi;
2926 1474 3048 1514 nam
3098 1458 3144 1513 si
3187 1459 3241 1513 in
3287 1461 3586 1517 divinitatis
3632 1480 3752 1519 suae

2152 1541 2390 1595 essentia
2423 1542 2649 1597 veniens
2678 1553 2917 1615 apparet,
2950 1562 3112 1603 nemo
3143 1553 3377 1620 caperet,
3411 1566 3573 1607 nemo
3618 1568 3751 1608 sus-

2149 1629 2362 1684 tineret.

447 1726 503 1781 in
544 1724 759 1779 Domini
817 1731 1039 1776 matrem
1100 1721 1359 1776 charitate
1419 1721 1660 1787 fundari,
1695 1736 1801 1775 non
1857 1719 2040 1792 magni
2069 1740 2123 1802 B
2223 1720 2383 1772 Beata
2414 1736 2540 1775 vero
2571 1719 2631 1749 ’⁸⁸
2660 1722 2831 1777 Maria
2861 1725 3032 1779 Mater
3062 1726 3158 1781 Dei
3194 1726 3386 1799 futura,
3421 1728 3564 1784 sicut
3594 1746 3747 1797 eum,

450 1812 713 1887 ponderis
744 1810 803 1840 "‘
833 1812 935 1865 sibi
964 1810 1139 1865 videri
1170 1825 1330 1864 omne
1362 1809 1504 1881 quod
1532 1809 1783 1881 dignitati
1819 1817 1907 1863 aut
1938 1810 2041 1863 ho—

450 1903 567 1959 nori
598 1903 711 1971 ejus
742 1903 983 1955 humana
1010 1899 1168 1954 laude
1199 1898 1464 1964 defertur,
1499 1899 1543 1952 si
1574 1899 1779 1953 meritis
1807 1898 1953 1953 illius
1993 1904 2044 1952 et

448 1992 750 2063 insignibus
778 1995 1139 2059 comparetur.

526 2083 885 2136 Veruntamen
914 2078 1039 2131 dum
1071 2077 1183 2146 ipsa
1214 2075 1454 2146 insignia
1472 2092 1589 2143 sua,
1608 2083 1671 2130 ut
1696 2075 1920 2147 dignum
1939 2083 2040 2142 est,

450 2169 739 2227 devotione
769 2165 1003 2221 mundus
1046 2165 1247 2234 ubique
1291 2172 1595 2232 veneratur,
1630 2164 1757 2235 quid
1804 2166 1853 2218 si
1898 2164 2043 2235 quod

450 2272 758 2330 supremam
805 2253 1072 2323 originem
1114 2252 1332 2307 illorum
1362 2250 1422 2279 ’“
1464 2268 1571 2308 non
1613 2253 1705 2323 pio
1750 2253 1908 2308 oculo
1952 2253 2041 2306 in-

450 2355 644 2411 tuetur,
676 2343 921 2400 nonnihil
952 2342 1228 2395 mirantur.

521 2438 818 2490 Tantorum
850 2431 990 2486 enim
1023 2430 1290 2484 bonorum
1334 2431 1748 2497 consummatio,
1782 2446 1902 2499 quae
1946 2444 2043 2500 per

448 2528 623 2597 ipsam
668 2520 885 2576 Domini
929 2520 1155 2575 Matrem
1198 2518 1293 2572 toti
1341 2524 1601 2574 creatura:
1654 2525 2040 2589 provenerunt,

448 2615 662 2671 videtur
714 2610 1008 2664 admonere
1061 2604 1121 2634 "7
1180 2614 1418 2661 mentem
1473 2609 1773 2661 humanam
1834 2607 2046 2677 pietatis

448 2702 641 2759 aﬂ‘ectu
673 2697 951 2754 exordium
984 2712 1141 2749 suum
1185 2695 1549 2749 considerare.
1583 2696 1653 2748 Et
1694 2695 1879 2764 utique
1924 2711 2043 2750 eam

447 2799 754 2855 venturam,
790 2802 851 2841 ac
881 2784 1100 2840 Domini
1144 2785 1367 2838 Matrem
1412 2783 1644 2837 futuram
1688 2790 1799 2837 tota
1842 2785 2046 2846 Veteris

451 2875 800 2936 lnstrumenti
845 2872 903 2901 "'
962 2873 1133 2927 series
1191 2872 1397 2942 pandit.
1457 2872 1562 2926 Sed
1617 2880 1796 2926 utrum
1855 2872 1925 2926 ita
1983 2871 2042 2901 ’⁸³

449 2968 697 3042 proxime
730 2962 996 3019 nascitura
1027 2959 1217 3032 quovis
1261 2961 1483 3015 oraculo
1530 2968 1619 3015 aut
1665 2962 1863 3032 angelo
1907 2978 2044 3016 nuti-

449 3060 577 3112 tiata
618 3054 707 3123 sit,
740 3054 878 3107 sicut
919 3050 1185 3105 Dominus
1216 3046 1276 3075 "°
1306 3050 1551 3104 Christus
1597 3047 1739 3104 filius
1780 3051 1918 3118 ejus,
1953 3058 2044 3105 aut

449 3148 643 3202 beatus
672 3145 911 3197 Joannes
953 3153 1255 3210 praecursor
1296 3142 1349 3191 et
1392 3138 1624 3208 baptista
1665 3139 1908 3208 ejusdem
1947 3140 2043 3193 ﬁlii

450 3236 569 3305 ejus
597 3231 682 3300 πί,
716 3237 807 3286 aut
836 3229 911 3283 illi
941 3228 1027 3285 vel
1061 3228 1150 3281 ille
1180 3228 1248 3282 de
1279 3226 1499 3297 quibus,
1526 3234 1583 3281 ut
1610 3243 1748 3297 pene
1793 3227 2042 3282 omnibus

446 3325 634 3394 liquet,
668 3335 841 3377 sacrae
873 3317 1126 3372 Historia:
1153 3315 1473 3387 plenissime
1503 3322 1741 3383 narrant,
1776 3316 1827 3369 in
1860 3316 2044 3371 divina

447 3414 646 3487 pagina
679 3425 787 3464 non
817 3407 1062 3473 habetur,
1096 3405 1149 3459 in
1181 3404 1439 3459 canonica
1471 3404 1748 3475 Scriptura
1766 3420 1871 3459 non
1891 3422 2042 3478 repe-

447 3505 598 3559 ritur.
632 3502 694 3553 In
728 3496 873 3568 quod
901 3494 1031 3567 quid
1062 3492 1417 3564 dispensatori
1449 3494 1691 3547 omnium
1722 3508 1896 3547 rerum
1931 3494 2045 3564 Spi-

417 3564 576 3648 .ritui
608 3564 792 3642 sancto
824 3564 1102 3654 placuerit,
1137 3597 1242 3635 non
1276 3581 1401 3635 satis
1429 3581 1593 3652 digne
1621 3597 1708 3635 me
1738 3597 1894 3651 posse
1923 3598 2045 3636 con-

447 3679 696 3735 siderare
727 3670 1013 3735 confiteor,
1045 3670 1143 3723 abs
1174 3684 1234 3722 re
1267 3676 1441 3723 tamen
1470 3677 1724 3723 etcontra
1745 3670 1903 3723 fidem
1923 3687 2042 3726 esse

448 3782 559 3825 non
588 3762 817 3830 aestimo,
850 3759 894 3814 si
925 3756 1209 3813 exordium
1239 3756 1609 3827 conceptionis
1652 3756 1820 3826 ipsius
1835 3756 1898 3785 ’δ’
1928 3767 2041 3814 tam

448 3872 481 3912 a
523 3849 858 3922 simplicibus
902 3844 1161 3902 Ecclesiae
1205 3843 1327 3898 ﬁliis
1373 3845 1673 3899 aestimetur
1719 3844 1799 3912 ³⁵⁸,
1833 3854 1889 3901 ut
1932 3856 2038 3903 tam

449 3942 682 4000 sublime
730 3946 841 3994 tam
885 3936 1153 4000 divinum,
1197 3939 1304 3986 tam
1352 3931 1621 3988 ineﬁ‘abile
1670 3934 1848 4003 fuerit,
1882 3940 1943 3990 ut
1984 3938 2039 3991 in

448 4031 586 4088 illud
616 4043 773 4085 mens
818 4027 1054 4080 humana
1098 4020 1247 4076 nulla
1293 4021 1698 4093 perspicacitate
1743 4039 2038 4096 assurgere

444 4121 637 4196 possit.

516 4212 632 4266 Nec
675 4207 873 4262 mirum
922 4220 934 4257 :
989 4200 1399 4257 fundamentum
1448 4199 1716 4271 siquidem
1764 4204 1820 4257 et
1884 4203 2033 4273 quasi

444 4300 720 4374 quoddam
751 4290 1101 4349 seminarium
1121 4288 1181 4317 ’⁸⁸
1206 4288 1438 4343 civitatis
1460 4297 1511 4343 et
1529 4289 1818 4345 habitaculi
1841 4291 2037 4345 summi

438 4390 569 4448 boni
600 4390 653 4443 in
704 4400 770 4441 eo
813 4381 1152 4454 ponebatur;
1187 4386 1240 4433 et
1286 4378 1493 4432 mansio
1537 4377 1672 4432 lucis
1716 4387 1949 4447 aeternae,
1982 4387 2035 4435 et

2153 1807 2242 1877 qui
2274 1823 2437 1878 super
2464 1811 2647 1864 omnia
2675 1819 2763 1865 est
2792 1812 3378 1884 incomprehensibilis,
3411 1834 3602 1873 verum
3633 1827 3755 1874 erat

2152 1896 2425 1951 hominem
2457 1897 2713 1953 ineffabili
2757 1901 2921 1956 modo
2964 1902 3033 1957 de
3078 1919 3175 1958 sua
3231 1905 3528 1960 substantia
3577 1907 3755 1979 Virgo

2152 1988 2413 2054 paritura,
2447 2000 2513 2041 ac
2543 2003 2640 2057 per
2668 1990 2772 2045 hoc
2801 1988 2855 2043 in
2885 1989 3181 2047 divinitatis
3226 1992 3369 2047 illius
3396 1992 3455 2021 ²⁸⁹
3487 1996 3755 2051 unitatem

2151 2073 2459 2141 transitura,
2492 2091 2598 2130 non
2648 2074 2710 2104 ’°°
2755 2077 2993 2135 absurde
3035 2080 3183 2135 credi
3231 2090 3409 2152 potest
3450 2084 3757 2154 primordia

2151 2163 2520 2233 conceptionis
2547 2166 2669 2234 ejus
2702 2173 2839 2221 tanta
2870 2168 3087 2223 deitatis
3105 2169 3438 2227 sublimitate
3454 2173 3757 2245 praesigne-

2151 2257 2225 2317 ta,
2260 2258 2319 2305 ut
2347 2254 2701 2308 humanarum
2732 2257 3016 2327 conceptio
3047 2258 3308 2314 mentium
3339 2275 3405 2315 ea
3432 2260 3597 2331 plene
3643 2277 3754 2334 pe-

2150 2347 2368 2394 netrare
2398 2355 2507 2394 non
2536 2341 2762 2398 valeret.

2224 2428 2338 2483 Hoc
2394 2428 2576 2500 itaque
2618 2429 2680 2459 ²⁶¹
2724 2447 2861 2501 pura
2917 2433 3240 2505 simplicitas
3294 2436 3635 2510 supplexque
3692 2438 3752 2494 in

2150 2517 2325 2570 Deum
2357 2525 2408 2571 et
2439 2519 2491 2572 in
2522 2518 2933 2575 dilectissimam
2966 2525 3188 2579 Matrem
3220 2525 3338 2594 ejus
3370 2526 3574 2595 purilas
3604 2526 3752 2582 dile-

2153 2604 2345 2660 ctionis
2376 2605 2641 2662 aestimare
2671 2608 2736 2662 de
2767 2612 3118 2681 conceptione
3147 2612 3291 2668 illius
3324 2614 3422 2668 Dei
3467 2614 3755 2686 genitricis

2151 2708 2258 2747 non
2291 2701 2522 2748 veretur.

2224 2783 2291 2836 Et
2320 2782 2520 2837 idcirco
2551 2781 2616 2811 ’⁸³
2644 2785 2899 2855 ejusdem
2946 2789 3319 2859 conceptionis
3369 2791 3488 2848 dies
3535 2794 3751 2849 festivis

2153 2871 2399 2925 laudibus
2431 2888 2462 2925 a
2492 2875 2701 2928 cunctis
2734 2875 2983 2930 fidelibus
3014 2893 3111 2931 suo
3130 2879 3333 2947 judicio
3363 2881 3561 2937 merito
3591 2883 3749 2939 cele-

2153 2959 2400 3014 braretur
2429 2958 2511 3014 ²⁸⁸.
2545 2962 2624 3016 De
2655 2962 2774 3033 ipsa
2806 2964 3024 3035 quippe,
3057 2967 3239 3021 multis
3269 2969 3482 3024 saeculis
3507 2979 3632 3026 ante
3662 2986 3749 3027 or-

2153 3056 2264 3103 tum
2298 3051 2421 3120 ejus
2453 3048 2512 3078 ⁹⁶⁴
2539 3051 2624 3106 vel
2656 3062 2984 3123 conceptum
3014 3049 3099 3125 ’“,
3120 3058 3314 3112 Isaiam
3333 3057 3536 3130 Spiritu
3557 3068 3747 3116 sancto

2152 3137 2387 3193 afﬂatum
2412 3139 2612 3194 dixisse
2629 3148 2840 3195 constat
2872 3159 2882 3194 :
2907 3144 3242 3212 Egredietur
3268 3147 3426 3216 virga
3458 3147 3522 3202 de
3553 3150 3749 3204 radice

2150 3229 2320 3295 Jesse,
2346 3233 2399 3282 et
2421 3229 2525 3297 ﬂos
2549 3229 2621 3283 de
2650 3229 2840 3285 radice
2872 3231 2993 3300 ejus
3023 3234 3398 3301 asoendet;et
3430 3238 3747 3307 requiescet

2150 3331 2316 3385 super
2332 3331 2461 3371 eum
2477 3318 2721 3388 Spiritus
2746 3318 2988 3386 Domini,
3003 3319 3250 3392 Spiritus
3265 3324 3567 3394 sapientia:
3583 3328 3638 3379 et
3655 3326 3748 3379 in-

2155 3406 2440 3473 tellectus,
2474 3406 2716 3477 spiritus
2736 3408 2962 3461 consilii
2997 3411 3053 3462 et
3082 3410 3463 3478 [ortitudinis,
3494 3411 3746 3481 Spiritus

2150 3494 2410 3549 scientiw
2427 3498 2483 3547 et
2501 3494 2756 3565 pietatis,
2777 3498 2832 3549 et
2852 3496 3084 3568 replebit
3102 3514 3229 3553 eum
3248 3500 3487 3571 spiritus
3519 3502 3747 3556 timoris

2150 3583 2377 3638 Domini
2396 3580 2627 3653 "‘(lsai.
2662 3599 2734 3651 χι,
2762 3584 2886 3653 1-3).
2916 3584 3042 3639 HERC
3062 3585 3243 3656 itaque
3260 3587 3412 3659 virga
3433 3605 3554 3659 quae
3576 3589 3747 3644 talem

2150 3686 2215 3726 ex
2246 3687 2305 3726 se
2335 3671 2553 3741 protulit
2582 3670 2795 3739 ﬂorem,
2828 3672 2974 3727 nullo
2992 3673 3364 3741 dissentiente,
3388 3676 3555 3747 Virgo
3573 3679 3746 3733 Maria

2150 3760 2272 3827 fuit,
2307 3767 2359 3814 et
2389 3760 2509 3827 llos,
2542 3760 2636 3828 qui
2666 3759 2732 3813 de
2762 3760 2944 3815 radice
2973 3761 3088 3829 ejus
3125 3764 3389 3831 ascendit,
3425 3763 3749 3821 benedictus

2151 3848 2337 3914 Filius,
2363 3863 2527 3918 super
2547 3863 2704 3916 quem
2728 3855 2781 3902 et
2808 3848 2860 3902 in
2879 3864 2983 3918 quo
3013 3851 3192 3904 omnis
3227 3850 3503 3921 plenitudo
3537 3852 3748 3908 divini-

2106 3934 2272 3992 'tatis
2318 3933 2679 3990 essentialiter
2723 3936 3006 4006 requievit.
3058 3938 3189 3992 Haec
3235 3939 3403 4011 igitur
3456 3941 3625 4013 Virgo
3655 3939 3745 4011 ⁸⁸⁷,

2151 4025 2275 4080 tanti
2309 4024 2427 4079 Filii
2457 4024 2781 4095 dignissima
2811 4041 3027 4094 parens,
3061 4041 3183 4082 cum
3214 4027 3267 4081 in
3307 4027 3428 4083 alvo
3470 4045 3585 4084 suae
3631 4046 3743 4101 pa-

2144 4113 2313 4168 rentis
2343 4111 2575 4166 naturali
2606 4112 2729 4183 lege
2759 4112 3151 4184 conciperetur,
3183 4116 3306 4187 quis
3336 4132 3443 4171 non
3473 4118 3747 4176 concedat

2146 4202 2246 4257 Dei
2273 4201 2591 4271 sapientiam
2622 4216 2653 4255 a
2682 4198 2787 4255 ﬁne
2816 4217 2989 4271 usque
3016 4202 3084 4256 ad
3112 4201 3274 4258 ﬁnem
3315 4206 3739 4278 pertingentem,

2144 4297 2336 4346 cuncta
2369 4288 2704 4359 implentem,
2739 4297 2926 4344 cuncta
2945 4294 3242 4361 regentem,
3269 4307 3409 4347 novo
3426 4294 3663 4363 quodam
3685 4303 3743 4350 et

2145 4377 2399 4434 inetTabili
2431 4377 2632 4448 gaudio
2662 4377 2878 4447 cadum,
2913 4386 3127 4448 terram,
3162 4388 3213 4434 et
3242 4381 3423 4453 omnia
3454 4398 3569 4453 qua
3589 4383 3643 4437 in
3661 4384 3742 4438 eis

2658 4462 2717 4491 968
2736 4479 2748 4492 ο

438 4441 698 4551 templ-um
730 4441 873 4546 quod
901 4441 1258 4540 corporaliter
1286 4466 1613 4520 inhabitaret
1643 4466 1734 4521 ille
1771 4441 2030 4538 incorpo-
2060 4441 2113 4501 D
2144 4475 2287 4535 sunt,
2319 4441 2627 4538 perfudisse
2658 4462 2749 4535 ’⁸⁸;
2783 4480 2849 4521 ac
2879 4465 3135 4521 ineffabili
3158 4448 3478 4536 jubilatione
3509 4486 3614 4540 pro
3655 4471 3739 4527 sui

437 4584 571 4625 reus
602 4574 654 4621 et
682 4557 1177 4629 incircumscriptus
1208 4562 1261 4610 et
1288 4560 1502 4610 creatus
1531 4553 1590 4582 ’⁵⁵
1621 4554 1779 4610 simul
1805 4563 1857 4611 et
1888 4558 2031 4613 vivi-

2141 4554 2585 4626 reintegratione,
2619 4569 2780 4626 (luam
2817 4569 2914 4623 per
2952 4554 3094 4609 illam
3137 4556 3237 4610 sibi
3281 4562 3600 4614 eventuram
3644 4560 3735 4615 di-

2140 4644 2265 4701 vina
2294 4652 2344 4699 et
2375 4643 2583 4698 occulta
2612 4642 2961 4713 inspiratione
2990 4644 3381 4713 praevidebant,
3415 4647 3736 4716 perlustras-

2139 4749 2198 4788 se
2245 4729 2354 4787 "’7
2386 4731 2493 4787 Sed
2540 4746 2663 4785 cum
2709 4729 2826 4800 ipsa
2878 4733 3163 4802 conceptio
3208 4733 3646 4803 fundamentum,
3676 4743 3737 4792 ut

2136 4821 2391 4886 diximus,
2425 4818 2581 4874 fuerit
2608 4817 2903 4874 habitaculi
2931 4816 2993 4847 ²⁷⁰
3022 4821 3224 4875 summi
3256 4820 3409 4892 boni,
3442 4823 3488 4877 si
3516 4824 3733 4893 peccati

435 4656 610 4712 ficans
637 4651 818 4708 omnia
850 4648 1078 4719 Spiritus
1108 4644 1413 4716 parabatur.

510 4742 651 4798 Dicit
682 4740 820 4794 forte
863 4736 1058 4808 aliquis
1093 4754 1103 4788 :
1139 4733 1279 4801 Quid
1328 4733 1492 4799 enim,
1524 4733 1701 4804 major
1747 4732 2028 4790 excellen-

437 4832 543 4889 tior
591 4826 845 4884 aestimari
889 4824 1052 4881 debet
1095 4823 1377 4893 conceptio
1423 4823 1616 4878 futura:
1660 4822 1843 4877 Matris
1906 4823 2025 4892 Dei,

1744 4920 1969 4974 VAllle
2014 4920 2209 4975 LECTI
2217 4919 2312 4974 ON
2320 4918 2420 4973 ES.

506 5012 680 5068 "9.113.
720 5010 872 5066 Corb.
906 5006 1262 5063 latitudinem.
1296 5008 1661 5093 "°ills.”Corb.
1714 5009 2171 5093 communicatur;
2197 5006 2374 5093 milis.
2409 5006 2567 5087 Corb.
2622 5004 2866 5093 Dp‘i‘nina.
2902 5022 3082 5061 rerum
3139 5007 3409 5089 legspuro
3440 5008 3731 5093 Dominam

436 5094 697 5141 nostram.
731 5080 890 5135 "’Ms.
930 5080 1083 5149 Corb.
1136 5080 1429 5148 proficisci.
1463 5078 1620 5134 ’“Ms.
1658 5081 1811 5134 Corb.
1845 5082 2004 5135 omit.
2060 5079 2219 5134 mills.
2252 5079 2432 5149 Coros
2458 5078 2620 5131 enim.
2672 5075 2887 5132 ’“Edit.
2936 5094 3036 5134 nec
3082 5075 3574 5149 magni'ponderis
3624 5090 3724 5137 est.

435 5156 595 5213 “Ms.
634 5154 788 5209 Corb.
823 5152 982 5205 omit.
1014 5146 1174 5204 “iis.
1214 5152 1365 5206 Corb.
1404 5151 1614 5205 videtur
1651 5159 1829 5205 autem
1859 5166 2080 5205 movere
2102 5166 2341 5205 omnem.
2374 5146 2529 5203 milis.
2561 5150 2711 5204 Corb.
2748 5150 3069 5203 testamenti.
3105 5146 3269 5204 "’Ms.
3313 5146 3466 5206 Corb.
3501 5155 3728 5208 omittit

433 5230 530 5283 ita.
564 5226 723 5281 "ﬁlis.
763 5221 916 5279 Corb.
953 5220 1086 5290 ipse.
1120 5220 1282 5275 ’“Ms.
1321 5222 1476 5276 Corb.
1525 5222 1683 5276 omit.
1720 5222 1858 5290 ejus.
1894 5220 2053 5277 milis.
2092 5222 2251 5277 Corb.
2286 5220 2439 5290 tanti.
2469 5217 2629 5274 ’“Ms.
2683 5220 2834 5275 Corb.
2882 5228 2952 5273 et.
2986 5218 3136 5275 "‘ed.
3185 5222 3502 5276 sacrarium.
3556 5221 3722 5279 “‘Ms.

437 5300 591 5357 Corb.
626 5303 678 5350 et
722 5294 909 5349 trinas.
943 5289 1115 5375 “alii.”
1140 5292 1294 5375 Ciorb.
1331 5289 1989 5375 testatn‘r.__”7t‘ls.'(3orb.
2014 5293 2329 5375 emicuisse.
2355 5289 2522 5375 I’5'M‘s.
2560 5290 2720 5375 (loro.
2774 5291 3012 5375 etutdit.
3047 5290 3439 5375 Virg_o.n"”i‘lt_s.
3482 5293 3729 5375 Corbnet

434 5372 522 5427 ed.
555 5368 821 5424 Deitatem
854 5360 1204 5451 illius.n"°ed.
1234 5361 1305 5451 it‘a
1320 5377 1463 5451 Lnon.
1498 5360 1864 5451 "asporta.
1887 5360 2078 5451 ita.‘m
2111 5364 2206 5418 Ms.
2244 5363 2394 5451 (Jorb.
2423 5362 2603 5451 ﬁtfd.
2626 5360 2781 5451 (ideo.
2814 5358 2885 5451 ’σί
2904 5358 3218 5451 adjumultis
3244 5360 3724 5451 ﬁdelibpsmeritp

433 5440 768 5499 celebratur.
810 5432 973 5518 “illis:
1011 5433 1165 5518 Corb.
1184 5432 1525 5518 ‘celebretnur.
1544 5430 1694 5518 f'ed
1723 5432 1886 5518 omit.
1922 5434 2009 5518 vel
2038 5441 2391 5518 conceptum.
2422 5428 2584 5518 "‘"M‘s.
2611 5432 2789 5518 _Corb.
2828 5434 2896 5518 et.
2909 5432 3173 5518 εάίιλιιερ
3193 5434 3356 5490 omit.
3385 5431 3535 5518 med.
3558 5437 3722 5518 ‘om‘it.

427 5514 603 5587 virgo.
627 5508 800 5587 ῥοδίνῃ.
843 5507 993 5568 Corb.
1028 5509 1084 5567 et
1132 5504 1271 5565 edit.
1315 5504 1771 5583 profundissiina.
1805 5503 1958 5567 ’“ed.
1990 5499 2345 5582 praevidébat,
2377 5502 2802 5581 perillustrasse.
2833 5499 2998 5564 milis.
3033 5502 3193 5566 Corb.
3233 5505 3515 5587 conceptio
3557 5506 3722 5568 habi~

434 5580 590 5649 iaculi
617 5580 799 5643 fuerit.
