4036 6072
314 306 416 367 305

1352 306 1616 367 SPURIA.
1646 336 1716 349 -—
1744 304 1837 363 DE
1867 303 2209 362 CONCEPT.
2244 302 2301 360 Β.
2336 303 2588 363 ΜΑΒΙίΕ.

3520 311 3622 367 306

321 431 565 507 alicujus
586 449 657 493 ex
686 435 877 508 primae
904 433 1368 509 praevaricationis
1397 434 1604 508 origine
1656 432 1925 490 maculam
1955 429 2011 492 A
2038 428 2155 487 ﬁeri
2178 440 2404 488 matrem
2438 448 2609 501 suam,
2644 441 2696 490 et
2724 432 2848 505 quia
2876 431 3066 501 voluit,
3100 432 3227 493 fecit
3271 448 3389 492 esse
3421 450 3434 492 :
3469 433 3623 507 quasi

316 525 486 581 traxit
518 522 604 595 ³⁷³,
636 527 727 598 qui
749 527 991 583 dicemus
1018 528 1045 580 ‘2
1075 525 1260 598 utique
1317 540 1450 581 voce
1503 524 1688 579 divina
1730 524 1928 580 dicitur

323 614 395 670 ad
416 615 715 672 Jeremiam
742 618 1056 689 :Priusque
1092 620 1147 672 te
1178 619 1484 687 formarem
1516 616 1577 669 in
1595 613 1928 679 πωγωνίουὶ

321 706 375 760 te
396 722 413 755 :
438 710 495 760 et
509 709 829 778 antequam
847 707 1037 761 exire:
1055 705 1120 760 de
1137 712 1354 769 ventre,
1388 704 1747 773 sanctiﬁcavi
1762 706 1814 757 te
1833 722 1850 766 ;
1869 705 1926 757 et

320 793 663 865 praphetam
680 796 741 850 in
759 794 1029 866 gentibus
1050 794 1246 850 dedite
1266 791 1467 861 m(Jer.
1483 808 1520 859 ι,
1542 794 1615 861 5).
1632 792 1927 845 DeJoanne

327 897 553 953 quoque
579 882 831 953 angelus,
863 884 952 952 qui
986 898 1116 938 eum
1146 883 1483 938 nasciturum
1515 880 1924 951 prmnuntiabat,

328 971 567 1026 asseruit
587 971 733 1042 quod
765 971 972 1041 Spiritu
1031 979 1217 1027 sancto
1266 970 1570 1040 repleretur
1623 969 1805 1024 adhuc
1862 984 1928 1023 ex

325 1066 479 1113 utero
510 1059 828 1115 matrissuae
848 1062 1008 1130 (Luc.
1040 1063 1210 1129 1,15).
1238 1060 1293 1114 Si
1322 1058 1781 1130 igiturJeremias,
1802 1057 1929 1127 quia

330 1142 391 1175 ’τ’
423 1146 477 1200 in
505 1148 761 1219 gentibus
816 1157 939 1203 erat
995 1150 1261 1219 propheta
1293 1148 1524 1213 futurus,
1560 1147 1614 1200 in
1645 1147 1801 1201 vulva
1845 1152 1928 1200 est

330 1236 728 1303 sanctiﬁcatus,
760 1245 814 1292 et
840 1238 1096 1300 Joannes,
1115 1236 1425 1302 Dominum,
1443 1236 1495 1289 in
1512 1235 1724 1306 spiritu,
1746 1242 1797 1289 et
1820 1234 1927 1289 vir-

334 1332 448 1380 tute
471 1324 605 1381 Eliae
633 1342 997 1392 praecessurus
1026 1325 1204 1395 (ibid.,
1228 1325 1337 1396 t7),
1375 1324 1573 1394 Spiritu
1630 1331 1816 1379 sancto
1847 1330 1930 1379 est

328 1428 402 1468 ex
427 1421 590 1469 utero
621 1415 807 1469 matris
820 1415 1083 1484 repletus,
1097 1413 1218 1486 quis
1237 1414 1423 1468 dicere
1444 1412 1928 1483 audeatsingulare

333 1502 500 1558 totius
516 1502 699 1558 saeculi
715 1502 1175 1574 propitiatorium,
1208 1518 1270 1557 ac
1286 1502 1402 1557 Filii
1419 1502 1516 1556 Dei
1537 1501 1927 1571 omnipotentis

334 1591 721 1648 dulcissimum
764 1592 1186 1657 reclinatorium,
1216 1591 1415 1646 moxin
1436 1589 1928 1660 suasconceptionis

334 1680 567 1735 exordio
601 1680 830 1751 Spiritus
858 1680 1242 1751 sanetigratias
1287 1680 1646 1735 illustratione
1692 1678 1924 1733 destitu-

2035 520 2325 589 diceretur,
2357 523 2578 579 Matrem
2611 540 2768 578 suam
2793 533 2840 579 to
2871 524 2997 581 fecit
3053 523 3146 582 ille
3194 541 3373 582 rerum
3423 526 3623 581 Domi-

2037 627 2154 676 nus,
2180 610 2407 666 Creator
2436 622 2486 666 et
2502 613 2833 682 gubernator
2850 628 2863 681 ;
2883 630 3085 678 rerum,
3102 615 3340 685 inquam,
3354 616 3616 684 omnium,

2035 715 2143 754 non
2172 700 2352 755 solum
2386 701 2830 772 intelligibilium,
2887 703 2980 757 sed
3011 719 3228 758 omnem
3285 705 3622 761 intellectum

2039 790 2525 843 transcrndentium
2548 791 2809 845 Dominus
2866 798 2916 845 et
2973 792 3147 847 factor
3176 801 3224 847 te
3268 793 3542 848 dominam
3569 800 3622 848 et

2036 878 2443 947 imperatiicem
2476 880 2748 934 constituit
2798 879 3059 936 caelorum
3117 890 3277 951 atque
3337 892 3619 951 terrarum,

2037 976 2089 1021 et
2117 966 2195 1021 sic
2224 967 2456 1021 narium
2487 976 2537 1022 et
2567 968 2807 1023 omnium
2829 969 3240 1038 elementorum,
3281 987 3405 1026 cum
3436 972 3621 1026 omni-

2035 1055 2137 1110 bus
2167 1072 2287 1125 quae
2317 1056 2369 1110 in
2400 1056 2534 1126 ipsis
2561 1065 2702 1125 sunt,
2735 1057 2955 1111 domina
2994 1067 3043 1114 et
3074 1060 3390 1129 imperatrix
3447 1060 3620 1115 exsti-

2038 1145 2139 1199 tisti
2195 1154 2245 1200 et
2289 1145 2496 1212 existis,
2521 1154 2573 1199 et
2602 1154 2657 1199 ut
2689 1146 2762 1199 ita
2819 1162 2981 1213 esses,
3012 1147 3065 1200 in
3093 1157 3243 1202 utero
3273 1149 3459 1202 matris
3518 1157 3623 1204 tua:

2036 1249 2068 1289 a
2098 1234 2417 1303 primordiis
2449 1235 2842 1303 conceptionis,
2876 1244 3135 1305 operante
3166 1236 3368 1307 Spiritu
3412 1246 3619 1303 sancto,

2035 1323 2308 1378 creabaris
2361 1321 2442 1377 "’7.
2499 1324 2579 1377 Ita
2630 1331 2728 1389 est,
2777 1323 2923 1378 bona
2994 1325 3246 1393 Domina,
3301 1334 3353 1381 et
3415 1326 3621 1399 gaude-

2036 1428 2155 1465 mus
2202 1412 2276 1466 ita
2331 1427 2464 1466 esse.
2515 1412 2769 1482 Nunquid
2823 1428 2978 1484 ergo,
3028 1413 3343 1469 dulcissima
3380 1415 3619 1482 domina,

2032 1499 2272 1570 nunquid
2304 1509 2358 1555 tu
2390 1508 2536 1555 tanta
2565 1501 2743 1555 futura
2770 1499 2849 1567 π’,
2884 1501 3098 1557 Summi
3146 1503 3402 1559 videlicet
3455 1505 3624 1558 Mater

2034 1590 2220 1655 unica,
2241 1597 2293 1644 et
2321 1590 2561 1644 omnium
2594 1606 2715 1659 quae
2742 1590 2975 1658 fuerunt,
2997 1600 3121 1646 sunt
3148 1593 3231 1646 vel
3264 1600 3441 1658 erunt,
3486 1609 3619 1661 pru-

2034 1677 2166 1731 dens
2194 1694 2256 1732 ac
2276 1678 2473 1733 nobilis
2502 1687 2627 1747 post
2684 1678 2855 1732 filium
2889 1687 3035 1734 tuum
3092 1679 3429 1749 imperatrix,
3476 1697 3619 1735 nun-

331 1777 469 1825 tum.
496 1770 749 1824 Testante
770 1785 897 1824 vero
928 1769 1229 1839 Scriptura:
1252 1769 1347 1827 Ubi
1384 1769 1631 1840 Spiritus
1671 1768 1917 1834 Domini,
1949 1788 2002 1847 Β
2034 1765 2161 1835 quid
2192 1766 2245 1819 in
2276 1766 2606 1821 exordiotuo
2629 1767 2750 1821 talis
2774 1783 2895 1821 esse
2916 1767 3219 1823 debuistiut
3237 1770 3477 1823 omnium
3491 1784 3622 1839 quo-

326 1856 411 1913 ibi
444 1858 768 1926 libertasw
788 1858 908 1913 Cor.
932 1873 1009 1922 Ill,
1036 1856 1142 1925 17),
1180 1871 1212 1912 a
1252 1857 1514 1911 servitute
1530 1856 1691 1927 igitur
1746 1855 1922 1910 omnis

323 1946 541 2017 peccati
578 1946 747 2001 libera
772 1946 891 2014 fuit,
925 1962 1046 2016 quae
1069 1945 1309 2000 omnium
1326 1944 1385 1973 "“
1413 1954 1760 2015 peccatorum
1792 1960 1922 2013 pro-

318 2034 561 2104 pitiatori
580 2035 721 2101 aula,
742 2034 793 2089 in
814 2051 920 2108 qua
937 2042 988 2089 et
1018 2051 1089 2089 ex
1120 2049 1225 2104 qua
1258 2034 1609 2105 personaliter
1638 2035 1805 2088 homo
1824 2031 1924 2087 ﬁe-

323 2132 429 2191 ret,
463 2123 698 2194 Spiritus
728 2123 900 2178 sancti
936 2124 1287 2194 prtesentiact
1316 2122 1925 2193 Operationeconstrue-

326 2211 505 2266 batur.
542 2210 698 2280 Quod
726 2212 772 2266 si
803 2212 924 2283 quis
945 2226 1066 2266 eam
1098 2211 1295 2282 prima:
1324 2211 1550 2282 originis
1581 2218 1802 2280 peccato
1817 2224 1922 2264 non

325 2300 644 2355 omnimodo
675 2309 952 2371 expertem
984 2300 1152 2355 fuisse
1182 2300 1513 2371 pronuntiat,
1537 2315 1658 2354 cum
1689 2298 1835 2352 illam
1855 2314 1922 2353 ex

333 2387 498 2461 legali
512 2405 614 2445 con
617 2390 776 2461 jugio
800 2389 969 2444 maris
983 2397 1035 2444 ct
1056 2389 1279 2444 feminae
1298 2396 1615 2458 conceptam
1631 2386 1922 2442 verissime

330 2485 563 2545 constet,
597 2478 865 2533 sententia
894 2477 1163 2534 catholica
1192 2484 1292 2531 est.
1319 2477 1437 2547 Ego
1483 2492 1516 2530 a
1564 2475 1845 2532 catholicae
1871 2481 1924 2530 et

328 2566 662 2622 universalis
690 2567 955 2622 Ecclesia:
985 2566 1210 2621 veritate
1239 2564 1390 2620 nulla
1414 2563 1618 2619 ratione
1649 2564 1774 2618 volo
1804 2564 1921 2618 dis-

327 2657 558 2725 sentire,
593 2654 1053 2726 magniﬁcentiam
1083 2652 1143 2682 ²⁷⁵
1175 2662 1356 2708 tamen
1385 2653 1762 2722 operationem
1807 2652 1921 2707 vir-

326 2744 452 2799 tutis
470 2744 676 2799 divinae
731 2744 962 2813 quadam
1009 2744 1160 2813 quasi
1218 2743 1419 2797 mentis
1458 2741 1778 2812 lippitudine
1825 2756 1921 2809 pro

322 2848 491 2903 posse
522 2832 897 2901 considerans,
931 2831 1119 2886 videor
1148 2832 1277 2885 mihi
1308 2831 1492 2885 videre
1524 2829 1649 2900 quia
1707 2829 1753 2882 si
1793 2828 1921 2897 quid

329 2919 617 2992 originalis
637 2919 842 2990 peccati
873 2920 926 2972 in
952 2918 1343 2991 propagatione
1395 2918 1531 2987 ejus,
1563 2924 1616 2972 et
1672 2931 1922 2972 commu-

320 3010 405 3065 nis
425 3008 542 3065 vitii
564 3008 789 3075 exstitit,
823 3008 954 3063 illud
1004 3006 1422 3080 propagantium
1455 3015 1507 3061 et
1552 3020 1659 3062 non
1716 3020 1920 3076 propa-

326 3107 468 3170 gatae
494 3098 668 3169 prolis
692 3097 820 3152 fuit.

399 3186 726 3242 Castaneam
755 3185 988 3241 invicem
1011 3184 1229 3240 attende
1263 3202 1276 3239 :
1308 3200 1427 3239 cum
1460 3184 1527 3239 de
1557 3183 1637 3238 sui
1670 3182 1917 3239 videlicet

325 3275 548 3347 generis
576 3275 770 3331 arbore
805 3275 987 3345 prodit
1039 3274 1324 3343 nascitura,
1382 3273 1719 3329 involucrum
1775 3273 1920 3327 illius

326 3373 497 3420 totum
585 3362 856 3433 hispidum
912 3372 965 3417 et
1018 3362 1357 3417 densissimis
1423 3362 1627 3417 aculeis
1684 3360 1919 3429 undique

324 3462 537 3523 septum
580 3459 831 3523 apparet.
870 3452 1016 3505 Intus
1071 3459 1326 3504 castanea
1379 3450 1703 3519 concipitur,
1744 3449 1920 3518 primo

327 3541 549 3611 quidem
581 3540 831 3595 nucleum
862 3539 1022 3594 lactei
1052 3537 1299 3608 liquoris,
1332 3537 1464 3590 nihil
1495 3536 1789 3606 hiSpidum,
1829 3536 1919 3589 ni-

332 3629 408 3684 hil
438 3644 721 3700 asperum,
752 3644 852 3683 nec
881 3626 1150 3698 aliquibus
1172 3625 1376 3681 aculeis
1395 3624 1617 3680 noxium
1648 3624 1703 3678 in
1751 3640 1809 3679 se
1828 3625 1923 3679 ha-

328 3718 493 3789 bens,
527 3717 631 3773 sed
660 3718 705 3771 si
740 3716 1082 3785 aliquatenus
1111 3714 1457 3770 servansillic
1485 3714 1538 3767 in
1570 3712 1921 3768 summaleni-

330 3816 434 3862 tate
463 3806 712 3870 nutritur,
745 3805 957 3859 fovetur
985 3812 1035 3859 et
1055 3804 1231 3870 alitur,
1270 3819 1335 3857 ac
1363 3802 1538 3857 forma
1593 3802 1648 3855 in
1678 3802 1764 3856 sui
1791 3818 1920 3872 spe-

324 3897 464 3952 ciem
492 3904 547 3950 et
578 3894 947 3949 habitudinem
974 3892 1090 3961 jam
1120 3891 1320 3956 adulta,
1354 3899 1512 3960 rupto
1541 3889 1822 3945 involucro
1852 3889 1921 3943 ab

324 3985 473 4040 omni
496 3983 778 4052 spinarum
810 3981 1101 4052 punctioue
1131 3988 1185 4035 et
1212 3995 1377 4035 onere
1406 3980 1682 4034 liberrima
1733 3986 1923 4032 natura

324 4071 631 4143 egreditur.
670 4068 902 4123 Attendo
916 4109 929 4123 .

395 4158 452 4214 Si
484 4159 633 4214 Deus
661 4165 929 4213 castaneae
960 4156 1166 4212 confert
1218 4163 1277 4211 ut
1305 4156 1446 4211 inter
1502 4155 1689 4225 spinas
1715 4161 1922 4209 remota

328 4247 624 4317 punctione
684 4245 1023 4315 concipiatur
1078 4242 1159 4310 ’7‘,
1220 4243 1415 4309 alatur,
1470 4244 1758 4309 formetur,
1813 4258 1923 4298 non

328 4336 505 4406 potuit
536 4336 657 4390 hzec
686 4335 815 4388 dare
846 4335 1080 4388 humano
1110 4332 1255 4403 quod
1286 4332 1403 4401 ipse
1425 4332 1525 4386 sibi
1557 4332 1924 4401 parabattem-

324 4425 415 4495 plo
450 4424 504 4477 iu
539 4439 649 4494 quo
678 4423 1040 4492 corporaliter
1070 4422 1351 4484 habitaret,
1381 4430 1432 4474 et
1475 4420 1541 4474 de
1573 4435 1682 4491 quo
1712 4420 1765 4472 in
1796 4420 1920 4473 uui-

1948 3140 1998 3203 C

2031 1870 2149 1908 rum
2184 1863 2234 1909 te
2254 1855 2543 1909 Dominum
2570 1854 2630 1883 ’⁷ο
2659 1871 2847 1926 gerere
2892 1856 3188 1911 certissime
3222 1858 3473 1913 novimus
3530 1865 3622 1912 aut

2032 1942 2328 2012 impuritati
2361 1953 2451 1997 aut
2480 1944 2801 2012 subjectioni
2836 1944 3097 2015 potuisset
3121 1946 3297 2001 addici
3328 1948 3355 1999 ‘?
3384 1947 3482 2001 llle
3526 1961 3621 2001 as-

2032 2041 2206 2085 sertor
2233 2048 2383 2101 purae
2412 2033 2669 2098 veritatis,
2704 2041 2754 2088 et
2785 2049 2816 2088 a
2847 2032 2956 2089 ﬁlio
2985 2042 3072 2089 tuo
3097 2034 3212 2103 jam
3239 2035 3291 2087 in
3314 2034 3455 2091 ocelo
3483 2051 3619 2103 pra:-

2032 2121 2241 2175 sidente
2264 2137 2358 2175 vas
2389 2122 2665 2176 electionis
2693 2122 3127 2193 cognominatus,
3160 2139 3348 2177 omnes
3378 2124 3624 2178 homines

2030 2224 2293 2278 peccasse
2323 2209 2376 2263 in
2406 2209 2578 2263 Adam
2611 2210 2823 2276 fatetur,
2857 2226 2985 2264 vera
3039 2211 3222 2281 utique
3252 2212 3531 2279 sententia,
3570 2221 3623 2267 et

2033 2299 2119 2353 cui
2154 2298 2447 2353 contradici
2478 2298 2632 2352 nefas
2662 2314 2781 2353 esse
2807 2299 3117 2368 pronuntio.
3166 2299 3272 2354 Sed
3329 2315 3451 2355 cum
3479 2301 3621 2355 emi-

2030 2387 2267 2441 nentiam
2297 2386 2487 2458 gratiae
2514 2386 2614 2441 Dei
2640 2386 2759 2442 inte
2777 2387 3079 2455 considero,
3112 2388 3251 2443 sicut
3278 2396 3328 2442 te
3364 2403 3471 2444 non
3529 2390 3618 2443 in-

2032 2485 2109 2531 tra
2141 2476 2348 2538 omnia,
2381 2475 2477 2529 sed
2509 2490 2673 2544 super
2701 2476 2884 2529 omnia
2914 2492 3033 2545 quae
3071 2475 3209 2531 facta
3237 2485 3377 2543 sunt,
3408 2477 3617 2533 inmsti-

2031 2564 2215 2618 mahili
2254 2564 2418 2618 modo
2447 2572 2720 2628 contueor,
2782 2563 2855 2617 iia
2904 2572 2953 2618 te
3008 2580 3113 2618 non
3135 2564 3257 2636 lege
3309 2571 3515 2622 natura;
3566 2575 3624 2622 ut

2029 2654 2168 2708 alios
2222 2653 2275 2706 in
2334 2661 2421 2706 tua
2472 2653 2829 2721 conceptione
2859 2652 3167 2708 devinctam
3196 2654 3364 2709 fuisse
3394 2654 3612 2724 opinor.

2030 2742 2122 2795 sed
2155 2741 2417 2811 singulari
2467 2746 2520 2795 et
2566 2741 2806 2796 humano
2854 2741 3145 2795 intellectui
3223 2742 3619 2813 impenetrabili

2030 2830 2327 2884 divinitatis
2356 2830 2553 2884 virtute
2582 2838 2631 2884 et
2662 2831 2971 2900 operatione
2993 2831 3060 2884 ab
3090 2832 3235 2885 omni
3274 2832 3482 2901 peccati
3515 2832 3621 2887 ad-

2023 2919 2300 2988 junctionc
2330 2918 2687 2973 liberrimam.
2722 2919 2910 2975 Solum
2940 2919 3138 2974 etenim
3161 2929 3432 2990 peccatum
3448 2919 3623 2976 fuerat

2032 3007 2177 3078 quod
2205 3007 2451 3061 homines
2468 3022 2500 3060 a
2524 3015 2678 3075 parte
2706 3007 2801 3061 Dei
2834 3006 3121 3062 dirimebat
3153 3026 3167 3075 ;
3200 3015 3253 3063 et
3282 3015 3338 3062 ut
3366 3008 3497 3063 illud
3528 3010 3620 3064 Fi-

2031 3097 2134 3150 lius
2164 3095 2259 3150 Dei
2294 3104 2600 3160 evacuaret,
2634 3094 2822 3167 sicque
2851 3094 2920 3150 ad
2951 3096 3168 3165 placere
3196 3097 3293 3150 Dei
3326 3097 3621 3152 humanum

2027 3201 2201 3258 genus
2226 3192 2523 3248 revocaret,
2560 3184 2722 3237 homo
2754 3183 2865 3237 ﬁeri
2898 3184 3083 3253 voluit,
3120 3192 3171 3238 et
3201 3185 3342 3251 talis,
3371 3195 3427 3240 ut
3458 3187 3619 3241 necin

2027 3291 2091 3329 eo
2146 3274 2485 3343 aliquatenus
2528 3271 2821 3326 concordat
2877 3272 2947 3339 ei,
3021 3273 3161 3327 unde
3203 3272 3370 3328 homo
3417 3291 3449 3328 a
3506 3275 3620 3329 Deo

2027 3362 2367 3417 discordabat
2402 3379 2413 3413 :
2450 3360 2538 3430 qui
2598 3376 2728 3431 ergo
2786 3360 2859 3414 ita
2890 3359 3003 3414 ﬁeri
3031 3361 3339 3430 oportebat,
3395 3370 3621 3415 matrem

2028 3451 2097 3506 de
2156 3466 2259 3521 qua
2309 3450 2430 3503 talis
2487 3457 2761 3504 crearetur
2792 3446 2871 3513 ²⁸⁰,
2905 3449 3160 3504 mundam
3218 3465 3335 3503 esse
3361 3450 3443 3504 'ah
3474 3450 3620 3504 omni

2027 3548 2254 3610 peccato
2300 3538 2544 3593 decebat.
2578 3538 2750 3591 Aliter
2770 3537 2913 3591 enim
2945 3554 3052 3608 quo
3084 3546 3241 3607 pacto
3273 3538 3350 3591 illi
3396 3554 3623 3593 summae

2027 3628 2246 3700 puritati
2277 3643 2406 3684 caro
2430 3634 2574 3682 tanta
2604 3625 2986 3695 conjunctione
3027 3626 3287 3693 uniretur,
3346 3634 3403 3681 ut
3458 3628 3620 3683 homo

2031 3716 2427 3786 assumptusita
2458 3724 2597 3769 esset
2626 3715 2680 3768 in
2710 3731 2898 3782 unum,
2932 3723 2988 3769 ut
3018 3731 3136 3785 quae
3158 3714 3259 3770 Dei
3287 3723 3428 3777 sunt,
3462 3715 3621 3770 indif-

2030 3806 2270 3860 lerenter
2299 3803 2532 3859 hominis
2560 3810 2754 3871 essent,
2788 3811 2841 3859 et
2879 3820 3000 3873 quae
3030 3804 3265 3859 hominis
3280 3805 3378 3859 Dei
3397 3803 3455 3833 ²⁸¹
3478 3807 3504 3858 ‘?

2101 3894 2289 3948 Adhuc
2342 3909 2588 3962 prepone
2648 3892 2741 3946 tibi
2797 3893 3077 3963 palatium,
3123 3893 3267 3965 quod
3317 3893 3624 3963 specialiter

2032 3983 2143 4036 suis
2172 3982 2355 4036 usibus
2381 3988 2567 4049 aptum
2600 3982 2819 4045 existat,
2878 3990 3190 4037 construere
3245 3982 3535 4051 volentem,
3570 3983 3623 4037 in

2032 4086 2138 4140 quo
2169 4078 2219 4123 et
2248 4069 2363 4137 ipse
2393 4068 2741 4137 frequentiori
2775 4078 2825 4124 et
2856 4069 3118 4124 festiviori
3149 4086 3309 4123 cursu
3338 4084 3624 4125 converse-

2034 4168 2133 4225 tur,
2166 4166 2217 4213 et
2247 4156 2498 4212 omnibus
2527 4172 2631 4226 ope
2661 4157 2777 4225 ejus
2806 4164 2967 4225 atque
2996 4156 3202 4213 auxilio
3254 4157 3623 4228 indigentibus

2030 4245 2228 4301 mitiori
2276 4251 2329 4299 et
2385 4244 2575 4299 lastiori
2609 4244 2757 4298 vultu
2812 4244 3154 4313 respondeat,
3213 4253 3265 4299 et
3309 4245 3615 4301 auxilietur.

2033 4337 2397 4399 Patereturne,
2441 4349 2646 4403 quaeso,
2702 4332 2755 4386 in
2786 4332 3053 4402 principio
3082 4333 3268 4402 palatii
3294 4333 3617 4389 fundamen-

2040 4432 2150 4477 tum
2185 4422 2501 4491 invalidum,
2534 4429 2904 4488 etstructurae,
2940 4437 3058 4491 quae
3101 4422 3238 4477 foret
3288 4421 3619 4478 aedificandae

328 4494 433 4568 tate
466 4528 580 4569 suae
610 4527 856 4583 personae
885 4509 1156 4579 perfectus
1184 4510 1346 4564 homo
1378 4508 1545 4576 ﬁeret,
1588 4517 1643 4562 ut
1682 4508 1806 4563 licet
1836 4508 1922 4562 in-
1951 4494 2008 4557 D
2039 4510 2421 4581 incongruum,
2455 4516 2507 4564 et
2534 4525 2641 4564 non
2661 4508 2941 4563 cohaerens
2969 4509 2996 4563 ?
3026 4510 3145 4563 Non
3175 4516 3323 4579 puto,
3375 4510 3427 4569 si,
3465 4525 3618 4579 sape—

328 4611 406 4656 ler
433 4601 620 4671 spinas
650 4607 993 4670 peccatorum
1024 4597 1416 4667 conciperetur,
1449 4597 1517 4650 ab
1573 4597 1705 4666 ipsis
1746 4605 1922 4651 tamen

328 4690 604 4759 spinarum
634 4688 834 4743 aculeis
858 4686 1169 4742 omnimode
1199 4702 1384 4741 exsors
1414 4684 1728 4740 redderetur
1756 4686 1784 4739 ‘I
1814 4702 1920 4755 po-

329 4779 425 4832 tuit
454 4778 639 4848 plane,
671 4786 724 4832 et
755 4775 923 4831 voluit
958 4793 971 4838 ;
1005 4775 1049 4829 si
1083 4774 1250 4846 igitur
1280 4774 1465 4840 voluit,
1527 4773 1674 4828 fecit.
1713 4775 1777 4828 Et
1807 4774 1924 4844 qui-

326 4868 452 4923 dem
512 4865 775 4936 quidquid
830 4863 1058 4934 dignum
1116 4878 1354 4932 unquam
1413 4862 1479 4916 de
1544 4862 1725 4932 aliquo
1774 4871 1925 4917 extra

323 4971 477 5010 suam
533 4969 826 5025 personam
871 4952 1061 5021 voluit,
1110 4965 1394 5022 perperam
1424 4959 1504 5005 est
1551 4966 1674 5006 cum
1726 4951 1796 5005 de
1851 4959 1919 5017 te,

325 5060 358 5100 ο
389 5044 710 5100 beatissima
764 5042 1107 5106 feminarum,
1161 5039 1399 5096 noluisse
1434 5057 1447 5104 ;
1482 5040 1651 5096 voluit
1700 5040 1845 5094 enim
1875 5047 1925 5093 te

2029 4607 2131 4666 ret,
2166 4606 2215 4652 et
2244 4598 2589 4667 propositum
2622 4613 2776 4651 suum
2808 4596 2875 4651 ad
2908 4595 3156 4651 effectum
3187 4596 3484 4665 perducere
3498 4598 3616 4652 vel-

2030 4686 2120 4741 let.
2150 4688 2292 4757 Ergo
2323 4686 2653 4755 Sapientiam
2681 4693 2803 4739 ante
2832 4686 3013 4739 omnia
3043 4685 3247 4740 saecula
3268 4687 3620 4754 preposuisse

2032 4775 2134 4829 sibi
2168 4773 2555 4840 habitaculum,
2581 4772 2724 4840 quod
2756 4771 3066 4841 specialiter
3121 4772 3458 4842 inhabitarct,
3494 4790 3620 4829 con-

2033 4871 2239 4916 struere
2268 4862 2515 4915 similiter
2544 4860 2845 4914 indubitata
2876 4859 2980 4915 ﬁde
3029 4868 3290 4916 tenemus.
3338 4861 3494 4929 Quod
3525 4879 3621 4917 au-

2036 4959 2141 5005 tem
2174 4950 2546 5004 habitaculum
2578 4948 2717 5003 istud
2741 4949 2926 5016 fuerit,
2954 4950 3069 5018 jam
3099 4949 3302 5004 dudum
3344 4950 3573 5005 innotuit
3607 4965 3621 5019 ;

2034 5040 2138 5094 hoc
2176 5038 2320 5093 enim
2353 5037 2717 5093 habitaculum
2747 5038 2881 5093 illud
2909 5039 3204 5094 sacrarium
3259 5039 3625 5110 Spiritussan-

1635 5242 1881 5298 VARM‘J
1915 5242 2324 5298 LECTIONES.

404 5448 553 5505 med.
641 5450 928 5503 contraxit.
1040 5447 1171 5504 "’ed
1228 5450 1346 5504 haec
1404 5450 1564 5503 omit.

329 5519 492 5578 med.
529 5520 846 5589 recipiatur.
906 5518 1055 5574 ’"ed.
1108 5520 1321 5574 creatis.
1383 5517 1541 5574 med.
1582 5520 1634 5572 in
1685 5526 1835 5572 tanta
1866 5519 2048 5572 futura
2079 5518 2274 5586 gloria.

1680 5446 1821 5502 milis
1884 5447 2037 5502 Corb.
2101 5450 2156 5500 et
2186 5446 2269 5501 ed.
2332 5446 2447 5513 qui.

2542 5444 2689 5502 ’"ed.
2761 5448 2911 5502 olim.

2993 5445 3143 5500 med.
3202 5445 3632 5516 magnitudinem

2358 5515 2509 5572 ’"c‘d.
2542 5518 2855 5572 Dominium
2870 5558 2882 5571 .

2974 5515 3121 5573 "“ed.
3183 5515 3310 5571 talis
3361 5517 3636 5570 tolleretur

332 5592 487 5648 ’"Ms
521 5588 673 5650 Coro.
719 5589 954 5661 Explicit
983 5590 1263 5645 Anselmus
1290 5590 1355 5645 de
1388 5590 1751 5662 Conceptione
1776 5590 1836 5644 Β.
1864 5589 2049 5644 Mariae
2083 5588 2334 5659 Virginis,
