4036 6072
403 278 508 338 307

1440 279 1536 336 AD
1575 277 1804 335 OPERA
1842 274 1904 333 S.
1945 272 2249 331 ANSELMI
2285 270 2660 330 APPENDIX.

3591 270 3693 328 308

401 402 473 462 cti
502 420 622 464 esse
646 404 895 475 fatemur,
923 406 978 464 in
1010 424 1115 481 quo
1146 414 1199 466 et
1224 424 1328 481 per
1356 406 1499 480 quod
1530 405 1719 463 eadem
1752 404 1986 475 Sapien-
2019 418 2073 480 Α
2102 403 2310 459 ratione
2338 402 2537 459 etenim
2558 401 2800 469 minoris,
2833 402 2876 459 si
2924 400 3170 476 vigilanti
3222 400 3406 458 animo
3461 397 3696 454 studium

403 483 482 551 lia
511 496 762 553 humana:
793 507 998 555 natura:
1027 500 1285 572 conjungi
1316 498 1489 554 voluit
1536 507 1590 554 et
1634 498 1995 569 incorporari,

410 591 463 641 et
490 585 743 641 omnibus
798 603 853 641 se
899 604 1034 657 pura
1090 597 1269 643 mente
1310 586 1691 643 confitentibus
1717 603 1916 657 pacere
1946 591 2001 641 et

410 672 656 729 misereri
691 689 704 742 ;
738 676 881 745 quod
912 677 1232 745 sacrarium,
1264 677 1391 731 aula
1412 675 2001 733 videlicetuniversalis

410 761 829 832 propitiationis,
863 779 983 818 cum
1010 772 1267 835 operante
1301 766 1500 835 Spiritu
1524 772 1708 820 sancto
1732 774 2002 820 construe-

410 858 580 918 retur,
614 851 655 904 si
707 851 1117 908 fundamentum
1158 854 1325 921 illius,
1378 855 1585 910 scilicet
1622 854 1830 908 initium
1889 853 2003 908 sive

410 938 770 1008 primordium
811 941 1150 997 formationis
1205 943 1375 998 beata:
1430 943 1632 1010 Mariae,
1693 950 2001 1012 corruptum

409 1024 535 1096 fuit,
581 1028 682 1098 ipsi
733 1039 877 1084 certe
928 1040 1311 1087 constructuraa
1356 1047 1461 1086 non
1520 1032 1859 1102 congruebat
1906 1047 2004 1086 nec

411 1116 734 1172 cohaerebat.
768 1119 1015 1175 Insciane
1071 1118 1169 1175 fuit
1222 1128 1275 1173 et
1325 1119 1595 1189 impotens
1615 1120 1879 1189 sapientia
1904 1118 2001 1174 Dei

413 1212 467 1258 et
496 1204 666 1259 virtus
695 1206 955 1261 mundum
987 1207 1091 1261 sibi
1120 1208 1485 1264 habitaculum
1510 1209 1766 1275 condere,
1801 1216 2006 1264 remota

416 1293 564 1347 omni
596 1294 720 1349 labe
748 1295 1072 1350 conditionis
1084 1296 1614 1368 humanm?Angelis
1634 1296 1755 1351 aliis
1768 1311 2004 1367 peccan-

423 1379 587 1446 tibus,
611 1382 784 1439 bonos
804 1400 835 1438 a
863 1385 1104 1455 peccatis
1135 1386 1390 1454 servavit,
1442 1394 1492 1441 et
1551 1386 1829 1451 feminam,
1889 1386 2005 1438 Ma-

418 1477 556 1525 trem
586 1487 741 1526 suam
763 1488 890 1528 mox
922 1472 1179 1541 futuram,
1213 1475 1283 1529 ab
1300 1475 1532 1530 aliorum
1560 1474 1794 1544 peccatis
1812 1489 2007 1529 exsor—

422 1565 533 1614 tem
558 1575 778 1615 servare
806 1577 913 1617 non
942 1561 1111 1617 valuit
1138 1565 1165 1617 ?
1195 1565 1254 1617 In
1274 1564 1571 1618 aeternitate
1600 1563 1813 1619 consilii
1844 1562 2008 1617 ﬁxum

421 1648 605 1703 statuit
632 1664 754 1704 eam
780 1649 1193 1707 dominatricem
1227 1660 1280 1707 et
1310 1652 1553 1725 reginam
1610 1652 1726 1708 fore
1779 1652 2006 1723 angelo-

415 1752 561 1805 rum,
593 1745 647 1792 et
672 1754 813 1793 nunc
834 1738 1159 1794 inferiorem
1190 1742 1399 1813 angelis
1429 1750 1632 1808 natam,
1690 1742 1744 1795 in
1796 1756 2008 1797 consor-

420 1824 550 1879 tium
583 1835 861 1896 acceptam
894 1843 1012 1882 esse
1043 1828 1329 1883 credemus
1353 1830 1593 1885 omnium
1614 1837 1962 1900 peccatorum
1987 1833 2010 1884 ἵ

419 1913 705 1970 Existimat
735 1917 857 1983 hoc,
881 1923 935 1971 et
961 1918 1295 1990 argumentis
1337 1919 1448 1973 suis
1504 1919 1696 1989 probet
1725 1919 1817 1989 qui
1875 1920 2006 1987 vult,

426 2017 531 2073 ego
569 2003 745 2060 donec
775 2006 1021 2061 ostendat
1053 2006 1181 2061 mihi
1223 2008 1369 2062 Deus
1399 2007 1601 2079 aliquid
1641 2008 1854 2079 dignius
1908 2024 2009 2061 ex-

419 2091 676 2147 cellentia
705 2093 940 2149 dominae
969 2102 1170 2150 nostrm
1200 2111 1361 2165 posse
1392 2096 1520 2165 dici,
1546 2112 1663 2165 quae
1693 2097 1825 2164 dixi,
1858 2096 2006 2160 dico;

423 2196 545 2250 qua:
575 2182 771 2251 scripsi
798 2198 907 2237 non
939 2191 1087 2238 muto
1121 2203 1134 2250 ;
1168 2193 1423 2241 caeterum
1455 2201 1541 2239 me
1570 2194 1619 2241 et
1652 2186 2007 2240 intentionem

422 2285 603 2325 meam
633 2268 746 2325 filio
777 2272 912 2339 ejus,
945 2279 996 2327 et
1027 2272 1104 2327 illi
1133 2273 1432 2329 committo.

491 2358 640 2412 Nihil
691 2359 807 2425 tibi,
840 2360 1082 2429 domina,
1133 2363 1367 2434 aequale,
1424 2362 1553 2417 nihil
1639 2365 2011 2434 comparabile

424 2454 504 2502 est
538 2465 550 2501 :
582 2464 744 2504 omne
765 2450 909 2504 enim
940 2452 1086 2520 quod
1109 2460 1315 2515 est,aut
1335 2460 1560 2522 suprate
1592 2461 1689 2521 est,
1723 2455 2013 2508 autsubtus

426 2544 477 2590 te
506 2545 592 2591 est
623 2554 636 2591 :
674 2537 817 2607 quod
848 2555 1011 2608 supra
1040 2547 1091 2594 te
1119 2547 1217 2605 est,
1251 2542 1398 2596 solus
1425 2542 1571 2596 Deus
1599 2550 1680 2596 est
1714 2559 1725 2604 ;
1760 2542 1899 2611 quod
1924 2543 2012 2595 in-

421 2622 504 2677 fra
535 2632 604 2690 te,
625 2641 787 2681 omne
818 2627 961 2697 quod
1001 2629 1144 2682 Deus
1172 2645 1279 2684 non
1323 2636 1418 2683 est.
1480 2630 1561 2684 Ad
1619 2637 1766 2684 tuam
1811 2638 2013 2685 tantam

420 2712 803 2767 excellentiam
834 2716 954 2784 quis
983 2716 1256 2785 aspiciet?
1287 2717 1407 2787 quis
1434 2718 1659 2789 attinget
1689 2719 1717 2773 ?
1747 2720 1813 2773 Et
1868 2727 2014 2773 certe

423 2805 481 2852 ut
533 2801 602 2854 ad
633 2802 772 2857 hanc
821 2802 1197 2858 excellentiam
1248 2806 1577 2874 pervenires,
1613 2807 1666 2860 in
1708 2806 2013 2861 humillimo

425 2886 567 2957 loco,
588 2889 640 2941 id
672 2897 752 2944 est
784 2890 838 2944 in
869 2899 1024 2946 utero
1056 2892 1246 2947 matris
1285 2902 1409 2961 tuae,
1457 2894 1746 2963 purissima
1792 2896 2012 2949 orieba-

428 2974 520 3029 ris.
576 2975 734 3046 Quod
793 2978 835 3032 si
891 2979 981 3034 tali
1031 2980 1195 3037 modo
1234 2990 1498 3052 concepta
1528 2991 1580 3037 et
1636 2983 1881 3038 ordinata
1908 2999 2014 3039 non

424 3062 636 3129 fuisses,
687 3066 754 3121 ad
813 3075 1016 3123 tantam
1046 3069 1423 3125 celsitudinem
1446 3087 1553 3125 non
1584 3073 1965 3127 succrevisses.

498 3152 758 3224 Quisquis
785 3156 952 3228 igitur
977 3157 1046 3212 de
1071 3160 1329 3213 crementi
1368 3160 1440 3213 tui
1472 3160 1841 3231 magnitudine
1870 3178 2012 3232 gau-

426 3242 518 3298 det
566 3259 630 3298 ac
685 3244 919 3311 laetatur,
977 3245 1047 3301 de
1130 3247 1467 3303 ordinatione
1542 3249 1710 3318 ipsius
1758 3250 2017 3306 crementi

427 3347 642 3401 aequum
686 3340 766 3387 est
819 3342 877 3387 ut
922 3335 1269 3390 exhilaretur.
1329 3336 1430 3405 Qui
1460 3352 1594 3407 ergo
1651 3354 1681 3392 a
1711 3338 1799 3393 die
1846 3339 2017 3393 beatae

430 3420 798 3489 conceptionis
828 3430 934 3477 tum
953 3424 1213 3495 gaudium
1245 3424 1487 3494 ejusdem
1510 3427 1881 3496 conceptionis
1913 3428 2019 3482 tol-

430 3507 494 3560 lit
523 3508 783 3564 Ecclesiae
811 3510 932 3575 Dei,
963 3520 1053 3566 aut
1083 3527 1190 3566 non
1228 3512 1363 3568 bene
1394 3514 1637 3581 attendit,
1697 3524 1786 3569 aut
1842 3523 2020 3569 atten-

434 3594 562 3650 dere
592 3597 840 3669 negligit,
875 3599 959 3653 vel
986 3600 1158 3654 nescit
1187 3600 1389 3655 bonum
1423 3601 1566 3671 quod
1598 3603 1723 3657 inde
1762 3604 2027 3673 processit

435 3682 584 3738 omni
612 3692 879 3740 creaturae
907 3686 1025 3741 Dei.
1054 3687 1159 3743 Sed
1218 3688 1630 3743 immensitatem
1680 3691 1805 3744 boni
1859 3691 2027 3760 ipsius

438 3771 561 3839 quis
590 3771 882 3840 explicabit
907 3774 935 3828 Ἰ
967 3775 1162 3829 Fateor
1189 3792 1298 3829 non
1327 3791 1433 3848 ego
1464 3797 1482 3843 ;
1514 3778 1675 3848 longe
1706 3779 1849 3833 enim
1878 3796 1908 3832 a
1937 3796 2027 3835 me

439 3866 496 3913 et
521 3858 626 3913 mei
656 3859 950 3927 similibus,
986 3862 1088 3918 hoc
1117 3871 1197 3917 est
1224 3865 1621 3932 peccatoribus,
1656 3874 1801 3920 tanta
1833 3868 1979 3921 salus
2013 3886 2027 3932 ;

439 3955 836 4017 verumtamen,
869 3957 926 4003 ut
952 3958 1191 4018 autumo,
1218 3953 1370 4021 quasi
1403 3953 1456 4007 in
1478 3954 1768 4025 aenigmate
1824 3956 2033 4011 adverti

440 4034 778 4106 aliquatenus
807 4038 1020 4107 poterit,
1053 4038 1096 4093 si
1127 4040 1349 4102 malum.
1383 4042 1438 4095 in
1495 4043 1638 4113 quod
1694 4052 1884 4098 natura
1934 4044 2034 4099 hu—

443 4139 603 4179 mana
656 4139 728 4180 ex
762 4133 992 4195 peccato
1048 4128 1180 4183 Adae
1209 4129 1437 4198 corruit,
1462 4139 1587 4186 ante
1626 4133 1820 4187 mentis
1847 4133 2035 4188 oculos

444 4211 778 4284 prmﬁgatur,
812 4222 862 4269 et
894 4215 962 4269 ita
994 4215 1047 4270 in
1079 4215 1247 4286 ipsius
1278 4218 1400 4273 mali
1424 4221 1779 4288 contrarium,
1830 4221 2032 4276 bonum

444 4302 651 4357 scilicet
704 4304 851 4372 quod
880 4319 979 4373 per
1024 4305 1162 4361 hanc
1188 4305 1459 4362 dominam
1513 4309 1718 4363 mundo
1765 4311 2032 4380 provenit,

444 4390 656 4446 animus
674 4391 1017 4449 considerare
1043 4393 1274 4449 volentis
1302 4394 1590 4467 deligatur.

2105 493 2443 560 adhibemus,
2479 495 2809 563 aliquantum
2842 510 2963 564 quae
2992 494 3059 547 sit
3090 493 3264 562 major
3316 489 3533 545 miseria
3562 504 3697 543 con-

2100 583 2275 652 jicere
2307 583 2564 651 valemus,
2588 585 2711 639 licet
2742 598 2901 653 porro
2930 582 3071 636 infra
3127 597 3287 651 quam
3320 582 3406 634 sit.
3466 576 3700 647 Qualite-

2108 680 2212 725 tem
2236 688 2364 727 vero
2393 672 2740 728 beatitudinis
2771 672 2857 727 vel
2911 672 3152 737 minoris,
3188 670 3290 724 nisi
3324 685 3422 738 per
3475 674 3696 722 contra-

2107 760 2241 814 riam
2264 761 2532 816 miseriam
2554 760 2607 814 in
2630 778 2733 831 qua
2763 777 3021 825 summus,
3054 775 3162 814 non
3204 758 3361 813 facile
3417 756 3698 826 percipere

2110 865 2415 919 possumus.
2449 852 2528 906 De
2560 849 2752 919 majori
2786 857 2961 903 autem
2998 848 3328 903 beatitudine
3347 843 3701 900 dictumaasti-

2109 954 2198 993 mo
2220 940 2362 1012 quod
2378 942 2575 996 oculus
2593 958 2706 995 non
2722 940 2881 1008 vidit,
2898 955 3002 994 nec
3021 940 3185 993 auris
3217 936 3469 1000 audivit,
3504 949 3607 989 nec
3637 934 3700 987 in

2110 1045 2207 1086 cor
2237 1030 2483 1084 hominis
2519 1030 2806 1095 ascendit,
2830 1046 2952 1101 quae
2983 1029 3342 1100 praeparavit
3384 1026 3529 1079 Deus
3577 1021 3705 1076 dili—

2109 1119 2369 1189 gentibus
2388 1135 2444 1174 se
2463 1118 2508 1187 (Ι
2539 1120 2661 1175 Cor.
2694 1135 2755 1185 η,
2780 1119 2855 1187 9).

2182 1207 2263 1261 Ab
2295 1209 2377 1261 his
2398 1208 2565 1279 igitur
2596 1208 3013 1262 beatitudinibus
3047 1207 3192 1261 omni
3247 1204 3410 1259 modo
3465 1197 3700 1270 separati

2111 1295 2313 1350 fuimus
2344 1313 2441 1368 per
2471 1298 2980 1367 prmvaricationem
3014 1296 3179 1351 nostri
3231 1293 3390 1365 primi
3443 1288 3700 1361 parentis,

2111 1392 2163 1439 et
2194 1386 2409 1455 utrique
2450 1386 2682 1441 miseria)
2732 1385 3019 1441 infeliciter
3072 1384 3290 1439 obnoxii
3338 1381 3490 1436 facti.
3549 1379 3702 1433 Mors

2113 1490 2350 1544 namque
2376 1491 2475 1540 per
2488 1480 2783 1547 peccatum
2806 1476 2935 1529 Adae
2956 1476 3196 1529 intravit
3226 1473 3289 1527 in
3318 1468 3617 1530 mundum.
3639 1470 3698 1521 et

2107 1563 2194 1617 ita
2217 1562 2479 1618 inomnes
2498 1564 2752 1619 homines
2767 1564 3147 1633 pcrtransivit
3177 1562 3355 1625 (Rom.
3391 1575 3445 1625 v,
3467 1558 3574 1623 12),
3601 1569 3704 1611 nec

2118 1650 2312 1721 aliquis
2350 1659 2472 1705 ante
2493 1651 2781 1706 adventum
2815 1651 2906 1705 filii
2940 1658 3136 1723 sanctae
3180 1648 3362 1703 Mariae
3419 1646 3546 1701 inde
3599 1659 3706 1715 po-

2038 1767 2090 1826 B
2123 1748 2259 1794 terat
2284 1740 2524 1794 liberari.
2559 1741 2622 1794 Et
2645 1758 2765 1810 qua:
2795 1756 2943 1795 mors
2973 1743 3001 1794 εἴ
3031 1742 3177 1794 Mors
3206 1736 3709 1826 animaeprimoqua

2120 1829 2283 1883 homo
2314 1829 2550 1899 perdidit
2578 1829 2742 1882 vitam
2777 1837 3057 1896 aeternam,
3112 1829 3285 1881 Deum
3337 1823 3595 1879 videlicet
3640 1821 3709 1876 ad

2118 1918 2273 1986 cujus
2303 1917 2709 1972 similitudinem
2742 1916 2917 1973 factus
2951 1918 3141 1971 fuerat.
3202 1914 3397 1970 Infelix
3456 1912 3705 1983 perdere,

2117 2006 2345 2075 perdere
2363 2006 2505 2075 quod
2538 2022 2745 2060 summe
2769 2013 2847 2059 est
2879 2013 2931 2060 et
2960 2022 3109 2069 vere,
3154 2011 3208 2058 et
3267 2003 3384 2056 sine.
3414 2017 3521 2071 quo
3574 1999 3707 2054 nihil

2117 2111 2353 2164 unquam
2387 2095 2520 2149 bene
2552 2095 2777 2149 habetur
2808 2097 2891 2148 vel
2923 2103 3001 2148 est
3035 2096 3046 2147 l
3083 2094 3240 2146 Hanc
3270 2091 3523 2145 miseram
3557 2105 3705 2143 mor-

2122 2190 2227 2236 tem
2280 2191 2331 2237 ct
2368 2183 2513 2238 omni
2562 2184 2704 2237 malo
2758 2182 3237 2253 incomparabilem
3288 2196 3435 2234 mors
3492 2193 3705 2249 quoque

2120 2271 2367 2341 corporis
2389 2271 2712 2340 sequebatur
2742 2314 2755 2337 ,
2788 2288 2885 2341 per
2914 2287 3074 2341 quam
3115 2270 3309 2338 anima,
3361 2284 3481 2338 quae
3530 2267 3707 2320 adhuc

2120 2362 2173 2414 in
2205 2376 2431 2430 corpore
2461 2361 2666 2432 degens
2717 2360 2842 2415 vitae
2896 2359 3133 2415 caelestis
3188 2358 3371 2412 ﬂatum
3427 2356 3705 2419 amiserat,

2121 2449 2550 2504 multomiserior
2578 2449 2834 2505 claustris
2860 2448 3059 2502 inferni
3088 2448 3367 2502 submersa
3397 2444 3698 2512 deperibat.

2119 2537 2723 2592 Hancinmstimabilem
2764 2537 3165 2591 damnationem
3221 2551 3381 2589 nemo
3438 2534 3528 2603 qui
3576 2548 3710 2586 eva-

2122 2627 2290 2691 deret,
2322 2627 2410 2695 qui
2461 2626 2588 2681 inde
2620 2626 2935 2680 liberaretur
2985 2640 3147 2679 nemo
3232 2631 3366 2688 erat,
3443 2620 3708 2676 liberandi

2121 2722 2359 2783 potestas
2414 2715 2468 2768 in
2502 2718 2609 2768 tota
2662 2719 2910 2769 creatura
2950 2713 3081 2768 nulli
3136 2713 3214 2768 rei
3260 2711 3579 2775 accidebat;
3612 2709 3714 2763 soli

2121 2804 2238 2857 Deo
2269 2803 2355 2872 qui
2380 2803 2655 2857 hominem
2716 2802 2934 2869 fecerat,
2986 2811 3039 2856 et
3093 2810 3277 2856 contra
3334 2816 3493 2872 quem
3551 2800 3713 2853 homo

2120 2891 2439 2960 deliquerat,
2498 2892 2611 2947 luec
2658 2892 2925 2947 liberandi
2979 2899 3213 2961 potestas
3246 2895 3541 2959 supererat.
3604 2885 3713 2941 Sed

2122 2981 2243 3052 quis
2270 2982 2298 3033 εὶ
2330 2980 2445 3049 ipse
2475 2978 2733 3047 offeiisus,
2760 2980 2873 3049 ipse
2904 2981 3207 3049 despectus,
3243 2979 3358 3048 ipse
3384 2985 3439 3031 ut
3468 2981 3715 3047 parceret

2126 3069 2333 3123 anullo
2390 3069 2557 3139 digne
2606 3068 2912 3139 petebatur,
2947 3069 3017 3122 de.
3073 3067 3162 3122 die
3217 3068 3272 3120 in
3330 3067 3472 3120 diem
3506 3064 3714 3118 scelera

2128 3157 2644 3225 multiplicabuntur,
2704 3166 2755 3211 et
2811 3156 2887 3210 ira
2936 3157 3033 3211 Dei
3078 3156 3143 3210 ad
3176 3155 3507 3226 puniendum
3536 3151 3714 3222 potius

2125 3262 2288 3315 quam
2346 3246 2412 3300 ad
2461 3247 2796 3317 parcendum
2853 3246 3274 3317 provocabatur.
3305 3247 3371 3299 At
3426 3243 3519 3296 ille
3547 3241 3711 3310 cujus

2124 3336 2301 3405 pietas
2322 3351 2431 3390 non
2453 3335 2782 3401 exhauritur,
2832 3336 2985 3405 cujus
3040 3333 3410 3388 misericordia
3467 3346 3571 3385 non
3617 3345 3704 3383 ex-

2128 3425 2386 3489 inanitur,
2419 3426 2573 3494 cujus
2603 3424 2814 3479 bonitas
2846 3439 3118 3493 nunquam
3150 3422 3347 3489 deﬁcit,
3396 3423 3551 3490 cujus
3591 3434 3703 3473 ma-

2124 3513 2300 3582 jestas
2329 3513 2472 3583 quod
2502 3513 2616 3566 vult
2644 3511 2826 3576 efficit,
2869 3512 3143 3566 hominem
3190 3511 3256 3565 ad
3310 3508 3712 3563 similitudinem

2132 3602 2209 3655 sui
2241 3608 2505 3667 creatum,
2538 3617 2604 3655 ne
2641 3605 2790 3655 totus
2824 3601 2877 3654 in
2899 3609 3098 3656 aeterna
3131 3599 3476 3653 damnatione
3508 3597 3722 3667 periret,

2134 3690 2364 3744 liberare
2398 3690 2648 3755 instituit,
2709 3698 2759 3743 et
2800 3689 3011 3755 ordine,
3055 3704 3162 3759 quo
3188 3688 3398 3760 gratior
3454 3701 3574 3741 esse
3618 3700 3725 3739 non

2135 3779 2329 3847 potuit,
2380 3778 2497 3847 ipse
2552 3778 2803 3833 videlicet
2860 3777 2947 3846 qui
3015 3779 3200 3832 hocet
3258 3792 3353 3846 per
3408 3791 3467 3829 se
3512 3774 3726 3837 faceret,

2137 3868 2303 3922 homo
2336 3865 2449 3921 fieri
2483 3867 2672 3934 voluit,
2706 3882 2804 3920 nec
2833 3866 2954 3920 talis
2984 3875 3039 3920 ut
3068 3866 3245 3920 caeteri
3311 3864 3583 3927 homines,
3637 3860 3731 3915 sed

2139 3964 2197 4010 ut
2252 3957 2366 4026 ipse
2421 3963 2473 4010 et
2530 3963 2804 4024 assumpta
2845 3954 3193 4008 humanitatis
3240 3954 3293 4007 in
3341 3968 3447 4007 una
3501 3964 3734 4020 persona

2142 4054 2275 4099 esset
2326 4043 2601 4113 perfectus
2638 4045 2785 4098 Deus
2806 4050 2856 4097 et
2884 4045 3156 4112 perlectus
3213 4044 3397 4108 homo,
3431 4057 3495 4095 ex
3554 4038 3733 4093 anima

2141 4133 2393 4188 rationali
2426 4142 2472 4186 et
2505 4133 2741 4185 humana
2771 4146 2936 4186 carne
2951 4132 3249 4186 subsistens
3282 4147 3295 4198 ;
3331 4130 3425 4184 sed
3473 4136 3584 4182 tota
3642 4127 3735 4180 hu-

2143 4238 2301 4275 mana
2324 4230 2516 4274 natura
2546 4221 2597 4273 in
2622 4221 2805 4275 radice
2836 4221 2917 4274 sui
2965 4221 3147 4275 vitiata
3182 4218 3355 4274 fuerat
3400 4227 3559 4287 atque.
3608 4230 3734 4272 cor-

2146 4319 2323 4380 rupta,
2382 4325 2482 4364 nec
2529 4310 2670 4363 Deus
2726 4310 3056 4378 corruptioni
3088 4317 3138 4363 et
3167 4310 3299 4364 vitio
3319 4308 3519 4378 peccati
3562 4313 3737 4377 potest

2145 4398 2470 4455 consociari.
2514 4399 2749 4453 Necesse
2779 4399 2946 4469 igitur
2975 4398 3146 4451 fuitut
3190 4406 3400 4464 natura,
3435 4397 3501 4449 de
3549 4412 3652 4463 qua
3680 4409 3739 4448 se

517 4478 695 4535 Omne
737 4480 938 4552 quippe
986 4481 1206 4547 bonum,
1258 4483 1329 4538 ad
1387 4484 1530 4553 quod
1577 4485 1742 4540 homo
1790 4471 2115 4541 conditusD
2149 4487 2424 4543 hominem
2472 4486 2652 4542 facere
2708 4486 2944 4551 volebat,
2997 4495 3047 4540 et
3094 4487 3329 4540 humana
3359 4494 3409 4540 et
3439 4484 3636 4537 munda
3669 4482 3738 4537 ab

448 4567 644 4634 fuerat,
702 4568 940 4638 perdidit
981 4569 1037 4623 in
1074 4570 1268 4634 Adam,
1327 4579 1379 4626 et
1408 4571 1551 4627 idem
1599 4572 1773 4643 ipsum
1831 4574 2034 4629 bonum

450 4655 619 4710 multo
674 4656 1027 4713 excellentius
1081 4658 1314 4714 humana
1359 4667 1553 4716 natura
1596 4662 1933 4732 recuperavit
1983 4662 2037 4717 in

447 4741 633 4796 Maria.
684 4742 831 4797 Duas
874 4743 1142 4815 siquidem
1164 4747 1522 4804 beatitudines
1550 4757 1601 4804 et
1629 4748 1766 4804 duas
1797 4749 2040 4805 miserias

445 4830 847 4886 esseuovimus.
898 4832 1100 4888 Harum
1139 4835 1530 4891 beatitudinum
1584 4841 1638 4893 et
1692 4838 2036 4893 miseriarum

444 4932 608 4972 unam
634 4917 922 4987 majorem,
955 4921 1182 4976 alteram
1213 4923 1476 4979 minorem
1496 4941 1613 4980 esse
1641 4933 1873 4981 constat.
1898 4929 2034 4981 Bea-

445 5005 615 5061 titudo
646 5007 844 5078 major,
879 5023 1107 5080 regnum
1159 5011 1424 5067 caelorum
1460 5031 1473 5075 ;
1507 5016 1706 5083 minor,
1765 5032 1871 5084 qua
1928 5016 2037 5085 pri-

440 5108 562 5148 mus
591 5093 757 5150 homo
781 5096 1086 5165 potiebatur
1112 5106 1233 5154 ante
1245 5107 1526 5170 peccatum
1560 5119 1572 5164 ;
1606 5104 1783 5173 major
1798 5103 2033 5170 miseria,

438 5197 617 5253 poenae
644 5182 938 5239 infernales
972 5203 985 5249 ;
1018 5184 1215 5254 minor,
1266 5187 1320 5241 in
1350 5189 1549 5258 quibus
1585 5189 1822 5246 vivimus
1852 5191 2032 5247 conti-

437 5285 560 5324 nuae
627 5270 1014 5335 tribulationes,
1075 5280 1128 5327 et
1184 5289 1283 5327 nos
1330 5274 1566 5345 ipsarum
1640 5277 2035 5332 beatitudinum

439 5357 779 5430 experientia
807 5359 1021 5429 penitus
1051 5359 1249 5432 ignari,
1307 5364 1635 5433 experientia
1693 5366 2035 5421 miseriarum

438 5446 701 5502 sentimus
732 5462 832 5501 nos
860 5463 1246 5519 usquequaque
1272 5453 1490 5522 gravari
1521 5467 1533 5521 ;
1563 5453 1662 5507 sub
1693 5470 1799 5507 una
1853 5453 2035 5525 gemi-

437 5551 558 5591 mus
590 5554 603 5602 ;
637 5535 821 5604 aliam,
881 5550 950 5591 ne
995 5551 1094 5592 nos
1134 5539 1329 5610 rapiat,
1359 5539 1736 5597 formidamus.
1770 5540 2029 5597 Conside-

2149 4576 2327 4631 omnis
2358 4576 2568 4645 peccati
2627 4574 2881 4644 contagio
2912 4583 3051 4628 esset
3083 4592 3096 4637 ;
3133 4574 3275 4643 quod
3326 4572 3737 4637 noninvcniret,

2150 4680 2295 4733 cum,
2353 4671 2415 4716 ut
2456 4663 2590 4723 dixi,
2648 4662 2779 4716 nihil
2811 4662 3179 4730 incorruptum
3204 4661 3385 4715 vitiata
3426 4669 3740 4716 cunctorum

2149 4752 2335 4808 radice
2360 4752 2631 4817 existeret,
2658 4750 2753 4805 sed
2787 4750 2878 4821 qui
2908 4752 3162 4805 humanze
3203 4749 3490 4821 perditioni
3542 4748 3741 4802 subve-

2150 4841 2266 4895 nire
2307 4839 2647 4909 disponebat,
2683 4839 2778 4893 Dei
2802 4839 2969 4893 virtus
2996 4842 3047 4893 et
3070 4838 3165 4892 Dei
3209 4838 3473 4908 sapientia
3530 4852 3739 4891 nuncu-

2149 4937 2327 4997 patur.
2361 4929 2547 4997 Itaque
2576 4927 2647 4981 ad
2680 4927 2862 4982 omnia
2893 4943 3012 4997 qum
3046 4926 3154 4979 vult
3178 4941 3333 4996 posse
3372 4925 3609 4995 suppetit
3638 4923 3737 4989 illi,

2149 5032 2250 5071 nec
2276 5015 2555 5085 sapientia:
2588 5015 2734 5069 illius
2765 5014 2905 5069 ullus
2933 5023 3298 5079 estnumerus,
3331 5030 3452 5083 quin
3483 5013 3739 5084 pertingit

2150 5120 2182 5159 a
2211 5104 2316 5159 fine
2345 5119 2513 5174 usque
2554 5104 2622 5158 ad
2672 5103 2853 5171 finem,
2906 5110 3092 5158 cuncta
3123 5103 3426 5171 disponens
3450 5104 3600 5174 (Sap.
3623 5116 3735 5165 Vill,

2151 5194 2223 5261 1).
2258 5193 2475 5246 Poterat
2530 5206 2661 5263 ergo
2692 5191 2759 5246 de
2803 5207 2977 5246 massa
3008 5191 3313 5261 peccatrice
3349 5197 3601 5244 naturam
3634 5190 3737 5244 hu-

2148 5296 2365 5333 manam
2406 5280 2475 5333 ab
2518 5280 2665 5334 omni
2720 5279 2843 5334 labe
2891 5279 3099 5349 paccati
3176 5279 3478 5332 immunem
3539 5277 3735 5344 facere,

2144 5367 2289 5421 unde
2345 5368 2398 5423 in
2447 5384 2610 5421 unam
2644 5383 2930 5435 personam
2981 5367 3058 5421 sui
3108 5366 3427 5436 susciperet,
3468 5375 3525 5420 ut
3570 5366 3736 5420 homo

2144 5455 2354 5527 integer
2382 5463 2521 5511 esset
2549 5464 2600 5510 et
2628 5454 2895 5510 divinitati
2923 5470 3042 5509 sua:
3073 5454 3206 5508 nihil
3263 5455 3550 5510 minueret.
3593 5454 3734 5509 Prae-

2144 5542 2415 5599 destinata
2456 5543 2555 5599 fuit
2602 5551 2655 5600 et
2689 5542 3053 5615 praeordinata
3088 5542 3142 5597 in
3176 5543 3276 5599 hoc
3305 5557 3442 5613 opus
3464 5542 3730 5611 mirabile,
