4036 6072
342 302 443 361 309

1353 256 1629 363 secant.
1670 332 1736 346 --
1765 298 1860 359 ne
1889 298 2233 360 concspr.
2273 301 2330 360 Β.
2363 303 2619 362 ΜΑΗΙΕ.

3532 312 3633 369 310

339 439 395 491 et
424 429 677 491 omnibus
706 429 961 507 operibus
999 432 1095 493 Dei
1144 438 1409 505 praestans
1458 440 1510 490 et
1551 430 1927 498 inenarrabile,
1960 424 2017 486 A
2048 448 2166 489 rum
2198 432 2252 489 in
2308 433 2610 491 substantia
2666 439 2864 492 nostrae
2921 433 3094 492 carnis
3151 434 3465 495 dominandi
3516 438 3638 511 jure

340 524 536 591 Maria,
571 524 777 581 scilicet
805 524 897 579 illa
927 523 1116 596 magni
1161 525 1326 578 maris
1374 523 1711 579 nobilissima
1762 522 1932 589 stella,

343 614 446 670 hoc
475 622 556 670 est
587 614 750 670 totius
780 614 963 670 seculi
997 614 1300 681 illustratio,
1333 620 1383 668 et
1414 614 1655 669 omnium
1688 612 1741 665 in
1794 620 1930 667 tem-

341 704 643 774 pestatibus
700 704 1037 759 diversorum
1085 718 1305 757 casuum
1372 701 1708 757 titubantium
1775 701 1933 755 inde-

338 791 525 849 ﬁciens
558 791 802 848 levamen
849 800 900 848 et
946 792 1266 858 consolatio,
1298 807 1397 846 nec
1445 807 1550 846 non
1598 791 1668 844 ab
1714 798 1932 844 aeternae

339 881 540 937 mortis
580 882 793 937 interitu
838 881 1148 953 paventium
1193 897 1257 936 ac
1302 881 1401 934 sub
1449 880 1567 949 ejus
1615 878 1928 949 praesidium

340 970 768 1042 confugientium
798 975 971 1025 tutum
1002 971 1249 1037 iuvamen
1278 976 1438 1040 atque
1466 968 1785 1037 redemptio.

412 1077 487 1132 Te
512 1076 697 1147 igitur,
731 1078 971 1144 domina,
1007 1093 1169 1148 quam
1199 1077 1254 1131 in
1286 1083 1491 1130 tantum
1522 1074 1734 1131 culmen
1780 1090 1929 1145 prte-

339 1164 628 1221 destinavit
683 1175 734 1221 et
791 1167 976 1221 extulit
1050 1165 1231 1220 divina
1304 1166 1561 1236 potentia,
1620 1179 1779 1233 quam
1854 1170 1930 1217 tot

335 1254 716 1327 praerogativis
746 1254 952 1311 dolavit
984 1262 1175 1311 cuncta
1221 1254 1516 1324 disponens
1560 1252 1659 1307 Dei
1705 1251 1929 1321 sapien-

336 1340 433 1409 tia,
467 1360 627 1413 quam
657 1343 763 1398 sibi
791 1354 1020 1399 matrem
1049 1343 1212 1414 elegit
1240 1344 1309 1398 ad
1340 1343 1539 1397 mundo
1588 1339 1929 1396 subvenien-

340 1430 469 1485 dum
496 1432 613 1502 ipsa
661 1431 901 1487 omnium
951 1433 1329 1487 salvandorum
1382 1429 1675 1485 incﬂabilis
1720 1427 1930 1483 miseri-

337 1519 543 1585 cordia,
576 1521 986 1587 crediderimne,
1017 1536 1220 1593 quaeso,
1254 1529 1303 1575 te
1334 1529 1503 1575 morte
1550 1519 1777 1589 peccati,
1809 1534 1929 1587 qua}

335 1625 437 1678 per
464 1609 724 1664 invidiam
756 1609 958 1665 diaboli
998 1610 1282 1680 occupavit
1328 1609 1511 1664 orbem
1561 1616 1841 1673 terrarum,
1875 1607 1929 1659 in

334 1703 430 1752 tuo
459 1707 722 1769 conceptu
754 1700 994 1770 potuisse
1039 1699 1305 1771 gravari?
1334 1713 1421 1754 me
1459 1713 1691 1767 namque
1736 1697 1925 1751 iterum

2042 531 2374 594 penetraret.

2111 640 2265 693 Nunc
2289 647 2468 694 autem
2500 658 2624 712 qua)
2652 642 2847 713 gloria,
2881 642 3004 712 quis
3034 644 3224 713 honor,
3247 660 3367 715 quae
3384 644 3635 715 jubilatio

2041 729 2239 793 cordis,
2273 746 2393 797 quae
2418 730 2726 797 jucunditas
2758 732 2972 798 mentis,
2999 749 3118 802 quae
3136 735 3391 788 securitas
3412 742 3631 790 aeterna:

2042 816 2388 870 beatitudinis
2419 819 2513 872 erit
2548 819 2794 874 humanm
2825 829 3047 887 naturae,
3082 824 3301 891 quando
3332 822 3478 876 illum
3528 822 3631 877 sibi

2039 904 2235 959 viderit
2283 908 2744 975 concorporalcm,
2788 925 2946 977 quem
2996 910 3172 964 omnis
3219 911 3412 965 militia
3455 911 3631 966 caelo-

2036 1009 2155 1047 rum
2199 995 2389 1049 adorat
2438 1011 2602 1064 super
2648 1011 2705 1050 se
2746 1013 2929 1050 verum
2978 998 3170 1063 Deum,
3206 1014 3329 1054 cum
3373 1000 3530 1054 Patre
3578 1008 3631 1054 et

2039 1080 2239 1149 Spiritu
2283 1090 2465 1137 sancto
2513 1083 2697 1137 omnia
2737 1094 3033 1154 regentem,
3066 1086 3316 1140 omnibus
3355 1087 3628 1156 imperan-

2039 1176 2169 1237 tem,
2220 1178 2269 1224 et
2325 1175 2523 1225 {uterne
2582 1171 2731 1225 Patri
2786 1188 2885 1227 suo
2960 1174 3503 1229 consusbstantialem
3575 1183 3630 1230 et

2035 1259 2580 1328 coomnipotentem‘!
2641 1262 2789 1314 lianc
2852 1261 3109 1332 gloriam,
3154 1265 3291 1318 hanc
3357 1272 3627 1320 tantorum

2035 1345 2301 1402 bonorum
2357 1348 2758 1417 possessionem
2815 1367 3089 1420 nunquam
3145 1353 3380 1407 humana
3436 1361 3627 1408 natura.

2033 1436 2442 1505 adipisceretur,
2479 1438 2523 1491 si
2570 1439 2711 1492 Deus
2748 1440 2885 1507 ipse,
2918 1456 3017 1508 pro
3070 1441 3372 1510 expiatione
3416 1440 3625 1511 peccati

2034 1524 2183 1590 Adae,
2216 1525 2268 1578 in
2299 1542 2464 1580 carne
2498 1528 2733 1581 humana
2768 1543 2877 1581 non
2915 1537 3244 1585 nasceretur.
3268 1529 3434 1583 Multo
3454 1528 3620 1599 igitur

2035 1611 2246 1666 felicius
2274 1622 2326 1667 et
2348 1614 2565 1685 dignius
2602 1615 2657 1669 in
2703 1632 2873 1686 regno
2916 1617 3172 1671 coelorum
3218 1618 3418 1673 erimus
3463 1632 3625 1687 quam

2033 1699 2077 1753 si
2105 1702 2276 1755 Adam
2310 1719 2416 1757 non
2446 1713 2723 1773 peccasset
2752 1705 2910 1759 futuri
2944 1722 3213 1761 essemus.
3251 1708 3317 1761 Et
3347 1708 3478 1776 quid
3502 1706 3622 1773 erit,

337 1792 498 1855 atque
544 1787 740 1842 iterum
787 1788 957 1858 ipsas,
1007 1803 1141 1857 quas
1187 1786 1435 1856 superius
1481 1785 1925 1852 commemoravi,
1957 1776 2011 1839 B
2040 1789 2175 1844 forte
2205 1790 2413 1860 aliquis.
2451 1832 2464 1845 .
2500 1832 2513 1845 .
2550 1833 2563 1846 .
2601 1835 2612 1845 .
2649 1794 2717 1847 de
2748 1794 3009 1848 memoria
3039 1793 3325 1861 malorum,
3358 1812 3454 1866 pro
3496 1812 3629 1865 quo-

334 1874 573 1929 rationes
624 1875 1019 1944 considerante,
1080 1875 1290 1931 animus
1345 1876 1448 1929 hoc
1500 1875 1721 1929 credere
1776 1873 1924 1940 vitat,

331 1960 557 2017 intentio
586 1962 861 2033 abhorret,
892 1964 1079 2037 lingua
1108 1964 1261 2019 fateri
1287 1979 1393 2019 non
1424 1963 1606 2019 audet.

407 2050 569 2120 Quod
613 2052 809 2108 dicitur
850 2062 921 2119 te,
976 2054 1020 2107 si
1064 2060 1187 2108 ante
1234 2061 1445 2123 partum
1496 2052 1641 2108 beati
1690 2051 1787 2107 filii
1853 2052 1927 2106 tui

334 2148 612 2211 praeventa
640 2142 881 2211 corporis
927 2150 1099 2197 morte
1147 2142 1367 2208 fuisses,
1399 2142 1679 2215 originalis
1722 2142 1922 2212 peccati

332 2227 510 2299 legem
543 2230 775 2285 aliorum
822 2247 975 2287 more
1018 2232 1250 2287 evadere
1298 2247 1405 2285 non
1453 2231 1712 2302 potuisse,
1747 2232 1927 2300 inepte

333 2317 547 2384 dicitur,
578 2335 676 2374 nec
723 2320 853 2375 tanti
894 2327 973 2375 est
1021 2329 1077 2375 ut
1124 2321 1172 2375 ei
1222 2320 1634 2390 respondeatur.
1686 2319 1928 2389 Qualiter

334 2407 479 2461 enim
510 2415 685 2463 mater
727 2409 825 2464 Dei
874 2409 1052 2463 futura
1098 2409 1469 2479 prmordinata
1518 2409 1731 2477 fuisses,
1764 2409 1807 2463 si
1855 2410 1924 2462 ad

330 2494 434 2549 hoc
483 2503 554 2562 te,
606 2496 699 2567 qui
741 2497 1141 2568 praeordinavit,
1192 2499 1336 2552 Deus
1384 2513 1491 2552 non
1539 2496 1926 2567 perduxisset?

331 2584 470 2638 Nam
505 2584 559 2639 in
591 2586 703 2640 Deo
733 2601 841 2641 non
872 2593 969 2652 est,
1003 2591 1161 2642 estet
1188 2603 1323 2653 non,
1358 2588 1455 2641 sed
1485 2586 1710 2656 simplex
1742 2590 1825 2641 est
1871 2585 1923 2638 in

330 2670 422 2726 illo
454 2681 551 2727 est.
584 2677 665 2728 An
698 2690 846 2729 mors
874 2674 1141 2731 valentior
1159 2691 1273 2729 esse
1301 2682 1490 2744 posset
1516 2674 1652 2741 Deo,
1676 2675 1745 2728 de
1772 2673 1925 2741 cujus

328 2776 491 2815 manu
524 2778 684 2817 nemo
732 2762 873 2818 valet
920 2764 1215 2835 quidquam
1259 2763 1496 2832 rapere?
1527 2764 1680 2816 Nunc
1724 2770 1920 2827 autem,

332 2848 457 2918 quia
507 2851 639 2905 tanti
682 2852 826 2921 apud
864 2852 1032 2906 Deum
1083 2868 1201 2922 pra;
1246 2853 1395 2907 omni
1443 2859 1689 2905 creatura
1759 2866 1837 2918 es,
1868 2858 1925 2905 ut

328 2939 499 2994 Mater
526 2941 644 3009 ejus
673 2940 1000 3011 dignissime
1031 2939 1142 2996 ﬁeri
1172 2941 1480 3008 meruisses,
1514 2939 1651 2993 sicut
1681 2938 1795 3009 ipse
1816 2954 1923 2993 non

326 3034 537 3083 tantum
584 3037 924 3098 supercastus
972 3036 1023 3085 et
1066 3030 1317 3096 mundus,
1352 3029 1451 3083 sed
1499 3028 1648 3097 ipsas
1705 3027 1922 3082 castitas

327 3116 553 3187 ipsaque
592 3118 859 3173 munditia
904 3125 981 3172 est
1028 3135 1041 3171 :

325 3206 569 3277 paritura
618 3222 758 3273 eras,
790 3207 994 3260 munda
1039 3222 1149 3276 prae
1194 3205 1445 3259 omnibus
1490 3206 1610 3273 jure
1657 3221 1775 3259 esse
1818 3206 1919 3259 de-

327 3294 548 3350 bueras.
582 3295 881 3350 Primordia
908 3294 1091 3365 itaque
1121 3294 1403 3349 creationis
1451 3303 1555 3348 tuae
1601 3294 1795 3348 merito
1824 3293 1919 3348 ﬁlii

323 3390 523 3439 sanctas
553 3382 817 3439 Ecclesia:
848 3383 1045 3438 debent
1075 3382 1342 3450 venerari,
1375 3383 1418 3435 si
1449 3389 1653 3445 sancta,
1683 3382 1727 3435 si
1745 3387 1913 3449 casta,

321 3472 367 3526 si
397 3488 427 3525 a
458 3470 822 3542 corruptionis
852 3472 936 3527 vel
964 3471 1171 3541 peccati
1201 3488 1338 3543 ruga
1385 3470 1485 3525 illa
1530 3471 1757 3525 credunt
1802 3487 1917 3526 esse

321 3559 561 3618 discreta
573 3601 587 3615 .

393 3650 494 3719 Qui
526 3649 684 3705 aliter
719 3648 969 3717 sentiunt,
1000 3650 1147 3720 quod
1193 3647 1386 3704 melius
1434 3648 1758 3719 approbant,
1790 3665 1914 3704 cre-

323 3741 470 3795 dant.
504 3740 645 3811 Ego,
678 3738 920 3809 piissima
950 3739 1190 3804 domina,
1224 3754 1329 3810 ego
1368 3745 1488 3792 tuus
1529 3738 1915 3808 qualiscunque

321 3828 586 3896 servulus,
620 3844 743 3901 ego,
769 3828 902 3893 scio,
935 3829 1101 3883 credo
1131 3834 1183 3884 et
1210 3825 1468 3882 conﬁteor
1500 3828 1629 3896 quia
1671 3826 1798 3881 inde
1846 3843 1913 3880 ex

317 3917 503 3972 radice
529 3918 677 3971 Jesse
704 3915 1070 3986 pucherrima,
1102 3931 1164 3969 ac
1192 3932 1290 3985 per
1318 3917 1420 3971 hoc
1480 3915 1625 3970 omni
1673 3914 1818 3984 quod
1863 3922 1913 3968 te

318 4005 658 4076 aliquatenus
687 4004 1030 4061 docoloraret
1058 4003 1265 4073 peccati
1295 4003 1514 4058 vulnere
1558 4004 1736 4057 aliena
1778 4018 1910 4072 pro-

318 4094 489 4161 diisti,
521 4101 573 4148 ct
603 4093 949 4165 integerrima
979 4108 1303 4162 permanens
1331 4091 1522 4147 ﬂorem
1567 4091 1910 4161 speciosissi-

315 4198 463 4237 mum
512 4181 787 4253 protulisti
822 4202 834 4237 :
867 4182 1078 4250 ﬂorem,
1112 4181 1352 4251 inquam,
1382 4179 1669 4250 protulisti,
1704 4188 1753 4235 et
1801 4196 1909 4234 non

316 4270 767 4342 qualemcunque,
817 4272 915 4325 sed
972 4286 1135 4340 super
1189 4285 1346 4339 quem
1404 4267 1732 4338 septiformis
1788 4268 1906 4337 Spi-

315 4361 450 4414 ritus
508 4369 727 4414 sauctus
775 4358 1054 4429 requievit,
1116 4366 1167 4413 et
1222 4358 1391 4412 odore
1447 4356 1572 4411 vitae
1627 4357 1902 4426 perennis,

2036 1895 2157 1932 rum
2203 1879 2550 1950 integerrima
2600 1882 2894 1937 abolitione
2940 1883 3365 1938 iuterminabiles
3421 1885 3625 1956 gratias

2034 1975 2255 2039 agerent
2310 1969 2410 2037 illi,
2461 1986 2619 2039 quem
2674 1979 2991 2039 praesentem
3051 1987 3270 2043 semper
3324 1972 3621 2041 habebunt,

2035 2072 2133 2110 suo
2161 2057 2408 2126 piissimo
2438 2058 2787 2129 Redemptori
2818 2060 3122 2131 quicunque
3165 2060 3240 2114 ibi
3283 2060 3480 2116 fuerint
3527 2063 3625 2117 ho-

2034 2144 2208 2200 mines
2227 2147 2255 2199 ?
2286 2147 2502 2201 Constat
2530 2149 2671 2203 enim
2704 2149 2849 2218 quod
2878 2165 3065 2203 omnes
3085 2149 3325 2203 omnium
3358 2151 3627 2207 conscien-

2035 2233 2121 2287 tiae
2151 2234 2388 2306 singulis
2414 2236 2673 2304 patebunt
2704 2252 2810 2291 non
2852 2236 3029 2292 solum
3078 2237 3400 2306 hominibus,
3434 2241 3530 2294 sed
3574 2246 3626 2296 et

2033 2324 2350 2392 angelorum
2381 2331 2432 2378 et
2478 2324 2758 2379 hominum
2814 2333 2867 2379 et
2918 2326 3129 2398 angelis
3181 2334 3234 2381 et
3288 2328 3618 2384 hominibus.

2033 2410 2166 2465 Cum
2198 2410 2360 2482 igitur
2398 2411 2674 2466 cherubim
2721 2421 2773 2467 et
2814 2414 3109 2483 seraphim,
3135 2416 3311 2470 throni
3359 2424 3412 2471 et
3441 2418 3622 2473 domi-

2033 2497 2299 2564 nationes,
2330 2499 2554 2570 aliaeque
2601 2500 2856 2555 caelorum
2905 2502 3144 2570 virtutes,
3194 2503 3249 2557 in
3289 2506 3625 2562 conscientia

2033 2587 2369 2657 singulorum
2409 2590 2760 2660 cognoverint
2800 2600 3020 2659 peccata
3062 2591 3298 2659 illorum,
3332 2611 3497 2665 seque
3547 2604 3622 2651 ta-

2032 2674 2163 2729 lium
2186 2676 2419 2730 viderint
2450 2678 2669 2733 omnino
2700 2678 2953 2747 insontes,
2986 2683 3259 2749 quomodo
3288 2681 3403 2737 ﬁeri
3425 2685 3625 2753 poterit

2032 2772 2089 2817 ut
2117 2780 2211 2819 eos
2240 2781 2345 2819 non
2378 2773 2685 2836 computent
2711 2767 2907 2822 exinde
2936 2768 3150 2823 viliores
3179 2787 3340 2839 quam
3384 2773 3431 2825 si
3480 2790 3622 2828 nun-

2032 2868 2193 2923 quam
2243 2854 2322 2908 eis
2352 2854 2521 2924 aliqui
2580 2855 2712 2910 tales
2766 2856 3028 2911 dominati
3084 2858 3311 2914 fuissent
3365 2863 3623 2917 errores?

2031 2940 2320 3009 Quomodo
2350 2959 2481 3015 ergo
2513 2943 2719 2999 felicius
2749 2951 2800 2998 et
2831 2945 3053 3015 dignius
3082 2956 3234 3002 erunt
3265 2948 3320 3001 in
3366 2950 3625 3007 societate

2032 3030 2367 3101 angelorum,
2410 3048 2637 3101 quorum
2683 3032 2861 3087 vilitas
2900 3034 3214 3089 nominatur
3259 3052 3327 3091 ex
3376 3052 3624 3093 commu-

1093 3118 1165 3172 ita
1213 3133 1370 3171 carne
1414 3132 1602 3173 verum
1647 3116 1920 3170 hominem
1952 3127 2002 3191 α
2034 3119 2194 3173 nione
2237 3120 2444 3188 peccati
2485 3121 2616 3175 Adae
2656 3119 3009 3177 aestimatione
3045 3122 3287 3193 ipsorum
3324 3126 3352 3178 ?
3398 3142 3625 3196 peccare

2033 3221 2267 3276 namque
2297 3207 2585 3261 infelicitas
2630 3216 2681 3261 et
2723 3208 3037 3279 indignitas,
3069 3226 3175 3265 non
3219 3218 3450 3282 peccare
3495 3230 3620 3270 vero

2027 3293 2251 3349 felicitas
2299 3299 2352 3349 et
2394 3296 2633 3366 dignitas
2678 3297 2985 3351 comitatur.
3036 3299 3166 3353 Haec
3210 3300 3255 3353 si
3301 3301 3422 3369 quis
3468 3302 3616 3368 dicit,

2027 3382 2153 3435 duci
2204 3382 2418 3451 quidem
2468 3383 2673 3438 ratione
2727 3384 2958 3450 videtur,
3008 3387 3104 3441 sed
3168 3388 3446 3452 humana;
3492 3405 3618 3443 nam

2024 3470 2271 3525 caelestia
2301 3471 2663 3526 consideranti
2694 3470 2799 3525 alia
2846 3472 2916 3526 ab
2958 3472 3075 3528 istis
3103 3474 3337 3530 occurrit
3366 3478 3619 3532 conside-

2025 3558 2180 3613 ratio.
2216 3559 2338 3614 Non
2368 3559 2509 3613 enim
2539 3559 2617 3613 illi
2643 3558 2879 3631 angelici
2910 3561 3148 3631 spiritus,
3183 3579 3412 3634 quorum
3458 3566 3615 3621 simi-

2024 3646 2323 3713 litudinem,
2353 3648 2507 3717 juxta
2554 3649 2882 3719 promissum
2930 3650 3167 3720 Domini,
3201 3653 3445 3724 adepturi
3492 3665 3617 3711 sunt

2022 3744 2145 3805 post
2198 3737 2302 3792 hoc
2357 3736 2611 3791 saeculum
2668 3737 2865 3809 quique
2919 3739 3050 3809 justi
3107 3740 3372 3810 homines,
3426 3742 3479 3798 in
3535 3743 3615 3799 eis

2021 3824 2439 3879 considerabunt
2469 3825 2558 3895 qui
2604 3826 2821 3892 fuerint,
2852 3828 2949 3882 sed
2994 3831 3083 3899 qui
3133 3829 3255 3898 sint,
3284 3830 3415 3885 licet
3457 3832 3509 3886 hi
3558 3833 3611 3886 in

2022 3913 2278 3967 memoria
2308 3929 2402 3967 sua
2434 3911 2673 3968 habeant
2702 3914 2790 3985 qui
2821 3914 3048 3981 fuerint,
3081 3916 3148 3971 ad
3191 3916 3405 3973 laudem
3455 3919 3610 3974 scili—

2020 4009 2104 4055 cet
2132 4009 2183 4055 et
2213 4001 2279 4054 ad
2311 4000 2545 4072 gloriam
2578 4002 2878 4057 Salvatoris
2908 4005 3014 4060 sui.
3045 4005 3198 4059 Certe
3244 4008 3291 4059 si
3332 4007 3525 4077 aliquis
3557 4009 3609 4062 in

2016 4089 2117 4143 hac
2149 4089 2362 4143 mortali
2393 4105 2555 4144 carne
2584 4090 2789 4158 positus
2816 4091 2999 4161 aliquo
3029 4094 3185 4164 gravi
3214 4094 3424 4159 morbo,
3457 4096 3607 4150 verbi

2016 4177 2213 4248 gratia,
2247 4178 2395 4247 lepra
2425 4193 2735 4247 percussus,
2771 4187 2878 4233 toto
2909 4196 3133 4250 corpore
3164 4182 3435 4236 vermibus
3478 4198 3608 4240 sca-

2015 4272 2169 4331 teret,
2201 4273 2253 4319 et
2279 4265 2486 4321 cunctis
2524 4280 2644 4321 eum
2695 4266 3025 4321 intuentibus
3072 4269 3324 4324 horridus
3370 4270 3608 4325 immane

2015 4354 2226 4421 feteret,
2284 4354 2328 4408 si
2377 4353 2558 4426 aliquo
2602 4362 2816 4422 eventu,
2850 4364 3033 4425 utpote
3076 4357 3411 4412 medicorum
3453 4359 3606 4428 juva-

314 4450 483 4505 odore
513 4448 699 4503 salutis
726 4456 941 4503 aeternae
972 4463 1189 4502 onmem
1219 4454 1515 4500 creaturam
1544 4445 1721 4516 gratia
1751 4446 1898 4501 divi-
1926 4481 1984 4544 D
2019 4443 2178 4504 mine.
2210 4443 2295 4497 vel
2326 4451 2576 4513 respectu
2606 4443 2742 4497 mira
2774 4444 3017 4498 facientis
3052 4445 3149 4500 Dei
3198 4448 3601 4511 misericordiae,

311 4537 489 4592 uitatis
543 4554 655 4592 sure
710 4536 968 4606 respersit
1022 4535 1183 4605 alque
1235 4534 1482 4606 replevit.
1514 4534 1616 4588 Per
1670 4535 1811 4588 hunc
1869 4551 1902 4589 a

312 4633 537 4696 peccato
566 4624 731 4695 primi
768 4625 1009 4695 parentis
1057 4623 1372 4688 liberamur,
1405 4631 1457 4677 et
1506 4630 1732 4678 mortem
1782 4640 1905 4695 quae

312 4730 413 4784 per
442 4714 586 4768 istud
618 4713 835 4767 intravit
865 4714 920 4766 in
950 4713 1140 4767 orbem
1172 4720 1434 4766 terrarum
1464 4711 1761 4776 evadimus,
1797 4712 1904 4765 mi-

309 4802 474 4857 serias
504 4801 699 4872 quibus
728 4800 1134 4871 opprimebatur
1163 4799 1339 4854 omnis
1367 4815 1496 4855 caro
1535 4801 1607 4854 ob
1654 4801 1903 4855 meritum

312 4890 483 4961 ipsius
513 4890 717 4954 delicti,
745 4890 860 4959 jam
892 4888 1024 4944 alias
1052 4889 1105 4943 in
1128 4905 1204 4953 re,
1239 4887 1374 4942 alias
1404 4887 1458 4941 in
1486 4905 1601 4957 spe,
1624 4889 1905 4944 conculcat

316 4980 432 5050 ipsa
462 4994 588 5035 caro
636 4978 918 5047 redempta
960 4992 1149 5032 cruore
1191 4977 1363 5047 ipsius
1406 4976 1572 5042 ﬂoris,
1608 4978 1748 5031 unici
1796 4979 1906 5032 sci-

316 5068 439 5122 licet
470 5066 565 5121 tilii
595 5066 668 5121 tui
697 5076 749 5121 et
780 5065 976 5120 dilecti.
1010 5066 1117 5121 Per
1146 5069 1287 5122 hunc
1330 5082 1544 5137 quoque
1585 5081 1694 5121 non
1741 5067 1905 5121 modo

317 5156 597 5226 paradiso,
657 5156 800 5209 unde
855 5156 1026 5209 Adam
1086 5154 1184 5209 fuit
1233 5154 1500 5225 repulsus,
1558 5153 1903 5221 restituimur,

315 5245 411 5299 sed
444 5252 497 5299 et
522 5258 696 5315 regno
720 5243 1004 5308 caelorum,
1039 5243 1181 5313 quod
1210 5259 1317 5298 non
1348 5241 1615 5310 habuerit,
1644 5243 1736 5297 sed
1758 5242 1907 5298 habi-

318 5341 469 5387 turus
498 5341 613 5387 erat
642 5332 821 5386 sinon
880 5340 1181 5401 peccasset,
1216 5332 1383 5387 multo
1446 5332 1656 5387 felicius
1710 5332 1803 5388 illo
1857 5340 1909 5387 et

317 5420 538 5492 dignius
594 5419 914 5475 invehimur.
959 5422 1097 5474 Nam
1155 5421 1200 5473 si
1257 5421 1371 5474 Deo
1427 5421 1749 5477 inobediens
1804 5437 1909 5476 non

316 5509 529 5573 fuisset,
562 5525 835 5578 nunquam
865 5508 1031 5563 Filius
1058 5508 1159 5563 Dei
1192 5511 1356 5564 homo
1384 5508 1556 5575 ﬂeret,
1591 5510 1642 5564 in
1673 5526 1778 5580 quo
1827 5510 1910 5564 vel

311 5613 410 5668 pro
441 5613 549 5669 quo
580 5606 810 5655 mortem
837 5596 1046 5668 patiens
1071 5611 1138 5652 ac
1164 5613 1458 5670 resurgens
1479 5614 1709 5671 regnum
1739 5598 1911 5655 coelo-

2014 4531 2239 4604 integra:
2288 4532 2508 4587 sanitati
2552 4532 2828 4586 restitutus
2872 4532 3081 4600 fuisset,
3126 4538 3180 4589 et
3226 4534 3330 4589 reis
3377 4536 3459 4589 eis
3515 4537 3606 4609 qui

2015 4637 2140 4675 eum
2170 4621 2318 4690 prius
2360 4628 2621 4675 noverant
2664 4621 3005 4687 innotuisset,
3039 4637 3166 4677 mox
3216 4622 3267 4675 hi
3312 4624 3402 4694 qui
3452 4625 3603 4680 illum

2012 4718 2135 4764 ante
2154 4709 2626 4774 abominabantur,
2660 4709 2702 4762 si
2734 4709 2973 4764 charitas
3019 4710 3073 4763 in
3122 4710 3200 4764 eis
3246 4711 3401 4767 firma
3444 4713 3602 4785 vige-

2014 4807 2093 4852 ret
2143 4799 2322 4866 ipsum
2371 4799 2578 4863 videre,
2612 4798 2790 4866 ipsum
2835 4797 3057 4868 alloqui,
3110 4798 3163 4851 in
3210 4799 3328 4869 ipso
3371 4802 3602 4872 gratiam

2013 4886 2110 4942 Dei
2141 4894 2395 4955 cuperent
2426 4884 2644 4954 intueri,
2673 4885 2879 4952 mirari,
2912 4888 3185 4955 venerari,
3219 4896 3269 4943 et
3301 4888 3481 4959 ipsum
3507 4894 3604 4946 du-

2015 4975 2136 5045 plici
2183 4975 2385 5029 honore
2422 4973 2631 5028 censeri
2681 4974 2987 5029 habendum
3040 4993 3051 5027 :
3105 4976 3223 5048 ipse
3259 4978 3606 5035 nihilominus

2013 5081 2124 5119 suae
2153 5062 2480 5117 inﬁrmitatis
2510 5078 2616 5117 non
2647 5061 2950 5131 immemor,
2984 5064 3105 5119 aliis
3133 5066 3299 5121 etiam
3341 5068 3604 5139 ignoran-

2016 5152 2155 5206 tibus
2183 5167 2302 5207 eam
2333 5152 2475 5206 ultro
2505 5157 2557 5205 et
2586 5168 2710 5206 cum
2752 5154 2986 5221 quadam
3038 5153 3120 5208 sui
3167 5158 3605 5227 augmentatione

2014 5242 2257 5307 referret,
2290 5248 2344 5294 ut
2373 5240 2549 5311 primo
2579 5247 2629 5294 et
2661 5239 2929 5311 praecipue
2976 5242 3075 5297 Dei
3119 5244 3293 5313 gratia
3335 5245 3482 5313 inde,
3510 5262 3604 5300 seu

2017 5330 2358 5385 medicorum
2407 5329 2576 5399 perita
2624 5329 2868 5394 scientia,
2910 5346 3001 5384 seu
3048 5347 3143 5384 sua
3190 5332 3601 5404 longanimitas,

2018 5419 2101 5475 vel
2132 5419 2446 5474 devotarum
2478 5434 2701 5488 precum
2731 5433 2853 5474 cum
2886 5418 3169 5474 beatorum
3200 5436 3426 5490 operum
3480 5423 3603 5475 diu-

2019 5508 2132 5563 tina
2186 5506 2517 5561 exhibitione
2571 5506 2841 5573 instantia,
2889 5507 2973 5562 vel
3022 5509 3349 5563 medentium
3407 5510 3609 5564 inﬂicta

2024 5596 2289 5668 asperitas
2317 5610 2351 5651 a
2398 5594 2587 5652 salutis
2637 5594 2943 5652 desiderato
2990 5594 3185 5652 eﬂectu
3232 5612 3340 5652 nou
3384 5596 3620 5672 deﬂexe.
