4036 6072
423 267 523 325 311

1462 271 1553 327 AD
1581 268 1815 329 OPERA
1845 270 1899 328 S.
1933 267 2245 328 ANSELMI
2274 269 2656 331 APPENDIX.

3612 275 3714 332 312

425 400 529 465 rat,
549 393 949 467 praedicaretur.
970 396 1029 455 Si
1057 411 1190 473 ergo
1218 395 1335 455 haec
1363 397 1437 455 ita
1467 407 1734 473 geruntur
1753 400 1809 456 in
1825 401 2012 457 huma-
2040 396 2096 458 A
2126 401 2428 472 prepagine
2458 408 2653 469 ortam,
2685 399 2788 457 sibi
2817 417 2917 474 pro
2947 400 3262 460 conditione
3288 378 3458 459 iunius
3505 408 3715 459 natura

428 484 535 551 nis,
587 486 715 558 quid
767 495 923 559 putas
972 486 1029 542 in
1070 490 1262 544 horum
1302 489 1708 559 quodammodo
1754 490 2021 546 similibus

426 575 635 646 geritur
680 575 733 630 in
782 576 1026 631 divinis?
1073 577 1335 648 Equidem
1382 588 1624 649 peccata,
1671 580 1874 651 quibus
1921 580 2019 636 Dei

429 664 611 720 vultus
667 663 974 733 offenditur,
1024 666 1221 721 mentis
1269 669 1521 723 humanae
1575 671 1798 723 vulnera
1858 677 2017 739 atque

429 754 752 823 putredines
781 770 904 809 esse
933 770 1040 809 non
1072 755 1402 811 nescientur.
1443 758 1578 824 Quae.
1624 758 1771 812 unde
1818 774 2007 828 proce-

431 841 582 906 dunt,
616 840 720 895 nisi
749 858 815 897 ex
848 858 967 898 suae
995 844 1319 899 conditionis
1348 844 1598 918 ingenita
1625 848 2017 917 corruptione?

431 927 563 998 Quae
606 931 900 1002 corruptio,
952 931 1081 986 dum
1134 932 1401 988 transierit
1448 934 1502 988 in
1562 934 2015 1005 incorruptionem

428 1017 567 1072 nihil
613 1018 844 1074 ulterius
890 1021 990 1075 erit
1038 1021 1182 1093 quod
1227 1021 1427 1087 doleat,
1478 1023 1615 1077 nihil
1663 1024 1809 1094 quod
1855 1024 2017 1080 alicui

426 1107 730 1175 sordescat,
762 1109 894 1164 nihil
942 1109 1087 1180 quod
1131 1119 1322 1165 cuncta
1369 1112 1636 1166 cernentis
1682 1113 1784 1168 Dei
1830 1114 2017 1169 oculos

426 1194 683 1251 offendat.
718 1198 829 1252 Pax
878 1198 1042 1269 igitur
1086 1199 1189 1254 erit
1234 1200 1373 1254 inter
1420 1201 1596 1255 Deum
1645 1210 1698 1256 et
1742 1202 2012 1272 homines,

425 1300 586 1354 quam
633 1284 811 1341 nullus
858 1286 979 1341 ﬁnis
1029 1287 1285 1353 includat,
1320 1287 1469 1343 nulla
1515 1290 1733 1345 occasio
1782 1291 2011 1360 scindat,

423 1373 575 1429 nulla
603 1373 812 1429 offensa
841 1375 1153 1437 obnubilet;
1189 1376 1399 1431 videtur
1445 1377 1586 1432 enim
1632 1379 1746 1449 ipse
1794 1380 1885 1450 qui
1932 1388 2016 1435 est

427 1471 479 1517 et
536 1462 807 1518 laetabitur
853 1463 907 1518 in
965 1480 1250 1520 commune
1307 1467 1362 1519 in
1419 1467 1608 1522 eodem
1667 1467 1784 1538 ipso
1840 1476 1892 1522 et
1946 1469 2014 1523 ad

423 1550 622 1621 ipsum,
655 1551 746 1621 qui
776 1553 844 1608 ab
875 1569 969 1609 eos
999 1553 1142 1623 quod
1174 1562 1273 1623 est,
1305 1554 1452 1609 aliud
1483 1556 1705 1612 omnino
1734 1572 1857 1613 esse
1905 1573 2013 1613 non

421 1648 595 1710 pctost
609 1679 622 1694 .

2126 490 2486 559 consimilem,
2532 508 2642 561 prae
2691 492 2867 548 oculis
2909 492 3203 560 habebunt,
3255 492 3464 566 angelis
3522 498 3573 547 et
3616 506 3712 546 ar-

2125 578 2407 649 changelis
2436 581 2840 649 praesidentem,
2875 582 3056 637 omnia
3110 586 3297 652 utpote
3326 581 3574 652 reginam
3602 595 3718 636 om-

2125 665 2275 720 nium
2325 682 2446 722 cum
2495 667 2608 723 filio
2656 669 3053 740 disponentem,
3103 687 3269 739 seque
3315 669 3459 725 dulci
3511 667 3715 725 affectu

2126 753 2558 824 amplcctentcm,
2605 757 2708 811 sibi
2758 758 2826 812 de
2870 759 3068 814 collata
3129 758 3301 831 gloria
3362 757 3716 828 congauden-

2125 850 2264 906 tem;
2316 852 2370 898 et
2416 844 2536 899 ﬁeri
2580 846 2779 916 poterit
2826 856 2881 902 ut
2928 848 2996 903 ad
3044 848 3148 903 hoc
3196 863 3307 903 non
3353 847 3409 901 in
3472 848 3716 902 immen-

2123 947 2239 985 sum
2271 933 2562 1000 exsultent,
2595 950 2705 989 non
2736 950 2793 989 se
2840 936 3101 990 ineffabili
3142 936 3395 1005 jucundit
3442 942 3492 989 te
3538 934 3717 1007 glori-

2123 1017 2391 1075 ficationis
2418 1021 2754 1092 conjubilent
2774 1023 2801 1077 ?
2829 1025 2897 1078 Et
2914 1024 3133 1094 quidem
3155 1024 3223 1079 ad
3242 1026 3382 1080 hanc
3399 1023 3716 1095 dignitatem

2123 1124 2223 1162 nec
2270 1108 2581 1165 beatissima
2629 1111 2921 1183 virginum,
2977 1128 3080 1168 nec
3125 1113 3485 1168 numerositas
3535 1110 3715 1167 homi-

2122 1212 2249 1250 num
2281 1197 2569 1253 electorum
2601 1215 2835 1269 unquam
2868 1201 3213 1269 ascendisset,
3243 1202 3289 1254 si
3322 1201 3487 1256 Filius
3518 1200 3613 1255 Dei
3647 1200 3718 1254 ad

2122 1284 2538 1342 destructionem
2572 1288 2777 1358 peccati
2805 1289 2935 1345 Adae
2965 1290 3031 1344 de
3061 1290 3180 1344 sinu
3229 1290 3393 1344 Patris
3442 1289 3717 1345 hominem

2122 1388 2191 1428 ex
2220 1374 2341 1444 ipsa
2375 1375 2593 1447 Virgine
2611 1386 2987 1447 assumptnrus
3009 1393 3115 1433 non
3136 1378 3522 1434 descendisset.
3545 1377 3719 1449 Igitur

2120 1470 2346 1532 pr0pter
2376 1473 2691 1535 peccatores
2719 1466 2888 1521 Maria
2918 1466 3060 1521 facta
3108 1475 3189 1521 est
3226 1468 3397 1521 Mater
3442 1467 3562 1533 Dei,
3597 1482 3718 1536 quae

2121 1550 2327 1607 idcirco
2361 1553 2507 1623 quod
2538 1570 2601 1608 ea
2631 1556 2850 1622 castior,
2884 1570 2949 1609 ea
2978 1556 3232 1622 sanctior,
3266 1571 3329 1609 ea
3361 1554 3614 1609 humilior
3661 1554 3716 1609 in

2119 1656 2323 1711 genere
2354 1641 2589 1697 humano
2622 1643 2767 1697 nulla
2797 1643 2970 1712 potuit
3013 1644 3260 1714 reperiri,
3294 1644 3485 1699 merito
3529 1643 3717 1698 debuit

492 1729 641 1784 Deus
670 1746 845 1798 meus,
877 1731 1022 1786 Deus
1053 1748 1224 1801 meus,
1256 1733 1392 1793 doce
1423 1750 1518 1791 οοιο
1546 1735 2012 1806 meumimenige-
2039 1756 2091 1816 Β
2123 1728 2176 1782 in
2227 1733 2428 1784 tantam
2473 1730 2846 1785 excellentiam
2896 1732 2965 1785 ab
3008 1747 3093 1799 eo,
3141 1748 3247 1803 quo
3292 1730 3424 1786 nihil
3492 1733 3713 1800 castius,

419 1831 478 1872 re
504 1816 635 1888 quid
666 1818 741 1872 ibi
770 1819 1008 1874 futurum
1039 1820 1107 1875 sit
1136 1822 1393 1877 omnibus
1438 1823 1528 1893 qui
1576 1832 1626 1879 te
1674 1825 1761 1878 hic
1802 1824 2006 1880 dilexe-

420 1913 561 1973 runt,
596 1907 686 1976 qui
716 1916 947 1963 mortem
1001 1917 1143 1964 tuam
1192 1911 1361 1965 vitam
1409 1928 1563 1966 suam
1613 1913 1672 1967 in
1720 1914 2015 1970 directione

418 1992 626 2049 viarum
654 2012 877 2051 suarum
912 1998 1181 2069 complexi
1211 2007 1352 2069 sunt,
1387 2000 1475 2072 qui
1508 2000 1602 2055 tibi
1632 2001 1687 2055 in
1736 2003 2014 2073 sequenda

416 2082 697 2139 voluntate
747 2093 834 2140 tua
880 2101 981 2156 per
1028 2087 1403 2143 mandatorum
1456 2098 1666 2145 tuorum
1711 2091 2010 2146 custodiam

415 2170 784 2227 adhaeserunt.
818 2174 982 2241 Vere,
1014 2175 1157 2231 bone
1188 2177 1439 2240 Domine,
1468 2179 1623 2248 juxta
1652 2194 1842 2234 vocem
1865 2179 2010 2234 beati

413 2261 679 2330 Apostoli,
707 2262 811 2330 tui,
827 2279 1037 2319 summe
1069 2273 1122 2319 tu
1152 2266 1397 2320 omnium
1428 2266 1717 2335 bonorum,
1738 2278 2011 2339 praestan-

415 2348 658 2405 tissimus
687 2350 797 2406 eris
826 2352 1156 2408 aeternaliter
1186 2353 1238 2408 in
1268 2355 1528 2410 omnibus
1553 2357 1601 2426 (Ι
1622 2356 1746 2414 Cor.
1772 2372 1869 2426 xv,
1891 2359 2006 2429 28)·

408 2436 477 2493 Et
502 2438 632 2508 quid
662 2439 791 2495 boni
821 2442 1020 2511 poterit
1049 2442 1244 2498 deesse
1273 2443 1457 2511 alicui,
1490 2462 1612 2500 cum
1647 2454 1695 2500 te
1734 2446 2005 2515 habuerit,

409 2526 500 2595 qui
550 2526 669 2581 fons
714 2544 773 2582 es
819 2530 1082 2599 perfectio
1125 2530 1303 2585 omnis
1350 2532 1521 2587 boni?
1569 2532 1855 2602 Quomodo
1898 2535 2007 2589 ita-

412 2630 523 2686 que
553 2615 631 2668 illi
694 2616 773 2671 tui
830 2616 1010 2672 dilecti
1070 2625 1230 2688 teque
1286 2619 1580 2692 diligentes
1631 2622 1698 2676 ad
1756 2623 2007 2678 intuitum

409 2703 601 2773 gloriae
651 2711 754 2759 tuae
803 2706 1031 2776 perenni
1076 2707 1418 2776 jucunditate
1456 2710 1792 2780 gaudendes,
1831 2727 2008 2783 ange-

412 2790 547 2847 licos
572 2791 793 2861 spiritus
822 2793 945 2849 dico
980 2814 992 2849 :
1026 2796 1321 2866 quomodo,
1355 2797 1594 2867 inquam,
1629 2808 1877 2869 poterunt
1906 2817 2005 2856 eos

410 2879 691 2950 praecipuo
720 2881 929 2936 honore
959 2882 1157 2955 dignos
1182 2900 1289 2939 non
1318 2884 1585 2955 judicare,
1612 2903 1703 2942 eos
1724 2896 1780 2943 ut
1800 2898 2006 2944 semet-

412 2965 561 3038 ipsos
592 2983 700 3023 non
731 2984 915 3024 amare
968 2986 1104 3040 quos
1156 2972 1248 3025 tibi
1297 2975 1736 3046 concorporales,
1770 2992 1907 3047 quos
1950 2978 2006 3031 in

417 3055 598 3111 forma
642 3057 991 3113 humanitatis
1037 3059 1277 3115 viderint
1325 3061 1420 3116 tibi
1468 3064 2004 3121 consubstantiales‘.’

419 3144 708 3213 Quomodo
739 3162 837 3202 eos
866 3164 971 3202 non
1004 3148 1251 3205 inmensa
1280 3150 1566 3207 dulcedine
1613 3155 2008 3224 amplectentur

416 3248 645 3304 quorum
696 3235 835 3291 mira
882 3237 964 3291 vis
1010 3238 1195 3307 animi,
1246 3239 1373 3294 dum
1428 3241 1677 3296 viverent
1741 3244 1796 3297 in
1852 3259 2013 3299 carne

417 3322 650 3388 mortali,
687 3328 889 3378 tantum
944 3324 998 3378 in
1047 3326 1337 3381 domandis
1376 3327 1744 3399 voluptatibus
1786 3331 1868 3384 sui
1917 3347 2012 3403 pro

415 3416 507 3464 tuo
538 3426 720 3466 amore
751 3412 807 3465 in
839 3428 898 3468 se
924 3414 1112 3482 valuit,
1143 3423 1199 3469 ut
1229 3423 1413 3485 pateat
1457 3418 1606 3472 omni
1654 3427 1918 3474 creaturas
1962 3428 2012 3476 te

417 3514 516 3568 pro
546 3499 624 3554 eis
654 3516 762 3554 non
792 3501 961 3556 fuisse
1001 3504 1172 3573 gratis
1224 3504 1505 3560 hominem
1551 3505 1773 3575 factum,
1801 3516 2008 3578 natum,

417 3602 662 3657 passum,
717 3591 1046 3644 mortuum?
1102 3591 1383 3662 Siquidem
1442 3593 1539 3647 tibi
1598 3596 1737 3651 hanc
1795 3597 2011 3652 laudern

420 3679 750 3744 pepererunt
782 3682 839 3731 ut
869 3678 963 3749 qui
994 3692 1089 3733 eos
1118 3679 1174 3731 in
1204 3683 1350 3734 terra
1380 3681 1543 3736 homo
1573 3682 1744 3737 factus
1771 3685 2012 3754 perditos

420 3762 709 3832 requisisti,
761 3769 815 3818 te
861 3765 1133 3834 audirent,
1171 3776 1219 3820 te
1266 3768 1576 3839 diligerent,
1631 3771 1736 3825 tuis
1798 3773 2014 3828 monitis

423 3850 850 3933 acquiescerent,
884 3860 937 3907 et
966 3852 1034 3907 ad
1076 3860 1130 3908 te
1173 3854 1277 3909 lacti
1326 3858 1690 3925 pervenirent,
1726 3859 1914 3931 sicque
1963 3869 2013 3917 te

424 3953 526 3993 nec
557 3939 613 3992 in
641 3942 734 3994 tuo
764 3940 990 3995 consilio
1021 3941 1328 4014 deceptum,
1351 3960 1451 4000 nec
1482 3948 1651 4000 otiose
1681 3964 1778 4017 pro
1796 3950 1875 4004 eis
1893 3967 2013 4021 quae

428 4041 620 4096 passus
651 4043 708 4082 es
736 4045 1051 4099 perpessum
1085 4031 1253 4087 fuisse
1283 4034 1647 4090 ostenderent.
1679 4037 1800 4091 Non
1848 4040 2015 4110 igitur

428 4130 522 4169 eos
547 4117 768 4171 omnino
801 4117 1242 4175 irrationabiliter
1272 4122 1400 4189 dixi,
1432 4123 1685 4193 Domine,
1707 4134 1761 4179 ut
1782 4128 2010 4195 aestimo,

428 4204 651 4275 dignius
680 4214 841 4276 atque
871 4206 1086 4263 felicius
1117 4209 1169 4263 in
1201 4226 1374 4281 regno
1406 4219 1494 4267 tuo
1524 4229 1643 4267 esse
1666 4228 1824 4284 quam
1850 4216 2013 4271 futuri

424 4302 627 4361 essent,
658 4294 701 4347 si
731 4296 904 4351 Adam
936 4312 1041 4351 non
1072 4308 1374 4368 peccasset.

495 4383 581 4437 Ad
613 4384 714 4437 hoc
743 4383 833 4438 illa
862 4384 1098 4456 dignitas
1127 4390 1289 4457 atque
1320 4387 1553 4443 felicitas
1598 4406 1715 4445 sese
1759 4391 2013 4464 ingerunt

2123 1816 2258 1872 nihil
2313 1819 2567 1886 sanctius,
2627 1819 2916 1874 sublimius
2973 1828 3052 1874 est
3106 1820 3262 1887 nihil,
3294 1820 3516 1883 adcisci,
3553 1826 3605 1875 et
3661 1821 3717 1874 in

2123 1905 2257 1977 quid
2288 1905 2641 1961 excellentius
2671 1908 2875 1962 adcisci
2906 1907 3131 1975 valeret,
3167 1924 3326 1977 quam
3358 1917 3414 1963 ut
3442 1908 3495 1962 in
3525 1924 3717 1980 perpe-

2121 1998 2217 2048 tua
2248 1994 2556 2066 virginitate
2585 2012 2911 2065 permanens
2941 1997 3112 2051 Deum
3146 1997 3214 2051 de
3254 2013 3346 2051 sua
3379 2012 3541 2052 carne
3588 2013 3715 2051 car-—

2120 2099 2243 2138 nem
2277 2085 2477 2137 factum
2507 2086 2835 2153 generaret?
2864 2086 3023 2139 Hanc
3066 2086 3444 2141 excellentiam
3493 2087 3718 2141 contulit

2121 2171 2263 2225 Deus
2286 2172 2497 2243 Virgini
2522 2173 2721 2237 Mariae,
2749 2188 2816 2228 eo
2841 2174 2984 2243 quod
3011 2173 3155 2228 illam
3184 2174 3439 2244 pudicitia
3460 2174 3642 2230 cordis
3663 2182 3717 2229 ct

2120 2260 2364 2331 corporis
2394 2261 2495 2314 sibi
2526 2277 2636 2329 prae
2667 2261 2814 2315 omni
2844 2272 3088 2318 creatura
3118 2262 3381 2318 intellexit
3410 2263 3710 2318 adhaerere.

2119 2347 2164 2403 Ο
2196 2348 2331 2404 felix
2364 2351 2571 2404 haerere
2598 2352 2608 2403 l
2642 2365 2675 2405 o
2706 2349 2909 2404 haerere
2941 2350 3091 2417 felix,
3115 2352 3321 2406 haerere
3353 2351 3427 2405 illi
3458 2352 3547 2421 qui
3569 2353 3715 2406 solus

2119 2453 2245 2493 vere
2276 2445 2373 2505 est,
2409 2438 2500 2506 qui
2530 2436 2681 2493 solus
2711 2454 2921 2493 summe
2951 2447 3050 2509 cst,
3083 2441 3176 2509 qui
3207 2456 3479 2510 nunquam
3529 2438 3716 2495 deﬁcit

2116 2524 2213 2579 ulli
2241 2525 2346 2580 sibi
2378 2542 2486 2581 non
2516 2525 2641 2582 ficto
2670 2528 2833 2582 corde
2862 2528 3085 2583 haerenti
3108 2530 3135 2582 ?
3165 2529 3318 2594 Huic,
3352 2528 3440 2599 pia
3470 2529 3710 2596 domina,

2118 2615 2391 2683 quoniam,
2425 2623 2485 2669 ut
2527 2615 2661 2685 dixi,
2716 2616 3003 2684 adhaesisti,
3050 2617 3206 2672 haesit
3253 2625 3303 2672 et.
3353 2618 3467 2688 ipse
3512 2617 3625 2685 tibi,
3662 2626 3717 2673 et

2116 2702 2280 2757 modo
2310 2719 2417 2774 quo
2449 2718 2549 2759 nec
2597 2703 2804 2758 dulcius
2842 2705 3013 2774 potuit
3057 2705 3348 2761 adhaerere.
3383 2705 3525 2773 Quid
3567 2705 3713 2760 enim

2116 2791 2257 2845 inter
2288 2793 2424 2846 duos
2452 2792 2684 2859 dulcius,
2717 2801 2805 2847 aut
2837 2794 3055 2864 dignius
3086 2793 3227 2850 valet
3258 2810 3380 2849 esse
3409 2810 3570 2866 quam
3594 2809 3712 2849 esse

2115 2878 2303 2933 matris
2332 2880 2401 2934 ad
2432 2878 2622 2945 ﬁlium,
2657 2880 2744 2935 vel
2778 2880 2871 2934 ﬁlii
2904 2882 2972 2935 ad
3002 2889 3226 2937 matrem
3249 2884 3276 2935 ‘?
3307 2883 3493 2937 Ethoc
3514 2892 3713 2937 utrum-

2115 2983 2220 3039 que
2250 2968 2405 3022 vobis
2437 2976 2536 3034 est,
2571 2977 2625 3023 ut
2659 2970 2910 3024 omnibus
2940 2970 3134 3041 liquet.
3177 2971 3283 3025 Sed
3331 2973 3430 3026 hos
3461 2972 3709 3039 honores,

2117 3056 2214 3109 has
2247 3055 2567 3126 dignitates,
2599 3057 2716 3113 haec
2745 3058 2963 3128 gaudia,
2999 3059 3195 3129 quibus
3228 3068 3397 3114 cmtus
3429 3060 3710 3115 hominum

2120 3144 2279 3199 coetui
2309 3145 2573 3199 admistus
2601 3146 2921 3216 angelorum
2972 3148 3286 3218 perfruitur,
3320 3148 3393 3203 ob
3446 3148 3710 3219 praevari-

2119 3232 2386 3287 cationem
2418 3234 2717 3303 primorum
2749 3235 3049 3302 hominum,
3081 3254 3209 3290 num
3266 3236 3373 3290 illis
3420 3236 3711 3306 ascribere,

2119 3336 2246 3374 num
2296 3321 2405 3374 illis
2452 3322 2650 3376 exinde
2692 3322 2813 3391 jure
2864 3324 3101 3379 debuere
3149 3324 3371 3396 gratiosi
3435 3325 3715 3380 existere?

2118 3410 2240 3464 Non
2270 3418 2420 3480 puto.
2457 3411 2569 3465 Nec
2601 3411 2746 3465 enim
2794 3427 2860 3466 ea
2900 3412 3194 3467 intentione
3243 3423 3567 3483 praeceptum
3615 3413 3715 3469 Dei

2117 3498 2450 3567 praevaricati
2484 3507 2626 3565 sunt,
2664 3508 2715 3554 ut
2750 3508 2825 3555 tot
2856 3499 3001 3555 bona
3031 3501 3158 3555 inde
3204 3502 3586 3573 procederent,
3617 3501 3712 3557 sed

2119 3591 2179 3641 ut
2208 3587 2434 3641 modum
2465 3588 2788 3643 conditionis
2817 3604 2946 3654 suae,
2979 3598 3164 3659 spreto
3193 3591 3329 3656 Deo,
3362 3591 3581 3660 superbi
3614 3608 3715 3644 ex-

2118 3676 2401 3730 cederent.
2441 3676 2501 3728 In
2529 3692 2593 3730 eo
2626 3676 2825 3746 quippe
2856 3692 2962 3748 quo
3006 3677 3279 3733 diabolum
3330 3678 3611 3733 audierunt
3661 3687 3717 3733 ut

2120 3763 2194 3816 dii
2226 3763 2433 3829 tierent,
2468 3780 2573 3817 non
2605 3765 2955 3819 intenderunt
2986 3774 3041 3819 ut
3070 3766 3140 3820 ad
3189 3767 3468 3831 deitatem,
3502 3784 3607 3839 qua
3654 3783 3715 3822 se

2118 3850 2491 3906 sublimandos
2537 3852 2854 3922 sperabant,
2909 3853 3369 3908 exterminandum
3412 3855 3573 3909 Filius
3616 3856 3712 3910 Dei

2121 3938 2410 4011 aliquando
2442 3957 2509 3995 ex
2550 3956 2648 3994 sua
2690 3942 2858 4010 stirpe
2909 3941 3071 3997 homo
3120 3941 3289 3997 ﬁeret.
3327 3944 3485 3998 Forte
3532 3943 3713 4014 magis

2120 4029 2324 4099 putavit
2355 4030 2466 4083 Eva
2496 4045 2556 4084 se
2587 4030 2759 4083 Deum
2791 4029 2935 4084 illico
2966 4030 3103 4096 fore,
3137 4038 3187 4085 et
3213 4031 3380 4085 Adam
3429 4031 3531 4085 sibi
3577 4048 3712 4087 con-

2120 4117 2441 4171 sentientem
2490 4117 2785 4172 divinitatis
2830 4135 2941 4173 sua:
2990 4119 3235 4173 futurum
3289 4128 3612 4175 consortem.
3664 4119 3710 4174 Ο

2121 4205 2371 4275 superbia
2419 4205 2814 4260 intolerabilis!
2869 4223 2899 4261 ο
2946 4207 3168 4261 stultitia
3208 4208 3645 4263 inaestimabilis!
3678 4224 3710 4264 ο

2119 4294 2330 4349 vanitas
2360 4294 2505 4347 omni
2536 4294 2757 4349 vanitati
2786 4294 3229 4367 incomparabilis
3256 4299 3266 4351 Ξ
3299 4296 3343 4351 0
3377 4299 3508 4364 Eva,
3550 4312 3709 4366 quam

2120 4382 2470 4452 prOpinqnior
2500 4399 2647 4438 verae
2671 4400 2733 4437 ac
2762 4401 2988 4437 summm
3021 4384 3204 4439 deitati
3228 4386 3563 4454 existitisses,
3589 4386 3633 4439 si
3656 4386 3709 4439 in

423 4470 844 4527 considerationi
875 4453 1029 4541 meae,
1060 4488 1093 4528 a
1124 4453 1323 4544 quibus
1350 4477 1585 4532 humana
1634 4453 1848 4534 naman
1864 4482 2009 4536 nihi-
2043 4453 2094 4514 D
2126 4479 2296 4525 status
2326 4472 2398 4525 tui
2433 4470 2730 4526 humilitate
2762 4473 2875 4526 Deo
2906 4473 3117 4526 subdita
3152 4474 3501 4544 perstitisses.
3533 4475 3707 4528 Adam

423 4557 659 4614 lominus
687 4560 861 4616 aliena
891 4563 1166 4630 existeret,
1201 4563 1251 4617 si
1279 4564 1352 4619 ob
1392 4565 1639 4621 meritum
1687 4570 1889 4638 peccati
1933 4572 2012 4627 sui

423 4648 630 4717 primus
660 4649 825 4703 homo
856 4651 1166 4720 paradisum
1197 4667 1303 4708 non
1335 4652 1690 4723 perdidisset.
1734 4657 2011 4728 Virginem

423 4735 672 4802 Mariam,
707 4753 827 4808 qua
847 4754 1009 4808 super
1036 4755 1225 4796 omnes
1254 4741 1515 4797 mulieres
1544 4743 1703 4798 beata
1749 4745 1910 4802 hodie
1959 4757 2013 4803 et

422 4822 707 4878 benedicta
737 4825 933 4880 colitur
981 4835 1033 4881 et
1080 4829 1425 4898 prmdicatur,
1460 4846 1622 4901 quam
1669 4850 1910 4889 sunnnus
1957 4844 2010 4891 et

420 4910 763 4981 omnipotens
792 4913 942 4969 Deus
971 4915 1073 4969 sibi
1104 4916 1157 4970 in
1182 4918 1405 4973 Matrem
1436 4921 1750 4992 assumpsit,
1784 4930 1838 4978 et
1881 4924 2006 4978 uni—

418 5000 593 5054 versis
623 5017 742 5069 quaa
772 5010 892 5071 post
920 5018 977 5057 se
1008 5011 1131 5058 sunt
1160 5021 1348 5060 secum
1391 5007 1660 5065 dominari
1709 5012 2003 5081 constituit,

414 5102 539 5143 cum
570 5089 622 5141 in
653 5088 880 5145 dextera
906 5090 1078 5161 ipsius
1108 5093 1249 5147 unici
1280 5094 1530 5167 beatique
1561 5097 1657 5152 filli
1700 5100 1781 5153 sui
1830 5101 2004 5154 multi-

412 5176 541 5231 tudo
575 5176 766 5232 viderit
820 5180 1100 5234 hominum
1155 5182 1209 5235 in
1266 5198 1442 5255 regno
1500 5184 1593 5240 illo
1650 5185 2003 5244 beatitudinis

404 5274 762 5329 adunatorum
813 5276 1129 5342 consistere,
1186 5295 1367 5335 nonne
1417 5280 1655 5345 felicem,
1689 5299 1867 5338 nonne
1902 5284 1999 5353 ju-

398 5371 656 5439 cundum,
690 5388 872 5427 nonne
896 5372 1036 5428 ultra
1068 5391 1229 5444 quam
1275 5376 1453 5446 quivis
1501 5380 1765 5435 aestimare
1814 5390 1998 5451 queat,

393 5475 590 5523 statum
634 5486 790 5524 suum
836 5470 1108 5540 judicabit
1155 5473 1211 5527 in
1261 5474 1382 5542 ejus
1426 5474 1873 5533 consideratione
1933 5494 2000 5537 ac

392 5568 675 5637 praesentia
725 5569 1092 5625 honoratum?
1132 5571 1430 5645 Virginem,
1488 5573 1727 5645 inquam,
1783 5576 1849 5632 de
1901 5592 1997 5632 sua

2125 4558 2344 4630 quippe,
2387 4559 2522 4613 sicut
2569 4560 2861 4628 Apostolus
2903 4561 2997 4625 ait,
3032 4559 3085 4613 in
3131 4562 3577 4631 praevaricatione
3625 4569 3711 4616 tua

2122 4649 2374 4704 seductus
2405 4662 2512 4701 non
2543 4646 2639 4700 fuit
2670 4647 2718 4715 (Ι
2749 4649 2882 4702 Tim.
2918 4664 2975 4715 ιι,
3014 4650 3118 4719 14),
3153 4650 3277 4718 quia
3310 4650 3452 4720 quod
3494 4665 3714 4718 serpens

2119 4736 2493 4806 pollicebatur,
2544 4735 2885 4790 mendacium
2934 4752 3050 4792 esse
3099 4736 3380 4792 intellexit.
3416 4740 3494 4792 Tu
3536 4746 3712 4791 autem

2118 4824 2416 4878 miserrime
2459 4823 2681 4878 seducta
2730 4824 2934 4893 (ibid.),
2978 4834 3029 4878 et
3073 4842 3101 4879 e
3147 4825 3377 4896 vestigio
3431 4825 3712 4896 multiplici

2117 4929 2497 4984 perversurum
2528 4912 2884 4982 cupiditatum
2916 4913 3120 4967 semine
3142 4914 3365 4981 imbuta,
3386 4914 3707 4969 illecebrosa

2116 5001 2365 5056 facundia
2398 5001 2547 5054 illum
2579 5001 2647 5054 ad
2672 5000 2770 5054 tibi
2793 5001 3239 5056 consentiendum
3264 5002 3500 5065 illexisti,
3525 5002 3710 5071 prmsi-

2114 5107 2290 5161 gnans
2321 5089 2373 5144 in
2406 5090 2508 5144 hoc
2538 5104 2701 5160 opere
2733 5096 2823 5144 tuo
2854 5106 3038 5146 veram
3073 5090 3184 5145 fore
3218 5090 3453 5144 futuram
3490 5100 3709 5145 senten-

2113 5188 2238 5243 tiam
2287 5188 2393 5244 viri
2438 5186 2556 5254 Dei,
2607 5187 2870 5243 mulieres
2919 5188 3123 5243 scilicet
3170 5195 3478 5258 apostatare
3536 5186 3710 5243 facere

2111 5286 2270 5341 etiam
2319 5287 2592 5357 sapientes
2641 5288 2834 5357 (Eccli.
2871 5302 2985 5355 xix,
3018 5287 3092 5355 2).
3136 5287 3378 5341 Necdum
3424 5286 3567 5341 enim
3614 5285 3709 5340 tibi

2110 5385 2431 5454 praepositus
2462 5383 2635 5438 fuerat
2662 5398 2726 5437 ex
2758 5384 3020 5438 sententia
3044 5384 3163 5449 Dei,
3197 5391 3246 5437 et
3279 5382 3400 5438 ideo
3434 5384 3491 5436 in
3518 5382 3706 5453 perdi-

2111 5481 2315 5535 tionem
2346 5480 2419 5534 tui
2451 5488 2504 5536 et
2534 5480 2617 5535 sui
2648 5486 2706 5535 et
2734 5479 3001 5535 universa:
3031 5479 3368 5551 posteritatis
3389 5488 3590 5536 nostra:
3616 5479 3710 5535 illa

2112 5578 2315 5635 femina
2349 5576 2723 5635 sollicitatione
2770 5576 3118 5649 praevaluisti.
3161 5577 3415 5635 Obedivit
3462 5590 3700 5651 namque
