4036 6072
334 286 434 341 313

1343 280 1604 353 SPURIA,
1637 316 1705 329 -
1729 286 1825 344 DE
1858 282 2207 345 CONCEPT.
2239 287 2306 344 Β.
2343 285 2594 345 ΜΑΒῙΙΕ.

3519 281 3618 342 314

332 408 456 469 voci
484 417 611 480 tuac,
644 410 942 486 postposita
971 409 1286 470 obedientia
1316 414 1463 470 vocis
1479 414 1598 470 Dei.
1620 414 1713 470 Vae
1741 412 1925 470 obedi-
1953 418 2008 480 Α
2040 420 2141 470 tua:
2187 415 2509 483 severitatis,
2541 412 2755 473 voluisti
2798 412 2914 472 fieri
2957 412 3122 472 homo
3164 427 3267 485 pro
3310 410 3496 477 nobis;
3529 410 3617 468 in-

333 517 417 569 re,
450 518 534 559 vae
558 518 667 559 non
698 503 945 573 obedire,
978 520 1059 560 vm
1084 504 1205 562 voci
1234 504 1479 560 mulieris
1508 512 1695 561 contra
1739 520 1929 560 vocem

330 591 432 647 Dei
462 590 716 661 obedire,
748 609 833 649 vae
862 610 964 665 pro
995 609 1127 650 voce
1146 594 1389 649 mulieris
1405 594 1525 650 voci
1546 594 1645 648 Dei
1664 610 1771 649 non
1798 594 1929 648 obe-

332 678 487 742 dire;
534 681 741 735 malum
784 683 907 747 hoc,
937 682 1139 736 malum
1183 683 1315 739 hoc.
1369 682 1509 738 Hinc
1552 682 1696 737 enim
1740 696 1930 736 omnes

334 769 717 825 tribulationes
757 777 809 826 et
856 770 1088 827 miseriae
1127 788 1263 843 quas
1307 787 1499 841 passus
1556 778 1633 826 est
1667 770 1926 837 mundus,

331 873 480 929 quas
535 859 758 929 patitur,
819 876 952 929 quas
1020 861 1274 931 patietur,
1333 869 1519 915 exerte
1589 867 1729 913 sunt.
1789 860 1930 914 Hinc

330 945 597 1001 deorsum
630 948 833 1004 sortita:
864 956 1006 1014 sunt,
1029 949 1152 1004 hinc
1182 949 1349 1005 robur
1377 956 1428 1004 et
1454 947 1929 1018 perseverantiam

330 1034 705 1105 perdiderunt,
776 1037 904 1093 hinc
974 1037 1278 1109 ignorantia
1346 1037 1524 1093 omnis
1588 1036 1732 1104 boni,
1805 1036 1930 1090 hinc

331 1124 561 1179 scientia
590 1133 643 1179 et
674 1124 947 1181 exsecutio
976 1126 1153 1181 omnis
1184 1127 1337 1193 mali,
1370 1126 1495 1181 hinc
1537 1126 1638 1180 Dei
1681 1133 1930 1180 contem-

331 1220 479 1282 ptus,
515 1212 639 1268 hinc
669 1212 980 1269 daemonum
1012 1215 1110 1268 sub
1140 1214 1553 1271 simulacrorum
1599 1214 1783 1285 specie
1825 1229 1928 1267 ne-

335 1300 695 1356 fandissimus
724 1302 921 1367 cultus,
955 1302 1080 1359 hinc
1108 1319 1261 1358 mors
1299 1303 1423 1359 vitae
1466 1302 1766 1373 praesentis,
1802 1302 1930 1357 hinc

330 1387 411 1442 illi
444 1390 697 1445 miserior
725 1407 877 1445 mors
903 1391 1125 1446 subiens
1154 1392 1437 1463 dispendia
1467 1391 1586 1448 vitae
1631 1390 1925 1462 sequentis.

329 1478 455 1531 Non
489 1494 620 1549 ergo
650 1478 812 1534 debet
836 1480 992 1537 vobis
1022 1482 1265 1536 humana
1293 1489 1481 1535 natura
1524 1480 1729 1553 gratias
1765 1494 1928 1551 agere

329 1566 477 1637 quod
511 1567 597 1622 sic
622 1567 675 1621 in
706 1567 841 1623 Filio
871 1568 970 1623 Dei
1014 1576 1097 1623 est
1143 1569 1379 1625 exaltata
1421 1578 1474 1624 et
1515 1570 1796 1634 honorata,
1830 1568 1926 1623 sed

331 1655 496 1709 vobis
529 1656 731 1726 utique,
765 1656 908 1725 quod
940 1657 1222 1712 innumera
1264 1658 1421 1723 mala,
1459 1658 1602 1728 quod
1645 1658 1700 1711 in
1742 1658 1924 1730 gemi-

328 1760 453 1797 nam
488 1752 719 1799 mortem
750 1747 993 1815 corporis
1017 1753 1069 1800 et
1097 1746 1298 1800 animae
1329 1755 1411 1801 est
1438 1746 1647 1817 dejecta
1667 1756 1718 1802 et
1736 1746 1925 1817 praeci—

329 1833 534 1902 pitata;
566 1848 667 1888 nec
694 1833 801 1888 ulla
831 1843 976 1889 esset
1003 1851 1131 1904 spes
1162 1837 1277 1890 haec
1308 1844 1453 1890 tanta
1484 1836 1623 1890 mala
1654 1836 1924 1906 aliquate-

324 1938 427 1975 nus
456 1922 739 1989 evadendi,
772 1923 817 1977 si
856 1923 956 1978 ﬂos
999 1922 1089 1979 ille
1121 1924 1558 1994 speciosissimus
1598 1940 1692 1993 per
1719 1923 1923 1993 glorio-

328 2010 605 2064 sissimam
639 2012 878 2082 virgam,
913 2012 980 2067 de
1014 2012 1196 2068 radice
1232 2015 1382 2067 Jcsse
1426 2013 1698 2077 nobiliter,
1727 2020 1919 2077 ortam,

324 2113 438 2152 non
466 2099 783 2168 sumpsisset
814 2100 1025 2155 initium
1056 2102 1336 2157 nascendi.
1371 2101 1476 2156 Sed
1508 2101 1628 2170 ipse
1646 2102 1701 2153 in
1720 2100 1923 2155 mundo

323 2195 483 2241 natus
513 2188 703 2243 ordine
733 2204 840 2260 quo
872 2190 1062 2258 voluit,
1099 2190 1327 2261 Spiritus
1360 2191 1534 2244 sancti
1563 2205 1726 2259 super
1766 2205 1824 2243 se
1868 2189 1924 2242 in

326 2275 633 2346 gratiarum
668 2292 890 2331 suarum
921 2278 1258 2347 plenitudine
1290 2278 1632 2349 quiescentis,
1666 2277 1778 2331 suis
1819 2292 1921 2331 au-

323 2363 595 2419 ditoribus
625 2365 773 2420 dona
808 2366 1104 2434 distribuit,
1134 2375 1188 2421 et
1213 2365 1476 2420 mundum
1510 2367 1576 2420 ab
1621 2364 1924 2438 ignorantia

325 2453 446 2508 veri
478 2453 632 2519 boni,
665 2462 714 2509 et
745 2454 866 2510 aliis
898 2456 1059 2510 malis
1101 2456 1233 2510 inde
1276 2455 1637 2523 manantibus,
1674 2472 1793 2527 quae
1833 2455 1921 2508 in-

326 2542 497 2597 currit
529 2559 629 2613 per
656 2544 850 2608 Adam,
884 2549 1135 2616 potenter
1162 2544 1366 2612 eduxit,
1388 2552 1549 2616 atque
1581 2545 1649 2599 ad
1666 2544 1921 2599 amissam

329 2631 491 2700 regni
519 2632 755 2687 caelestis
782 2632 1244 2688 conversationem
1271 2633 1387 2703 jam
1418 2633 1553 2687 alios
1580 2633 1636 2687 in
1677 2650 1754 2701 re,
1788 2633 1923 2688 alios

328 2718 384 2774 in
416 2736 513 2791 spe
545 2721 972 2777 misericorditer
1002 2721 1231 2777 reduxit.

399 2810 552 2864 Patet
582 2810 748 2881 igitur
777 2810 906 2881 quid
935 2810 1022 2865 cui
1050 2810 1249 2865 debeat
1275 2827 1446 2883 genus
1486 2812 1802 2880 humanum,
1835 2812 1922 2868 cui

332 2899 475 2967 quod
534 2899 589 2951 in
645 2898 833 2953 inﬁma
884 2899 1218 2955 bumiliatum
1251 2908 1412 2968 atque
1468 2906 1794 2971 postratum,
1836 2902 1922 2957 cui

326 2986 470 3055 quod
499 2988 555 3040 in
578 3003 787 3041 summa
831 2995 910 3041 est
955 2987 1252 3043 exaltatum
1298 2995 1351 3042 et
1387 2987 1770 3060 gloriﬁcatum.
1812 2992 1922 3045 Vos

324 3074 511 3146 igitur,
553 3090 585 3129 ο
638 3075 812 3129 Adam
868 3083 919 3130 et
973 3076 1108 3142 Eva,
1164 3092 1281 3143 vos,
1322 3092 1419 3131 vos
1469 3088 1722 3141 accusat;
1763 3080 1919 3134 vobis

324 3170 507 3216 vestra
539 3165 837 3234 progenies
868 3164 1011 3218 mala
1037 3179 1158 3235 qum
1188 3165 1420 3219 sustinet
1445 3165 1690 3235 imputat,
1724 3185 1781 3221 se
1826 3184 1922 3238 per

328 3266 428 3305 vos
458 3252 714 3321 paradiso
744 3252 1038 3321 exclusam,
1064 3270 1129 3307 se
1158 3254 1391 3308 miseriis
1419 3255 1685 3310 continuis
1713 3273 1810 3327 per
1825 3272 1923 3312 vos

329 3339 590 3394 intrusam
637 3339 946 3395 miseranda
988 3341 1374 3397 lamentatione
1417 3343 1681 3413 daplorat,
1722 3353 1775 3399 et
1817 3360 1923 3399 non

324 3428 606 3483 immerito
639 3428 881 3499 quidem.
914 3429 1090 3483 Causa
1118 3429 1343 3484 evidens
1375 3438 1475 3498 est,
1511 3448 1611 3486 nec
1657 3432 1921 3504 refragari

327 3523 525 3586 potest.
587 3515 729 3585 Quid
786 3516 975 3588 igitur,
1020 3518 1166 3573 Deus
1216 3518 1484 3585 omnium,
1532 3519 1660 3590 quid
1719 3519 1923 3575 faceret

324 3620 467 3675 opus
520 3620 780 3660 manuum
831 3613 1075 3673 tuarum,
1127 3622 1194 3661 ex
1238 3608 1687 3678 praevaricatione
1731 3609 1921 3663 borum

323 3700 607 3762 parentum
665 3709 884 3748 suorum
944 3695 1278 3764 perennibus
1345 3697 1521 3766 poenis
1584 3703 1638 3751 et
1704 3706 1922 3753 aeternae

329 3782 489 3836 morti
518 3782 837 3851 obnoxium,
871 3784 918 3837 si
951 3799 1057 3837 non
1092 3784 1347 3839 venires?
1378 3784 1431 3839 Si
1452 3800 1557 3840 non
1583 3786 1920 3852 subvenires,

327 3887 435 3940 quo
466 3871 704 3942 fugeret,
740 3888 848 3941 quo
876 3872 1233 3937 delitesceret,
1267 3888 1374 3943 quo
1404 3874 1696 3929 evaderet?
1726 3876 1922 3943 Utique

335 3959 622 4013 consilium
653 3959 879 4027 nullum,
913 3961 1215 4015 remedium
1246 3960 1473 4030 nullum,
1505 3979 1770 4034 nusquam
1803 3980 1927 4033 pro-

336 4049 502 4102 tectio
531 4047 673 4115 ulla;
708 4049 804 4102 sed
835 4048 1049 4117 venisti,
1084 4058 1137 4104 et
1167 4050 1406 4119 qualiter
1435 4052 1551 4105 haec
1587 4051 1770 4106 omnia
1800 4053 1923 4106 adi-

324 4136 678 4206 pisceremur,
726 4136 1016 4192 eﬁicaciter
1071 4138 1377 4193 ostendisti.
1426 4140 1480 4194 Si
1535 4156 1669 4211 ergo
1727 4141 1781 4194 hi
1835 4140 1926 4210 qui

326 4233 449 4294 post
494 4225 785 4280 adventum
832 4234 1001 4291 tuum,
1055 4226 1304 4294 Domine,
1352 4237 1628 4293 venerunt,
1664 4244 1771 4283 non
1813 4228 1925 4283 sal-

325 4322 559 4375 vantur;
608 4330 717 4368 non
764 4313 964 4367 habent
1008 4322 1202 4384 prater
1244 4332 1302 4370 se
1341 4305 1510 4385 ipsos,
1557 4326 1743 4371 contra
1786 4334 1924 4388 quos

324 4419 482 4472 aequo
506 4402 714 4473 judicio
745 4402 876 4457 inde
895 4411 1315 4473 conquerantur.
1342 4405 1480 4473 Quid
1502 4405 1663 4476 igitur
1682 4406 1922 4461 facient?

2037 504 2198 560 tende
2226 512 2433 560 utesse
2464 506 2737 577 possimus
2781 506 2923 577 quod
2966 513 3022 560 ut
3063 520 3302 560 essemus
3346 502 3520 559 factus
3557 517 3619 557 es

2039 608 2177 647 unus
2206 609 2271 647 ex
2303 594 2479 648 nobis.
2516 593 2669 663 Quod
2704 594 2955 664 petimus,
2990 595 3163 648 honor
3190 600 3310 646 tuus
3339 598 3490 647 estut
3508 590 3619 645 ﬁat.

2036 681 2178 735 Nam
2208 681 2253 735 si
2283 697 2389 736 non
2420 681 2498 749 ﬁt,
2531 683 2805 738 videberis
2835 698 2867 736 a
2896 682 3175 751 preposito
3219 689 3309 735 tuo
3353 679 3619 749 quodam-

2036 769 2204 824 modo
2235 769 2518 826 defecisse.
2552 772 2749 825 Verum
2796 770 2942 825 nulla
2986 769 3304 841 disceptatio
3344 768 3497 822 nobis
3540 774 3621 821 est

2038 866 2237 926 tecum,
2284 859 2408 927 quia
2451 859 2714 914 Dominus
2756 875 2835 925 es,
2878 866 2931 914 et
2971 875 3137 913 unum
3181 858 3411 913 verbum
3473 865 3620 911 tuum

2037 947 2273 1002 validius
2305 948 2502 1003 nostris
2534 948 2700 1004 mille.
2734 947 2788 1002 Si
2819 947 2959 1002 enim
2978 963 3168 1002 omnes
3178 947 3401 1016 justitim
3424 953 3621 1000 nostra)

2038 1050 2228 1091 coram
2259 1044 2313 1091 te
2344 1046 2469 1091 sunt
2493 1038 2629 1092 sicut
2658 1053 2872 1107 pannus
2919 1044 3261 1092 menstruataa
3303 1035 3436 1106 (Isa.
3469 1050 3616 1104 LXIV,

2039 1123 2113 1195 0),
2174 1126 2306 1194 quid
2358 1134 2513 1179 erunt
2570 1126 2852 1196 injustitire
2903 1132 3102 1181 nostra:
3154 1142 3186 1180 a
3248 1124 3437 1194 seipsis
3489 1129 3541 1177 et.
3589 1138 3621 1178 a

2036 1215 2235 1269 nostris
2276 1215 2507 1270 inimicis
2550 1225 2674 1271 ante
2718 1216 2914 1270 faciem
2955 1223 3097 1269 tuam
3147 1213 3477 1269 denudatae‘?
3507 1212 3619 1279 Vae,

2038 1318 2142 1369 vae,
2177 1304 2296 1372 quis
2327 1303 2453 1358 hinc
2476 1305 2829 1375 prodeuntem
2859 1305 3180 1374 perturbare
3208 1302 3408 1356 mentis
3423 1300 3620 1356 confu-

2037 1391 2268 1456 sionem,
2294 1392 2414 1462 quis
2439 1393 2656 1449 terriﬁci
2676 1393 2912 1448 horroris
2932 1392 3205 1463 explicare
3226 1389 3417 1461 poterit
3435 1388 3637 1463 imma;

2037 1479 2258 1535 nitatem
2282 1482 2310 1533 ἱ)
2338 1483 2398 1536 Et
2429 1482 2472 1535 si
2505 1482 2715 1538 confusi
2745 1481 2987 1537 horroris
3034 1479 3381 1549 liorriquue
3424 1475 3619 1531 confu-

2034 1569 2202 1623 sionis
2256 1570 2564 1626 immanitas
2623 1579 2705 1627 est
2761 1571 2923 1625 modo
2980 1568 3141 1624 nobis
3205 1564 3617 1637 inexplicabilis,

2035 1657 2272 1713 districta
2318 1660 2580 1714 malorum
2637 1659 2969 1714 examinatio
3027 1659 3079 1711 in
3139 1659 3316 1711 futuro
3369 1652 3621 1710 examine

2036 1747 2120 1800 cui
2150 1748 2252 1801 erit
2282 1748 2624 1803 tolerabilis?
2655 1750 2804 1803 Heu!
2838 1755 3152 1817 peccatores
3200 1745 3465 1811 homines,
3486 1757 3620 1811 quos

2036 1836 2154 1889 bmc
2184 1837 2371 1890 omnia
2418 1836 2561 1891 mala
2604 1853 2672 1891 ex
2719 1838 2888 1891 Adam
2939 1836 3105 1904 stirpe
3148 1834 3462 1903 respiciunt,
3492 1829 3620 1901 quid

2033 1921 2296 1977 faciemus
2325 1925 2377 1978 in
2410 1925 2527 1979 istis
2549 1926 2576 1977 ἢ
2606 1925 3028 1994 Desperabimus
3046 1926 3072 1977 ἰ)
3095 1923 3242 1976 Absit
3264 1925 3274 1975 t
3295 1920 3435 1988 Quid
3454 1919 3617 1973 tunc?

2031 2026 2065 2065 0
2097 2011 2216 2067 fons
2256 2014 2429 2067 David
2474 2023 2660 2085 patens
2702 2013 2892 2083 (Zach.
2926 2029 3047 2081 xm,
3084 2013 3154 2079 1),
3187 2012 3238 2064 ἱη
3288 2008 3614 2064 ablutionem

2031 2109 2376 2156 menstruales
2421 2102 2524 2157 ilue
2569 2103 2636 2157 ad
2678 2119 2795 2169 nos,
2827 2110 2877 2157 et
2921 2102 3142 2156 consule
3191 2098 3318 2169 quid
3361 2097 3617 2167 expediat

2030 2190 2205 2243 nobis.
2240 2190 2285 2245 Ο
2332 2191 2538 2261 pietas!
2573 2207 2698 2246 vere
2745 2192 2884 2246 bone
2933 2190 3179 2254 Domine,
3213 2188 3391 2253 video,
3426 2186 3616 2242 videns

2030 2278 2267 2350 gaudeo,
2294 2279 2541 2350 gaudens
2571 2280 2871 2351 amplector
2899 2279 3184 2335 consilium
3216 2277 3359 2348 quod
3392 2292 3488 2347 per
3502 2276 3617 2329 sin-

2030 2368 2279 2438 gularem
2328 2368 2755 2423 misericordiam
2806 2376 2953 2422 tuam
3013 2367 3295 2438 providisti
3344 2364 3618 2420 salubrius

2030 2456 2148 2512 fore
2180 2454 2359 2513 nobis.
2395 2458 2462 2511 Et
2492 2458 2635 2527 quod
2662 2456 2744 2511 vel
2764 2456 2961 2526 quale?
2983 2455 3253 2510 Nimirum
3280 2463 3483 2520 mente,
3503 2453 3617 2508 vul-

2032 2553 2107 2613 tu,
2139 2561 2278 2603 voce
2310 2547 2379 2601 ad
2409 2562 2528 2601 eam
2558 2546 2755 2611 redire,
2780 2546 2934 2616 cujus
2955 2562 3121 2614 supra
3142 2544 3503 2608 meminimus,
3528 2542 3615 2596 di-

2030 2633 2380 2690 lectissimam
2413 2636 2639 2690 Matrem
2671 2642 2837 2699 tuam,
2869 2634 3170 2704 piissimam
3202 2632 3403 2687 scilicet
3441 2630 3617 2684 domi-

2031 2739 2157 2778 nam
2215 2732 2478 2792 nostram,
2514 2740 2546 2778 a
2583 2724 2734 2791 cujus
2790 2721 3255 2792 contemplationis
3311 2718 3614 2784 dulcedine,

2030 2828 2063 2868 a
2092 2812 2246 2882 cujus
2275 2812 2528 2868 castitatis
2557 2811 3030 2881 contemplatione,
3062 2825 3093 2863 a
3136 2809 3288 2878 cujus
3337 2808 3617 2879 dignitatis

2031 2901 2476 2966 consideratione,
2511 2917 2542 2955 a
2573 2902 2727 2969 cujus
2755 2898 3099 2953 sublimitatis
3131 2897 3519 2967 speculatione,
3554 2895 3610 2949 in

2031 2991 2128 3044 has
2165 2990 2464 3060 angustias,
2497 2990 2743 3058 quaedam
2784 2988 2966 3042 animo
3000 3003 3105 3041 non
3151 2986 3419 3040 abolenda
3458 3000 3614 3038 com-

2032 3078 2409 3144 memorando,
2455 3077 2800 3143 devenimus,
2834 3077 3117 3146 ipsamque
3140 3091 3275 3143 pura
3322 3073 3613 3128 devotione

2030 3166 2399 3236 interpellare,
2433 3170 2492 3221 ut
2528 3166 2686 3220 nobis
2708 3165 2974 3230 consulat,
3009 3171 3061 3218 et
3108 3164 3266 3218 nobis
3304 3162 3612 3232 superemi-

2031 3256 2198 3319 nenti,
2235 3270 2341 3325 qua
2395 3256 2713 3324 praee'minct
2767 3255 2911 3322 apud
2968 3260 3037 3317 te,
3083 3253 3263 3323 gratia
3309 3249 3610 3305 subveniat.

2033 3343 2221 3397 Procul
2249 3343 2414 3397 dubio
2445 3358 2683 3413 namque
2712 3342 2913 3396 scimus
2944 3355 3065 3395 eam
3102 3340 3230 3393 tanti
3280 3355 3398 3393 esse
3447 3353 3614 3407 penes

2033 3439 2102 3497 te,
2138 3440 2192 3487 ut
2226 3432 2359 3485 nihil
2410 3432 2602 3487 borum
2650 3447 2775 3500 quae
2821 3430 2967 3485 volet
3007 3427 3243 3496 efﬁcere,
3275 3427 3616 3499 aliquatenus

2029 3528 2215 3589 posset
2239 3520 2431 3575 eﬂ'ectu
2460 3535 2670 3575 carere.
2706 3521 2865 3575 Salus
2890 3517 3053 3589 igitur
3089 3524 3271 3570 nostra
3318 3516 3371 3569 in
3416 3513 3613 3568 volun-

2031 3616 2135 3664 tate
2181 3627 2277 3665 sua
2311 3609 2575 3675 consistit,
2626 3609 2752 3662 dum
2799 3612 2980 3661 tamen
3022 3606 3164 3677 quod
3205 3604 3327 3658 vult
3373 3609 3616 3673 potenter

2032 3697 2243 3754 efficiat.
2265 3696 2418 3765 Quod
2445 3697 2627 3768 itaque
2648 3696 2929 3751 consilium
2960 3692 3231 3749 salubrius
3271 3692 3451 3757 nobis,
3476 3705 3616 3760 quos

2032 3786 2261 3841 involvit
2289 3785 2409 3840 ﬁnis
2439 3785 2644 3853 saeculi,
2677 3785 2831 3840 daret
2877 3783 3018 3839 ﬁlius
3065 3783 3180 3852 ejus
3227 3780 3348 3835 ﬁnis
3390 3788 3615 3836 cuncto-

2033 3892 2151 3930 rum
2184 3891 2344 3944 quam
2396 3891 2611 3929 currere
2653 3876 2720 3928 ad
2769 3875 2961 3944 ipsam,
2997 3889 3119 3946 quas
3174 3873 3247 3927 de
3298 3886 3460 3931 carne
3518 3886 3617 3924 sua

2031 3965 2315 4037 generavit
2369 3963 2621 4017 eumdem
2669 3963 2869 4032 ipsum,
2903 3962 3019 4015 sine
3069 3977 3176 4033 quo
3231 3976 3339 4015 non
3396 3959 3452 4014 ﬁt
3508 3956 3617 4013 ulla

2032 4052 2281 4108 remissio
2310 4060 2675 4120 peccatorum,
2698 4051 2789 4121 qui
2815 4066 2941 4104 vere
2970 4050 3163 4115 bonus,
3182 4064 3310 4102 vere
3330 4049 3471 4116 pius,
3492 4063 3616 4102 vere

2033 4141 2219 4197 volens
2249 4138 2677 4193 misericordiam
2730 4145 2830 4192 est.
2867 4138 2930 4191 Et
2976 4144 3048 4203 tu,
3084 4136 3316 4201 domina,
3352 4134 3419 4189 ad
3466 4135 3619 4204 cujus

2033 4226 2338 4283 subsidium
2371 4244 2468 4282 nos
2500 4226 2656 4280 mittit
2714 4226 3094 4279 dilectissimus
3138 4224 3276 4278 ﬁlias
3317 4232 3456 4286 tuus,
3491 4223 3620 4292 quid

2035 4318 2171 4372 dicis
2203 4316 2403 4370 nobis?
2432 4315 2549 4386 ipse
2582 4314 2721 4369 enim
2755 4313 3129 4369 misericordia
3161 4320 3344 4367 nostra
3362 4319 3533 4377 est,ct
3564 4319 3616 4364 tu

2034 4406 2278 4475 ejusdem
2309 4404 2702 4459 misericordiae
2732 4412 2901 4457 mater
2929 4418 3009 4457 es.
3033 4402 3194 4469 Quid,
3220 4401 3459 4470 inquam,
3482 4399 3615 4454 dicis

325 4500 384 4545 ut
421 4492 553 4545 mihi
584 4490 824 4562 quidem,
859 4491 1116 4556 Domine,
1152 4493 1382 4559 videtur,
1410 4494 1657 4547 ultimum
1690 4499 1742 4548 et
1787 4495 1916 4547 uni-
1949 4476 2000 4536 D
2037 4494 2232 4549 nobis?
2263 4493 2486 4557 Forsan,
2523 4492 2765 4557 domina,
2800 4499 2855 4545 ut
2886 4491 2986 4545 sub
3015 4492 3223 4544 alarum
3255 4506 3471 4543 suarum
3488 4504 3617 4558 pro-

324 4596 448 4633 cum
494 4578 783 4634 consitium
830 4588 913 4633 est
956 4579 1211 4634 omnibus
1251 4582 1344 4650 qui
1390 4582 1574 4636 volunt
1613 4582 1833 4649 salvari,
1865 4588 1922 4636 ut

326 4666 503 4737 primo
535 4667 635 4721 tibi
664 4668 878 4721 intimas
908 4683 979 4721 ex
1011 4669 1177 4723 corde
1207 4685 1305 4740 pro
1342 4671 1595 4725 omnibus
1640 4670 1919 4726 beneﬁciis

326 4756 429 4809 tuis
457 4763 641 4827 grates
671 4755 976 4823 exsolvant,
1011 4764 1064 4811 te
1095 4758 1343 4828 diligant,
1375 4774 1437 4813 ac
1465 4758 1683 4814 demum
1713 4776 1919 4829 praece-

323 4844 431 4914 ptis
490 4845 592 4898 tuis
649 4844 943 4913 obediant;
1007 4846 1196 4916 sicque
1236 4863 1291 4901 se
1330 4847 1399 4901 ad
1458 4856 1504 4901 te
1557 4853 1919 4918 perventuros

323 4948 518 4988 secura
549 4932 749 4989 ﬁducia
778 4942 1014 5004 sperent.
1051 4935 1155 4989 Sed
1190 4934 1258 4989 ad
1305 4936 1424 5003 hoc,
1455 4936 1541 5006 pie
1586 4936 1760 5003 Pater,
1794 4937 1917 5007 quis

322 5022 601 5076 idoneus?
633 5022 832 5092 Utique
862 5038 1043 5089 nemo,
1078 5023 1177 5076 nisi
1206 5030 1295 5077 tuo
1344 5023 1506 5077 fultus
1549 5024 1905 5080 adminiculo.

321 5108 406 5163 Tu
438 5110 586 5163 enim
617 5125 886 5163 summum
918 5110 1157 5165 omnium
1178 5112 1440 5166 bonorum
1461 5128 1537 5177 es,
1560 5112 1650 5182 qui
1673 5122 1720 5167 et
1742 5114 1914 5182 ipsum

319 5213 591 5251 summum
629 5197 831 5252 bonum
864 5213 961 5267 es;
995 5214 1095 5254 nec
1113 5200 1404 5270 quidquam
1425 5200 1749 5269 bonipolcst
1771 5217 1912 5271 esse,

321 5285 412 5340 vel
452 5285 576 5340 ﬁeri
612 5286 696 5339 vel
736 5285 944 5352 haberi,
985 5288 1089 5341 nisi
1130 5295 1221 5341 aut
1257 5303 1288 5341 a
1330 5299 1378 5341 te
1418 5296 1511 5342 aut
1560 5305 1658 5359 per
1713 5297 1783 5356 te,
1825 5297 1915 5344 aut

318 5374 387 5429 de
439 5381 510 5429 te.
568 5374 711 5428 Nihil
768 5375 951 5446 itaque
1002 5375 1134 5430 boni
1189 5376 1307 5430 sine
1345 5377 1578 5432 te'valet
1625 5379 1913 5448 quisquam

323 5463 523 5520 facere.
560 5463 861 5519 Redemisti
905 5479 1024 5531 nos,
1073 5464 1317 5530 Domine,
1355 5467 1503 5521 Deus
1546 5467 1813 5531 veritatis;
1848 5485 1912 5523 ne

320 5559 546 5624 propter
574 5551 781 5609 scelera
810 5558 995 5610 nostra
1025 5568 1289 5611 exerceas
1319 5562 1507 5611 contra
1534 5570 1635 5611 nos
1645 5555 1911 5627 judicium

2027 4582 2263 4638 tectione
2294 4581 2697 4654 confugiamus.
2732 4581 2908 4648 Bene;
2942 4587 2995 4634 at
3025 4578 3149 4634 licet
3187 4577 3615 4633 misericordiam

2029 4672 2193 4737 illius,
2238 4671 2379 4725 sicut
2426 4670 2602 4739 decet,
2649 4677 2934 4741 gratanter
2974 4668 3387 4738 amplectamur,
3432 4676 3613 4721 tamen

2021 4759 2288 4829 justitiam
2334 4758 2455 4829 ejus
2502 4772 2609 4813 non
2656 4774 2843 4827 parum
2890 4757 3262 4812 formidamus.
3307 4757 3388 4811 Ne
3453 4755 3619 4827 igitur

2026 4848 2393 4919 quasrentibus
2487 4845 2918 4901 misericordiam
3015 4845 3275 4901 obtendat
3357 4844 3619 4914 justitiam

2027 4952 2184 4990 suam
2216 4950 2520 5005 precamur,
2555 4934 2745 4988 adesto
2790 4933 2967 4998 nobis,
3002 4941 3057 4987 et
3101 4948 3207 5005 age
3249 4948 3465 4988 causam
3515 4947 3619 4986 no-

2026 5036 2194 5078 stram
2221 5039 2319 5095 pro
2348 5022 2526 5079 nobis.
2560 5022 2685 5093 Ipse
2714 5036 2949 5091 namque
2978 5023 3163 5093 magni
3208 5021 3422 5077 consilii
3466 5036 3622 5074 sum-

2025 5129 2146 5167 mus
2198 5112 2441 5184 Angelus
2490 5111 2756 5166 consuluit
2805 5110 2960 5165 nobis
3007 5110 3190 5165 venire
3234 5110 3301 5163 ad
3354 5117 3423 5162 te.
3463 5112 3620 5164 Certe

2024 5211 2343 5273 peccatores
2374 5216 2473 5255 nos
2499 5216 2618 5255 esse
2650 5197 3047 5271 cognoscimus,
3084 5205 3139 5253 et
3166 5198 3413 5254 damnari
3447 5199 3618 5267 mere;

2027 5307 2167 5356 mur,
2202 5298 2253 5346 et
2304 5290 2451 5360 juste
2506 5289 2749 5359 quidem,
2797 5303 2905 5342 non
2959 5304 3253 5359 negamus.
3294 5287 3402 5341 Sed
3459 5302 3616 5356 mque

2018 5379 2221 5448 justum
2256 5394 2373 5433 esse
2403 5376 2716 5450 proﬁtemur
2745 5384 2803 5430 ut
2847 5375 3189 5431 voluntatem
3241 5375 3412 5445 ipsius
3456 5374 3617 5428 faciat

2021 5468 2112 5540 qui
2152 5468 2409 5524 voluntati
2461 5484 2574 5522 suae
2619 5466 2672 5520 in
2718 5465 2926 5521 cunctis
2959 5481 3076 5534 quae
3124 5464 3240 5535 agit
3283 5462 3616 5517 concordare

2022 5574 2131 5618 non
2152 5558 2440 5641 detrectat.
2474 5557 2544 5613 Et
2572 5555 2692 5629 quis
2723 5569 2958 5626 unquam
2989 5552 3247 5611 voluntati
3269 5550 3411 5606 illius
3434 5550 3615 5621 magis
