4036 6072
420 273 523 333 315

1452 283 1545 341 AD
1587 281 1817 340 OPERA
1858 280 1913 338 S.
1954 278 2258 338 ANSELMI
2294 279 2675 338 APPENDIX.

3606 286 3709 343 316

423 415 649 460 concors
680 404 885 462 exstitit
913 423 1076 480 quam
1105 415 1182 480 tu,
1213 411 1368 482 cujus
1398 411 1745 468 subsistentia
1788 411 1856 466 ab
1905 410 2012 466 im-
2041 405 2098 468 A
2128 413 2178 461 et
2207 423 2272 463 ea
2302 422 2382 475 re,
2416 424 2744 479 quaesumus,
2776 425 2843 466 ne
2869 408 2993 485 jugi
3022 408 3407 468 misericOrdias
3436 427 3544 485 qua
3581 425 3714 486 ergo.

428 490 665 563 pletione
694 495 981 552 voluntatis
1011 499 1130 568 ejus
1183 516 1455 570 nunquam
1500 502 1674 557 otiosa
1722 500 1840 556 fuit.
1874 500 2020 556 Velis

429 580 611 653 itaque
639 585 1004 656 solummodo,
1030 589 1268 655 domina,
1291 599 1344 644 ut
1373 592 1465 645 ille
1488 590 2019 661 justissimusjudex

431 671 587 724 nobis
631 671 982 744 misereatur;
1025 678 1273 746 profecto
1314 681 1523 750 justum
1569 680 1688 745 erit,
1735 679 1882 732 nulla
1926 694 2018 734 ra-

434 758 580 813 tione
636 761 951 831 obsistente,
998 775 1052 819 ut
1111 766 1251 822 velle
1303 775 1449 822 tuum
1520 767 1845 838 perﬁciatur.
1895 765 2020 821 Noli

437 861 593 918 ergo,
626 849 736 903 noli
766 861 990 921 propter
1020 854 1474 921 misericordiam,
1507 859 1658 928 cujus
1688 862 1860 911 mater
1902 870 2024 909 esse

434 934 710 1004 probaris,
745 940 903 994 nobis
935 942 1113 1012 desse,
1147 946 1272 1014 quia
1305 946 1445 1001 velle
1476 955 1624 1000 tuum
1656 962 1764 999 non
1793 953 2021 1016 postpo-

433 1031 524 1077 net
557 1023 610 1077 in
643 1025 816 1082 salute
847 1039 1052 1095 nostra,
1087 1033 1176 1103 qui
1202 1042 1257 1087 ut
1286 1035 1558 1088 salvemur
1587 1035 1759 1088 factus
1802 1041 1878 1088 est
1930 1049 2025 1102 per

433 1117 486 1166 te
518 1112 685 1168 frater
712 1126 908 1172 noster.
944 1120 989 1174 Ο
1020 1121 1154 1175 mira
1185 1124 1426 1191 operatio
1481 1123 1821 1178 Conditoris!
1854 1138 1886 1176 ο
1916 1122 2022 1174 im-

434 1215 621 1256 mensa
679 1206 980 1262 consolatio
1034 1211 1370 1278 peccatoris!
1414 1229 1445 1267 ο
1503 1212 1742 1278 domina,
1775 1210 1820 1263 si
1883 1210 2024 1263 filius

436 1294 560 1343 tuus
591 1299 669 1345 est
700 1293 869 1350 factus
901 1313 999 1366 per
1030 1305 1081 1352 te
1116 1299 1278 1354 frater
1305 1308 1512 1366 noster,
1543 1317 1720 1355 nonne
1751 1308 1803 1354 et
1841 1307 1895 1352 tu
1926 1313 2025 1368 per

436 1375 586 1431 illum
621 1381 760 1435 facta
789 1399 848 1437 es
879 1394 1050 1440 mater
1080 1396 1262 1442 nostra
1283 1389 1310 1441 ‘3
1340 1390 1456 1443 Hoc
1486 1389 1628 1443 enim
1651 1388 1762 1458 jam
1790 1394 2022 1440 mortem

436 1480 541 1534 pro
586 1469 744 1523 nobis
794 1473 1064 1529 subiturus
1114 1476 1165 1529 in
1211 1492 1372 1532 cruce
1415 1478 1549 1531 dixit
1595 1476 1810 1543 Joanni,
1843 1476 2024 1544 utique

437 1553 652 1620 Joanni,
686 1574 787 1613 nec
816 1562 958 1616 aliud
990 1581 1150 1635 quam
1185 1581 1282 1620 nos
1327 1567 1379 1620 in
1429 1574 1621 1620 natura
1668 1583 1783 1620 suae
1833 1563 2024 1618 condi-

438 1642 600 1696 tionis
617 1645 874 1702 habenti:
901 1652 1056 1719 Ecce,
1077 1653 1350 1724 inquiens,
1372 1659 1558 1710 mater
1581 1659 1679 1709 tua
1700 1656 1878 1721 (Joan.
1905 1668 2024 1716 xix.

2127 511 2316 551 omnes
2345 499 2603 553 hactenus
2632 516 2727 554 usa
2757 516 2836 570 es,
2867 501 2973 558 alia
3001 501 3073 556 sis
3102 517 3265 572 quam
3317 509 3368 557 te
3410 502 3714 558 certissime

2128 585 2350 639 scimus.
2392 587 2455 641 Et
2484 589 2685 659 utique,
2719 589 2960 659 domina,
2993 606 3103 644 non
3134 598 3183 645 te
3214 590 3368 645 decet
3413 606 3443 644 a
3492 588 3583 644 ﬁlii
3633 591 3713 644 tui

2129 674 2405 730 voluntate
2450 675 2776 748 discrepare,
2824 679 2914 750 qui
2979 679 3048 734 ad
3106 680 3470 734 miserandum
3531 679 3719 751 generi

2131 765 2364 819 humano
2395 781 2451 819 se
2481 769 2692 821 naturae
2743 775 2936 823 nostrae
2982 775 3283 824 consortem
3333 768 3501 823 vultui
3549 769 3721 824 Patris

2132 853 2215 906 sui
2260 868 2364 907 non
2413 863 2590 908 cessat
2656 857 2965 926 perenniter
3021 857 3427 912 demonstrare.
3479 857 3542 911 Et
3599 857 3720 927 ipsa

2131 949 2339 996 naturae
2383 949 2579 998 nostra:
2628 943 3014 999 demonstratio
3059 945 3186 1015 quid
3233 945 3376 1000 aliud
3425 954 3507 1001 est
3557 961 3720 1017 quam

2133 1029 2201 1083 ad
2243 1031 2653 1100 provocandum
2707 1049 2870 1103 super
2926 1049 3025 1088 nos
3082 1033 3508 1090 misericordiam
3565 1049 3718 1087 suam

2133 1120 2381 1187 quaedam
2428 1119 2714 1174 ineffabilis
2757 1121 2972 1191 pietatis
3015 1122 3270 1176 incitatio.
3312 1124 3372 1176 In
3414 1122 3534 1192 ipso
3577 1121 3717 1176 enim

2131 1206 2233 1259 sibi
2263 1209 2656 1278 complacuisse
2690 1211 2846 1264 Pater
2878 1211 2992 1280 ipse
3025 1218 3280 1278 testatur;
3315 1227 3414 1265 nec
3454 1210 3566 1264 ﬁeri
3613 1226 3716 1280 po-

2132 1301 2234 1348 test
2277 1303 2333 1348 ut
2378 1297 2574 1365 quibus
2619 1299 2733 1366 ipse
2772 1299 2884 1352 vult
2928 1298 3191 1366 misereri,
3226 1315 3330 1353 non
3374 1299 3716 1353 misereatur.

2134 1382 2391 1438 Summus
2425 1384 2588 1456 igitur
2617 1385 2789 1441 Pater
2817 1387 3172 1456 participibus
3205 1387 3318 1441 Filii
3350 1387 3426 1441 sui
3459 1387 3571 1441 vult
3612 1385 3717 1441 mi-

2133 1472 2319 1536 sereri,
2353 1481 2403 1526 et
2433 1472 2554 1543 ipse
2587 1475 2750 1528 Filius
2780 1490 2880 1530 eos
2923 1475 3122 1547 ingerit
3162 1492 3264 1545 pro
3308 1491 3368 1530 se
3410 1474 3718 1546 conspectui

2131 1559 2522 1617 misericordia:
2554 1563 2721 1616 Patris
2752 1563 2867 1625 sui;
2901 1573 2952 1618 et
2983 1569 3038 1618 tu
3070 1565 3233 1620 unica
3264 1565 3435 1618 Mater
3471 1565 3717 1633 ejusdem

2134 1648 2276 1702 unici
2309 1650 2426 1703 Filii
2459 1650 2553 1704 Dei
2599 1651 2887 1720 repelleres
2930 1653 2999 1706 ab
3039 1653 3296 1706 uberibus
3339 1652 3719 1706 misericordias

437 1731 549 1799 27).
584 1731 630 1787 Ο
663 1746 914 1803 peccator
945 1741 1126 1807 homo,
1158 1743 1355 1813 gaude,
1389 1743 1568 1814 gaude
1586 1752 1638 1798 et
1654 1742 1860 1797 exsulta
1885 1759 1897 1802 ;
1919 1756 2026 1794 non
2056 1758 2109 1818 B
2141 1744 2243 1791 tuae
2276 1754 2430 1808 quos,
2465 1747 2518 1792 ut
2549 1739 2682 1806 dixi,
2715 1749 2770 1796 et
2803 1742 2958 1796 Pater
2989 1741 3102 1795 Filii
3136 1749 3187 1796 et
3219 1741 3360 1795 idem
3393 1742 3509 1811 ipse
3555 1741 3723 1794 Filius

444 1824 525 1872 est
571 1821 714 1876 enim
766 1826 907 1880 unde.
955 1828 1230 1899 desperes,
1264 1847 1368 1886 non
1419 1841 1498 1886 est
1541 1831 1682 1900 quod
1731 1830 2026 1896 formides;

444 1909 704 1978 quidquid
751 1913 1085 1982 judicabitur
1131 1918 1199 1974 de
1243 1927 1312 1984 te,
1348 1928 1513 1974 totum
1561 1920 1761 1990 pendet
1805 1935 1870 1973 ex
1918 1934 2034 1971 sen-

441 1997 606 2051 tentia
637 1999 817 2055 fratris
846 2011 894 2057 et
928 2007 1106 2061 matris
1132 2015 1255 2063 tuae.
1290 2011 1370 2063 Ne
1410 2026 1544 2080 ergo
1593 2016 1804 2064 avertas
1847 2023 2030 2062 aurem

442 2086 624 2141 cordis
660 2088 730 2141 tui
773 2105 803 2143 a
848 2093 1070 2148 consilio
1114 2096 1350 2152 illorum.
1381 2098 1554 2152 Judex
1603 2107 1750 2164 tuus,
1782 2095 2032 2152 videlicet

443 2174 612 2228 frater
657 2185 795 2244 tuus,
829 2180 1008 2236 docuit
1055 2192 1104 2238 te
1148 2185 1336 2256 fugere
1385 2187 1453 2240 ad
1495 2187 1799 2240 subsidium
1846 2185 2034 2240 matris

446 2278 580 2327 suae,
615 2273 665 2318 et
696 2267 814 2336 ipsa
846 2271 1032 2325 eadem
1064 2281 1240 2328 mater
1271 2283 1360 2329 tua
1390 2276 1598 2330 monuit
1630 2284 1677 2330 te
1707 2275 2031 2346 profectioni

443 2351 652 2407 alarum
713 2356 808 2410 ﬁlii
867 2359 1184 2418 fiducialiter
1238 2364 1524 2432 inhmrere,
1584 2382 1751 2436 seque
1819 2365 1931 2430 tibi,
1963 2381 2032 2418 ne

447 2441 564 2509 ejus
588 2444 793 2510 justitia
826 2451 1146 2517 gravareris,
1181 2469 1285 2507 non
1319 2455 1537 2525 negavit
1567 2455 1870 2510 affuturam.

516 2532 701 2598 Maria,
723 2535 853 2604 quid
876 2536 1118 2593 dicemus
1139 2541 1166 2594 ?
1184 2543 1340 2610 qualo
1362 2559 1568 2614 organo
1589 2545 1752 2608 vocis,
1780 2543 1863 2598 vel
1889 2543 2030 2612 quali

441 2616 621 2686 jubilo
651 2623 828 2678 cordis
869 2628 1240 2695 exprimemus
1288 2640 1542 2700 quantum
1592 2633 1683 2686 tibi
1728 2633 2031 2686 debemus?

447 2706 643 2776 Utique
687 2711 925 2779 domina,
982 2716 1243 2787 quidquid
1286 2720 1730 2787 intellexerimus,
1774 2720 2034 2792 quidquid

448 2804 628 2850 mente
657 2803 1086 2870 conceperimus,
1107 2806 1366 2878 quidquid
1399 2825 1492 2863 ore
1520 2809 2035 2878 protulerimus,mi-

446 2882 651 2970 nimum
683 2895 762 2941 est
790 2899 842 2943 et
873 2892 1032 2960 quasi
1063 2895 1191 2948 nihil
1226 2896 1293 2950 ad
1340 2913 1400 2951 ea
1451 2915 1572 2968 quae
1621 2899 1712 2952 tibi
1765 2915 1830 2952 ex
1880 2914 2034 2970 aequo

444 2969 728 3030 debemus.
776 2979 856 3031 Tu
905 2995 1138 3052 namque
1187 2993 1309 3038 ante
1357 3001 1574 3040 omnem
1624 2969 2035 3041 creaturamrin

2141 1834 2334 1882 vocant
2365 1835 2419 1881 et
2447 1837 2704 1882 revocant
2734 1829 2786 1882 in
2815 1830 2988 1883 sinum
3020 1829 3471 1902 gratizetuae?Tu
3490 1844 3723 1900 exaspe—

2139 1916 2336 1970 rareris
2366 1927 2553 1972 contra
2591 1934 2690 1973 nos
2737 1930 2958 1989 propter
2998 1919 3305 1989 iniquitates
3346 1926 3573 1985 nostras,
3606 1933 3728 1972 cum

2142 2003 2306 2058 Filius
2365 2013 2503 2069 tuus,
2539 2023 2703 2076 quem
2764 2009 3002 2061 maxime
3059 2006 3402 2072 offendimus,
3449 2007 3610 2060 morti
3666 2022 3727 2061 se

2140 2093 2355 2147 tradidit
2387 2109 2487 2163 pro
2519 2095 2765 2150 delendis
2798 2096 3169 2166 iniquitatibus
3200 2095 3446 2151 nostris?
3477 2095 3731 2150 Severior

2139 2182 2393 2237 videlicet
2424 2183 2513 2238 illo
2539 2201 2682 2239 esses
2711 2202 2871 2256 super
2899 2201 3014 2250 nos,
3047 2201 3166 2240 cum
3199 2185 3440 2254 ejusdem
3457 2183 3727 2240 conditio-

2140 2269 2222 2324 nis
2252 2271 2342 2335 sis,
2377 2273 2532 2341 cujus
2562 2281 2611 2327 et
2643 2288 2775 2339 nos;
2810 2281 3056 2328 naturam
3100 2283 3268 2341 tuam,
3300 2273 3517 2327 domina
3560 2287 3725 2327 cxce-

2139 2358 2297 2413 dens.
2338 2360 2443 2414 Sed
2480 2363 2706 2417 fortasse
2737 2369 2940 2416 tantum
2973 2378 3121 2416 amas
3139 2362 3404 2432 justitiam
3426 2361 3521 2415 Dei
3537 2365 3727 2414 contra

2138 2458 2422 2516 peccantes
2467 2450 2520 2504 in
2564 2467 2683 2505 eum
2729 2459 2784 2505 ut
2829 2450 2983 2504 malis
3027 2451 3177 2504 illum
3232 2465 3485 2505 exercere
3539 2448 3724 2505 vindi-

2137 2543 2276 2590 ctam
2307 2554 2469 2608 quam
2501 2540 2761 2594 exhibere
2795 2540 3248 2595 miscricordiam.
3271 2538 3428 2607 Quod
3457 2538 3502 2592 si
3534 2538 3603 2591 ita
3622 2542 3721 2603 est,

2140 2639 2252 2692 cur,
2287 2626 2524 2693 domina,
2557 2629 2771 2682 cuidam
2805 2628 2932 2683 olim
2963 2645 3065 2699 ope
3094 2637 3183 2682 tua
3212 2642 3542 2698 magnopere
3580 2625 3725 2680 indi-

2140 2716 2306 2784 genti,
2342 2723 2394 2770 et
2429 2734 2548 2787 quae
2580 2733 2723 2772 esses
2747 2717 3027 2783 nescienti,
3062 2725 3288 2771 matrem
3321 2725 3370 2771 te
3404 2715 3583 2785 potius
3629 2714 3727 2768 mi-

2142 2804 2453 2859 sericox'dize
2499 2806 2640 2860 dulci
2690 2822 2822 2861 voce
2875 2807 3206 2877 respondisti
3267 2821 3430 2876 quam
3485 2803 3724 2874 justitiae,

2143 2909 2262 2947 cum
2292 2891 2432 2948 filius
2465 2902 2582 2947 tuus
2613 2910 2717 2949 non
2752 2895 2930 2951 minus
2962 2896 3031 2949 sit
3059 2910 3187 2949 vera
3205 2892 3731 2949 etinconnnutabilis

2138 2981 2348 3051 justitia
2405 2999 2566 3053 quam
2625 2999 2754 3037 vera
2796 2992 2848 3038 et
2877 2983 3184 3054 appetibilis
3214 2981 3623 3036 misericordia?
3655 2981 3732 3035 Ea

444 3069 623 3117 mente
653 3065 749 3120 Dei
770 3069 1131 3134 praeordinata
1154 3070 1393 3137 fuisti,ut
1435 3075 1675 3129 omnium
1716 3076 2031 3130 feminarum
2066 3109 2113 3170 Ο
2147 3071 2385 3125 fortassis
2437 3071 2891 3142 consideratione,
2951 3073 3201 3142 quouiam
3262 3071 3306 3124 si
3378 3077 3429 3124 te
3497 3078 3727 3124 matrem

444 3151 748 3207 castissima
779 3155 953 3210 Deum
1010 3157 1186 3228 ipsum
1239 3178 1425 3216 verum
1482 3164 1754 3219 hominem
1813 3181 1878 3218 ex
1935 3173 2023 3218 tun

443 3253 636 3294 carnes
685 3257 1028 3314 procreares,
1064 3255 1120 3302 ut
1169 3250 1420 3306 omnibus
1467 3261 1585 3321 post
1629 3271 1787 3308 suum
1838 3254 2028 3308 Filium

445 3334 593 3382 tuum
625 3331 817 3401 regina
848 3335 1106 3389 ccelorum
1140 3337 1330 3393 effecta
1375 3341 1613 3410 gloriosa
1664 3359 1941 3413 regnares,
1973 3347 2032 3396 ut

442 3417 656 3487 perdito
685 3421 888 3476 mundo
919 3428 1338 3496 recuperationis
1369 3430 1574 3484 aditum
1605 3436 1656 3486 et
1686 3433 1809 3486 vitae
1840 3448 2030 3502 peren-

442 3505 527 3559 nis
554 3507 977 3566 emolumentum
1020 3531 1373 3585 przeparares.
1407 3521 1485 3572 Tu
1527 3535 1697 3590 genus
1739 3521 2032 3574 humanum

444 3595 760 3650 aeternitatis
806 3599 980 3669 gloria
1023 3603 1300 3674 nudatum,
1331 3623 1429 3674 per
1474 3607 1646 3663 beatae
1688 3610 2036 3664 fecunditatis

446 3687 548 3735 tuae
591 3683 890 3754 virgineum
925 3698 1160 3758 partum,
1201 3693 1252 3745 in
1279 3694 1561 3762 pristinum
1618 3704 1813 3750 statum
1863 3697 2030 3750 redu-

444 3766 594 3821 xisti.
626 3769 704 3822 Tu
736 3771 886 3842 leges
915 3773 1128 3843 inferni,
1161 3777 1374 3834 devicto
1406 3797 1502 3850 per
1537 3791 1769 3837 mortem
1820 3783 1911 3838 filii
1958 3785 2031 3840 tui

445 3855 686 3927 principe
717 3862 920 3927 mortis,
955 3864 1211 3920 evertisti.
1245 3868 1322 3921 Tu
1353 3868 1586 3940 denique
1615 3873 1819 3927 cunctis
1857 3875 2029 3929 Deum

445 3959 509 4033 ac
531 3945 840 4016 Dominum,
877 3967 1035 4019 quem
1067 3952 1413 4025 ignorabant,
1447 3958 1715 4016 visibilem
1748 3969 1797 4015 et
1844 3964 2031 4033 propi-

442 4032 688 4088 tiatorem
720 4038 1039 4094 exhibuisti.
1075 4043 1175 4096 Per
1207 4053 1276 4110 te,
1310 4045 1546 4113 domina,
1572 4050 1735 4104 vitam
1767 4032 2028 4121 perditam

442 4121 496 4212 in
528 4123 806 4194 unigenito
839 4136 927 4182 tuo
957 4135 1430 4202 recuperavimus;
1462 4153 1561 4206 per
1589 4146 1639 4193 te
1669 4147 1770 4204 est,
1812 4141 1855 4193 si
1905 4141 2032 4212 quid

441 4210 568 4266 boni
599 4230 806 4282 sumus,
839 4218 954 4273 sive
996 4236 1312 4291 possumus,
1345 4224 1462 4279 sive
1507 4226 1804 4290 habemus;
1841 4210 1934 4297 per
1983 4239 2032 4283 te

444 4300 510 4353 ad
541 4310 798 4359 mternam
849 4308 1079 4379 gloriam
1131 4313 1439 4384 quicunque
1489 4331 1675 4368 sumus
1723 4316 2034 4386 perventuri

436 4393 840 4460 perveniemus.
882 4398 958 4452 Tu
988 4407 1113 4468 post
1149 4401 1316 4454 Deum
1351 4418 1565 4456 summa
1615 4418 1680 4457 ac
1727 4404 2028 4476 singularis

437 4480 742 4537 consolatio
787 4493 985 4541 nostra.
1032 4487 1110 4541 Tu
1156 4489 1286 4542 felix
1337 4497 1497 4558 atque
1556 4490 1715 4546 beata
1774 4492 2028 4562 gloriatio

437 4577 640 4635 nostra,
674 4578 728 4624 tu
761 4573 828 4626 ad
859 4590 1029 4646 regna
1076 4577 1337 4632 coelorum
1383 4578 1593 4634 ductrix
1638 4596 1700 4634 ac
1747 4581 2028 4636 subvectio

439 4664 636 4710 nostra.
684 4659 783 4726 Tu,
843 4677 1173 4733 quaesumus,
1223 4675 1336 4721 esto
1395 4666 1448 4720 in
1503 4668 1623 4738 ipso
1676 4668 2030 4724 beatitudinis

437 4758 611 4815 regno
641 4747 852 4802 coelesti
885 4753 1190 4822 susceptrix
1220 4762 1271 4809 et
1300 4764 1568 4826 perpetua
1593 4756 1878 4812 exsultatio
1924 4773 2027 4812 no-

437 4841 560 4887 stra.
601 4836 746 4906 Ergo
777 4839 1071 4894 secundum
1117 4841 1334 4897 beatum
1381 4853 1432 4900 et
1478 4845 1795 4901 misericors
1841 4845 2025 4902 consi-

436 4921 566 4976 lium
623 4925 876 4993 specialis
951 4928 1360 4999 misericordiae,
1421 4933 1748 4989 dulcissimae
1817 4935 2026 4990 scilicet

432 5012 605 5081 prolis
634 5020 759 5082 tuae,
793 5015 860 5069 ad
891 5023 942 5070 te
969 5017 1310 5087 confugimus
1335 5040 1347 5084 ;
1381 5029 1433 5075 tu
1468 5037 1702 5092 procura
1731 5039 1799 5078 ne
1839 5024 1895 5076 in
1925 5039 2024 5077 va-

434 5115 560 5154 num
612 5102 714 5157 hoc
761 5104 1067 5160 fecerimus.
1119 5107 1196 5161 Re
1240 5109 1435 5163 etenim
1480 5126 1615 5165 vera
1659 5111 1704 5164 si
1760 5110 2025 5165 defeceris

433 5188 615 5256 nobis,
646 5190 780 5246 nihil
831 5192 938 5247 erit
993 5201 1162 5248 tutum
1224 5195 1405 5252 nobis.
1455 5200 1536 5254 Ne
1593 5197 1761 5270 igitur
1817 5205 2022 5254 tantum

436 5279 685 5334 attendas
724 5280 1017 5350 injustitias
1076 5291 1309 5353 nostras,
1345 5293 1404 5339 ut
1443 5287 1638 5355 quibus
1696 5288 1800 5343 huc
1855 5305 2024 5359 usque

432 5384 546 5439 pre
588 5369 840 5424 omnibus
882 5370 1107 5440 praedita
1152 5373 1317 5441 fuisti,
1358 5381 1660 5446 postponas
1703 5377 2023 5432 misericor-

429 5458 550 5513 dias
579 5461 720 5514 tuas.
753 5456 816 5514 Ei
855 5458 946 5531 qui
1001 5477 1210 5517 summe
1262 5462 1506 5518 omnium
1562 5472 1662 5530 est,
1695 5481 1794 5520 nec
1845 5464 1912 5518 ab
1957 5481 2023 5521 eo

429 5547 578 5618 quod
599 5556 679 5603 est
708 5548 901 5606 mutari
941 5550 1208 5607 ullatenus
1245 5555 1440 5623 potest,
1475 5552 1802 5610 aeternaliter
1848 5555 2021 5609 haeres

2137 3160 2360 3228 justitia)
2405 3160 2636 3225 diceres,
2687 3177 2943 3231 magnam
2989 3177 3095 3216 non
3143 3155 3322 3215 solum
3368 3160 3414 3214 ei
3472 3174 3630 3230 quem
3675 3157 3730 3211 in

2139 3249 2389 3320 angustia
2407 3250 2640 3318 positum
2660 3250 2804 3304 omni
2825 3249 3193 3304 misericordia
3219 3248 3534 3319 (postposita
3565 3244 3725 3318 justi-

2138 3337 2227 3390 tiae
2258 3337 2566 3406 severitate)
2598 3355 2734 3407 Opus
2763 3339 2965 3392 habere
2995 3338 3227 3404 sciebas,
3261 3353 3450 3392 verum
3481 3344 3534 3392 et
3563 3336 3724 3390 etiam

2146 3424 2302 3479 nobis
2333 3427 2656 3497 pauperibus
2704 3427 2775 3481 tui
2843 3443 2996 3497 spem
3053 3427 3230 3481 venire
3270 3426 3499 3492 tolleres,
3544 3424 3726 3496 singu-

2138 3513 2266 3567 laris
2296 3515 2490 3585 refugii
2523 3515 2717 3568 ostium
2750 3515 3025 3569 crudelem
3071 3514 3290 3568 humani
3334 3513 3553 3584 generis
3595 3529 3722 3582 per-

2140 3612 2439 3656 secutorem
2473 3603 2804 3674 fugientibus
2838 3603 3242 3675 quodammodo
3273 3602 3508 3656 inimicis
3538 3602 3723 3656 occlu-

2138 3690 2311 3744 deres.
2348 3690 2481 3757 Quis
2509 3693 2651 3745 enim
2686 3707 2806 3746 cum
2835 3692 3044 3760 justitia
3074 3691 3171 3746 Dei
3199 3690 3458 3760 judicium
3479 3690 3720 3755 subiens,

2137 3795 2244 3833 non
2275 3787 2330 3832 ut
2364 3781 2740 3834 vestimentum
2785 3781 3101 3845 conteritur,
3135 3795 3241 3834 non
3285 3778 3520 3833 deterius
3563 3794 3722 3848 quam

2138 3882 2170 3921 a
2204 3867 2346 3921 tinea
2391 3869 2728 3923 devoratur?
2759 3868 3122 3938 Quapropter,
3154 3867 3242 3936 pia
3287 3866 3524 3934 domina,
3557 3866 3728 3920 dulcis

2139 3965 2191 4010 et
2222 3956 2644 4011 clementissima
2679 3957 2894 4010 Domini
2941 3958 3130 4024 Mater,
3163 3955 3380 4010 attende
3425 3954 3728 4026 fragilitatis

2139 4053 2338 4098 nostrae
2369 4060 2594 4116 gravem
2624 4046 3026 4110 necessitatem,
3061 4052 3112 4098 et
3156 4045 3382 4099 ostende
3425 4059 3589 4112 super
3629 4058 3728 4097 nos

2139 4132 2327 4187 eﬂ‘ectu
2363 4140 2413 4187 te
2444 4149 2580 4196 esse,
2617 4133 2760 4201 quod
2787 4132 3026 4202 jucunde
3057 4131 3251 4187 affectu
3285 4140 3336 4185 te
3369 4148 3488 4186 esse
3517 4146 3726 4202 cogno-

2139 4220 2295 4282 visti;
2330 4221 2473 4289 quod
2505 4221 2548 4273 si
2573 4220 2783 4286 feceris,
2818 4222 2885 4275 ad
2917 4235 3014 4274 nos
3051 4220 3344 4274 salvandos
3389 4219 3500 4274 filio
3545 4229 3632 4273 tuo
3675 4225 3727 4272 et

2140 4308 2284 4362 Patri
2315 4325 2411 4362 suo
2443 4309 2630 4378 procul
2673 4309 2840 4363 dubio
2883 4325 3110 4364 concors
3154 4308 3277 4362 eris.
3307 4307 3728 4379 Benignissimus

2143 4397 2344 4466 quippe
2376 4395 2513 4450 filius
2543 4404 2664 4450 tuus
2703 4397 2978 4451 desiderat
3020 4395 3248 4450 salutem
3291 4403 3550 4460 nostram,
3580 4403 3629 4450 et
3672 4394 3725 4448 in

2139 4493 2347 4539 tantum
2377 4493 2439 4539 ut
2469 4500 2573 4554 quo
2617 4485 2764 4539 illam
2811 4485 3315 4540 incommutabilem
3362 4489 3417 4539 et
3461 4493 3719 4539 arternam

2141 4575 2360 4640 faceret,
2393 4574 2742 4628 aeternitatem
2775 4589 2930 4627 suam
2962 4581 3339 4628 momentanea
3371 4572 3724 4626 mutabilitate

2139 4671 2324 4716 nostra
2369 4661 2635 4717 indueret.
2679 4662 2854 4716 Verax
2915 4677 3129 4732 quoque
3185 4661 3513 4731 justissimus
3571 4661 3725 4713 Pater

2138 4766 2269 4804 suus
2301 4750 2372 4804 ita
2401 4750 2502 4804 sibi
2548 4766 2646 4820 per
2689 4750 2872 4805 omnia
2916 4750 3216 4819 complacet
3260 4758 3314 4803 ut
3358 4747 3492 4802 nihil
3535 4764 3721 4802 eorum

2138 4838 2270 4893 nolit
2299 4855 2420 4908 quae
2450 4839 2601 4892 illum
2632 4839 2770 4893 velle
2805 4838 3073 4910 intelligit.
3108 4837 3252 4892 Veiis
3291 4837 3472 4908 itaque
3512 4836 3719 4890 solum-

2137 4927 2298 4982 modo
2330 4926 2471 4996 quod
2503 4926 2616 4981 vult
2646 4927 2782 4996 ipse,
2815 4926 2944 4980 nihil
2975 4926 3197 4980 restabit
3227 4925 3370 4995 quod
3409 4925 3572 4995 possit
3616 4923 3720 4978 ob-

2135 5015 2323 5070 sistere
2365 5015 2521 5069 saluti
2566 5023 2784 5070 nostrae.
2819 5015 2925 5070 Sed
2971 5023 3022 5069 te
3063 5030 3170 5069 non
3215 5013 3352 5068 velle
3396 5014 3540 5083 quod
3578 5013 3724 5066 Deus

2134 5104 2266 5168 vult,
2298 5102 2447 5158 nefas
2475 5111 2553 5157 est
2584 5102 2665 5157 vel
2696 5102 2922 5174 opinari.
2959 5103 3146 5157 Gaude
3190 5102 3354 5173 igitur
3395 5109 3445 5156 et
3491 5099 3718 5163 exsulta,

2135 5192 2373 5246 humana
2445 5198 2680 5257 natura;
2759 5192 2941 5246 omnia
3015 5191 3214 5261 quippe
3291 5189 3385 5243 tibi
3461 5203 3725 5258 prospera

2136 5280 2378 5335 Christus
2407 5280 2548 5333 filius
2578 5288 2776 5335 sancta:
2807 5280 2992 5334 Mariae
3022 5279 3255 5349 paravit,
3284 5281 3412 5333 dum
3452 5293 3508 5331 se
3549 5293 3613 5331 ex
3658 5291 3722 5330 ea

2132 5377 2353 5439 propter
2371 5377 2422 5423 te
2452 5369 2507 5422 in
2538 5368 2858 5424 substantia:
2887 5376 2992 5424 tuae
3022 5369 3247 5423 veritate
3277 5366 3497 5422 creavit.

2201 5466 2448 5536 Domina,
2484 5466 2724 5531 domina,
2759 5467 2904 5538 quod
2936 5481 3040 5538 ego
3071 5465 3459 5536 qualiscunque
3491 5463 3716 5518 homun-

2128 5554 2232 5624 cio,
2265 5561 2319 5610 et
2347 5571 2474 5612 vere
2501 5571 2734 5628 magnus
2763 5563 3019 5627 peccator
3046 5555 3149 5611 hoc
3165 5554 3328 5610 corde
3347 5554 3562 5622 impuro
3581 5551 3647 5606 de
3667 5558 3716 5604 te
