4036 6072
332 249 434 309 31⁸7

1350 247 1618 309 SPURIA.
1646 279 1718 292 -
1746 247 1842 307 DE
1870 243 2211 307 CONCEPT.
2242 248 2308 309 Β.
2342 246 2595 309 MARL‘E.

3538 251 3638 313 318

332 374 609 445 meditari,
644 371 811 433 fetido
840 388 932 432 ore
970 368 1145 443 eﬂ'ari,
1179 371 1400 446 pollutis
1422 374 1608 448 digitis
1644 390 1805 430 ausus
1854 373 1931 429 fui
1961 374 2016 435 Λ
2044 388 2135 441 na,
2169 374 2299 447 quid
2330 374 2539 433 futuras
2566 377 2652 433 vel
2684 378 2949 437 fracturus
2979 377 3081 437 sim
3121 380 3338 454 penitus
3394 377 3590 455 ignoro
3622 395 3635 446 :

334 465 675 532 describere,
706 481 894 535 parce,
925 481 1133 536 quaso,
1165 481 1327 535 parce
1358 473 1411 520 et
1457 467 1733 520 miserere.
1782 464 1934 519 Nosti

334 555 502 621 enim,
535 554 625 626 pia
653 553 894 614 domina.
928 554 1031 607 hoc
1060 569 1147 607 me
1196 553 1271 607 ita
1324 554 1761 624 prasumpsisse,
1809 552 1937 622 quia

332 644 495 699 talem
527 659 612 698 me
642 642 906 698 confiteor
934 657 1053 697 esse
1081 650 1138 695 ut
1170 657 1268 698 nec
1297 641 1434 697 coelo
1452 657 1549 697 nec
1580 649 1719 696 terra
1746 656 1832 695 me
1838 642 1935 709 ju-

334 731 509 787 dicem
541 732 766 804 dignum
797 746 916 787 esse
949 747 962 793 ;
996 738 1047 786 et
1081 730 1206 785 ideo
1236 729 1395 784 nimis
1427 732 1621 786 anxius
1649 730 1865 795 vellem,
1889 729 1933 783 si

332 836 441 893 quo
460 820 626 875 modo
659 820 920 885 valerem,
952 819 1081 874 eniti
1137 827 1405 888 quatenus
1464 820 1646 891 aliquo
1699 818 1935 873 misera-

336 909 505 964 tionis
526 925 636 964 sua
656 908 858 988 intuitu
890 923 1057 977 super
1086 923 1173 963 me
1204 909 1349 962 Deus
1378 907 1694 976 intenderet,
1726 908 1814 978 qui
1836 923 1935 961 sua

330 997 597 1053 ineﬂ'abili
626 997 806 1069 gratia
835 997 920 1051 vel
953 996 1228 1051 modicum
1266 997 1438 1051 sancti
1496 997 1697 1050 amoris
1764 995 1933 1051 affec—

330 1093 444 1139 tum
471 1101 600 1157 erga
628 1085 982 1155 benignitatis
1004 1092 1106 1139 tua
1132 1083 1475 1140 dulcedinem
1525 1085 1580 1139 in
1623 1101 1713 1139 me
1735 1100 1931 1139 accen-

329 1175 501 1229 deret.
535 1173 764 1229 Contido
795 1173 995 1243 quippe
1024 1173 1279 1243 quoniam
1309 1174 1350 1227 si
1378 1175 1481 1229 hoc
1511 1173 1739 1243 faceres,
1763 1174 1830 1227 ab
1850 1174 1934 1229 his

329 1279 451 1332 qua
481 1262 650 1318 merui
705 1262 881 1333 panis
938 1261 1133 1316 infami
1189 1278 1287 1317 sua
1350 1262 1627 1319 miseratio
1683 1272 1932 1333 tuamque

326 1352 613 1407 subventio
644 1366 732 1406 me
762 1350 899 1405 forte
928 1350 1237 1405 redimeret.
1271 1351 1629 1422 Quapropter,
1689 1351 1927 1407 domina.

325 1456 396 1496 ne
427 1439 733 1511 indigneris
763 1440 919 1509 quasi
950 1439 1137 1494 audaci
1169 1447 1221 1494 et
1237 1447 1693 1510 prasumptuoso,
1727 1440 1853 1511 quia
1883 1441 1928 1494 si

328 1528 455 1600 quid
484 1531 678 1584 horum
708 1527 767 1581 in
800 1527 916 1582 istis
947 1543 1062 1583 esse
1092 1526 1324 1597 videtur,
1358 1545 1480 1584 mea
1508 1528 1695 1601 gravis
1737 1545 1929 1584 neces-

324 1619 458 1673 sitas
485 1616 765 1686 compulit,
801 1623 850 1672 et
882 1623 976 1670 tua
998 1614 1222 1688 grandis
1252 1625 1305 1672 et
1334 1618 1485 1673 omni
1542 1617 1738 1674 saculo
1793 1633 1926 1689 pro-

2044 475 2100 526 et
2129 470 2251 525 ideo
2281 470 2547 542 quidquid
2576 471 2644 527 de
2674 486 2760 526 me
2812 471 2881 526 sit
2931 482 3265 540 eventurum,
3315 478 3638 542 prasentem

2045 561 2459 630 postulationem
2486 577 2555 616 ne
2589 560 2848 616 oblivioni
2866 560 3065 625 tradas,
3096 561 3323 615 obsecro
3341 558 3639 630 piissimam

2046 648 2385 704 dilectionem
2415 667 2520 719 qua
2548 649 2733 721 diligis
2764 649 2979 704 unicum
3010 650 3183 703 tilium
3216 657 3384 712 tuum,
3443 654 3500 702 ut
3549 662 3639 702 me

2045 746 2384 808 peccatorem
2415 754 2445 792 a
2476 739 2661 793 mortis
2725 747 2943 793 auctore
2999 738 3266 793 tranferas
3321 736 3375 790 in
3433 743 3634 789 sortem

2045 827 2171 882 vita
2200 835 2419 882 aterna
2453 846 2467 893 ;
2501 835 2553 882 et
2593 835 2668 895 tu,
2713 827 2994 899 singulare
3051 826 3361 897 prasidium
3397 824 3637 880 omnium

2043 916 2113 969 ad
2142 922 2194 971 te
2223 915 2652 987 confugientum,
2686 932 2811 971 vere
2840 924 2891 971 et
2922 916 3076 970 unice
3103 914 3175 969 ﬁli
3226 915 3385 984 hujus
3433 914 3635 967 castis-

2043 1003 2193 1059 sima
2224 1004 2464 1075 Virginis
2495 1004 2728 1059 domina
2757 1020 2895 1059 mea
2926 1019 3059 1075 rogo
3090 1008 3143 1057 te
3159 1001 3634 1073 perdilectionem.

2044 1108 2150 1161 qua
2177 1091 2357 1163 diligis
2387 1092 2558 1163 ipsam
2580 1092 2954 1146 dulcissimam
2999 1093 3245 1155 Matrem.
3276 1098 3444 1157 tuam,
3504 1104 3636 1143 sen-

2046 1180 2170 1235 tiam
2204 1180 2523 1250 quandoque
2552 1197 2649 1251 per
2663 1179 2932 1248 effectum,
2967 1179 3108 1249 quod
3125 1179 3255 1233 mihi
3274 1195 3369 1249 per
3388 1177 3634 1233 eamdem

2041 1267 2340 1339 piissimam
2371 1269 2687 1339 genitricem
2721 1276 2866 1323 tuam
2925 1276 3052 1338 opto
3107 1266 3347 1337 impendi
3382 1284 3394 1327 ;
3455 1265 3636 1334 tepido

2040 1355 2180 1427 licet,
2214 1366 2390 1412 tamen
2422 1358 2783 1430 qualicunque
2813 1357 3029 1412 aﬂ'ectu.
3063 1355 3220 1424 Quod
3260 1355 3306 1408 si
3353 1353 3637 1407 multitudo

2039 1445 2301 1500 scelerum
2328 1461 2576 1501 meorum
2601 1444 2864 1516 justitiam
2897 1452 3045 1499 tuam
3075 1443 3141 1498 ad
3169 1459 3255 1496 me
3276 1440 3636 1496 damnandum

2039 1534 2212 1606 magis
2244 1535 2417 1590 erexit
2441 1551 2606 1604 quam
2637 1533 2811 1604 pietas
2842 1532 3023 1587 Matris
3052 1540 3155 1587 tua
3210 1528 3635 1585 misericordiam

2038 1630 2182 1678 tuam
2209 1624 2277 1678 ad
2306 1622 2638 1694 parcendum
2670 1621 3023 1689 inclinaverit,
3057 1628 3131 1685 tu,
3166 1620 3255 1691 qui
3277 1619 3475 1689 ubique
3497 1634 3636 1688 pra-

323 1706 449 1762 bata
477 1705 693 1761 bonitas
721 1704 911 1758 suasit.
948 1705 1151 1759 Ultima
1173 1720 1304 1776 ergo
1334 1708 1494 1777 atque
1522 1723 1734 1762 summa
1764 1713 1926 1762 voto-
1958 1726 2007 1789 Β
2037 1728 2181 1779 sens,
2214 1717 2266 1767 et
2298 1712 2352 1765 in
2376 1711 2525 1766 omni
2557 1711 2676 1766 loco
2706 1725 2860 1780 aque
2890 1718 3081 1780 potens
3111 1725 3186 1776 es,
3220 1707 3442 1777 aliquod
3502 1704 3637 1761 mihi

325 1812 442 1850 rum
475 1790 718 1849 meorum
751 1793 979 1848 intentio
1002 1800 1100 1859 est,
1132 1801 1190 1847 ut
1236 1794 1321 1850 vel
1379 1794 1434 1848 in
1490 1798 1734 1851 extremo
1789 1811 1923 1849 exa-

324 1884 470 1938 mine
493 1882 779 1952 justissimi
812 1880 905 1934 ﬁlii
938 1881 1012 1935 tui
1044 1882 1089 1935 si
1120 1898 1228 1947 me,
1262 1890 1472 1938 remota
1530 1884 1923 1950 misericordia,

325 1988 515 2027 severa
545 1969 810 2025 sententia
830 1969 1039 2024 crudeli
1071 1972 1260 2025 tortori
1318 1972 1688 2026 damnandum
1748 1973 1923 2027 tradi-

325 2060 487 2124 derit,
519 2058 827 2126 subvenias,
861 2066 913 2112 et
944 2074 1029 2112 me
1060 2058 1128 2113 ad
1159 2059 1367 2114 inferos
1393 2060 1622 2130 rapienti
1653 2076 1924 2129 occurras,

326 2166 388 2205 ac
419 2148 633 2203 manica
662 2146 1186 2203 misericordissima
1215 2148 1545 2204 defensionis
1571 2157 1674 2205 tua
1731 2158 1923 2219 prote-

325 2245 493 2302 ctum,
526 2253 593 2290 ne
614 2237 669 2289 in
700 2244 963 2290 aternum
996 2236 1239 2302 damner,
1284 2237 1497 2308 eripias.
1564 2238 1628 2291 Et
1684 2237 1925 2308 quidem,

325 2326 571 2392 domina,
604 2326 881 2396 quondam
914 2326 1172 2395 parvulis,
1206 2333 1259 2381 et
1315 2325 1455 2380 forte
1515 2326 1667 2395 mihi,
1728 2327 1771 2380 si
1822 2342 1930 2380 non

324 2416 511 2481 fallor,
538 2415 643 2469 hoc
672 2429 704 2467 a
735 2414 1017 2479 matronis,
1052 2429 1174 2469 cum
1206 2414 1275 2468 ad
1335 2415 1564 2470 verbera
1612 2424 1932 2484 raperentur

323 2521 355 2558 a
387 2503 714 2574 padagogo,
747 2501 1053 2573 impensum
1096 2502 1439 2571 reminiscor,
1493 2510 1543 2557 et
1583 2502 1653 2557 ob
1684 2505 1788 2558 hoc
1823 2502 1931 2556 illis

320 2591 569 2648 nonnulli
596 2588 755 2645 valde
778 2590 1010 2662 gratiosi
1028 2590 1267 2657 fuerunt,
1299 2606 1361 2646 ac
1416 2591 1631 2662 pietatis
1686 2591 1925 2652 viscera,

322 2680 597 2751 quibusin
629 2694 816 2733 eorum
844 2679 935 2749 pia
976 2679 1283 2735 liberationi
1339 2696 1451 2733 usa
1507 2688 1651 2745 sunt,
1712 2681 1932 2753 magni-

321 2768 427 2825 ﬁce
458 2768 904 2839 praedicaverunt.
939 2768 994 2823 Si
1025 2769 1118 2823 ille
1148 2768 1314 2839 igitur
1345 2785 1440 2838 pro
1477 2769 1680 2824 tantilla
1733 2771 1925 2842 gratia,

324 2857 544 2931 quibus,
573 2873 774 2926 quaso,
838 2856 1130 2928 praconiis
1176 2873 1208 2911 a
1263 2857 1388 2913 cali
1425 2856 1655 2925 civibus,
1715 2859 1805 2929 qui
1861 2861 1929 2915 de

324 2954 671 3019 peccatorum
725 2945 1026 3001 salvatione
1073 2946 1433 3018 gratulantur,
1511 2946 1925 3016 pradicaberis,

326 3050 455 3092 cum
486 3033 594 3088 mei
622 3050 823 3105 magna
851 3034 1174 3104 peccatoris,
1209 3042 1265 3088 ut
1293 3034 1427 3103 dixi,
1461 3034 1681 3090 miserta
1710 3035 1879 3090 fueris
1901 3037 1929 3089 ἢ)
1959 3074 2009 3137 C

325 3124 525 3195 Utique
554 3123 742 3178 beatus
770 3130 822 3178 et
852 3123 1027 3178 bonus
1080 3121 1224 3177 ﬁlius
1277 3131 1397 3178 tuus
1454 3124 1716 3179 Dominus
1769 3126 1929 3179 Jesus

337 3211 466 3268 dicit
495 3214 569 3268 ita
598 3212 1004 3282 gaudiumesse
1034 3211 1089 3265 in
1125 3211 1297 3278 calis,
1331 3213 1544 3284 angelis
1601 3214 1721 3280 Dei,
1761 3230 1933 3285 super

338 3318 457 3358 uno
470 3308 762 3375 peccatore
772 3301 1387 3373 paenitentiamugente
1418 3318 1587 3373 quam
1620 3318 1792 3373 super
1832 3319 1932 3359 no-

339 3392 789 3460 nagintnnuvem
799 3390 996 3459 justis,
1016 3390 1111 3459 qui
1132 3404 1245 3444 non
1285 3389 1544 3459 indigent
1593 3391 1931 3461 pauitantia

339 3478 496 3547 (Luc.
530 3493 626 3542 xv,
648 3478 702 3542 7,
736 3476 843 3545 10).
876 3477 1009 3530 Cum
1040 3491 1172 3546 ergo
1200 3492 1304 3545 pro
1333 3477 1623 3547 panitente
1654 3476 1745 3532 ﬁat
1787 3496 1929 3549 gan-

339 3566 486 3621 dium
520 3565 573 3618 in
603 3565 776 3630 calis,
810 3564 1065 3635 quoniam
1106 3565 1161 3617 in
1199 3579 1262 3619 eo
1287 3565 1431 3634 quod
1453 3565 1603 3618 illum
1661 3567 1928 3622 malorum

338 3670 558 3710 suorum
595 3654 840 3724 panitet,
877 3652 1045 3706 tendit
1075 3652 1143 3706 ad
1170 3654 1419 3719 salutem,
1479 3655 1638 3725 quale
1676 3655 1929 3726 gaudium

338 3743 456 3807 erit,
481 3741 721 3807 domina,
752 3740 967 3813 quando
997 3740 1195 3812 aliquis
1224 3741 1479 3795 liberatus
1508 3743 1578 3795 ad
1609 3743 1754 3797 omni
1786 3744 1930 3799 malo

335 3830 584 3904 pervenit
612 3830 680 3885 ad
708 3830 880 3900 ipsam
911 3830 1136 3883 salutem
1172 3833 1195 3884 ?
1224 3829 1279 3884 Si
1310 3827 1475 3901 igitur
1524 3847 1610 3884 me
1666 3847 1698 3885 a
1727 3832 1932 3886 meritis

335 3920 512 3992 pmnis
539 3919 844 3983 liberatum,
875 3926 1090 3972 aterna
1118 3917 1302 3972 salutis
1334 3918 1653 3988 participem
1710 3920 1926 3985 feceris,

335 4007 563 4063 nimium
591 4014 757 4063 totam
813 4006 1010 4061 curiam
1065 4007 1223 4077 regni
1278 4006 1538 4061 caelorum
1582 4007 1925 4062 exhilarabis.

337 4097 700 4167 Quapropter,
729 4095 976 4165 piissima
1004 4095 1224 4149 domina
1256 4102 1449 4162 mater,
1482 4111 1550 4150 ne
1570 4095 1930 4166 parvipendas

337 4200 615 4241 enormem
647 4183 1034 4237 immanitatem
1060 4183 1347 4238 criminum
1373 4198 1638 4251 meorum,
1671 4192 1727 4238 ut
1781 4193 1929 4254 post-

335 4288 511 4344 ponas
565 4272 994 4343 magnitudinem
1053 4271 1381 4343 gaudiorum
1438 4287 1535 4341 pro
1618 4272 1931 4328 remissione

2034 1808 2140 1855 tua
2170 1799 2533 1871 protectionis,
2568 1815 2673 1870 quo
2696 1799 2765 1854 ab
2809 1797 3040 1852 inimicis
3102 1796 3239 1851 meis
3298 1793 3625 1860 abscondar,
3714 1836 3719 1843 ,

2034 1888 2372 1944 obstaculum
2430 1888 2629 1953 inveni,
2685 1903 2752 1941 ne
2808 1885 2991 1957 prada
3045 1885 3350 1939 daemonum
3434 1882 3631 1949 factus,

2036 1977 2293 2032 detrudar
2322 1976 2375 2031 in
2408 1974 2871 2046 profunditatibus
2893 1975 3157 2029 malorum
3206 1971 3419 2038 inferni,
3480 1985 3544 2025 ac
3587 1969 3633 2023 si

2037 2066 2167 2120 nihil
2200 2081 2408 2121 merear
2436 2064 2701 2127 exaudiri,
2735 2064 2925 2117 saltem
2958 2062 3011 2116 in
3041 2062 3251 2116 inferno
3282 2058 3633 2116 constitutum

2036 2154 2299 2210 memoria
2328 2162 2382 2209 et
2427 2152 2743 2224 cognitione
2798 2152 2970 2206 sancti
3026 2149 3261 2205 nominis
3318 2147 3391 2202 tui
3437 2146 3633 2217 privari

2038 2259 2145 2298 non
2201 2242 2368 2310 sinas,
2429 2258 2494 2296 ne
2552 2241 2768 2296 Satanae
2826 2239 3020 2295 similis
3068 2245 3121 2293 et
3176 2238 3418 2293 cohares
3468 2234 3632 2305 justi—

2040 2331 2168 2385 tiam
2202 2339 2346 2385 tuam
2368 2328 2782 2399 reprehendam,
2817 2328 3003 2398 sicque
3031 2325 3299 2396 aquitatis
3338 2332 3441 2379 tua
3498 2339 3631 2378 exa-

2036 2435 2161 2473 men
2192 2419 2431 2490 perversi
2451 2416 2745 2472 murmuris
2784 2416 3150 2472 obstinatione
3190 2414 3408 2487 gravius
3438 2411 3627 2467 feram.

2039 2507 2182 2562 Bone
2214 2508 2462 2575 Domine,
2494 2507 2655 2572 bone,
2687 2505 2732 2560 si
2763 2506 2817 2560 in
2844 2505 2929 2559 his
2959 2504 3209 2559 omnibus
3234 2518 3393 2558 aures
3407 2499 3630 2556 miseri-

2037 2595 2237 2651 cordia
2293 2603 2398 2650 tua
2453 2595 2581 2649 mihi
2631 2593 2891 2661 occludis,
2948 2592 3194 2663 profecto
3278 2606 3388 2645 non
3469 2588 3631 2643 video

2038 2684 2169 2757 quid
2209 2684 2443 2753 amplius
2492 2699 2700 2755 rogem,
2764 2681 2907 2753 quod
2964 2680 3268 2752 largitatem
3317 2676 3630 2732 misericor-

2038 2772 2251 2827 diamm
2297 2780 2506 2826 tuarum
2537 2771 2669 2825 mihi
2714 2770 2987 2841 inpendat,
3042 2776 3095 2823 et
3148 2768 3267 2823 hac
3322 2765 3633 2839 ignorantia

2037 2862 2287 2915 nimirum
2312 2878 2379 2916 ex
2410 2860 2752 2915 multitudine
2806 2859 3142 2930 iniquitatum
3194 2871 3443 2912 mearum
3499 2854 3630 2909 mihi

2037 2951 2302 3021 provenit.
2326 2951 2471 3004 Nam
2501 2950 2545 3003 si
2567 2949 2752 3004 densis
2782 2948 2998 3002 illarum
3043 2946 3286 3001 tenebris
3341 2944 3631 3000 obvolutus

2040 3054 2147 3094 non
2173 3054 2370 3106 essem,
2404 3047 2480 3104 tu,
2540 3039 2628 3109 qui
2687 3037 2778 3091 lux
2834 3054 2892 3092 es
2936 3035 3277 3100 indeficiens,
3336 3048 3441 3087 non
3498 3031 3630 3085 mihi

2040 3126 2325 3193 deﬁceres,
2358 3128 2451 3181 sed
2479 3125 2802 3198 ignorantia
2832 3141 2970 3179 mea
3027 3123 3282 3178 tenebras
3338 3121 3492 3175 radio
3526 3128 3630 3174 tua

2040 3214 2296 3270 claritatis
2324 3215 2594 3283 abigeres,
2627 3214 2810 3283 sicque
2840 3214 2893 3266 in
2925 3211 3126 3267 lumine
3169 3226 3265 3266 suo
3312 3209 3630 3264 constitutus

2039 3302 2276 3359 viderem
2308 3309 2360 3356 te
2409 3318 2517 3357 non
2564 3318 2686 3356 esse
2737 3302 2908 3356 Deum
2968 3299 3234 3355 volentem
3290 3296 3627 3366 iniquitatem

2042 3392 2215 3460 (Psat.
2249 3407 2301 3457 ν,
2333 3391 2408 3459 5),
2442 3396 2495 3444 et
2526 3397 2705 3444 tamen
2736 3405 2893 3444 nosse
2949 3394 3003 3443 et
3054 3402 3216 3457 posse
3277 3384 3474 3439 habere
3506 3398 3627 3436 cum

2037 3479 2127 3550 pia
2182 3478 2456 3533 voluntate
2513 3477 2985 3533 inastimabilibus
3040 3474 3220 3529 modis
3274 3469 3629 3527 subveniendi

2039 3566 2204 3638 lapsis
2234 3574 2288 3622 et
2314 3566 2598 3637 Oppressis
2624 3566 2842 3620 miseria
2899 3573 2952 3619 et
3006 3563 3334 3633 iniquitate;
3394 3564 3449 3616 et
3502 3561 3623 3626 hoc,

2038 3654 2288 3718 Domine,
2320 3655 2399 3709 sic
2427 3670 2544 3710 esse
2573 3654 2878 3708 firmissime
2908 3653 3089 3721 credo,
3122 3668 3185 3705 ac
3227 3667 3328 3720 per
3382 3650 3486 3705 hoc
3538 3648 3629 3702 in-

2040 3745 2173 3798 timo
2195 3743 2356 3799 corde
2387 3753 2542 3798 teneo
2573 3751 2627 3799 et
2655 3759 2750 3798 ore
2779 3742 3036 3812 proﬁteor
3064 3740 3188 3811 quia
3246 3737 3506 3811 quidquid
3560 3737 3629 3793 de

2037 3847 2125 3887 me
2180 3832 2391 3899 feceris,
2446 3832 2806 3904 qualicunque
2863 3831 3113 3886 videlicet
3161 3829 3429 3883 malorum
3486 3842 3628 3897 pon-

2037 3920 2163 3975 dere
2194 3920 2471 3991 presseris,
2500 3920 2651 3975 nullo
2679 3920 2951 3990 iujustitia
2984 3918 3151 3975 livore
3170 3918 3410 3971 turbatus
3437 3916 3493 3970 in
3545 3915 3629 3969 bis

2036 4010 2390 4077 pertraheris.
2426 4009 2514 4065 Sic
2543 4024 2762 4080 quoque
2792 4009 2984 4063 deletis
3014 4022 3080 4062 ac
3109 4006 3350 4060 dimissis
3394 4003 3629 4073 peccatis

2037 4097 2266 4163 nostris,
2302 4096 2420 4150 talis
2450 4102 2568 4152 esto
2598 4112 2730 4168 erga
2758 4112 2858 4151 nos
2887 4103 3108 4166 propter
3137 4094 3350 4148 dulcem
3384 4106 3630 4145 amorem

2039 4185 2415 4240 dilectissima
2447 4185 2630 4239 Matris
2668 4194 2791 4253 tua,
2824 4192 3018 4238 ut......
3052 4180 3114 4210 ’”
3141 4181 3377 4254 Virginis
3442 4181 3629 4233 huma-

2041 4289 2168 4328 nam
2200 4274 2268 4327 de
2296 4290 2408 4329 sua
2437 4273 2615 4328 carnis
2646 4272 2949 4328 substantia
2980 4287 3167 4327 verum
3199 4271 3473 4327 hominem
3530 4283 3631 4339 ge-

336 4361 558 4418 illorum
589 4360 1077 4432 congratulandum
1109 4359 1447 4431 angelorum.
1480 4360 1732 4428 Domina,
1765 4361 1930 4416 domi-
1956 4354 2009 4414 D
2040 4362 2240 4417 nuisse.
2270 4365 2461 4418 Amen.

1672 4538 1898 4595 VARUE
1948 4540 2147 4596 LECTI
2156 4541 2250 4597 ON
2258 4541 2338 4596 ES
2352 4583 2364 4595 .

411 4666 474 4695 "’
503 4666 602 4723 Hic
634 4666 817 4738 aliqua
844 4664 1060 4720 desunt.
