4036 6072
410 269 512 326 319

1461 259 1555 316 AD
1586 256 1815 315 OPERA
1845 255 1901 313 S.
1948 251 2250 313 ANSELMI
2277 249 2648 309 APPENDIX.

3607 253 3710 309 3ἰο

784 632 1161 731 SERMO
1256 634 1405 730 DE
1477 628 2278 725 CONCEPTIONE
2362 626 2774 724 BEAT/E
2860 628 3261 725 MARIZE

1892 838 2280 862 μ’*

483 1055 776 1127 Coneeptio
806 1054 1125 1111 venerandae
1155 1055 1255 1111 Dei
1285 1054 1562 1128 genitricis
1590 1062 1864 1127 perpetuze
1886 1054 2014 1109 Vir-
2049 1051 2099 1113 A
2128 1050 2650 1123 obtemperaturum,
2683 1052 2727 1107 si
2759 1054 2861 1109 hoc
2891 1052 3145 1110 evaderet
3176 1052 3539 1126 naufragium.
3571 1051 3713 1109 Pro-

414 1143 559 1218 ginis
587 1145 793 1212 Maria,
846 1144 1186 1200 dilectissimi
1243 1143 1453 1211 fratres,
1541 1143 2002 1214 quemadmodum

415 1250 513 1304 per
542 1233 714 1288 multa
771 1233 1049 1305 signorum
1081 1232 1452 1303 experimenta
1480 1233 1537 1287 in
1591 1233 1789 1304 Anglia
1845 1241 1897 1286 et
1952 1231 2005 1285 in

419 1322 666 1389 Francia,
698 1322 1017 1392 ueterisque
1074 1322 1382 1377 climatibus
1438 1322 1623 1376 mundi
1680 1320 2010 1376 celebranda

417 1410 483 1465 sit
513 1410 805 1476 declarata,
839 1426 925 1465 me
955 1418 1259 1465 narrantem
1292 1411 1471 1465 audiat
1501 1410 1716 1465 dilectio
1736 1418 1934 1464 vestra.

488 1500 756 1568 Tempore
787 1514 1025 1567 namque
1056 1499 1168 1563 illo,
1206 1516 1312 1571 quo
1343 1499 1542 1553 divinae
1572 1498 1771 1570 placuit
1827 1495 2012 1568 pietati

418 1586 718 1658 Anglorum
750 1596 967 1658 gentem
999 1589 1068 1643 de
1100 1588 1253 1641 malis
1300 1588 1408 1641 suis
1464 1588 1734 1659 corrigere
1790 1602 2012 1656 suaeque

422 1675 695 1730 servitutis
725 1675 914 1731 ofliciis
952 1676 1148 1731 arctius
1207 1676 1533 1748 astringere,
1592 1676 2014 1748 gloriosissimus

419 1765 921 1820 Northmannorum
941 1765 1051 1819 dux
1076 1764 1402 1820 Guillelmus
1416 1766 1658 1820 eamdem
1675 1765 1901 1835 patriam
1925 1764 2013 1818 de-

420 1852 679 1907 bellando
723 1853 954 1925 subegit.
1016 1852 1121 1921 Qui
1179 1854 1429 1909 videlicet
1484 1853 1830 1919 Guillelmus,
1891 1862 2017 1908 tunc

433 1941 687 2011 temporis
718 1958 813 1996 rex
843 1942 1140 2012 Anglorum
1174 1943 1364 2009 factus,
1406 1945 1510 1998 Dei
1568 1942 1764 1998 virtute
1821 1951 1875 1997 et
1927 1943 2016 1996 in-

432 2028 639 2083 dustria
668 2046 761 2082 sua
795 2031 957 2083 totius
1014 2030 1400 2085 ecclesiasticae
1455 2031 1741 2103 dignitatis
1784 2032 2019 2086 honores

431 2116 483 2171 in
520 2116 712 2171 melius
742 2118 1079 2174 reformavit.
1114 2119 1277 2188 Cujus
1308 2119 1734 2189 pimintentionis
1765 2120 2022 2190 operibus

429 2204 677 2261 invidens
707 2206 969 2261 bonorum
1000 2206 1239 2261 omnium
1271 2208 1521 2263 inimicus
1576 2208 1847 2274 diabolus,
1909 2215 2019 2261 tum

429 2293 783 2349 familiarium
829 2295 1130 2364 fraudibus,
1191 2304 1301 2351 tum
1361 2304 1735 2352 extraneorum
1791 2296 2020 2351 incursi-

2113 1142 2284 1210 mitte,
2318 1142 2489 1213 inquit
2518 1143 2627 1209 ille,
2662 1142 2777 1199 Deo
2808 1151 2860 1197 et
2889 1143 3018 1197 mihi
3067 1142 3211 1214 quod
3268 1142 3413 1198 diem
3468 1157 3708 1212 concep-

2115 1231 2277 1285 tionis
2307 1238 2359 1285 et
2388 1232 2678 1286 creationis
2707 1232 2886 1287 Matris
2913 1231 3127 1287 Domini
3157 1232 3322 1288 nostri
3352 1232 3480 1286 Jesu
3515 1229 3709 1286 Christi

2117 1319 2431 1375 solemniter
2457 1318 2784 1389 celebrabis,
2818 1328 2867 1375 et
2924 1320 3310 1376 celebrandum
3354 1318 3706 1391 praedicabis.

2115 1412 2181 1463 At
2211 1409 2327 1477 ille,
2361 1416 2417 1463 ut
2446 1409 2897 1478 prudentissimus
2930 1427 2943 1464 :
2978 1411 3043 1464 Et
3071 1410 3211 1481 quis,
3247 1409 3441 1480 inquit,
3474 1409 3592 1463 dies
3649 1408 3706 1462 in

2118 1498 2223 1553 hoc
2252 1498 2392 1553 festo
2422 1497 2777 1553 celebrandas
2806 1499 2906 1554 erit
2933 1499 2962 1552 ?
2991 1499 3177 1568 Sexto,
3206 1498 3299 1565 ait,
3331 1498 3456 1553 Idus
3485 1499 3712 1554 Decem-

2122 1587 2252 1653 bris,
2287 1587 2395 1641 hoc
2424 1586 2615 1641 festum
2647 1587 3112 1643 solemnizandum
3148 1587 3406 1642 tenebris.
3467 1588 3531 1642 Et
3588 1601 3717 1658 quo,

2123 1675 2297 1745 inquit
2327 1675 2519 1743 abbas,
2552 1675 2729 1732 officio
2759 1684 2973 1731 utemur
3014 1677 3071 1731 in
3127 1675 3502 1731 ecclesiastico
3554 1675 3719 1731 obse-

2124 1763 2249 1833 quio
2278 1763 2305 1817 ?
2334 1762 2528 1829 Omne,
2562 1764 2754 1836 inquit,
2788 1764 3021 1820 officium
3053 1764 3197 1836 quod
3254 1764 3453 1820 dicitur
3504 1764 3560 1818 in
3602 1764 3720 1833 ejus

2123 1852 2414 1907 Nativitate
2444 1852 2652 1907 dicetur
2681 1854 2733 1906 in
2767 1853 3153 1924 Conceptione,
3186 1861 3412 1923 excepto
3442 1852 3586 1923 quod
3615 1868 3721 1907 no-

2124 1957 2249 1995 men
2276 1940 2570 1995 nativitatis
2601 1942 2894 1997 mutabitur
2945 1944 3003 1997 in
3056 1959 3258 1997 nomen
3315 1941 3710 2012 conceptionis.

2126 2028 2225 2084 Hic
2253 2029 2409 2083 dictis
2439 2030 2527 2085 ille
2556 2029 2838 2102 disparuit,
2872 2038 2925 2085 et
2959 2031 3102 2086 dicto
3125 2032 3285 2085 citius
3341 2031 3528 2085 sedata
3577 2038 3720 2084 tem-

2126 2123 2358 2188 pestate,
2383 2118 2552 2173 abbas
2572 2119 2860 2174 incolumis
2881 2120 3092 2175 concito
3124 2119 3252 2175 ﬂatu
3281 2118 3539 2190 applicuit
3570 2117 3720 2173 litto-

2128 2208 2277 2261 ribus
2304 2207 2638 2279 Anglicanis,
2672 2215 2724 2263 et
2752 2224 2872 2277 quae
2899 2207 3103 2263 viderat
3132 2216 3183 2262 et
3227 2208 3470 2262 audierat
3526 2206 3722 2277 quibus

2129 2296 2302 2367 potuit
2327 2296 2646 2351 notiﬁcavit.
2681 2297 2875 2352 Statuit
2900 2306 3077 2352 autem
3107 2297 3248 2351 idem
3272 2296 3469 2351 festum
3502 2297 3557 2349 in
3604 2311 3720 2349 cu)-

429 2383 533 2438 bus
563 2382 835 2439 multoties
865 2393 1084 2438 conatus
1113 2394 1197 2440 est
1225 2386 1344 2455 ejus
1373 2386 1637 2441 obsistere
1659 2385 2017 2441 successibus.
2048 2405 2101 2468 B
2132 2386 2296 2441 nobio
2327 2386 2730 2455 (Remessiensi)
2760 2385 3044 2452 celebrari,
3076 2394 3127 2441 et
3154 2386 3273 2457 ipse
3303 2385 3541 2456 quandiu
3591 2384 3722 2439 vixit

438 2471 545 2527 Sed
573 2472 805 2528 Domino
836 2481 1153 2544 protegente
1181 2482 1232 2528 et
1263 2475 1538 2530 timentem
1574 2491 1631 2530 se
1681 2490 1863 2547 regem
1910 2474 2025 2546 glo-

434 2560 1050 2630 riﬁcante,adnihilum
1067 2564 1339 2619 deductus
1377 2569 1461 2621 est
1504 2565 1793 2636 malignus
1842 2564 2017 2635 (Psal.

432 2666 541 2718 xxv,
567 2649 640 2721 4).
672 2650 961 2705 Audientes
990 2659 1167 2706 autem
1196 2652 1328 2706 Daci
1357 2652 1605 2725 Angliam
1634 2669 1753 2708 esse
1810 2654 2022 2723 subjec-

432 2744 539 2791 tam
568 2739 974 2806 Northmannis,
1008 2739 1247 2811 graviter
1273 2750 1394 2795 sunt
1446 2742 1728 2813 indignati,
1789 2750 1860 2809 et,
1921 2758 2019 2797 suo

433 2825 587 2897 quasi
608 2827 948 2882 haereditario
972 2827 1094 2896 jure
1117 2828 1331 2898 privati,
1366 2844 1515 2884 arma
1547 2839 1754 2900 parant,
1790 2831 2018 2886 classem

432 2922 635 2986 aptant,
670 2924 724 2970 ut
754 2932 847 2970 eos
872 2917 1130 2972 adeuntes
1159 2934 1190 2972 a
1220 2918 1342 2972 data
1371 2918 1476 2973 sibi
1534 2919 1793 2973 divinitus
1845 2919 2020 2989 patria

433 3003 723 3074 expellant.
765 3005 877 3058 Hoc
921 3014 1217 3075 comperto,
1275 3006 1725 3075 prudentissimus
1782 3008 2018 3063 Guillel-

423 3107 547 3146 mus
577 3093 869 3165 quemdam
901 3093 1213 3166 religiosum
1228 3095 1474 3150 abbatem
1496 3095 1818 3165 (Helsinum)
1839 3112 2017 3151 coeno-

430 3179 502 3233 bii
518 3181 951 3252 (Remessiensis)
985 3183 1299 3238 accersitum
1331 3185 1382 3237 in
1416 3186 1641 3239 Daciam
1699 3185 1901 3256 dirigit,
1960 3193 2018 3239 ut

428 3268 665 3340 inquirat
692 3270 852 3338 hujus
885 3270 959 3325 rei
991 3271 1293 3327 veritatem.
1327 3276 1393 3327 At
1422 3274 1532 3341 ille,
1566 3281 1623 3328 ut
1671 3274 1753 3329 vir
1807 3274 2019 3345 sagacis

425 3356 648 3430 ingenii,
674 3366 891 3414 strenue
921 3361 1070 3432 regis
1101 3361 1377 3432 negotium
1409 3363 1734 3433 exsequitur.
1769 3362 1888 3430 Quo
1948 3361 2016 3416 ﬁ-

424 3445 618 3501 deliter
647 3456 883 3517 peracto,
915 3448 982 3502 ad
1011 3450 1257 3521 Angliam
1316 3452 1510 3507 reverti
1556 3452 1805 3521 cupiens,
1866 3467 2018 3508 mare

424 3535 729 3607 ingreditur
762 3543 845 3599 ;et
874 3553 998 3590 cum
1025 3536 1141 3609 jam
1173 3539 1461 3594 maximam
1486 3548 1688 3610 partem
1705 3540 1868 3594 maris
1890 3556 2015 3610 pro-

428 3640 587 3694 spero
616 3640 773 3679 cursu
804 3626 1106 3693 transisset,
1142 3628 1316 3683 subito
1347 3628 1527 3683 densis
1551 3629 1901 3700 surgentibus
1923 3646 2018 3683 un-

428 3713 591 3783 dique
617 3712 811 3782 ventis,
845 3714 1065 3768 horrida
1086 3722 1374 3785 tempestas
1392 3716 1587 3770 cmlum
1618 3717 1909 3772 commovit
1966 3724 2019 3771 et

426 3802 619 3855 undas.
655 3801 913 3873 Fatigatis
941 3803 1104 3874 igitur
1131 3803 1309 3857 nautis
1341 3822 1436 3859 nec
1488 3805 1626 3859 ultra
1676 3807 1791 3876 jam
1849 3805 2025 3859 obniti

432 3880 760 3955 valentibus,
795 3890 979 3945 fractis
1009 3893 1173 3946 remis
1201 3892 1520 3962 funibusque
1549 3893 1744 3963 ruptis,
1777 3893 2025 3949 cadenti-

431 3978 534 4032 bus
562 3978 715 4045 velis,
749 3995 870 4050 spes
900 3980 1086 4036 salutis
1116 3982 1376 4035 amittitur
1404 3983 1537 4036 nihil
1570 3982 1671 4036 sibi
1731 3982 1829 4037 nisi
1887 3983 2027 4036 sub-

433 4067 716 4121 mersionis
744 4067 964 4121 exitium
989 4069 1366 4125 miserabiliter
1381 4071 1837 4142 exspectantibus.
1862 4072 2026 4126 Cum-

437 4171 538 4224 que
568 4155 635 4209 de
663 4156 834 4211 salute
864 4172 1149 4227 corporum
1180 4159 1465 4229 desperati,
1499 4159 1795 4214 animarum
1818 4160 2027 4215 solum-

432 4246 594 4302 modo
624 4247 838 4319 magnis
869 4247 1197 4302 clamoribus
1229 4249 1457 4303 salutem
1489 4249 1727 4304 Creatori
1757 4266 1853 4304 suo
1882 4266 2030 4304 com-

434 4337 768 4403 mandarent,
801 4344 854 4390 et
883 4335 1248 4390 beatissimam
1310 4338 1585 4409 Virginem
1642 4339 1862 4392 Mariam
1922 4338 2027 4393 Dei

437 4422 782 4497 genitricem,
815 4426 1131 4481 miserorum
1161 4426 1451 4497 refugium,
1512 4435 1563 4481 ct
1618 4428 2024 4497 desperatorum

433 4532 586 4585 spem
617 4514 809 4570 devote
857 4515 1230 4578 reclamarent,
1280 4529 1410 4569 ecce
1466 4515 1642 4570 subito
1690 4515 2028 4585 conspiciunt

434 4605 724 4671 quemdam
754 4603 1044 4658 admodum
1075 4604 1389 4659 reverendm
1438 4603 1768 4658 habitudinis
1824 4604 2022 4670 virum,

430 4691 725 4761 pontificali
758 4691 925 4745 infula
957 4692 1286 4758 decoratum,
1321 4692 1475 4761 quasi
1498 4692 1637 4747 inter
1665 4691 1873 4747 medias
1918 4708 2023 4745 un-

430 4775 529 4829 das
560 4776 681 4830 navi
714 4776 1044 4845 proximum.
1079 4775 1181 4845 Qui
1213 4792 1412 4831 vocans
1443 4777 1509 4831 ad
1530 4793 1585 4830 se
1599 4777 1856 4831 abbatem
1880 4776 2028 4848 (Hel-

428 4863 646 4933 sinum),
681 4863 765 4917 his
793 4863 976 4918 verbis
1005 4864 1169 4935 cmpit
1194 4880 1319 4919 eum
1376 4865 1654 4936 appellare
1688 4880 1700 4919 :
1762 4866 1855 4921 Vis
1914 4865 2023 4930 (in-

427 4951 561 5022 quit)
610 4950 907 5022 periculum
952 4953 1114 5005 maris
1168 4953 1400 5008 evadere
1454 4955 1482 5007 ‘2
1543 4954 1631 5008 Vis
1685 4953 1740 5007 in
1796 4955 2023 5024 patriam

428 5048 575 5093 tuam
605 5054 765 5093 sanus
796 5040 973 5094 redire
1002 5040 1030 5093 εἶ
1060 5041 1299 5109 Cumque
1327 5057 1452 5095 cum
1485 5040 1610 5097 ﬁetu
1641 5041 1699 5096 id
1719 5049 1831 5098 toto
1862 5042 2023 5097 corde

2132 2475 2342 2529 devotis
2366 2474 2647 2544 obsequiis
2675 2474 2987 2531 celebravit.

2200 2562 2269 2616 Et
2296 2578 2396 2617 nos
2428 2578 2580 2634 ergo,
2615 2562 2806 2618 fratres
2835 2562 3194 2629 dilectissimi,
3226 2563 3269 2616 si
3300 2568 3515 2633 portum
3573 2560 3720 2617 salu-

2129 2650 2199 2704 tis
2229 2651 2479 2707 volumus
2509 2651 2944 2721 apprehendere,
2977 2652 3075 2706 Dei
3133 2651 3413 2724 genitricis
3466 2651 3719 2721 Concep-

2130 2740 2327 2794 tionem
2358 2739 2537 2810 dignis
2566 2739 2841 2811 obsequiis
2867 2747 2918 2795 et
2946 2739 3137 2796 oliiciis
3192 2739 3608 2807 celebrabimus,
3666 2746 3725 2794 ut

2126 2827 2194 2881 ab
2222 2826 2342 2896 ejus
2373 2826 2483 2882 lilio
2514 2827 2676 2901 digna
2705 2830 2952 2884 mercede
2970 2846 3401 2885 remuneremur.

2198 2917 2440 2971 Rursum
2472 2918 2585 2971 haec
2615 2917 2928 2972 solemnitas
2956 2917 3082 2972 alibi
3116 2917 3220 2973 alio
3267 2919 3429 2974 modo
3485 2916 3725 2972 declara-

2126 3010 2232 3060 tur.
2266 3005 2534 3076 Tempore
2562 3021 2789 3075 namque
2820 3005 3001 3061 Caroli
3028 3006 3177 3078 regis
3225 3007 3550 3061 Francorum
3594 3006 3723 3060 illu-

2126 3093 2396 3162 strissimi,
2429 3093 2656 3149 clericus
2682 3094 2903 3165 quidam
2932 3094 3122 3149 ordine
3178 3094 3438 3149 diaconus
3493 3095 3723 3165 Hunga-

2125 3180 2220 3236 rite
2253 3182 2398 3254 regis
2428 3198 2741 3254 germanus,
2775 3184 3000 3237 Matrem
3027 3183 3151 3237 Jesu
3202 3191 3312 3238 toto
3369 3183 3530 3238 corde
3588 3182 3722 3235 dili-

2125 3287 2278 3341 gens,
2307 3271 2424 3341 ejus
2453 3271 2615 3325 horas
2640 3270 2899 3325 sollicitus
2925 3271 3268 3327 decantabat.
3302 3273 3588 3326 Parentum
3618 3286 3721 3326 au-

2127 3366 2231 3413 tem
2259 3376 2476 3414 suorum
2504 3360 2748 3427 consilio,
2801 3360 3008 3415 nubere
3065 3361 3258 3416 volens
3313 3377 3433 3415 cum
3490 3360 3722 3432 quadam

2127 3447 2525 3502 adolescentula
2554 3448 2709 3503 valde
2742 3448 3122 3519 pulcherrima,
3156 3458 3379 3519 accepta
3406 3465 3439 3504 a
3488 3448 3723 3519 presby-

2128 3544 2244 3592 tero
2278 3537 2501 3609 nuptiali
2530 3537 2928 3604 benedictione,
2961 3537 3196 3610 quadam
3224 3537 3336 3604 die,
3362 3538 3526 3591 missa
3556 3537 3720 3592 etiam

2125 3626 2420 3695 celebrata,
2454 3625 2761 3681 recordatus
2793 3626 2937 3697 quod
2969 3625 3217 3694 ejusdem
3248 3625 3571 3681 beatissima!
3596 3624 3720 3679 Vir-

2128 3715 2270 3787 ginis
2300 3717 2461 3769 horas
2487 3714 2581 3769 illa
2612 3715 2719 3780 die,
2745 3715 2899 3785 juxta
2926 3730 3132 3769 morem
3163 3713 3399 3783 solitum,
3432 3730 3540 3768 non
3582 3729 3721 3768 can-

2137 3811 2361 3871 taverat,
2395 3819 2652 3874 sponsam
2682 3803 2899 3858 domum
2931 3802 3166 3867 mittens,
3198 3818 3387 3857 omnes
3417 3802 3486 3857 ab
3544 3802 3722 3857 eccle-

2137 3891 2218 3945 sia
2251 3892 2397 3947 exire
2428 3892 2630 3962 coegit,
2664 3899 2717 3947 et
2747 3893 3025 3962 ipsejuxta
3069 3892 3235 3947 altare
3294 3892 3530 3963 Virginis
3579 3892 3725 3946 solus

2137 3981 2419 4035 remansit.
2492 3981 2734 4051 Cumque
2783 3981 2944 4035 horas
2996 3980 3295 4035 Dominicae
3352 3980 3541 4034 Matris
3622 3981 3722 4035 de-

2135 4076 2397 4137 cantaret,
2432 4077 2481 4123 et
2498 4071 2637 4123 hanc
2666 4068 3016 4138 antiphonam
3038 4069 3285 4125 Pulchra
3316 4086 3372 4125 es
3410 4072 3464 4124 et
3503 4069 3721 4138 decora,

2135 4158 2255 4227 ﬁlia
2271 4159 2840 4224 Jerusalem,diceret,
2877 4158 3053 4213 subito
3072 4157 3384 4229 apparuitei
3414 4158 3581 4230 Virgo
3612 4158 3725 4211 Ma-

2136 4249 2213 4303 ria
2243 4264 2360 4302 cum
2388 4246 2598 4301 duobus
2626 4247 2851 4319 angelis,
2912 4246 3155 4301 dextram
3213 4246 3326 4315 ejus
3374 4262 3615 4310 manum,
3674 4253 3727 4300 et

2134 4336 2327 4392 laevam
2358 4335 2678 4401 tenentibus,
2711 4336 2913 4400 dicens,
2940 4335 2989 4389 ei
3022 4352 3034 4390 :
3070 4335 3131 4389 Si
3161 4350 3265 4406 ego
3322 4351 3438 4388 sum
3494 4334 3729 4403 pulchra

2134 4434 2187 4480 et
2218 4427 2433 4491 decora,
2468 4424 2597 4494 quid
2628 4432 2709 4479 est
2738 4424 2881 4493 quod
2909 4423 3138 4477 dimittis
3195 4439 3301 4491 me,
3362 4430 3417 4477 et
3473 4438 3725 4492 sponsam

2133 4515 2295 4569 aliam
2326 4514 2531 4583 accipis
2559 4516 2587 4566 ε)
2616 4512 2891 4582 Numquid
2923 4528 3028 4582 ego
3060 4527 3178 4565 sum
3209 4512 3409 4580 optime
3439 4511 3679 4566 formosa
3698 4510 3727 4562 εν

2132 4602 2410 4676 Numquid
2466 4618 2569 4672 ego
2600 4616 2717 4655 sum
2775 4599 3050 4670 pulchrior
3079 4599 3169 4653 illa
3199 4599 3226 4652 ε)
3255 4599 3357 4655 Ubi
3388 4599 3573 4655 vidisti
3618 4607 3727 4653 tam

2131 4691 2462 4763 pulchram?
2508 4690 2605 4744 Cui
2638 4688 2727 4743 ille
2755 4687 3090 4757 stupefactus
3146 4687 3263 4741 ait:
3327 4688 3556 4743 Domina
3605 4702 3730 4742 mea

2132 4780 2467 4845 dulcissima,
2498 4777 2762 4832 claritudo
2794 4785 2880 4830 tua
2913 4791 3138 4830 omnem
3195 4776 3378 4837 mundi
3439 4775 3731 4846 pulchritu-

2131 4868 2313 4922 dinem
2343 4865 2582 4923 excellit.
2622 4864 2764 4932 Quid
2796 4864 2894 4931 vis,
2928 4864 3167 4931 domina,
3202 4871 3259 4919 ut
3306 4863 3502 4920 faciam
3548 4864 3577 4917 ?
3633 4863 3731 4918 Ait

2130 4956 2222 5010 illa
2255 4974 2266 5009 :
2301 4955 2361 5010 Si
2392 4968 2644 5025 sponsam
2675 4952 2972 5018 carnalem,
3005 4953 3090 5006 cui
3120 4952 3397 5007 adhaerere
3427 4952 3731 5021 vis,amore

2134 5043 2242 5100 mei
2270 5042 2557 5108 dimiseris,
2594 5057 2687 5095 me
2718 5056 2974 5112 sponsam
3004 5041 3061 5094 in
3091 5040 3300 5095 caelesti
3330 5056 3503 5112 regno
3557 5040 3728 5095 babe-

426 5127 734 5182 desiderare
763 5136 813 5182 et
839 5128 941 5183 hoc
955 5128 1133 5183 solum
1166 5138 1479 5198 exspectare
1496 5130 1873 5200 responderet,
1898 5139 2025 5185 tunc
2052 5106 2106 5169 D
2138 5134 2251 5196 bis;
2285 5139 2338 5186 et
2369 5132 2411 5185 si
2479 5129 2857 5200 Conceptionis
2898 5144 3036 5184 mete
3092 5128 3289 5182 festum
3344 5129 3621 5183 annuatim
3680 5144 3732 5185 vi

433 5217 524 5272 ille
557 5234 570 5269 :
600 5216 751 5272 Scias
778 5217 994 5287 (inquit)
1026 5233 1111 5272 me
1144 5217 1212 5271 ad
1242 5226 1293 5272 te
1323 5233 1354 5271 a
1383 5219 1600 5273 domina
1656 5227 1859 5284 nostra,
1919 5218 2017 5273 Dei

434 5306 695 5378 genitrice
726 5306 915 5374 Maria,
948 5306 1214 5360 directura
1258 5323 1396 5372 esse,
1452 5307 1519 5362 ad
1577 5323 1737 5378 quam
1796 5308 2025 5363 dulciter

428 5393 737 5450 reclamasti
769 5408 782 5463 ;
816 5402 867 5449 et
898 5394 945 5448 si
974 5394 1131 5449 dictis
1161 5395 1293 5449 meis
1340 5394 1719 5465 obtemperare
1765 5395 2020 5464 volueris,

430 5500 595 5539 sanus
625 5498 747 5539 cum
777 5481 1063 5537 comitibus
1094 5482 1197 5537 tuis
1227 5482 1424 5538 evades
1471 5484 1760 5540 imminens
1816 5484 2022 5556 pericu-

431 5573 539 5630 lum
570 5572 757 5628 maris.
792 5572 890 5628 Ille
919 5587 1047 5628 vero
1078 5572 1222 5628 illico
1253 5572 1482 5644 spondet
1509 5589 1566 5629 se
1596 5574 1646 5627 ei
1678 5573 1732 5627 in
1771 5572 2025 5629 omnibus

2136 5222 2263 5277 Idus
2292 5220 2617 5275 Decembris
2658 5218 2973 5274 solemniter
3024 5217 3407 5285 celebraveris,
3469 5225 3522 5272 et
3581 5217 3731 5272 cele-

2134 5309 2394 5364 brandum
2426 5306 2831 5379 praedicaveris,
2858 5321 3065 5361 mecum
3088 5307 3142 5359 in
3165 5321 3334 5377 regno
3358 5305 3478 5360 Filii
3501 5305 3606 5361 mei
3624 5306 3733 5359 lau-

2132 5406 2310 5453 reatus
2338 5397 2465 5452 eris.
2498 5397 2593 5450 llis
2621 5396 2776 5451 dictis
2798 5395 2957 5450 beata
2994 5392 3160 5464 Virgo
3188 5394 3481 5464 disparuit;
3507 5394 3734 5448 ciericus

2131 5502 2259 5543 vero
2276 5485 2497 5541 domum
2518 5484 2667 5541 adire
2688 5484 2881 5551 renuit,
2901 5490 2955 5538 et
2975 5482 3179 5553 absque
3200 5490 3485 5552 parentum
3507 5496 3731 5536 suorum

2133 5570 2381 5637 consilio,
2421 5570 2491 5626 ad
2520 5568 2792 5625 abbatiam
2824 5566 3113 5639 quamdam
3145 5572 3300 5622 extra
3327 5565 3554 5638 patriam
3586 5565 3733 5620 illam
