4036 6072
311 309 406 363 321

1357 305 1627 361 ΒΡΕΙΠΛ.
1667 333 1733 341 -
1774 297 1866 354 DE
1898 297 2233 352 CONCEPT.
2269 301 2324 352 Β.
2368 297 2619 353 MARLE.

3512 320 3612 372 322

310 435 567 504 perrexit,
609 441 659 487 et
692 432 893 486 ibidem
932 429 1234 486 monachali
1275 428 1458 482 habitu
1500 429 1803 488 decoratus,
1859 430 1910 476 et
1940 420 1992 482 A
2024 421 2289 488 nativitas,
2316 421 2389 475 sic
2421 421 2520 480 fuit
2549 425 2852 479 necessaria
2891 428 3006 496 ejus
3070 432 3354 499 conceptio
3388 452 3400 495 ;
3456 437 3613 504 jussu

311 532 434 594 post
472 531 684 592 tempus
713 522 967 591 exiguum
999 520 1201 573 meritis
1239 518 1410 571 beatae
1468 516 1647 569 Mariae
1701 527 1913 579 semper

315 613 569 682 Virginis,
627 628 745 681 quae
776 611 991 680 quidem
1027 609 1313 678 diligentes
1341 623 1397 660 se
1429 606 1644 658 decorat
1703 616 1914 670 semper

311 712 364 756 et
400 701 695 770 beatiﬁcat,
741 699 998 769 Aquileia:
1047 698 1329 766 episcopus
1384 693 1691 764 patriarcha
1743 691 1914 743 factus

311 790 504 843 festum
537 787 900 857 conceptionis
931 788 986 840 Β.
1025 785 1254 856 Virginis
1309 783 1395 836 die
1453 781 1698 850 praefato,
1733 794 1911 849 quan-

311 878 404 932 diu
446 879 597 941 vixit,
641 876 910 928 animatim
944 891 1062 927 cum
1094 872 1327 942 propriis
1366 870 1569 924 octavis
1627 869 1915 937 diligenter

311 966 622 1032 celebravit,
642 973 692 1018 et
723 965 921 1034 ubique
950 963 1331 1017 celebrandum
1375 959 1714 1029 prmdieavit.

382 1073 538 1126 Aliud
559 1074 719 1127 etiam
752 1071 1071 1125 miraculum
1105 1069 1263 1137 hujus
1302 1065 1601 1122 festivitatis
1650 1063 1777 1117 alibi
1836 1061 1914 1114 di-

315 1162 444 1216 vina
467 1162 762 1230 inspirante
792 1160 990 1229 gratia,
1034 1175 1064 1211 a
1090 1157 1248 1210 nobis
1283 1156 1603 1210 declaratur.
1641 1152 1912 1221 lnpelago

317 1249 534 1303 Gallico
567 1249 853 1303 canonicus
884 1248 1125 1318 quidam,
1158 1245 1345 1299 ordine
1359 1244 1630 1307 sacerdos,
1651 1240 1838 1294 solitus
1857 1239 1909 1292 Β.

318 1340 400 1392 Ma
411 1339 502 1392 ria).
545 1337 780 1408 Virginis
799 1339 955 1391 horas
967 1335 1251 1389 canonicas
1269 1335 1579 1396 decantare,
1600 1346 1631 1384 a
1644 1329 1769 1384 villa
1789 1344 1915 1397 qua-

319 1423 467 1488 dam,
499 1423 588 1476 ubi
620 1438 740 1475 cum
775 1437 941 1474 uxore
971 1419 1186 1472 alterius
1217 1418 1510 1471 fornicatus
1565 1416 1755 1477 fuerat,
1825 1428 1914 1464 re-

323 1512 496 1576 diens,
523 1510 590 1562 ad
624 1509 890 1578 oppidum
924 1508 974 1560 in
1008 1503 1681 1575 quomorabaturtendere
1699 1516 1912 1566 curans,

320 1608 371 1654 et
402 1599 627 1669 pelagus
659 1599 918 1665 Sequanae
958 1604 1283 1650 transmeare
1331 1593 1573 1661 cupiens,
1615 1590 1758 1643 solus
1814 1605 1918 1642 na-

318 1705 443 1742 vein
470 1687 740 1758 ingressus
790 1684 1088 1738 Dominicee
1155 1682 1335 1735 Matris
1399 1683 1554 1734 horas
1605 1678 1917 1747 navigando

2021 512 2114 564 Dei
2147 515 2444 585 concipitur
2481 525 2530 570 et
2566 517 2817 570 nascitur.
2854 517 2983 569 Inde
3008 517 3048 569 si
3083 517 3265 573 divina
3324 523 3457 577 ratio
3501 542 3617 594 per-

2020 602 2606 672 spiciatur,spiritualis
2664 605 3030 672 conceptionis
3105 607 3216 673 ejus
3269 609 3384 664 dies
3442 614 3618 682 major

2023 689 2135 744 fore
2176 693 2510 761 approbatur
2541 709 2701 761 quam
2733 693 2852 761 ejus
2875 693 3185 749 nativitatis.

2093 805 2198 858 Res
2229 807 2371 859 enim
2404 806 2578 874 major
2606 808 2827 873 eXslilit,
2861 810 3032 862 Adam
3075 827 3105 864 a
3127 813 3238 865 Deo
3271 817 3437 869 creari
3454 833 3614 888 quam

2021 891 2158 946 ﬁlios
2187 894 2315 947 Adae
2345 895 2412 948 de
2438 904 2608 949 matre
2640 897 2783 949 nasci
2816 913 2826 956 ;
2866 913 2971 949 non
3011 907 3089 952 est
3127 901 3318 954 mirum
3359 905 3403 957 si
3455 907 3616 962 homo

2022 996 2052 1032 a
2092 982 2204 1034 Deo
2237 983 2301 1035 de
2333 991 2498 1035 matre
2531 983 2782 1036 nascitur.
2820 985 3145 1040 Erubescant
3168 988 3332 1058 igitur
3398 995 3615 1049 omnino

2021 1070 2295 1134 inseusati,
2331 1070 2420 1140 qui
2449 1079 2590 1123 tanta
2643 1082 2997 1136 sacramenta,
3060 1084 3310 1147 tantaque
3368 1085 3616 1151 mysteria

2023 1158 2259 1211 tenebris
2308 1159 2628 1229 ignorantiae
2679 1161 2931 1214 exczecati
2989 1161 3109 1217 ideo
3167 1178 3423 1234 respuunt
3480 1172 3617 1225 cele-

2022 1246 2178 1300 brare
2207 1248 2350 1315 quod
2386 1247 2479 1300 viri
2513 1262 2575 1301 ac
2608 1249 2848 1301 mulieris
2881 1252 3162 1320 cepulatio
3194 1253 3617 1327 incouccptioue

2029 1334 2258 1404 Virginis
2288 1336 2481 1389 exstitit
2517 1337 2594 1398 ;si
2636 1337 2780 1390 enim
2807 1337 2924 1404 ejus
2954 1341 3378 1409 conceptionem,
3413 1347 3616 1403 idcirco

2025 1423 2169 1492 quod
2201 1424 2435 1476 carnalis
2466 1425 2684 1492 exstitit,
2718 1426 2892 1478 stultis
2923 1443 3026 1480 non
3056 1428 3230 1496 placet
3261 1432 3420 1488 hodie
3469 1437 3613 1490 cele-

2025 1511 2204 1575 brare,
2229 1519 2406 1564 tamen
2441 1513 2581 1566 diem
2623 1521 2672 1565 et
2701 1521 2913 1567 noctem
2947 1515 3089 1568 illam
3124 1518 3364 1587 dignam,
3421 1541 3614 1594 quam-

2025 1601 2104 1655 vis
2135 1601 2312 1653 multis
2342 1601 2403 1654 sit
2439 1601 2730 1671 iocognita,
2765 1612 2811 1655 et
2838 1609 3052 1672 tempus
3107 1612 3158 1659 et
3218 1608 3403 1663 horam
3452 1613 3616 1682 spiri-

2028 1689 2185 1766 tualis
2234 1690 2600 1758 conceptionis
2657 1695 2769 1758 ejus
2827 1691 2988 1745 hodie
3037 1694 3303 1749 celebrare
3372 1699 3615 1769 delectet,

319 1793 510 1831 canere
567 1775 747 1844 cmpit.
807 1774 1046 1841 Cumque
1098 1770 1484 1834 invitatoriam,
1541 1769 1666 1834 Are,
1719 1769 1915 1832 Maria,
1950 1773 2002 1832 B
2033 1793 2136 1846 qua
2181 1778 2298 1846 ipse
2347 1777 2649 1830 auirnarum
2701 1780 2920 1832 Creator
2973 1782 3205 1836 animam
3272 1804 3381 1842 sua:
3436 1794 3623 1847 matris

317 1867 501 1936 gratia
533 1863 1014 1935 plcna,D0minur
1043 1865 1249 1924 tecum,
1287 1860 1508 1922 diceret,
1577 1866 1628 1912 et
1692 1857 1808 1925 jam
1867 1858 1920 1910 in

317 1955 500 2009 medio
529 1952 763 2005 ﬂuminis
796 1958 952 2018 esset,
996 1949 1290 2004 ecceturba
1323 1964 1518 2018 magna
1542 1948 1846 2001 dzemonum
1869 1947 1918 1998 in

317 2042 590 2115 profundo
613 2039 817 2110 pelagi,
858 2056 964 2092 una
993 2055 1111 2091 cum
1144 2039 1261 2107 ejus
1299 2037 1542 2090 navicula
1574 2052 1696 2088 eum
1723 2035 1918 2104 pia-ci-

318 2131 530 2203 pilavit,
573 2139 625 2184 et
655 2129 770 2197 ejus
806 2127 1049 2181 animam
1107 2127 1282 2196 rapuit
1348 2125 1415 2178 ad
1473 2133 1766 2180 tormenta.
1820 2123 1919 2176 Die

321 2229 498 2275 autem
535 2219 687 2274 tertia
731 2218 907 2271 locum
954 2232 1060 2287 quo
1119 2215 1401 2268 duunones
1457 2230 1579 2267 eum
1646 2212 1920 2266 tormentis

323 2309 649 2373 adiciebant,
684 2306 828 2360 venit
859 2307 1026 2358 Mater
1055 2304 1176 2357 Jesu
1199 2319 1318 2356 cum
1353 2318 1552 2373 magna
1601 2301 1917 2371 angelorum

322 2398 596 2463 societate,
640 2395 823 2448 dicens
861 2393 968 2447 eis:
1005 2394 1070 2447 Ut
1110 2392 1236 2461 quid
1269 2392 1502 2445 animam
1536 2389 1722 2442 famuli
1755 2388 1917 2443 nostri

324 2486 396 2540 ita
420 2485 615 2554 injuste
652 2482 936 2553 aﬂligitis‘?
972 2482 1104 2546 Nos,
1167 2481 1434 2548 inquiunt,
1490 2495 1610 2532 eam
1660 2477 1920 2531 debemus

325 2575 546 2640 habere,
581 2581 631 2627 et
662 2573 869 2636 merito,
902 2570 1155 2640 quoniam
1199 2570 1249 2622 in
1281 2570 1472 2622 nostris
1493 2567 1747 2636 operibus
1764 2575 1919 2636 capta

326 2673 424 2719 est.
461 2662 674 2731 Quibus
714 2662 880 2714 Mater
908 2660 1030 2713 Jesu
1060 2676 1070 2711 ε
1116 2658 1169 2712 Si
1203 2657 1344 2711 illius
1377 2657 1537 2711 debet
1588 2671 1704 2709 esse
1770 2655 1921 2722 cujus

325 2767 489 2821 opera
521 2750 772 2816 faciebat,
816 2764 946 2820 ergo
1005 2755 1185 2802 nostra
1253 2746 1413 2800 debet
1468 2761 1608 2811 esse,
1665 2744 1920 2813 quoniam

326 2840 617 2894 matutinas
655 2846 884 2901 nostras,
919 2838 1045 2889 dum
1076 2852 1171 2890 vos
1209 2851 1332 2889 eum
1363 2834 1688 2904 peremistis,
1733 2833 1922 2886 decan-

323 2929 505 2989 tabat;
542 2928 684 2981 unde
701 2926 876 2997 magis
907 2926 984 2980 rei
1025 2924 1171 2988 estis,
1219 2923 1309 2993 qui
1364 2923 1547 2991 iniqua
1611 2931 1797 2976 contra
1835 2936 1920 2974 me

325 3017 529 3088 egistis.
560 3017 654 3069 His
711 3015 865 3068 dictis
917 3014 1195 3067 daemones
1249 3012 1352 3064 huc
1411 3012 1640 3080 illucque
1695 3009 1922 3079 dispersi

2030 1866 2271 1936 dignam,
2305 1874 2355 1918 et
2377 1867 2763 1919 sanctissimam
2797 1871 3011 1936 corpori
3053 1871 3302 1942 virginali
3343 1877 3459 1945 ejus
3514 1882 3620 1933 mi-

2028 1953 2380 2007 nistrantibus
2419 1954 2624 2024 angelis
2667 1956 2985 2024 copulavit;
3044 1975 3205 2027 quam
3262 1965 3421 2018 etiam
3477 1969 3620 2023 diem

2026 2042 2258 2112 primam
2315 2051 2512 2096 nostrae
2569 2044 2920 2112 reparationis
2978 2054 3028 2099 et
3092 2049 3275 2102 salutis
3333 2054 3624 2123 dispositor

2026 2139 2219 2184 nostra)
2249 2131 2558 2185 salvationis
2588 2132 2727 2184 inter
2762 2141 2986 2187 cmteros
3019 2135 3133 2189 dies
3162 2139 3620 2216 fecit,pra:elegit,

2027 2227 2078 2273 et
2108 2219 2459 2274 sanctiticavit
2493 2237 2504 2281 ;
2541 2235 2663 2273 nam
2697 2221 2818 2275 dure
2848 2231 2967 2275 sunt
2996 2229 3374 2296 conceptiones
3394 2231 3625 2290 hominis

2027 2309 2154 2377 (hoc
2183 2309 2433 2361 omnibus
2465 2309 2651 2376 peritis
2681 2317 2865 2363 notum
2911 2314 3030 2380 est),
3077 2330 3180 2367 una
3235 2334 3340 2386 qua
3396 2324 3625 2377 carnalis

2028 2396 2218 2465 copula
2250 2397 2349 2449 viri
2384 2413 2444 2450 ac
2468 2397 2706 2450 mulieris
2761 2399 2958 2468 agitur,
3019 2402 3126 2454 alia
3174 2421 3280 2474 qua
3325 2409 3626 2477 spiritualis

2026 2486 2200 2538 anima
2223 2501 2360 2538 nova
2393 2494 2442 2539 et
2474 2503 2605 2554 pura
2636 2487 2750 2539 Deo
2791 2496 3054 2555 operante
3104 2495 3312 2561 corpori
3371 2497 3626 2556 divinitus

2026 2573 2354 2643 adiungitur.
2391 2573 2444 2626 Si
2479 2589 2580 2626 non
2603 2574 2778 2642 placet
2799 2575 2870 2629 illi
2896 2577 3172 2633 celebrare
3197 2582 3622 2643 DominicaaMa-

2026 2663 2120 2716 tris
2154 2662 2421 2716 carnalem
2444 2663 2871 2731 conceptionem,
2908 2665 3096 2718 saltem
3126 2669 3623 2737 placeatti'elebrare

2028 2751 2144 2820 ejus
2174 2751 2367 2804 anima)
2397 2751 2728 2818 spiritualem
2760 2752 3090 2807 creationem
3121 2761 3468 2831 corporisque
3500 2783 3624 2822 cum

2029 2839 2211 2892 anima
2242 2837 2658 2908 copulationem.
2695 2839 2739 2892 Ο
2764 2849 2961 2908 quanta
3000 2850 3078 2896 est
3107 2845 3224 2899 dies
3249 2847 3358 2913 illa,
3396 2868 3499 2920 qua
3538 2871 3630 2910 no-

2030 2935 2152 2980 str'ce
2177 2926 2526 2994 repaiatricis
2550 2926 2730 2979 anima
2761 2928 2928 2997 digna
2961 2939 3188 3000 creatur,
3223 2940 3277 2988 et
3320 2941 3630 2996 sanctifica-

2032 3023 2132 3080 tur,
2169 3023 2221 3069 et
2251 3015 2596 3068 sanctissimo
2620 3015 2832 3084 corpori
2866 3017 3196 3074 uniturlnon
3212 3032 3292 3078 est
3309 3027 3449 3080 enim
3476 3046 3630 3086 verus

325 3106 600 3177 fugerunt,
622 3113 671 3158 et
705 3103 864 3156 beata
891 3101 1058 3156 Maria
1088 3101 1319 3154 animam
1354 3100 1564 3153 reduxit
1595 3100 1663 3151 ad
1697 3113 1919 3168 corpus,
1953 3122 2001 3184 Ο
2033 3110 2248 3157 amator
2280 3103 2515 3172 Virginis
2547 3102 2636 3172 qui
2669 3105 2878 3171 respuit
2921 3107 3100 3162 colere
3140 3110 3280 3166 diem
3335 3116 3453 3184 ejus
3508 3135 3637 3174 ροη-

325 3204 377 3250 et
407 3194 679 3248 hominem
710 3193 776 3245 ab
809 3200 1037 3260 utroque
1069 3189 1258 3243 funere
1293 3189 1607 3244 suscitatum
1639 3205 1735 3258 per
1791 3189 1921 3242 bra-

325 3284 506 3339 chium
524 3281 805 3351 arripiens,
841 3295 1033 3349 aquam
1057 3295 1087 3331 a
1108 3277 1308 3332 dextris
1337 3285 1387 3332 et
1419 3294 1449 3331 a
1506 3278 1738 3330 sinistris
1777 3277 1925 3346 quasi

327 3388 540 3426 murum
567 3379 709 3423 stare
735 3368 953 3439 jubens,
987 3367 1054 3420 de
1083 3366 1351 3436 profundo
1383 3366 1561 3436 pelagi
1594 3367 1663 3420 ad
1711 3375 1924 3436 portum

325 3461 654 3516 incolumem
689 3457 915 3511 reduxit.
948 3457 1016 3510 At
1045 3455 1133 3509 ille
1164 3455 1403 3526 gaudens
1434 3456 1659 3524 pedibus
1693 3457 1748 3508 Β.
1801 3455 1922 3509 Vir-

325 3549 472 3621 ginis
501 3553 804 3617 prostratus
835 3545 907 3598 ait
941 3561 951 3596 :
989 3543 1334 3610 Charissima,
1398 3543 1618 3597 domina
1675 3559 1814 3610 mea,
1873 3552 1926 3598 et

325 3637 494 3707 Virgo
524 3635 772 3705 speciosa
812 3633 1024 3688 Christo
1062 3631 1391 3703 gratissima,
1426 3632 1558 3704 quid
1579 3631 1670 3684 tibi
1693 3633 1924 3687 tribuam

330 3742 432 3795 pro
463 3724 621 3778 tantis
650 3721 922 3776 beneﬁciis
953 3737 1072 3792 quae
1101 3721 1229 3774 mihi
1274 3721 1447 3774 fecisti
1477 3721 1505 3774 ‘?
1545 3719 1780 3774 liberasti
1839 3737 1924 3774 me

330 3815 396 3868 de
427 3829 521 3867 ore
546 3812 738 3878 leonis,
771 3818 821 3864 et
861 3811 927 3864 de
995 3810 1279 3864 tormentis
1338 3809 1535 3863 inferni
1591 3809 1926 3879 gravissimis

331 3902 571 3955 animam
607 3915 800 3953 meam.
836 3898 929 3954 Cui
963 3899 1130 3952 Mater
1152 3899 1278 3951 Jesu
1309 3897 1380 3951 ait
1415 3915 1427 3950 :
1475 3898 1674 3951 Precor
1730 3904 1798 3962 te,
1860 3913 1926 3951 ne

331 3991 398 4044 de.
428 3998 626 4044 caetero
665 3988 717 4041 in
748 3987 992 4041 adulterii
1023 3990 1305 4056 peccatum
1338 3986 1528 4052 cadas,
1589 4001 1654 4039 ne
1693 3984 1783 4038 ﬂat
1827 3985 1924 4039 tibi

331 4078 653 4132 novissimus
691 4092 842 4131 error
878 4075 1035 4146 pejor
1064 4075 1267 4144 priore.
1310 4074 1505 4129 Precor
1535 4081 1585 4128 te
1617 4074 1812 4128 iterum
1870 4079 1927 4127 ut

331 4167 397 4221 de
428 4174 624 4221 caztero
656 4165 846 4218 festum
879 4162 1246 4232 conceptionis
1275 4178 1410 4217 meae
1454 4163 1647 4217 devote
1688 4164 1929 4218 celebres

332 4255 608 4309 annuatim
652 4270 705 4308 v1
729 4253 852 4306 ldus
890 4251 1223 4315 Decembris,
1245 4259 1293 4304 et
1315 4251 1517 4322 ubique
1541 4251 1926 4307 celebrandum

329 4343 616 4413 praedices.
640 4342 762 4394 Mox
792 4349 847 4394 ut
877 4341 930 4394 id
971 4340 1103 4393 dixit
1127 4341 1182 4393 Β.
1207 4339 1373 4410 Virgo
1395 4341 1577 4407 Maria,
1595 4357 1658 4395 eo
1676 4351 1926 4397 cernente

2034 3191 2316 3260 ceptionis.
2354 3190 2682 3244 Erubescant
2713 3192 2901 3244 iterum
2927 3193 3098 3249 insani
3155 3199 3246 3269 qui
3298 3203 3437 3258 hunc
3492 3207 3635 3262 diem

2034 3281 2213 3335 colere
2240 3295 2345 3333 non
2379 3279 2558 3332 volunt
2612 3278 2812 3333 idcirco
2871 3282 2996 3351 quia
3052 3284 3276 3340 aliorum
3327 3301 3633 3352 sanctorum

2034 3368 2415 3436 conceptiones
2456 3367 2676 3420 minime
2703 3368 2884 3422 colere
2915 3379 3094 3425 sancta
3126 3379 3404 3433 consuevit
3440 3382 3632 3439 Eccle-

2033 3457 2134 3510 sia.
2159 3455 2392 3509 Maxima
2420 3455 2621 3525 quippe
2641 3455 2910 3510 rusticitas
2935 3467 3010 3512 est
3041 3477 3157 3515 eam
3191 3464 3310 3519 aliis
3340 3472 3536 3524 sanctis
3576 3473 3633 3527 in

2033 3546 2136 3600 hoc
2162 3559 2496 3614 comparare,
2533 3543 2584 3595 in
2616 3559 2721 3613 qua
2742 3545 2886 3598 Deus
2916 3561 3134 3603 carnem
3187 3553 3474 3612 humanam
3535 3577 3629 3614 as-

2033 3632 2283 3702 sumpsit,
2310 3649 2468 3702 quam
2493 3632 2653 3686 etiam
2687 3648 2850 3701 super
2877 3650 3065 3691 omnes
3079 3642 3303 3712 angelos
3324 3654 3373 3698 et
3395 3650 3634 3704 archan-

2032 3723 2187 3793 gelos
2217 3722 2268 3773 in
2327 3721 2477 3775 curtis
2529 3721 2884 3791 sublimavit;
2937 3731 3184 3795 quamvis
3237 3733 3378 3787 enim
3425 3723 3672 3795 caeteris"

2033 3810 2232 3863 sanctis
2263 3810 2378 3863 dies
2407 3809 2774 3879 conceptionis
2795 3826 2979 3866 eorum
3013 3832 3116 3870 non
3150 3819 3215 3872 sit
3248 3837 3557 3880 concessum
3582 3838 3637 3884 ut

2033 3899 2348 3966 celebretur,
2395 3899 2469 3952 illi
2515 3907 2691 3953 tamen
2736 3916 2766 3954 a
2815 3899 3014 3969 Spiritu
3073 3917 3262 3962 sancto
3320 3928 3636 3970 concessum

2034 3995 2131 4054 est,
2164 4003 2281 4055 qua)
2303 3988 2479 4055 major
2509 3998 2559 4044 et
2596 3995 2949 4049 excellentior
2995 3998 3200 4050 cunctis
3246 4009 3352 4054 est.
3415 4003 3638 4061 Pulchre

2035 4086 2086 4129 et
2116 4076 2278 4146 digne
2307 4075 2725 4134 dominationem
2778 4100 2942 4152 super
2999 4095 3230 4141 carteros
3282 4099 3491 4144 sanctos
3545 4094 3640 4148 illa

2037 4165 2193 4218 debet
2226 4165 2441 4228 habere,
2479 4182 2574 4234 per
2602 4186 2760 4236 quam
2789 4187 2976 4225 onmes
3008 4175 3174 4227 sancti
3207 4177 3629 4248 sanctiﬁcantur;

2037 4253 2228 4306 dicitur
2260 4253 2403 4306 enim
2454 4255 2698 4310 Christus
2741 4267 3054 4314 sanctorum
3112 4262 3359 4330 Sanctus,
3404 4274 3454 4320 et
3514 4268 3639 4338 ipsa

2037 4350 2341 4396 sanctorum
2375 4342 2568 4396 Sancta
2594 4359 2605 4412 ;
2631 4353 2683 4398 et
2711 4346 2843 4401 sicut
2873 4348 2986 4403 sine
3017 4366 3168 4406 more
3191 4369 3436 4409 summus
3457 4373 3640 4412 rerum

333 4432 496 4487 cmlos
517 4430 779 4495 ascendit,
813 4437 864 4483 et
928 4429 1043 4498 ipse
1095 4428 1426 4484 eremiticam
1473 4431 1637 4484 vitam
1692 4434 1918 4506 ducens,
1952 4451 2004 4510 D
2035 4430 2339 4500 Dispositor
2391 4446 2555 4500 super
2606 4448 2795 4489 omnes
2844 4445 3058 4492 sanctos
3115 4448 3165 4492 et
3223 4451 3436 4497 sanctas
3491 4447 3639 4501 illam

333 4520 475 4590 quod
507 4519 608 4572 sibi
640 4517 929 4582 acciderat,
971 4517 1174 4572 cunctis
1204 4517 1386 4571 audire
1443 4520 1751 4577 volentibus
1797 4542 1932 4582 nar-

333 4609 489 4673 ravit,
531 4615 583 4661 et
613 4614 796 4676 postea
856 4606 1091 4676 quandiu
1143 4606 1293 4674 vixit,
1352 4607 1482 4661 illud
1540 4610 1730 4666 festum
1795 4632 1930 4671 con-

334 4695 598 4766 ceptionis
627 4694 938 4749 solemniter
965 4701 1016 4747 et
1058 4693 1250 4748 devote
1294 4695 1603 4765 celebravit,
1677 4709 1728 4755 et
1785 4706 1931 4761 cele-

333 4793 602 4849 brandum
667 4791 998 4862 przedicavit.
1060 4792 1122 4846 Et
1179 4808 1294 4857 nos,
1357 4793 1548 4849 fratres
1598 4799 1930 4871 cl'iarissimi,

335 4899 516 4946 nostra
599 4890 1039 4960 archiepiscopali
1124 4891 1442 4947 auctoritate
1519 4895 1934 4954 corroboramus

335 4997 498 5059 atque
527 4987 874 5056 przecipimus
907 4996 960 5040 ut
1004 4986 1177 5040 nullus
1227 4997 1470 5044 nostrum
1520 4991 1595 5046 ita
1653 4994 1719 5048 sit
1779 4997 1938 5050 rebus

338 5084 728 5154 temporalibus
756 5093 845 5137 aut
873 5084 1106 5153 propriis
1155 5084 1362 5140 delictis
1418 5089 1754 5160 desperatus,
1809 5094 1935 5162 quin

337 5180 618 5235 B.Marize
679 5179 914 5250 Virginis
969 5181 1377 5250 conceptionem
1425 5185 1669 5240 celebret
1726 5205 1937 5243 annua-

339 5279 455 5333 tim.
490 5277 637 5330 Sicut
665 5278 808 5331 enim
841 5277 894 5330 in
938 5287 1126 5333 sancta
1185 5281 1430 5335 Ecclesia
1486 5283 1603 5353 ejus
1657 5287 1940 5342 extollitur

335 5375 612 5441 nativitas,
647 5373 719 5428 ita
748 5374 907 5429 debet
923 5375 1040 5446 ejus
1071 5377 1254 5431 extolli
1285 5381 1568 5450 conceptio
1603 5399 1614 5445 ;
1649 5383 1751 5438 nisi
1799 5387 1940 5441 enim

342 5473 732 5544 conciperetur,
766 5487 1044 5544 nunquam
1077 5483 1410 5532 nasceretur.
1475 5479 1626 5535 Sicut
1684 5481 1828 5537 enim
1873 5484 1942 5541 ad

339 5568 666 5630 aalvandum
686 5583 858 5644 genus
885 5569 1180 5630 humanum
1210 5572 1340 5631 olim
1356 5573 1780 5639 fuitnccessaria
1827 5582 1944 5657 ejus

2043 4519 2359 4590 dignitatem
2391 4520 2468 4574 illi
2509 4521 2755 4589 contulit,
2790 4532 2845 4578 ut
2875 4526 3106 4602 Verbum
3140 4545 3356 4584 carnem
3427 4534 3636 4591 factum

2043 4608 2207 4679 Virgo
2230 4609 2531 4679 conciperet
2562 4618 2610 4664 et
2643 4622 2876 4682 pareret,
2927 4623 2978 4668 et
3025 4625 3151 4685 post
3206 4628 3421 4688 partum
3473 4624 3635 4696 Virgo

2041 4705 2396 4767 permaneret,
2422 4698 2496 4752 sic
2524 4699 2646 4769 ipse
2675 4717 2786 4770 pm
2815 4704 3066 4759 omnibus
3097 4705 3301 4777 absque
3333 4726 3484 4765 more
3502 4714 3638 4770 hanc

2043 4797 2358 4868 dignitatem
2392 4797 2466 4849 illi
2502 4797 2748 4867 praebuit,
2783 4805 2838 4852 ut
2895 4804 3261 4873 conceptionis
3302 4816 3353 4861 et
3379 4797 3637 4866 nativita-

2043 4893 2109 4946 tis
2139 4895 2251 4961 ejus
2279 4893 2545 4947 solemnia
2573 4907 2922 4952 sacrosancta
2953 4900 3006 4953 in
3032 4911 3216 4957 sancta
3248 4905 3493 4961 Ecclesia
3542 4925 3640 4965 ce-

2043 4989 2330 5045 lebremus.
2365 4991 2506 5060 Quid
2533 4993 2748 5063 longius
2775 4996 2802 5049 ?
2832 4998 3138 5056 Dominicae
3169 5003 3356 5058 Matris
3400 5023 3642 5079 concep-

2047 5091 2245 5146 tionem
2276 5093 2474 5162 colere,
2513 5095 2704 5149 Christi
2733 5099 3139 5167 generationem
3171 5111 3255 5158 est
3305 5121 3645 5164 commemo-

2048 5202 2168 5240 rare
2202 5204 2215 5248 ;
2248 5203 2369 5240 nam
2399 5189 2516 5258 ejus
2547 5192 2826 5262 conceptio
2887 5192 3087 5250 Christi
3144 5201 3511 5270 generationis
3571 5212 3649 5258 est

2050 5281 2211 5336 linea.
2250 5281 2592 5355 Quapropter
2630 5287 2987 5359 Evangelium
3038 5292 3208 5349 Liber
3262 5301 3647 5366 generationis

2053 5379 2272 5447 (Matth.
2303 5397 2339 5448 ι,
2374 5382 2563 5452 t)ipsa
2595 5384 2702 5453 die,
2756 5385 2891 5442 sicut
2947 5388 2999 5444 in
3056 5392 3352 5450 Nativitate
3409 5399 3647 5471 Domini,

2052 5487 2175 5535 ante
2203 5480 2539 5537 matutinales
2561 5482 2753 5541 laudes
2783 5486 2928 5543 bono
2956 5505 3108 5546 more
3167 5491 3536 5565 decantamus,
3597 5503 3654 5556 et

2053 5579 2122 5637 ad
2151 5580 2368 5637 missam
2398 5580 2645 5656 legimus.
2678 5583 2867 5644 Merito
2898 5602 3029 5662 ergo
3059 5589 3260 5648 colitur
3287 5601 3341 5651 et
3366 5593 3463 5651 ﬁlii
3485 5612 3654 5674 gene-
