4036 6072
426 255 524 307 323

1486 249 1577 304 AD
1609 248 1837 305 OPERA
1867 248 1931 304 S.
1968 244 2269 306 ANSELMI
2301 248 2675 307 APPENDIX.

3623 258 3727 313 324

418 377 573 444 ratio,
607 384 659 430 et
705 375 889 431 matris
945 372 1253 445 conceptio,
1306 374 1564 443 quoniam
1623 373 1904 444 conceptio
1962 381 2016 429 et
2042 376 2095 435 A
2128 377 2227 431 bus
2257 380 2404 433 curis
2434 388 2484 433 et
2516 394 2547 432 a
2577 377 2780 432 cunctis
2810 378 2968 433 malis
2998 394 3311 436 mereamur
3350 379 3507 450 eripi,
3551 389 3605 436 et
3660 381 3731 435 ad

419 464 668 520 nativitas
698 464 886 518 matris
914 462 1198 535 generatio
1229 470 1307 516 est
1336 460 1452 515 ﬁlii.
1501 462 1848 517 Celebremus
1904 463 2014 533 igi-

424 561 509 608 tur
540 552 915 623 (dilectissimi)
942 552 1102 607 hodie
1132 550 1312 622 dignis
1342 548 1533 605 oﬁiciis
1562 558 1845 621 utramque
1900 550 2018 620 ejus

424 642 835 710 conceptionem
857 638 1244 701 venerabilem,
1270 638 1609 706 spiritualem
1666 638 1927 693 videlicet
1963 647 2017 693 et

422 733 736 795 humanam,
768 736 825 782 ut
854 727 1019 796 ipsius
1052 726 1255 780 meritis
1279 733 1332 780 et
1363 725 1630 796 precibus,
1659 742 1691 779 a
1734 726 2013 781 saeculari-

2124 475 2325 521 aeterna
2355 467 2556 537 gaudia
2599 468 2848 536 perduci,
2898 476 3190 537 praestante
3248 468 3483 523 Domino
3542 478 3729 524 nostro

2123 555 2248 608 Jesu
2280 555 2491 609 Christo
2520 555 2655 609 Filio
2686 554 2823 623 ejus,
2858 555 2949 624 qui
2980 572 3103 610 cum
3123 558 3280 611 Patre
3298 566 3351 611 et
3377 557 3588 626 Spiritu
3608 574 3731 612 san-

2123 646 2215 697 cto
2244 643 2379 697 vivit
2409 647 2669 715 etregnat
2698 644 2844 697 Deus
2873 659 2970 714 per
2999 643 3212 699 inﬁnita
3241 645 3441 700 saecula
3489 645 3724 702 saeculo-

2123 746 2270 785 rum.
2290 733 2482 786 Amen.

1740 987 2420 1083 MIRACULUM

1360 1161 1474 1226 DE
1513 1160 2089 1228 CONCEPTIONE
2132 1165 2471 1229 SANCT/E
2518 1166 2818 1231 MARI/E

1550 1296 1659 1366 (Ex
1688 1313 1792 1352 ms.
1827 1296 1977 1353 Gem.
2010 1294 2299 1354 Meticcnsi
2328 1312 2373 1353 c.
2407 1297 2484 1352 40
2511 1297 2613 1365 ”'-)

487 1616 564 1671 Eo
596 1621 837 1683 tempore
855 1626 960 1682 quo
1008 1608 1341 1679 Willelmus,
1400 1609 1843 1664 Normannorum
1900 1607 2009 1661 dux
2039 1614 2092 1672 B
2125 1626 2327 1680 nesque
2359 1612 2449 1680 qui
2482 1611 2537 1665 in
2566 1611 2691 1665 navi
2722 1610 3183 1666 erantformidine
3213 1610 3461 1680 replevit.
3503 1611 3717 1666 Timore

415 1701 838 1776 potentissimus,
897 1706 1161 1769 prostrato
1218 1698 1520 1771 Anglorum
1567 1712 1696 1768 rege
1751 1696 2007 1763 Heraldo,

416 1794 562 1864 ipsos
582 1789 819 1861 Angelos
847 1786 990 1841 bello
1047 1793 1260 1840 strenue
1298 1784 1603 1856 superando
1661 1784 1764 1838 sibi
1822 1783 2011 1853 subje-

419 1888 586 1947 cerat,
618 1877 840 1950 quidam
870 1876 1057 1942 abbas,
1106 1875 1323 1929 Elsinus
1379 1874 1618 1939 nomine,
1667 1873 1721 1927 in
1779 1872 2013 1929 ecclesia

418 1967 787 2039 apostolorum
819 1963 957 2019 Petri
988 1971 1040 2018 et
1072 1964 1227 2018 Pauli
1256 1963 1546 2031 Sanctique
1573 1961 1878 2033 Augustini,
1906 1963 2011 2014 An-

417 2056 631 2129 glorum
663 2053 890 2125 apostoli
930 2052 1221 2115 residebat,
1255 2051 1309 2105 in
1340 2067 1445 2121 qua
1468 2050 1693 2106 ecclesia
1712 2050 1888 2120 ipsius
1910 2052 2012 2103 Au-

416 2145 616 2219 gustini
648 2153 1077 2212 aeterm-umque
1107 2140 1640 2210 archiepiscOporum
1662 2153 1889 2208 corpora
1911 2138 2013 2191 sibi

417 2230 821 2290 succedentium
853 2229 1216 2298 requiescunt.
1252 2228 1351 2284 Hic
1381 2228 1561 2296 itaque
1590 2227 1808 2281 Elsinus
1855 2226 2016 2280 certis

417 2340 485 2379 ex
540 2320 717 2377 causis
771 2318 824 2373 in
879 2317 1278 2371 Ramesiensem
1332 2314 1625 2371 Ecclesiam
1710 2318 2010 2384 promotus,

416 2411 647 2467 Domino
676 2410 801 2462 Jesu
823 2406 1033 2460 Christo
1063 2405 1430 2471 devotissime,
1465 2403 1845 2471 famulabatur,
1870 2404 2013 2473 ejus-

416 2517 518 2573 que
548 2496 885 2570 genitricem,
918 2494 1198 2551 servitium
1236 2494 1356 2563 ejus
1414 2492 1661 2548 faciendo
1713 2491 2007 2548 devotissi-

415 2605 523 2654 me,
555 2584 930 2642 venerebatur.
965 2581 1201 2653 Contigit
1231 2588 1409 2635 autem
1475 2587 1534 2635 ut
1581 2580 1860 2635 Danorum
1891 2595 2010 2649 rex,

415 2676 609 2733 audita
638 2672 861 2729 Heraldi
884 2678 1059 2725 morte
1085 2669 1496 2741 Anglorumque
1526 2668 1881 2738 subjectione,
1910 2683 2008 2723 ve—

414 2766 531 2821 nire
559 2764 613 2819 in
656 2761 909 2833 Angliam
964 2766 1277 2830 properaret
1328 2764 1381 2812 et
1435 2771 1533 2812 suo
1594 2773 1713 2811 eam
1770 2756 2012 2811 dominio

414 2854 725 2924 subjugare,
765 2855 1028 2920 prostrato
1059 2846 1351 2902 Guillelmo
1384 2860 1531 2900 novo
1585 2861 1737 2917 rege,
1784 2852 1841 2899 ut
1898 2844 2013 2915 ipse

414 2942 729 3007 testabatur,
752 2937 923 3009 ipsius
953 2944 1109 2991 terrae
1134 2935 1371 3000 invasor,
1404 2941 1457 2988 et
1503 2949 1624 2989 eam
1680 2934 1741 2987 in
1799 2948 2004 3004 perpe-
2036 2972 2084 3034 Ο

415 3040 526 3088 tum
553 3027 869 3101 possideret.
903 3023 1023 3092 Quo
1054 3023 1258 3088 audito,
1315 3022 1635 3077 Guillelmus
1684 3021 1752 3076 ad
1808 3021 2001 3076 defen-

411 3120 648 3175 dendum
681 3132 741 3171 se
761 3114 1102 3185 praeparavit,
1136 3120 1187 3166 et
1229 3126 1294 3165 ex
1350 3110 1852 3180 circumjecentibus
1908 3125 2001 3163 re-

410 3206 669 3282 gionibus
697 3204 895 3257 milites
924 3199 1353 3272 quamplurimas
1383 3199 1757 3271 congregavit,
1808 3206 1879 3265 et,
1941 3205 1999 3252 ut

412 3304 527 3355 erat
556 3293 803 3353 callidus.
825 3291 983 3345 urbes
1009 3304 1073 3344 ac
1102 3288 1322 3343 castella
1343 3287 1707 3342 strenuissime
1752 3286 1999 3352 munivit,

410 3394 463 3441 et
490 3384 741 3441 omnibus
770 3376 1091 3435 necessariis
1117 3375 1527 3448 opulentissime
1560 3375 1805 3445 replevit.
1852 3375 2000 3430 Con-

408 3474 531 3530 sdio
561 3473 741 3540 itaque
764 3469 916 3534 inito,
949 3465 1277 3521 Guillelmus
1325 3481 1422 3519 rex
1465 3480 1590 3519 cum
1646 3463 2001 3533 optimatibus

408 3561 518 3617 suis
544 3556 977 3615 strenuissimum
1007 3553 1261 3608 abbatem
1297 3552 1559 3615 Elsinum,
1593 3551 1662 3606 de
1693 3567 1801 3622 quo
1826 3567 2001 3621 supra

408 3648 705 3711 retulimus,
739 3645 794 3697 in
852 3642 1074 3699 Daciam
1130 3640 1296 3707 misit,
1355 3648 1411 3693 ut
1467 3639 1696 3694 consilia
1753 3639 2000 3708 ipsorum

409 3745 461 3792 et
490 3733 910 3804 actadiligenter
939 3727 1247 3799 inquireret,
1281 3734 1333 3780 et
1376 3741 1562 3781 eorum
1624 3727 1680 3779 in
1745 3726 2000 3798 Angliam

408 3825 721 3883 adventum,
758 3826 915 3890 prout
948 3822 1153 3887 posset,
1209 3818 1498 3869 averteret.
1551 3818 1785 3868 Ascensa
1841 3813 2005 3885 igitur

408 3926 611 3984 puppe,
671 3920 929 3980 prospero
985 3911 1147 3960 vento
1205 3902 1387 3971 ﬂante,
1446 3902 1501 3956 in
1547 3901 1771 3957 Daciam
1827 3901 1999 3969 venit,

407 4001 688 4073 ipsiusque
719 4004 877 4052 terrae
908 4010 968 4049 se
998 3992 1109 4064 regi
1127 3990 1488 4062 praesentavit,
1510 3998 1563 4045 et
1590 3991 1794 4045 salutes
1808 4006 1870 4045 ac
1885 4007 2000 4045 mu-

410 4105 545 4147 nera
567 4095 726 4159 atque
748 4082 967 4139 servitia
984 4098 1053 4137 ex
1084 4079 1363 4136 Guillelmi
1407 4079 1555 4150 regis
1598 4088 1749 4150 parte
1784 4078 2000 4162 obtulit.

406 4177 615 4234 Deinde
656 4173 860 4241 omnia,
893 4180 949 4227 ut
979 4170 1080 4225 sibi
1107 4168 1325 4238 jussum
1346 4168 1849 4238 fuerat,inquisivit,
1874 4168 2003 4239 quid

404 4267 644 4322 dicerent
672 4270 725 4317 et
754 4259 1027 4334 quomodo
1048 4264 1360 4330 satagerent
1382 4256 1720 4327 percunctari
1740 4271 1844 4311 non
1872 4256 2001 4311 des-

549 4320 841 4421 Postquam
859 4354 1038 4401 autem
1059 4320 1243 4400 omnia
1288 4320 1509 4415 propter
1546 4356 1666 4414 quae
1706 4343 1835 4398 illuc
1891 4352 2001 4398 erat
2028 4320 2080 4380 D

402 4439 772 4497 strenuissime
788 4434 1096 4506 complevit,
1140 4448 1501 4502 proceresque
1541 4440 1693 4485 terrea
1751 4432 2003 4486 muneri-

402 4530 502 4585 bus
520 4525 866 4599 etpromissis
894 4522 1156 4588 oneravit,
1191 4520 1247 4574 in
1271 4519 1523 4592 Angliam
1551 4519 1763 4590 regredi
1820 4520 2010 4588 voluit,

402 4618 499 4674 sed
565 4632 661 4671 rex
721 4613 900 4668 Daciae
964 4626 1151 4666 secum
1219 4608 1372 4662 illum
1451 4608 1672 4679 regredi
1735 4608 2003 4678 permisit.

401 4705 505 4774 Qui
537 4719 674 4759 mox
708 4718 834 4759 cum
863 4699 1025 4755 sociis
1058 4714 1251 4753 navem
1289 4696 1625 4753 conscendit.
1659 4697 1883 4752 Naturae
1912 4696 2009 4769 igi_

402 4803 491 4850 tur
511 4790 766 4863 aplustria
787 4790 1140 4861 collegerunt,
1156 4787 1272 4841 etin
1294 4785 1460 4841 altum
1490 4785 1719 4841 carbasa
1749 4786 2006 4842 extende-

400 4888 545 4949 runt,
584 4896 646 4934 ac
675 4893 771 4950 per
797 4877 1082 4932 frementia
1104 4889 1326 4944 aequora
1355 4874 1551 4929 itinera
1597 4874 1930 4929 direxerunt.

470 4970 610 5024 Dum
642 4967 823 5039 itaque
852 4980 950 5035 per
977 4963 1087 5019 alta
1130 4963 1295 5017 maris
1342 4969 1650 5034 pergerent,
1703 4962 2005 5018 contrarius

398 5064 590 5119 ventus
619 5056 697 5113 eis
725 5053 971 5124 surrexit,
1022 5066 1171 5108 mare
1217 5050 1458 5107 funditus
1515 5051 1830 5121 commovit,
1881 5066 2005 5107 om-

2122 1701 2491 1774 igiturmortis
2519 1700 2737 1755 contriti
2785 1700 3119 1772 nimiumque
3175 1699 3470 1769 perterriti,
3530 1715 3720 1770 preces

2120 1808 2244 1848 cum
2274 1790 2530 1859 lacrymis
2556 1789 2669 1843 Deo
2688 1788 2938 1857 fundunt,
2971 1796 3025 1844 et
3052 1804 3108 1842 se
3139 1788 3377 1858 graviter
3416 1787 3714 1859 deliquisse

2124 1878 2506 1934 miserabiliter
2533 1885 2783 1949 gemunt.
2844 1875 2904 1930 In
2965 1884 3111 1931 tanto
3161 1876 3473 1932 discrimine
3530 1876 3721 1946 positis

2120 1968 2335 2037 majora
2391 1966 2630 2037 pericula
2684 1973 3050 2034 occurrerunt,
3104 1982 3336 2037 namque
3392 1972 3564 2036 syrtes
3610 1980 3722 2036 pra:

2121 2056 2292 2111 oculis
2320 2054 2603 2124 aspiciunt,
2638 2070 2774 2125 quas
2794 2054 3033 2108 naucleri
3062 2068 3302 2110 scamma
3325 2054 3531 2109 dicunt.
3564 2054 3719 2109 Tunc

2123 2144 2300 2216 magis
2331 2142 2480 2197 anxii
2537 2150 2588 2197 et
2616 2142 2766 2197 dubii
2794 2143 2940 2199 velut
2969 2142 3024 2196 in
3070 2149 3241 2196 morte
3295 2141 3459 2212 positi
3508 2142 3717 2197 clama-

2122 2232 2253 2288 bant
2281 2232 2350 2286 ad
2380 2232 2552 2285 Deum
2583 2230 2798 2286 fortius.
2832 2230 2876 2287 Ο
2909 2231 3053 2285 Deus
3083 2229 3525 2297 clementissime,
3561 2231 3718 2285 Pater

2122 2320 2533 2384 misericordiae,
2553 2319 2783 2390 dignare
2813 2335 2910 2374 nos
2938 2319 3211 2389 respicere
3239 2333 3444 2373 mersos
3465 2334 3564 2388 pro
3592 2334 3719 2373 nos-

2120 2416 2207 2463 tro
2239 2408 2487 2464 crimine.
2524 2408 2767 2479 Respice,
2801 2407 3243 2474 clementissime,
3301 2406 3372 2462 de
3427 2406 3556 2461 sede
3613 2414 3717 2461 tute

2121 2497 2333 2569 gloriae,
2384 2495 2550 2550 visita
2605 2512 2706 2551 nos
2748 2496 2864 2565 jam
2921 2494 3123 2566 positos
3154 2496 3208 2549 in
3278 2503 3522 2550 extremo
3595 2494 3722 2551 vita

2123 2585 2396 2657 periculo.
2435 2585 2577 2639 Assit
2606 2599 2750 2640 nunc
2779 2594 2868 2639 tua
2889 2584 3092 2655 gratia!
3114 2585 3247 2638 assit
3270 2593 3358 2638 tua
3372 2583 3679 2654 benignitas
3704 2582 3717 2638 l

2122 2674 2255 2728 assit
2283 2674 2519 2727 maxima
2539 2672 2751 2728 bonitas
2785 2675 2797 2727 !
2831 2673 2995 2729 assint
3036 2673 3181 2728 bona
3235 2673 3467 2743 gratuita
3524 2671 3665 2727 dona
3698 2670 3711 2728 Ι

2123 2762 2386 2818 Succurre
2414 2762 2573 2816 nobis
2628 2761 2855 2829 miseris,
2911 2761 3085 2832 pietas
3142 2759 3453 2827 ineffabilis,
3488 2776 3555 2817 ne
3614 2775 3715 2816 nos

2120 2851 2337 2905 sorbeat
2368 2850 2611 2905 infernus
2631 2865 2775 2905 nunc
2829 2865 2928 2920 pro
2985 2849 3183 2905 nostris
3228 2848 3566 2905 criminibus.
3619 2849 3713 2904 Pie

2122 2939 2285 3005 Deus,
2319 2939 2706 3010 cognoscimus
2727 2937 2871 3010 quod
2896 2938 3133 3009 graviter
3161 2937 3510 3008 deliquimus,
3529 2936 3720 3008 pejora

2113 3027 2553 3093 commeruimus,
2588 3026 2711 3098 quia
2758 3027 2986 3081 multum
3042 3027 3411 3097 peccavimus.
3472 3025 3722 3097 Benigna

2113 3123 2201 3170 tua
2229 3115 2407 3187 gratia
2436 3114 2724 3169 fatentibus
2751 3115 3051 3186 indulgeat,
3084 3115 3316 3168 fatemur
3358 3122 3544 3170 nostra
3600 3114 3717 3170 cri-

2111 3204 2279 3273 mina,
2306 3212 2358 3257 tu
2381 3202 2503 3258 dele
2530 3211 2619 3256 tua
2646 3202 2842 3274 gratia.
2894 3201 2998 3270 Qui
3036 3201 3327 3273 promisisti
3368 3202 3577 3257 miseris
3611 3218 3720 3273 qua

2110 3291 2247 3346 hora
2294 3290 2657 3361 ingemuerint
2694 3299 2746 3346 et
2773 3290 2940 3346 corda
2968 3290 3308 3359 pamituerint
3365 3291 3545 3345 salvos
3593 3306 3716 3361 pro-

2111 3376 2251 3433 tinus
2264 3375 2397 3440 fieri,
2426 3391 2585 3446 parce
2614 3392 2755 3430 nunc
2776 3374 3171 3445 conﬁtentibus,
3205 3375 3463 3430 miserere
3488 3391 3714 3447 gemen-

2113 3465 2272 3529 tibus,
2307 3464 2561 3519 miserere
2591 3479 2734 3520 nunc
2762 3463 3015 3519 ﬂentibus
3041 3472 3093 3519 et
3141 3480 3267 3519 vere
3310 3463 3709 3535 paenitentibus.

2110 3553 2292 3620 Maria,
2325 3554 2497 3607 Mater
2524 3551 2762 3620 Domini,
2809 3568 2903 3607 ora
2958 3567 3055 3623 pro
3114 3552 3271 3607 nobis
3328 3552 3558 3619 miseris,
3603 3559 3698 3607 tuo

2108 3641 2265 3706 Filio,
2308 3656 2339 3695 ο
2369 3640 2612 3705 domina,
2646 3639 2973 3696 commenda
3004 3648 3185 3695 nostra
3240 3639 3481 3695 ﬂamina.
3529 3640 3702 3695 Nam-

2111 3746 2214 3800 que
2245 3729 2379 3783 mari
2406 3737 2531 3784 sunt
2562 3728 2751 3784 tradita
2802 3728 2998 3783 misera
3052 3736 3235 3783 nostra
3283 3744 3534 3799 corpora,
3587 3736 3711 3784 tuus

2112 3817 2276 3872 Filius
2307 3818 2516 3872 animas
2546 3817 2602 3870 in
2631 3816 2875 3889 requiem
2903 3817 3191 3886 suscipiat.

2181 3907 2313 3959 Cum
2368 3905 2533 3978 igitur
2589 3905 2858 3974 desperati
2914 3905 2992 3961 sic
3048 3905 3369 3971 clamarent,
3412 3905 3701 3976 quemdam

2109 3994 2510 4065 pontificalibus
2532 3992 2773 4047 vestibus
2801 4001 3048 4049 ornatum
3073 3993 3229 4062 juxta
3260 3994 3437 4047 navim
3457 3994 3709 4049 assistere

2112 4084 2311 4151 vident,
2345 4082 2436 4153 qui
2468 4081 2711 4136 Elsinum
2740 4081 2994 4136 abbatem
3037 4080 3253 4152 proprio
3296 4082 3519 4136 nomine
3552 4096 3708 4137 com-

2108 4170 2338 4241 pellens,
2374 4172 2475 4225 hoc
2503 4169 2553 4224 ei
2571 4169 2772 4236 retulit,
2798 4169 3045 4238 inquiens
3078 4185 3089 4221 :
3125 4168 3171 4224 0
3202 4172 3283 4235 tu,
3316 4169 3460 4224 abba
3490 4169 3707 4238 Elsine,

2110 4258 2233 4313 veni
2265 4272 2497 4328 surgens
2521 4264 2573 4312 et
2604 4273 2819 4311 mecum
2867 4257 3115 4327 loquere.
3175 4257 3318 4311 Dum
3369 4265 3580 4323 autem,
3638 4258 3711 4313 ad

2113 4345 2427 4400 mirantibus
2482 4345 2732 4400 omnibus
2780 4360 3029 4414 quaenam
3083 4352 3223 4399 esset
3270 4359 3509 4415 persona
3586 4344 3709 4415 illa,

2111 4435 2280 4489 abbas
2309 4433 2521 4489 Elsinus
2547 4433 2886 4501 surrexisset,
2917 4431 3141 4503 praefata
3181 4448 3434 4503 persona,
3470 4441 3526 4488 ut
3581 4448 3709 4489 cre-

2111 4522 2308 4591 dimus,
2351 4521 2601 4594 angelica
2631 4523 2747 4575 haec
2786 4520 2835 4576 ei
2865 4519 2982 4574 infit
3018 4537 3030 4574 :
3063 4520 3122 4575 Si
3152 4520 3230 4576 vis
3259 4536 3425 4575 sanus
3441 4519 3707 4593 effugere,

2114 4609 2158 4663 si
2187 4610 2268 4666 vis
2297 4617 2527 4665 mortem
2558 4608 2807 4676 evadere,
2839 4607 2882 4660 si
2899 4606 2978 4663 vis
3009 4607 3237 4677 patriam
3268 4622 3489 4662 cernere
3547 4616 3700 4663 tuos-

2115 4713 2219 4767 que
2248 4700 2388 4753 lares
2414 4696 2610 4764 visere,
2643 4694 2899 4767 promitte
2926 4694 3241 4750 ﬁdelissime
3289 4696 3451 4750 Matri
3508 4695 3703 4751 Christi

2113 4786 2371 4857 piissimae
2427 4794 2476 4840 te
2544 4785 2807 4841 facturum
2886 4782 3255 4853 percelebrem
3330 4783 3704 4855 conceptionis

2113 4873 2285 4945 ipsius
2312 4873 2507 4929 festum
2537 4871 2701 4939 diem,
2734 4871 2789 4926 in
2818 4886 2925 4941 qua
2954 4872 3069 4942 ipsa
3100 4873 3264 4944 Virgo
3295 4872 3702 4943 incomparabi-

2112 4962 2178 5016 lis
2205 4961 2308 5017 Dei
2336 4961 2515 5016 futura
2543 4959 2812 5027 Genitrix,
2846 4959 2901 5014 in
2932 4960 3056 5016 alvo
3088 4961 3274 5015 matris
3289 4967 3552 5031 concepta
3582 4960 3705 5029 fuit,

2111 5059 2165 5108 et
2192 5050 2383 5108 docete
2413 5064 2767 5123 quoscunque
2795 5048 3053 5122 potueris,
3073 5057 3131 5106 ut
3158 5048 3530 5124 percelebrem
3559 5048 3705 5106 diem

1665 5201 1894 5259 νΛΙὶΙίΕ
1923 5200 2339 5260 LECTIONES.

464 5332 523 5364 "‘
547 5334 611 5390 In
641 5332 829 5390 eodem
858 5344 964 5386 ms.
998 5324 1191 5401 eodem
1211 5323 1541 5384 charactere
1562 5327 1777 5399 scripta
1810 5328 2081 5401 leguntur
2104 5329 2275 5401 plura
2303 5329 2421 5386 alia
2443 5327 2725 5386 miracula
2758 5328 2814 5384 Β.
2850 5328 3040 5385 Mariae
3059 5399 3065 5401 _
3080 5324 3341 5400 precibus
3371 5327 3547 5397 edita,
3579 5342 3703 5399 quae

395 5425 511 5465 non
550 5404 781 5477 majoris
803 5406 939 5458 sunt
964 5399 1115 5477 ﬁdei,
1138 5400 1292 5477 inter
1308 5400 1424 5455 hac
1450 5399 2151 5477 unum_est__ac_abbatisaa
2182 5402 2640 5477 sanctimonialis
2659 5417 2807 5477 cura
2834 5416 2967 5477 cum
3017 5399 3367 5477 uirginitatis
3408 5404 3466 5477 e_t
3513 5401 3699 5456 casti-

395 5481 532 5538 tati:
562 5468 828 5549 violasset
846 5468 1200 5549 propositum
1228 5474 1283 5529 et
1304 5485 1606 5547 praegnans
1636 5471 1695 5530 Β.
1727 5470 1916 5531 Mariae
1945 5484 2280 5549 suaxprace:
2300 5472 2592 5548 funderet,
2617 5468 2705 5533 θίν’
2725 5486 2790 5530 ea
2812 5468 3315 5530 obstetricdntibu:
3362 5470 3524 5531 rebus
3581 5485 3696 5532 an-

391 5553 534 5632 geli:
565 5546 811 5611 liberata
839 5546 945 5607 est.
