4036 6072
6 192 85 457 7

317 276 422 335 32:;
1144 274 1413 337 seum.
1448 309 1519 320 —
1545 276 1784 336 mssro
1815 279 1915 336 ss.
1948 276 2261 352 cumam,
2294 279 2635 354 manus,
2672 282 2820 342 ETC.
3523 302 3625 357 326

319 407 478 473 hujus
508 411 673 494 agant
708 403 1104 494 solemnitatis.
1146 405 1314 494 iTunc
1360 404 1532 458 abbas
1574 403 1814 494 AElsinus,
1864 410 1922 457 ut
1949 403 2005 463 A
2058 493 2065 494 ί
2108 406 2403 462 Prtedictus
2433 409 2601 464 abbas
2633 417 2917 481 postquam
2951 411 3074 467 talia
3104 413 3327 486 audivit,
3361 419 3478 475 Deo
3498 439 3627 494 gra-

314 502 428 549 erat
467 492 937 563 prudentissimus,
972 494 1075 549 hoc
1125 493 1201 547 illi
1230 493 1396 548 refert
1446 492 1727 563 protinus:
1763 491 1920 554 Quo-

314 582 480 637 modo
512 581 711 637 faciam
742 580 908 648 istud,
944 582 1033 651 qui
1057 582 1205 637 diem
1230 597 1335 651 quo
1358 582 1498 636 istud
1521 580 1921 652 faciamignoro

312 671 578 742 penitus?
605 670 705 725 Dei
740 669 959 724 nuntius
1008 670 1289 741 respondit
1322 687 1335 723 :
1370 670 1427 724 In
1458 678 1608 724 sexto
1665 669 1791 723 Idus
1822 668 1924 723 De-

314 759 556 815 cembris
577 767 662 814 est
691 759 810 814 dies
839 758 1240 813 celeberrimus
1282 757 1450 827 ‘hujus
1506 756 1874 827 conceptionis
1907 773 1921 819 ;

315 848 462 903 hunc
484 856 539 902 ut
571 848 816 902 celebres
845 863 1066 913 moneo,
1099 854 1153 901 et
1195 846 1579 901 celebrandum
1609 846 1776 901 dicito
1798 844 1922 917 qui-

321 937 429 991 bus
461 936 644 991 dicere
674 935 913 1006 potueris
943 943 995 989 et
1020 935 1109 1005 qui
1142 936 1286 990 scire
1316 935 1600 991 voluerint.
1643 935 1793 990 Tunc
1820 935 1922 989 ab-

322 1026 423 1080 bas
453 1024 806 1079 ElsinuszEt
836 1023 980 1093 quali
1005 1023 1199 1095 inquit,
1249 1023 1468 1079 servitio
1520 1023 1684 1093 jubes
1739 1024 1813 1077 uti
1870 1024 1925 1077 in

322 1114 427 1168 hoc
460 1113 596 1168 festo
626 1113 653 1168 ‘I
685 1112 781 1166 Cui
811 1112 1028 1167 divinus
1048 1112 1267 1166 nuntius
1323 1111 1594 1183 respondit
1615 1113 1718 1167 hoc
1765 1111 1924 1167 velo-

320 1202 439 1256 cius
473 1220 487 1256 :
517 1201 693 1256 Omne
724 1200 1001 1255 servitium
1019 1200 1369 1270 quoddicitur
1407 1200 1589 1270 inejus
1616 1202 1926 1269 Nativitate,

318 1290 521 1346 dicitur
550 1299 606 1345 et
633 1289 686 1343 in
714 1290 1092 1360 conceptione,
1125 1289 1202 1345 sic
1230 1288 1320 1343 ubi
1344 1288 1648 1345 natalitium
1707 1290 1763 1343 in
1811 1291 1927 1345 Na-

321 1378 530 1433 tivitate
589 1378 808 1447 dicitur,
860 1376 1154 1448 Conceptio
1210 1378 1266 1432 in
1315 1378 1416 1434 hac
1471 1376 1781 1434 celebritate
1835 1378 1925 1435 di-

319 1467 479 1523 citur.
1134 1476 1137 1481 ’

2029 493 2130 548 tias
2178 496 2431 560 reddidit,
2492 505 2545 552 et
2600 499 2954 555 devotissime
3003 503 3152 557 vovit
3182 521 3240 560 se
3289 493 3626 565 servaturum

2032 582 2175 651 quod
2207 584 2449 639 audierat
2481 587 2737 641 divinitus
2760 588 2998 657 jussum.
3033 591 3301 648 Statimut
3326 596 3429 651 hoc
3457 598 3623 667 vovit,

2031 678 2326 741 tempestas
2360 674 2572 742 cecidit,
2633 683 2686 729 et
2739 677 3004 732 serenitas
3034 680 3213 735 rediit.
3252 682 3419 740 Vento
3461 685 3627 757 igitur

2031 775 2294 829 prospero
2342 762 2585 829 redeunt,
2637 772 2689 818 et
2733 763 2788 818 in
2844 766 3093 837 Angliam
3125 770 3332 826 alacres
3380 774 3624 830 veniunt.

2033 847 2223 902 Statuit
2246 865 2459 919 quoque
2506 850 2559 905 in
2609 852 3007 909 Ramesiasensi
3052 855 3313 927 Ecclesia,
3372 862 3455 916 cui
3515 863 3631 934 ipse

2033 936 2205 991 abbas
2236 948 2486 1007 praeerat,
2519 947 2576 994 ut
2606 940 2709 995 hoc
2740 940 2931 996 festum
2954 944 3104 998 omni
3130 962 3275 1002 anno
3314 948 3631 1007 solemniter

2034 1033 2187 1080 sexto
2212 1024 2344 1079 ldus
2373 1027 2691 1083 Decembris
2719 1030 3361 1105 celebretur,multosque
3391 1037 3456 1091 ad
3488 1038 3628 1095 cele-

2034 1113 2297 1168 brandum
2329 1114 2679 1171 devotissime
2734 1117 2997 1174 invitavit.
3056 1121 3235 1190 Hujus
3280 1125 3633 1182 solemnitatis

2034 1202 2459 1257 celebratoribus
2480 1204 2635 1257 detur
2662 1219 2693 1260 a
2725 1205 2860 1262 Filio
2890 1208 3058 1278 ipsius
3114 1211 3352 1283 Virginis
3398 1214 3633 1273 Domino

2037 1299 2224 1346 nostro
2254 1291 2385 1345 Jesu
2410 1292 2622 1347 Christo
2652 1308 2760 1362 pax
2791 1303 2843 1348 et
2870 1296 3034 1367 longa
3063 1296 3188 1366 vita,
3221 1307 3273 1354 et
3300 1310 3422 1371 post
3451 1310 3630 1361 trans—

2037 1379 2167 1433 itum
2194 1380 2351 1449 hujus
2379 1379 2506 1435 vitm
2526 1388 2728 1437 aeterna
2759 1383 2976 1453 requies
3024 1386 3367 1443 concedatur.
3434 1394 3625 1449 Amen.

2037 1466 2610 1538 Explicitmiraculum
2631 1470 2698 1525 de
2752 1472 3107 1542 conceptione
3160 1484 3363 1532 sanctae
3419 1481 3627 1539 Mariae.

1559 1592 2527 1603 .—-—-—.——.—_—.—_——-_—_—

423 1981 602 2087 SS.
672 1976 1227 2103 GUINERI,
1298 1760 2453 2110 FINGAﬁééglAQE,
2522 1981 2685 2083 ET
2746 1981 3395 2091 SOCIORUM
3458 1984 3521 2015 ”‘

401 2305 585 2362 Poscis
641 2302 871 2360 ﬁdeliter
918 2303 1068 2370 satis,
1111 2304 1453 2373 charissima,
1486 2304 1738 2376 martyris
1796 2304 1932 2359 sacri
1961 2304 2012 2363 B
2042 2304 2168 2376 quia
2190 2319 2286 2360 vas
2316 2304 2536 2374 plenum
2566 2304 2855 2373 absinthio,
2914 2306 3016 2362 nisi
3069 2310 3222 2379 prius
3277 2313 3634 2374 amaritudine

328 2394 554 2451 Guineri
578 2393 959 2462 sociorumque
991 2393 1108 2463 ejus
1140 2393 1514 2449 admirabilem
1554 2393 1739 2461 vitam,
1774 2409 1933 2463 quam

331 2484 484 2554 prius
514 2482 777 2537 brevibus
800 2480 997 2534 notulis
1026 2482 1323 2549 retinebas,
1356 2481 1705 2551 victorizeque
1745 2481 1939 2536 trium-

333 2572 499 2643 phum
550 2567 727 2623 latiori
789 2568 883 2622 tibi
934 2568 1201 2639 explicari
1249 2585 1527 2625 sermone.
1578 2570 1752 2640 Cupio
1809 2585 1939 2625 sane

334 2658 611 2716 devotioni
640 2665 748 2712 tuae
777 2671 968 2727 parere
1000 2658 1232 2713 devotus
1257 2673 1270 2726 ;
1294 2666 1347 2714 et
1403 2659 1449 2713 si
1502 2673 1613 2714 non
1673 2659 1859 2730 digne,
1883 2664 1939 2713 ut

334 2757 613 2822 gestorum
670 2745 888 2799 fortium
946 2745 1250 2817 dcposcuut
1296 2747 1592 2819 magnalia,
1618 2754 1796 2802 tamen
1838 2762 1939 2817 pro

334 2835 543 2908 ingenii
614 2832 872 2890 facultate
930 2843 1239 2890 sanctorum
1318 2834 1569 2890 laudibus
1634 2835 1943 2906 occupabor

334 2926 593 2990 intentus,
626 2921 887 2993 quoniam
919 2922 1035 2977 laus
1063 2922 1251 2977 militis
1303 2923 1483 2993 gloria
1513 2931 1596 2978 est
1641 2925 1941 2995 imperato-

336 3014 428 3081 ris,
479 3019 534 3066 et
577 3011 707 3064 dum
764 3015 1080 3065 sanctorum
1121 3010 1347 3066 virtutes
1374 3018 1690 3079 narrantur,
1748 3009 1944 3065 Christi

339 3101 524 3175 gloria
545 3098 891 3171 pra-dicatur.
919 3098 1161 3169 Spondet
1189 3114 1322 3170 ergo
1352 3098 1568 3154 devotio
1599 3100 1745 3169 quod
1783 3105 1947 3171 negat

337 3189 588 3257 scientia,
645 3194 699 3242 et
747 3191 1058 3243 sanctorum
1116 3186 1270 3254 ﬁdes,
1332 3186 1476 3257 quod
1523 3203 1632 3244 non
1680 3187 1948 3258 promittit

344 3279 591 3345 facultas,
625 3283 794 3331 totum
835 3291 1019 3330 eorum
1051 3291 1378 3347 prmsumam
1410 3275 1478 3331 de
1507 3275 1730 3330 meritis.
1755 3275 1949 3332 Necde

342 3365 546 3436 eloquii
576 3367 900 3434 paupertate
953 3364 1280 3432 contundar,
1335 3364 1588 3434 quoniam
1646 3378 1745 3434 pro
1800 3371 1949 3418 certo

340 3471 450 3512 non
486 3454 541 3508 in
571 3453 748 3508 nitore
767 3451 1034 3507 sermonis
1064 3452 1366 3507 consistere
1398 3467 1626 3524 regnum
1656 3451 1756 3507 Dei
1788 3467 1949 3507 mon-

338 3542 547 3610 stravit,
579 3540 673 3612 qui
705 3539 771 3595 ad
803 3540 884 3594 sui
932 3539 1161 3612 gloriam
1207 3539 1618 3612 praedicandam
1666 3539 1863 3595 idiotas
1898 3546 1953 3595 et

337 3633 640 3706 piscatores
667 3628 855 3700 elegit.

991 3724 1217 3781 CAPUT
1246 3726 1291 3780 Ι.

343 3818 542 3877 Sancti
581 3814 834 3871 Patricii
859 3814 1191 3888 praedicatio
1216 3812 1278 3867 in
1310 3813 1594 3888 Hibernia,
1614 3816 1671 3869 et
1686 3813 1945 3885 Fingaris

840 3885 1119 3958 principis
1144 3885 1452 3940 conversio.

422 3975 707 4033 Gloriosus
724 3974 973 4043 equidem
1003 3982 1051 4029 et
1083 3972 1463 4044 praedicandus
1489 3972 1689 4042 ubique
1730 3970 1944 4026 Domini

349 4065 632 4123 confessor
662 4062 944 4131 Patricius,
978 4077 1100 4117 cum
1130 4061 1185 4115 in
1216 4060 1505 4115 Cornubiae
1535 4059 1777 4130 partibus
1811 4075 1944 4113 san-

350 4152 679 4211 ctisactibus
706 4158 1006 4206 moraretur
1033 4149 1286 4216 intentus,
1337 4148 1650 4203 admonitus
1704 4154 1787 4204 est
1815 4160 1948 4202 voce

355 4240 626 4312 angelicae
646 4246 705 4293 ut
732 4238 1002 4293 Hibemim
1028 4236 1280 4304 insulam,
1338 4235 1499 4291 fidem
1538 4235 1731 4292 Christi
1784 4234 1840 4289 in
1886 4250 1952 4290 ea

356 4328 771 4403 praedicaturus,
804 4327 994 4382 adiret.
1023 4327 1175 4381 Tunc
1195 4324 1371 4379 ﬁdelis
1393 4339 1584 4379 servus
1606 4330 1659 4379 et
1684 4322 1949 4393 prudens,

358 4415 575 4473 Domini
610 4414 819 4469 visione
877 4421 1174 4485 comperta,
1238 4412 1353 4467 sine
1394 4427 1545 4467 mora
1600 4412 1853 4479 surrexit,
1900 4417 1955 4466 et

353 4505 537 4560 locum
566 4502 670 4556 sibi
696 4501 1087 4574 praesignatum
1118 4516 1151 4555 a
1180 4501 1317 4567 Deo,
1349 4499 1402 4553 in
1424 4498 1573 4554 nullo
1603 4499 1851 4554 barbara:
1906 4505 1959 4553 et

358 4590 656 4648 incredulae
687 4590 866 4662 gentis
914 4604 1284 4661 expavescens
1331 4588 1621 4653 feritatem,
1704 4586 1951 4658 expetiit.

359 4680 536 4751 Cujus
585 4678 839 4746 adventu,
872 4678 1019 4732 fama
1065 4677 1344 4748 vulgante,
1376 4675 1733 4748 przecognito,
1756 4683 1963 4747 septem

361 4769 661 4823 nominatae
684 4766 795 4835 jam
823 4765 1017 4820 insula:
1046 4781 1204 4837 reges
1232 4781 1351 4820 eum
1382 4762 1726 4834 pontificibus
1779 4763 1962 4819 idolo-

362 4873 503 4921 rum,
534 4870 657 4911 cum
693 4853 925 4923 satrapis
962 4853 1320 4923 ejusdemque
1362 4851 1541 4925 gentis
1594 4868 1703 4908 non
1739 4851 1968 4907 minima

366 4942 710 5000 multitudine
742 4942 799 4994 in
830 4941 997 4997 sancti
1026 4956 1335 4998 convenere
1365 4956 1667 4996 occursum.
1700 4941 1810 4996 Hos
1838 4956 1967 4996 san-

2044 2393 2218 2462 pulsa,
2244 2392 2461 2448 alterius
2490 2393 2711 2463 liquoris
2732 2411 2839 2450 non
2869 2396 3102 2451 admittit
3156 2398 3522 2473 dulcedinem,
3556 2406 3636 2461 illi

2045 2481 2220 2536 adhuc
2249 2481 2393 2551 pleni
2424 2481 2614 2550 spiritu
2645 2483 2885 2552 superbo
2916 2486 3217 2541 doctrinam
3276 2491 3462 2546 salutis
3490 2495 3634 2550 reci-

2046 2586 2177 2639 pere
2208 2570 2514 2623 noluerunt.
2548 2569 2655 2626 Sed
2697 2580 2983 2627 cernentes
3013 2573 3394 2647 humilitatem,
3438 2590 3489 2637 et
3520 2584 3638 2640 vili-

2048 2665 2206 2712 tatem
2239 2658 2452 2712 habitus
2482 2658 2835 2726 attendentes,
2870 2676 2976 2717 non
3019 2662 3326 2720 thesaurum
3384 2667 3638 2729 latentem

2048 2746 2301 2815 interius,
2334 2754 2576 2802 sanctum
2608 2756 2661 2802 et
2689 2764 2815 2803 vere
2836 2750 3195 2818 apostolicum
3225 2754 3398 2809 virum
3428 2761 3641 2828 penitus

2049 2843 2508 2905 contempserunt.
2543 2836 2663 2889 Fuit
2693 2835 2832 2891 inter
2853 2838 2969 2907 jam
3001 2838 3174 2894 dictos
3201 2857 3365 2913 reges
3411 2847 3644 2906 nobilior

2048 2939 2207 2991 unus,
2241 2937 2306 2978 ac
2324 2924 2597 2991 potentior
2627 2924 2900 2992 omnibus,
2933 2927 3157 2983 nomine
3187 2928 3348 2985 Clito.
3380 2933 3516 2990 Huic
3531 2946 3645 2993 erat

2049 3009 2195 3067 ﬁlius
2249 3010 2565 3067 adolescens
2620 3011 2780 3067 bonae
2828 3012 3041 3080 indolis,
3102 3017 3370 3075 vocabulo
3424 3022 3645 3096 Fingar,

2053 3100 2320 3155 electione
2353 3099 2538 3154 divina
2553 3101 2923 3173 praeregnitus
2966 3110 3019 3157 et
3046 3106 3218 3159 sancti
3274 3106 3510 3177 Spiritus
3535 3114 3650 3183 jam

2053 3188 2232 3260 gratia
2262 3188 2537 3256 perfusus.
2572 3189 2672 3244 Hic
2702 3205 2768 3244 ex
2801 3189 3067 3245 universis
3093 3192 3242 3247 solus
3270 3206 3457 3254 sancto
3478 3216 3652 3257 assur-

2055 3292 2190 3348 gens
2223 3276 2473 3343 Patricio,
2502 3291 2608 3347 quo
2638 3277 2811 3346 potuit
2841 3278 3065 3347 honore,
3111 3280 3287 3337 virum
3342 3285 3440 3340 Dei
3471 3292 3651 3347 susci-

2056 3364 2211 3435 piens
2226 3365 2410 3431 cessit,
2451 3372 2503 3420 et
2534 3364 2587 3419 in
2620 3364 2741 3421 loco
2772 3381 2880 3435 quo
2899 3366 3115 3423 sederat
3143 3369 3277 3441 ipse,
3309 3387 3433 3428 eum
3462 3378 3653 3437 sedere

2057 3452 2201 3507 fecit.

2688 3523 2911 3581 CAPUT
2950 3526 3018 3581 H.

2222 3610 2495 3683 Fingaris
2525 3628 2591 3667 ac
2612 3614 2895 3669 sociorum
2926 3631 3026 3685 pro
3054 3616 3164 3686 ﬁde
3184 3621 3484 3679 exsilium.

2222 3659 2244 3666 _
2276 3659 2425 3683 -.-δη
2449 3659 2490 3668 --
2526 3659 2587 3667 -.-
2613 3659 2777 3669 η----
2801 3659 2895 3668 ....-
2926 3659 3022 3685 μιν
3054 3659 3160 3686 ,ην
3184 3659 3484 3679 mnum...

1978 3659 2028 3722 Ο
2128 3701 2302 3755 Iratus
2328 3708 2485 3780 pa_ter
2509 3716 2745 3768 severus,
2778 3710 2831 3756 et
2861 3702 3242 3775 indignatione
3287 3712 3481 3780 grandi
3537 3732 3657 3775 suc-

2058 3804 2253 3844 census
2284 3789 2335 3842 in
2367 3767 2557 3859 litium,
2590 3788 2774 3844 dicens
2807 3790 2952 3861 quod
2981 3792 3200 3849 deorum
3232 3767 3449 3853 suorum
3481 3802 3655 3862 inten-

2068 3878 2219 3932 deret
2247 3880 2514 3932 evacu’are
2541 3878 2831 3948 culturam,
2892 3888 2946 3934 et
2993 3896 3193 3937 novam
3229 3884 3658 3951 Christianorum

2069 3981 2166 4036 per
2221 3973 2475 4053 sanctum
2528 3965 2824 4021 Patricium
2881 3966 3218 4025 introducere
3256 3972 3454 4045 legem,
3489 3996 3660 4053 regno

2074 4052 2299 4123 expulit,
2321 4061 2373 4107 et
2419 4053 2534 4108 solo
2590 4053 2717 4108 fecit
2773 4055 3116 4111 exhaeredem
3146 4068 3392 4127 paterno.
3418 4064 3512 4121 Cui
3544 4052 3663 4139 plu-

2072 4155 2160 4196 res
2217 4156 2285 4195 ex
2341 4140 2612 4195 nobilibus
2642 4141 2918 4197 Hibernia:
2968 4148 3238 4213 procreati
3268 4150 3659 4230 adolescentes,

2074 4228 2393 4284 dulcissimo
2424 4243 2613 4283 amore
2634 4230 2931 4298 conjuncti,
2963 4233 3167 4300 pariter
3220 4238 3441 4306 profecti
3490 4228 3663 4302 coax;

2073 4316 2243 4383 sules,
2274 4323 2416 4371 terra
2446 4316 2689 4386 marique
2721 4317 2981 4372 minorem
3013 4320 3065 4373 in
3096 4321 3425 4382 Britanniam
3466 4348 3662 4401 per-ve-

2071 4412 2285 4460 nerunt.
2318 4403 2439 4473 Quo
2469 4403 2672 4472 audito,
2689 4404 2858 4474 judex
2890 4406 3183 4463 Britannia}
3211 4411 3265 4464 in
3284 4420 3481 4471 terram
3511 4435 3666 4479 suam

2072 4508 2243 4549 novos
2264 4492 2500 4558 accolas,
2530 4495 2872 4561 adventasse,
2913 4510 3007 4550 eos
3034 4496 3137 4550 sibi
3194 4500 3433 4558 exhiberi
3465 4522 3666 4577 prmce.

2073 4582 2153 4652 pit
2181 4578 2262 4649 ’“,
2294 4588 2348 4635 et
2374 4580 2664 4653 diligenter
2693 4580 2969 4651 inquirens
3006 4582 3095 4653 qui
3151 4595 3350 4657 essent,
3408 4592 3477 4647 ad
3535 4599 3667 4667 quid

2076 4670 2161 4725 vel
2183 4668 2242 4698 "'
2274 4668 2415 4724 unde
2440 4668 2732 4737 venissent,
2763 4671 3159 4741 responderunt
3201 4690 3258 4729 se
3286 4677 3354 4733 de
3410 4681 3667 4744 Hibernia

2077 4761 2267 4832 pulsos
2300 4780 2313 4826 ;
2346 4759 2595 4830 serioque
2616 4759 3028 4831 proscriptionis
3048 4776 3161 4817 suae
3174 4764 3380 4823 ratione
3394 4775 3663 4845 exposita,

2077 4850 2351 4921 petierunt
2404 4855 2463 4903 ut
2518 4849 2573 4902 in
2618 4847 2901 4919 provincia
2936 4845 2999 4877 ³⁸⁷
3052 4865 3149 4904 sua
3187 4851 3362 4909 locum
3393 4858 3668 4921 habitandi

2079 4945 2239 5007 atque.
2268 4934 2328 4966 ⁸⁸⁸
2356 4935 2627 4992 licentiam
2671 4936 2750 4992 eis
2800 4936 3121 4993 concederet
3147 4955 3245 5010 pro
3295 4960 3389 5000 sua
3431 4948 3671 5008 clemen-
3744 4938 3756 4943 ’

366 5040 489 5089 ctus
518 5027 735 5085 Domini
766 5026 873 5083 ﬁde
902 5028 1114 5101 integer
1134 5036 1187 5083 et
1216 5027 1502 5083 devotione
1525 5027 1717 5097 plenus
1772 5039 1967 5097 aggre-
1994 5022 2047 5084 D
2079 5026 2169 5081 tia.
2204 5024 2543 5098 lngenuilate
2564 5039 2689 5080 vero
2718 5025 3118 5081 adolescentum
3147 5041 3447 5102 comperta,
3492 5038 3674 5098 simul.

365 5120 544 5187 diens,
602 5116 766 5187 coepit
822 5115 901 5172 eis
956 5115 1315 5187 Evangelium
1373 5114 1570 5170 Christi
1613 5130 1736 5169 cum
1779 5111 1976 5168 fiducia
2074 5130 2180 5186 que
2207 5111 2381 5169 exsilii
2435 5128 2654 5169 causam
2701 5111 2812 5167 dux
2840 5128 3163 5185 agnoscens,
3222 5134 3437 5178 summa
3476 5142 3667 5186 eorum

368 5207 697 5281 praedicare,
745 5211 798 5259 et
840 5204 898 5259 in
923 5203 1049 5259 Jesu
1079 5203 1452 5277 evangelizare
1481 5202 1737 5258 salutem.
1777 5202 1973 5257 Verum
2073 5202 2318 5273 petitioni
2349 5200 2667 5257 liberalitate
2698 5202 3016 5273 assentiens,
3049 5210 3253 5261 tantum
3306 5210 3386 5267 eis
3419 5220 3571 5274 terra:
3595 5219 3667 5276 ad

1657 5323 1884 5381 VARUE
1924 5323 2333 5380 LECTIONES.

446 5426 733 5507 f‘fColiala
765 5429 848 5482 est
873 5438 1137 5507 quamvis:
1175 5423 1457 5507 γίοιῳοίη.⁸
1483 5423 1530 5479 ll!
1551 5423 1599 5479 Η
1618 5422 1682 5478 Β.
1702 5424 1769 5507 με
1786 5421 1849 5503 iri
1865 5437 1969 5507 qua
1990 5424 2212 5507 aggeri
2218 5419 2519 5507 distinctio
2540 5421 2945 5507 capitulargm,
2968 5421 3542 5507 mgxhibmmgmepi,
3560 5452 3667 5500 nu.

376 5497 627 5557 exhiberi
655 5498 935 5578 praecepit.
992 5493 1139 5578 “(ad
1166 5496 1330 5578 quod
1376 5494 1461 5578 vel
1490 5510 1597 5552 ms.
1648 5493 1720 5552 ad
1749 5493 1842 5571 qui
1871 5489 1977 5553 vel.
2026 5489 2156 5553 ’"Ut
2186 5492 2233 5551 si
2258 5491 2550 5566 provincia
2597 5489 2704 5553 im.
2736 5494 2878 5554 utin
2903 5496 3207 5577 provincia.
3269 5489 3671 5578 “suadelis;

380 5580 542 5648 atque
564 5565 674 5629 ms:
710 5582 810 5629 sua
837 5565 1022 5628 locum
1051 5565 1335 5626 habitandi
1364 5573 1547 5643 atque.
