4024 6078
451 236 551 291 327

1508 235 1597 288 AD
1631 233 1859 288 OPERA
1891 236 1946 289 S.
1981 233 2286 291 ANSELMI
2317 238 2688 294 APPENDIX.

3636 253 3749 307 328

454 365 806 421 habitandum
876 359 1154 424 concessit,
1233 368 1489 427 quantum
1557 375 1691 411 unus
1749 358 2117 427 equitandoA
2151 363 2465 420 t‘lecessi:set
2524 368 2592 420 ab
2650 368 2746 434 eis,
2782 369 2848 422 ad
2907 385 3025 424 eum
3059 371 3245 427 iterum
3279 373 3656 446 inquirendum
3689 397 3752 436 se

449 465 631 530 posset
661 467 870 510 currere
917 468 1014 518 per
1069 450 1210 502 diem
1247 467 1259 513 ;
1295 447 1657 516 praicepitqiie
1705 449 2034 502 venerationi

447 549 746 611 habendos,
779 552 824 597 et
860 540 1091 593 maxime
1113 538 1394 605 Fingarem
1427 538 1627 590 censuit
1659 538 2032 591 excolendum.

449 637 665 693 Domini
696 632 860 702 igitur
888 628 1113 699 gratiam
1149 626 1200 677 in
1231 624 1480 677 omnibus
1510 627 1778 680 consecuti
1803 627 2035 697 diligun-

451 737 534 781 tur
563 725 630 778 ab
660 720 926 782 mnnibus,
958 715 1025 767 ab
1056 714 1304 766 omnibus
1334 715 1680 782 honorantur,
1715 724 1760 768 et
1794 732 1914 768 cum
1949 717 2033 768 in-

453 814 661 883 digenis
693 811 758 861 de
789 815 980 860 caetero
1012 802 1135 857 novi
1169 802 1404 870 hespites
1437 803 1770 858 familiariter
1791 804 2035 859 habitare

447 907 739 972 coq'mrunt.

1070 982 1289 1036 CAPUT
1324 982 1415 1034 III.

681 1075 903 1133 Occasio
935 1089 1184 1128 secessus
1217 1072 1474 1141 lv‘z'ngaris
1505 1087 1537 1124 (ι
1565 1071 1787 1126 sa'culo.

509 1195 613 1247 Sed
646 1209 764 1244 cum
794 1191 905 1259 jam
937 1187 1272 1257 providentia
1303 1187 1608 1239 summiDei
1635 1188 1856 1239 tironem
1875 1204 2028 1239 suum

440 1284 720 1352 l’ingarem
747 1280 853 1332 suis
885 1277 1079 1330 arctius
1109 1276 1266 1330 vellet
1300 1275 1574 1343 applicare
1613 1276 1902 1344 obsequiis,
1939 1276 2026 1328 tali

437 1388 556 1425 eum
590 1378 700 1422 arte
734 1367 1001 1419 discrevit.
1038 1365 1133 1417 Die
1164 1364 1396 1432 quadam
1457 1380 1573 1415 cum
1608 1364 1718 1417 suis
1773 1365 2027 1418 consorti-

436 1461 535 1513 bus
563 1460 630 1511 ad
665 1456 964 1510 venandum
999 1469 1259 1518 egressus,
1312 1460 1575 1519 repertum
1636 1468 1794 1505 canes
1840 1470 2026 1522 coepe-

437 1557 555 1602 runt
587 1561 747 1616 agere
779 1559 1014 1604 cervum,
1051 1541 1138 1609 qui
1171 1557 1290 1592 cum
1323 1539 1545 1591 canibus
1603 1540 1905 1608 importune
1938 1541 2023 1594 in-

435 1635 755 1690 festantibus
786 1648 844 1683 ea
878 1647 988 1700 qua
1021 1629 1152 1680 illud
1185 1628 1383 1680 animal
1417 1628 1553 1680 solet.
1584 1627 1695 1679 lieri
1744 1629 2026 1684 velocitate.

435 1725 735 1790 aufugeret,
770 1720 914 1773 solus
947 1718 1143 1786 Fingar
1172 1732 1292 1767 cum
1325 1715 1569 1783 canibus,
1603 1716 1801 1770 relictis
1849 1720 2026 1788 sociis,
2056 1715 2108 1774 Β

433 1820 746 1883 preseeutus
776 1817 851 1861 est
887 1806 1198 1873 fugientem.
1234 1804 1374 1870 Quid
1404 1804 1558 1871 plura
1590 1805 1616 1854 ‘?
1647 1808 2025 1869 cervt.un,reti-

434 1902 567 1967 nuit,
603 1897 794 1953 Occidit
829 1911 840 1963 ;
876 1903 927 1948 et
958 1895 1194 1946 detracta
1244 1891 1386 1959 pelle
1418 1891 1676 1944 frustatim
1736 1890 1793 1919 "9
1851 1897 2026 1949 e0nei-

433 1991 564 2044 dens
594 2003 692 2055 per
724 1993 871 2037 artus
900 1997 1036 2050 equo
1067 1979 1348 2047 imposuit,
1382 1980 1534 2048 quasi
1592 1998 1901 2037 reversurus
1958 1984 2024 2037 ad

433 2078 630 2135 socios,
663 2073 753 2143 qui
787 2088 908 2124 eum
952 2068 1142 2121 nebula
1175 2067 1476 2120 obdncenle
1507 2071 1877 2136 perdiderant.
1913 2072 2024 2128 Sed

429 2182 550 2223 cum
583 2179 880 2231 resl'iersam
914 2158 1171 2226 sanguine
1203 2165 1400 2208 vestem
1451 2171 1513 2209 ac
1572 2167 1871 2213 cruentatas
1915 2177 2024 2214 ma-

431 2272 531 2309 nus
560 2253 720 2307 vellet
753 2249 992 2313 abluere,
1028 2248 1127 2298 huc
1162 2245 1393 2313 illucque
1427 2245 1862 2314 cireumsltieiens
1915 2265 2022 2304 non

426 2341 734 2398 inveniebat
768 2352 984 2405 aquam,
1018 2343 1067 2387 et
1099 2334 1266 2386 labari
1301 2333 1520 2401 cuspide
1558 2335 1614 2386 in
1645 2342 1780 2388 terra
1813 2337 2020 2406 defixa,

427 2429 707 2499 improvisi
769 2426 931 2480 fontis
962 2423 1270 2493 gratissima
1305 2439 1527 2474 manans
1582 2439 1717 2476 vena
1777 2425 2018 2479 defluxit.

423 2519 623 2575 Laticis
652 2515 776 2570 novi
810 2514 1005 2567 miratu
1029 2513 1245 2576 fluenta,
1297 2514 1349 2564 et
1398 2511 1540 2564 illius
1584 2513 1762 2565 virtuti
1821 2515 2022 2568 factum

426 2605 723 2676 deputavit,
784 2602 875 2672 qui
926 2601 1202 2669 antiquum
1262 2599 1520 2667 populum
1573 2600 1726 2656 silice
1763 2618 2020 2669 percusso

421 2697 648 2769 potavit.
683 2695 1055 2761 Comparetur,
1115 2689 1156 2740 si
1216 2688 1414 2756 placet,
1451 2688 1650 2741 factum
1708 2691 1928 2760 antiquo
1961 2691 2021 2720 ²⁹⁰

422 2788 478 2842 S.
514 2782 802 2840 Clementis
833 2778 1109 2842 miraculo,
1142 2777 1241 2830 nisi
1273 2776 1417 2845 quod
1461 2776 1552 2830 ille
1607 2776 1665 2804 ²⁹¹
1696 2779 1836 2846 pede
1892 2782 2018 2851 agni

421 2875 588 2932 fontis
619 2870 872 2942 cognovit
903 2870 1230 2931 thesaurum,
1265 2865 1362 2918 iste
1394 2865 1638 2918 acumine
1669 2867 1754 2919 teli
1780 2867 2015 2923 bullien-

421 2975 527 3020 tem
572 2977 762 3017 venam
821 2956 1042 3010 invenit.
1087 2954 1331 3022 Denique
1387 2969 1506 3007 cum
1569 2954 1829 3009 lavandus
1860 2974 1918 3012 se
1949 2959 2018 3012 ad

2146 451 2393 520 offerunt,
2421 455 2537 510 loca
2568 473 2624 510 se
2645 467 3044 514 monstraturos
3073 462 3161 515 ubi
3212 465 3427 519 socium
3476 469 3752 536 perdidis-

2144 550 2281 608 sent,
2310 545 2356 595 si
2386 544 2550 611 viros,
2611 546 2701 616 qui
2759 564 2879 600 eum
2912 551 3169 620 sagacius
3200 553 3394 607 scirent
3449 555 3746 626 inquirere,

2144 629 2451 685 destinaret.
2514 635 2650 686 Itum
2709 644 2803 700 est,
2856 646 2906 689 et
2959 639 3124 692 multo
3184 641 3365 694 labore
3396 643 3645 699 inventus
3673 649 3750 703 ad

2142 720 2486 786 pra‘sentiam
2521 721 2670 774 ducis
2700 739 2818 777 cum
2851 725 3051 780 honore
3093 729 3452 783 adducitur’”
3487 748 3498 800 ;
3534 744 3580 787 et
3615 751 3745 790 cum

2143 807 2269 870 dux,
2296 809 2364 861 de
2389 808 2502 876 ejus
2535 811 2845 866 inventione
2882 814 3060 878 laetus,
3098 816 3219 870 facti
3253 818 3487 888 benigne
3519 838 3746 878 causam

2141 894 2451 965 inquireret,
2488 900 2758 968 respondit
2790 918 2845 954 se
2875 903 3095 957 omnino
3125 904 3320 959 divinis
3374 911 3744 979 mancipatum

2143 983 2442 1054 obsequiis,
2496 1003 2592 1040 nec
2625 989 2733 1041 ulla
2758 1005 2991 1061 unquam
3026 994 3231 1046 ratione
3252 996 3320 1048 ad
3355 999 3535 1051 szi‘eeuli
3589 999 3744 1053 dein-

2140 1088 2266 1142 ceps
2300 1089 2458 1141 posse
2489 1075 2666 1130 redire
2724 1076 2894 1131 otiieia
2929 1080 3006 1145 ;si
3041 1088 3220 1136 tamen
3252 1084 3299 1136 ei
3332 1085 3506 1140 locum
3546 1087 3599 1141 in
3633 1105 3744 1157 quo

2138 1168 2446 1214 constructo
2477 1165 2714 1218 oratorio
2747 1166 2860 1219 Deo
2892 1167 3120 1235 quietius
3166 1179 3352 1238 posset
3383 1175 3599 1238 servire,
3635 1194 3743 1244 pro

2139 1266 2234 1301 sua
2266 1250 2426 1304 vellet
2457 1250 2790 1322 benignitate
2821 1256 3134 1323 concedere,
3171 1259 3399 1314 libenter
3414 1264 3740 1332 susciperet.

2140 1338 2256 1390 Dux
2291 1354 2418 1392 vero
2453 1340 2718 1412 benignus
2744 1343 2859 1410 ejus
2889 1345 3149 1400 voluntati
3169 1349 3351 1403 favere
3373 1353 3741 1416 consentiens,

2137 1424 2308 1478 locum
2343 1428 2656 1497 assignavit,
2691 1440 2741 1483 et
2773 1439 2934 1485 totam
2968 1433 3189 1503 insuper
3219 1445 3432 1505 terram,
3470 1457 3627 1510 quam
3689 1445 3744 1496 ei

2137 1523 2188 1566 et.
2247 1516 2411 1568 sociis
2460 1517 2578 1585 ejus
2636 1519 2784 1586 prius
2835 1521 2902 1573 ad
2958 1522 3314 1578 habitandum
3372 1539 3741 1600 concesserat,

2134 1601 2364 1656 liberam
2415 1605 2481 1657 ab
2541 1607 2684 1659 omni
2731 1608 2927 1663 tributo
2985 1621 3299 1679 perpetuam
3349 1615 3622 1688 delegavit
3683 1621 3746 1674 in

2136 1690 2336 1744 dotem.
2373 1693 2678 1763 Ingreditur
2725 1696 2888 1765 igitur
2929 1698 3129 1752 electus
3188 1702 3403 1756 Domini
3439 1705 3748 1777 Fingarlo~

2135 1796 2254 1832 cum
2313 1779 2466 1835 ducis
2515 1783 3218 1856 clementiaconsignatum,
3258 1790 3480 1858 przediis
3509 1809 3572 1847 ac
3598 1811 3743 1864 pos-

2135 1868 2465 1921 sessionibus
2523 1872 2763 1924 dolatum
2819 1875 3151 1942 amplissime
3181 1886 3339 1948 atque
3389 1880 3636 1948 ditatum,
3671 1899 3746 1940 ac

2137 1964 2313 2010 mente
2369 1963 2480 2010 tota
2537 1973 2600 2013 ac
2631 1959 2919 2015 devotione
2950 1963 3002 2015 in
3037 1966 3273 2019 caelestis
3304 1967 3420 2021 solii
3454 1969 3746 2026 habitatio-

2134 2059 2258 2097 nem
2317 2044 2550 2100 intentus
2608 2048 2978 2104 habitaculum
3005 2054 3466 2120 sanctiﬁcationis,
3521 2059 3572 2112 in
3623 2075 3744 2131 quo

2133 2131 2278 2184 Dens
2333 2139 2599 2202 perpetuo
2659 2135 2989 2204 laudaretur,
3048 2140 3298 2196 instituit.
3372 2146 3619 2218 Accingit
3674 2165 3741 2204 se

2134 2220 2387 2289 deinceps
2410 2237 2596 2276 servus
2627 2224 2723 2276 Dei
2769 2224 2960 2280 fortius
3016 2228 3085 2282 ad
3137 2244 3296 2298 Opera
3326 2229 3562 2302 fortiora,
3607 2252 3737 2290 car-

2133 2325 2254 2361 nem
2303 2309 2507 2374 domat,
2568 2311 2786 2366 roborat
2841 2315 3105 2383 spiritum,
3152 2327 3204 2372 et
3233 2323 3606 2392 prosequendo
3638 2341 3741 2380 se-

2129 2413 2310 2466 psum,
2344 2398 2576 2468 seipsum
2609 2400 2926 2469 perficiebat
2956 2404 3007 2457 in
3042 2405 3293 2462 Domino.

2747 2517 2970 2572 CAPUT
3002 2521 3088 2573 IV.

2130 2605 2425 2672 Regressus
2452 2603 2718 2675 Fingaris
2746 2606 2809 2659 in
2827 2610 3098 2676 patriam,
3119 2613 3174 2664 et
3217 2614 3378 2681 regni
3425 2617 3735 2672 recusatio.

2203 2692 2328 2744 Post
2359 2701 2568 2761 tempus
2625 2693 2852 2763 aliquod
2885 2697 2952 2748 ad
3008 2697 3190 2752 locum
3223 2702 3518 2756 nativitatis
3534 2705 3740 2760 admo-

2127 2780 2271 2832 nitus
2323 2782 2532 2834 hortatu
2591 2782 2840 2852 angelico
2890 2783 3064 2840 redire
3115 2786 3358 2854 jubetur.
3439 2790 3558 2858 Quo
3605 2811 3738 2848 eum

2128 2868 2342 2921 Domini
2398 2869 2448 2921 in
2500 2871 2750 2923 omnibus
2793 2873 3049 2939 prmsidio
3093 2875 3259 2930 fultus
3307 2879 3574 2947 rediisset,
3625 2882 3732 2935 Hi-

2128 2955 2369 3009 berniam
2403 2958 2599 3010 Christi
2655 2959 2866 3027 legibus
2915 2961 3208 3030 subditam,
3270 2965 3323 3019 in
3380 2968 3733 3027 confessione

419 3055 620 3108 fontem
655 3050 985 3117 disponeret,
1019 3042 1284 3096 inclinans
1315 3059 1370 3095 se
1401 3042 1454 3094 in
1483 3058 1698 3111 aquam,
1760 3060 1860 3114 per
1892 3063 2014 3099 um-
2044 3062 2092 3125 α
2126 3044 2413 3099 Christiani
2492 3048 2728 3101 neminis
2776 3049 3121 3119 gloriantem,
3179 3060 3231 3106 et
3289 3062 3453 3109 totam
3505 3057 3731 3114 lavacro

416 3143 568 3197 bram
602 3136 822 3192 formosi
853 3133 1026 3189 vultus
1069 3131 1146 3185 sui
1202 3130 1652 3199 pulchritudinem
1709 3135 2009 3203 attendens,

415 3239 531 3286 erat.
561 3228 701 3282 enim
733 3223 1007 3293 speciosus
1035 3221 1196 3275 valde
1226 3229 1276 3272 et
1307 3221 1531 3273 decorus
1562 3229 1798 3289 aspectu,
1850 3223 2014 3291 (capit

414 3319 639 3373 laudare
671 3317 843 3368 Deum
875 3319 924 3365 et
954 3309 1290 3374 benedicere,
1311 3309 1614 3377 quitantam
1638 3309 1689 3363 ei
1713 3310 2011 3366 contulerat

412 3406 663 3481 gratiam.
701 3404 764 3456 Et
794 3418 858 3455 ex
889 3400 981 3452 illa
1014 3400 1143 3451 hora
1174 3413 1230 3449 se
1261 3397 1306 3449 ei
1341 3397 1660 3450 serviturum
1689 3405 1795 3450 tota
1835 3399 2008 3454 devo-

415 3496 557 3550 tione
586 3491 878 3561 spondens,
911 3488 1086 3541 soluto
1119 3487 1184 3538 de
1214 3485 1389 3553 capite
1421 3485 1542 3553 equi
1573 3486 1746 3552 freno,
1781 3487 2008 3541 liberum

412 3600 517 3654 quo
576 3580 742 3632 vellet
800 3578 875 3629 ire
905 3574 1152 3643 permisit
1184 3591 1196 3635 ;
1233 3573 1350 3640 ipse
1380 3589 1506 3626 vero
1565 3573 1702 3626 inter
1751 3590 1878 3627 saxa
1909 3576 2008 3628 sub

413 3671 646 3740 quodam
679 3681 842 3734 specu
873 3663 1109 3725 latitans,
1135 3676 1429 3731 quereuum
1475 3660 1686 3736 glande
1730 3662 2006 3730 aliquanto

411 3767 655 3825 tempore
685 3753 838 3807 vixit.
874 3749 1022 3803 Socii
1057 3757 1234 3800 autem
1263 3749 1380 3815 ejus
1401 3764 1501 3815 per
1530 3749 1647 3801 loca
1689 3749 1864 3802 «litfusi
1899 3760 2007 3807 tota

409 3845 704 3903 intentione
733 3837 1040 3908 quaerebant
1072 3851 1215 3901 eum,
1249 3843 1300 3889 et
1343 3852 1464 3887 cum
1496 3851 1601 3889 non
1651 3836 1998 3908 invenissent,

410 3935 554 3992 anxii
585 3931 745 3988 valde
797 3935 848 3981 et
879 3926 1126 3979 dolentes
1158 3924 1358 3977 reversi
1392 3932 1512 3977 sunt
1543 3924 1605 3976 ad
1639 3925 2001 3982 habitaculum

406 4039 582 4080 suum.
617 4019 876 4074 Dominus
905 4022 1084 4068 autem
1110 4012 1397 4066 Britannia)
1428 4029 1548 4067 cum
1583 4014 1818 4069 audisset
1849 4017 1998 4071 illum

407 4116 617 4179 deesse,
652 4105 888 4163 evocatis
911 4103 978 4158 ad
1008 4118 1064 4155 se
1095 4101 1257 4154 sociis
1288 4102 1418 4169 ejus,
1453 4101 1758 4170 requirebat
1816 4105 1885 4158 ab
1925 4107 2001 4160 eis

403 4201 466 4231 ”’
495 4216 600 4271 quo
632 4195 957 4259 devertisset,
990 4192 1072 4245 vel
1103 4189 1231 4261 quid
1271 4189 1337 4243 de
1367 4206 1430 4244 eo
1474 4191 1672 4245 factum
1706 4192 1913 4260 fuisset,
1947 4202 2000 4249 et

401 4258 656 4360 lalliéatos
688 4285 739 4337 in
771 4281 1014 4337 custodia
1055 4278 1272 4333 tradens
1328 4280 1761 4333 comminabatur
1810 4281 1997 4350 jnraus

400 4397 458 4433 se
489 4376 789 4433 occisurum
820 4385 1030 4436 omnes,
1075 4367 1176 4420 nisi
1210 4373 1259 4420 et
1316 4367 1592 4421 veritatem
1653 4369 1952 4424 indicarent
1980 4390 1990 4424 :

400 4467 663 4522 arbitrans
694 4461 762 4515 ab
793 4460 876 4514 eis
908 4458 959 4511 in
992 4455 1338 4510 contentione
1397 4456 1481 4510 vel
1537 4456 1712 4527 litigio
1771 4459 1998 4512 interru-

399 4565 569 4628 ptum.
623 4551 729 4607 Sed
786 4563 883 4603 cur
938 4545 1213 4599 hominem
1271 4543 1614 4612 occidissent,
1689 4560 1786 4612 pro
1845 4547 1998 4616 cujus

400 4658 588 4700 amore,
619 4636 798 4692 natale
846 4635 1017 4689 solum
1067 4633 1419 4703 reliquerant,
1480 4631 1800 4702 laboresque
1845 4635 1996 4689 susti-

400 4736 627 4786 nuerant
657 4724 914 4788 infinitos,
950 4731 1108 4776 terrm
1141 4721 1450 4790 margisque
1474 4721 1784 4776 discrimina
1801 4724 1996 4778 tolera-

401 4824 587 4874 veraut
628 4814 795 4867 multa
827 4813 853 4863 ‘?
901 4811 1146 4878 Denique
1197 4808 1430 4875 tristitia,
1465 4825 1568 4877 qua
1629 4809 1998 4866 adiciebantur

398 4923 497 4979 pro
528 4919 612 4970 eo,
638 4917 744 4956 non
776 4899 1096 4963 homicidas,
1131 4898 1223 4950 sed
1240 4913 1394 4950 veros
1417 4898 1988 4968 n’ionstrahatamicos,

399 5004 449 5051 et
505 4993 640 5047 tales
699 4988 893 5058 quibus
926 4985 1076 5039 credi
1127 5001 1233 5038 non
1277 4986 1343 5039 de
1372 4986 1518 5051 odio,
1545 4987 1640 5039 sed
1670 4987 1736 5040 de
1761 4987 1996 5043 amicitia

398 5081 689 5140 debuisset.
724 5075 982 5147 Exposito
1016 5082 1194 5129 tamen
1224 5074 1458 5144 qualiter
1487 5074 1802 5130 inventione
1849 5077 1994 5133 cervi

2121 3141 2310 3188 sancto
2366 3134 2642 3202 perfusam
2703 3136 2930 3191 invenit.
2999 3140 3250 3195 Gaudent
3279 3144 3422 3198 servi
3475 3162 3534 3200 se
3554 3146 3732 3202 domi-

2122 3238 2248 3274 num
2299 3222 2594 3291 accepisse,
2629 3224 2915 3278 Christiani
2948 3226 3164 3292 ﬁdeles,
3190 3240 3495 3286 consortem
3528 3244 3726 3304 patro-

2121 3326 2248 3362 num
2283 3324 2294 3376 ;
2328 3320 2520 3379 rogant
2574 3327 2717 3377 eum,
2769 3314 2975 3368 Clitone
3025 3324 3179 3383 patre
3229 3318 3504 3388 defuncto,
3552 3324 3726 3378 susci-

2120 3415 2253 3467 pere
2309 3409 2559 3468 regnum,
2593 3401 2870 3471 cupientes
2926 3403 3260 3460 defensorem
3320 3409 3480 3463 talem
3516 3411 3725 3468 habere

2119 3486 2278 3554 cujus
2319 3487 2659 3555 providentia
2707 3490 3098 3560 gubernaretur
3143 3510 3370 3564 regnum
3451 3505 3503 3551 et
3577 3516 3724 3556 nova

2119 3575 2294 3629 adhuc
2325 3576 2699 3630 Christianitas
2731 3586 2985 3632 tueretur.
3020 3581 3158 3648 Tibi,
3189 3583 3453 3653 inquiunt,
3487 3597 3724 3656 excepto

2118 3664 2264 3732 quod
2320 3663 2443 3717 fidei
2463 3665 2780 3718 Christiana:
2813 3675 2862 3719 te
2894 3668 3140 3736 cupimus
3171 3671 3374 3726 habere
3427 3672 3716 3746 fautorem,

2116 3767 2182 3806 ex
2232 3767 2439 3820 genere
2466 3753 2647 3823 regius
2666 3751 2725 3779 ’°‘
2759 3755 2930 3808 honor
2961 3757 3200 3821 debetur,
3237 3759 3304 3812 ad
3337 3767 3388 3813 te
3428 3763 3720 3820 hocrerhtas

2115 3839 2364 3908 pertinet,
2423 3839 2516 3892 tibi
2587 3841 2925 3896 htereditario
2988 3844 3113 3912 jure
3179 3847 3320 3900 cedit
3404 3852 3704 3918 possessio.

2113 3927 2246 3979 Tum
2275 3928 2387 3995 ipse
2421 3944 2432 3982 :
2471 3929 2694 3997 Parcite,
2728 3931 2919 4001 inquit,
2953 3934 3295 4002 charissimi;
3328 3938 3490 3992 semel
3548 3940 3712 3995 dedi-

2111 4023 2258 4069 catus
2297 4032 2415 4068 sum
2449 4017 2676 4080 Christo,
2705 4018 2781 4071 illi
2818 4019 2920 4072 soli
2979 4037 3064 4075 me
3111 4024 3429 4078 serviturum
3489 4027 3709 4096 devovi,

2111 4104 2177 4157 ad
2209 4102 2388 4157 officia
2417 4105 2603 4159 saeculi
2629 4105 2886 4175 deinceps
2919 4109 3116 4164 reverti
3159 4126 3265 4164 non
3295 4128 3542 4182 possum,
3576 4133 3714 4187 quo-

2108 4193 2255 4245 niam
2270 4207 2432 4246 ncmo
2449 4194 2685 4248 mittens
2703 4209 2938 4251 manum
2955 4197 3026 4252 ad
3041 4202 3383 4267 aratrum,et
3399 4204 3711 4273 respiciens

2107 4283 2568 4351 relro,aplusest
2586 4298 2754 4351 regno
2787 4285 2887 4338 Dei
2923 4286 3080 4355 (Luc.
3115 4303 3193 4354 ix,
3230 4290 3340 4357 62).
3375 4290 3544 4346 Nemo
3600 4297 3710 4350 mi-

2109 4369 2286 4422 litans
2303 4369 2430 4435 Deo,
2455 4370 2714 4440 implicat
2736 4388 2794 4426 se
2825 4376 3068 4442 negotiis
3096 4376 3705 4452 stecularz'bmmtpla-

2109 4460 2233 4512 ceat
2276 4459 2329 4510 ci
2371 4459 2464 4513 cui
2505 4473 2562 4514 se
2605 4459 2817 4516 devovit
2849 4462 2924 4526 (Il
2951 4463 3084 4516 Tim.
3119 4479 3176 4530 ιι,
3210 4466 3286 4533 4).
3322 4466 3386 4519 Et
3431 4482 3552 4521 cum
3605 4486 3704 4525 ro-

2106 4552 2301 4616 gantes
2329 4545 2420 4614 pia
2450 4546 2854 4616 importunitate
2884 4549 3148 4605 instarent
3183 4571 3193 4606 :
3231 4553 3288 4606 In
3347 4570 3568 4622 vanum,
3603 4559 3698 4629 ait,

2105 4635 2315 4700 fratres,
2373 4635 2536 4687 tantis
2590 4635 2840 4704 precibus
2894 4638 3148 4693 laboratis
3180 4657 3190 4702 ;
3226 4656 3329 4711 ego
3367 4643 3513 4698 enim
3547 4648 3704 4702 vobis

2105 4738 2228 4777 cum
2275 4721 2472 4776 diutius
2521 4721 2750 4778 detineri
2805 4741 2914 4780 non
2987 4743 3234 4796 possunt.
3292 4728 3397 4784 Sed
3454 4732 3497 4786 si
3528 4736 3699 4792 vultis

2105 4826 2271 4880 agere
2319 4811 2614 4864 secundum
2679 4828 2858 4866 meum
2913 4815 3234 4884 consilium,
3292 4818 3477 4891 eligite
3518 4823 3695 4879 virum

2098 4898 2416 4952 industrium
2470 4915 2532 4954 ac
2591 4898 3012 4966 fidelem,unum
3044 4919 3110 4958 ex
3168 4905 3444 4961 nobilibus
3473 4913 3692 4981 patriae,

2096 4988 2248 5056 cujus
2277 4987 2617 5057 providentia
2639 4989 2945 5045 moderetur
2969 5006 3219 5062 regnum,
3263 5001 3309 5048 el
3371 4995 3694 5058 Christiana:

2095 5074 2220 5131 ﬁdei
2253 5076 2675 5148 tueaturreligio
2709 5093 2721 5148 ;
2758 5079 2898 5133 etilli
2918 5096 3239 5152 germanam
3257 5099 3431 5140 meam
3452 5084 3688 5161 Pialam,

1704 5226 1930 5282 VARIAE
1969 5228 2378 5286 LECTIONES.

473 5381 854 5442 ’"Fruslratim
913 5398 1018 5438 ms.
1079 5375 1339 5435 frustatim
1357 5419 1369 5433 .

1473 5375 1948 5461 f°°Cummaptiquo
1995 5397 2134 5461 _7_ns._
2162 5378 2328 5439 omit.
2371 5396 2513 5461 cum.
2572 5379 2784 5461 _”‘Nam
2817 5383 3025 5457 quiille
3056 5386 3308 5461 mannisi
3369 5390 3510 5461 quod
3565 5391 3679 5450 ille.

395 5456 797 5530 nsRequirebat
828 5455 904 5511 eis
933 5471 1040 5512 ms.
1073 5451 1384 5526 requirebat
1428 5449 1498 5507 ab
1528 5451 1624 5508 eis.
1673 5449 1904 5511 "'Ducis
1943 5452 2228 5512 adducitur
2275 5470 2384 5515 ms.
2451 5456 2612 5515 Ducis
2667 5473 2791 5517 cum
2832 5449 3042 5520 honore
3091 5449 3400 5524 adducitur:
3447 5449 3682 5542 “Regis

392 5548 499 5591 ms.
523 5529 746 5606 Regius.
