4036 6072
290 318 395 372 329

1035 313 1311 372 SPURIA.
1349 343 1421 355 —
1456 307 1698 367 PASSIO
1738 306 1837 364 SS.
1883 306 2256 380 GUIGNERI,
2298 309 2649 382 FINGARIS,
2689 311 2846 373 ETC.

287 439 345 494 in
400 454 624 494 uxorem
675 438 840 495 simul
879 453 1001 496 cum
1021 456 1195 513 regno
1227 439 1443 496 tradite.
1476 439 1670 496 Fuerat
1706 444 1888 494 autem
1917 435 1974 497 A

290 527 599 584 clarissima
664 528 820 602 virgo
850 528 1029 596 Piala,
1068 527 1400 586 nobilissimi
1456 528 1601 602 regis
1663 528 1896 584 Clitonis

292 616 424 685 ﬁlia,
483 633 640 673 soror
698 619 756 674 S.
817 617 1103 690 Guigneri,
1158 620 1271 689 jam
1302 618 1522 675 lavacro
1551 616 1896 689 ’“puriﬁca-

289 709 456 767 tionis
477 715 797 779 regenerata
830 708 884 761 in
916 708 1151 764 Christo.
1200 707 1383 763 Sancti
1422 708 1589 781 igitur
1644 708 1900 777 instructi

293 798 520 855 consilio
565 798 837 870 virginem
878 813 1090 853 sacram
1139 796 1489 869 alloquuntur
1542 798 1611 853 de
1668 812 1896 868 sponso.

294 886 513 955 Quibus
535 886 652 954 illa,
685 894 796 942 tota
834 885 890 940 in
921 902 1106 942 amore
1137 886 1331 942 Christi
1363 886 1612 962 fundata,
1664 902 1897 958 respon-

292 977 415 1032 dit:
450 978 694 1048 Sponsus
715 992 871 1032 meus
901 976 1144 1031 Christus
1170 983 1272 1045 est,
1334 978 1429 1046 qui
1483 992 1572 1032 me
1601 992 1699 1047 per
1743 990 1898 1030 suam

292 1065 531 1138 gratiam
588 1064 749 1137 regni
802 1064 888 1120 sui
944 1064 1112 1138 elegit
1168 1073 1492 1121 consortem.
1550 1064 1689 1120 Huic
1735 1062 1898 1120 ﬁdem

292 1154 520 1227 promisi
579 1170 742 1225 quam
781 1153 986 1210 violare
1039 1169 1152 1210 non
1175 1153 1352 1211 debeo
1410 1174 1425 1223 ;
1486 1162 1536 1211 et
1565 1154 1691 1212 ideo
1733 1152 1898 1208 alium

294 1259 577 1313 sponsum,
626 1250 822 1315 prater
876 1243 1077 1313 ipsum,
1133 1258 1243 1299 non
1308 1259 1537 1314 possum
1592 1242 1896 1315 suscipere.

294 1332 474 1402 Regni
506 1331 673 1402 hujus
698 1330 933 1403 gloriam
962 1338 1274 1401 contemno,
1307 1348 1428 1402 qua
1456 1347 1569 1388 non
1596 1331 1759 1387 debet
1788 1329 1898 1386 dici

297 1419 495 1492 gloria,
522 1419 648 1489 quia
678 1434 785 1475 non
814 1424 999 1491 potest
1049 1435 1235 1475 carere
1262 1419 1480 1476 miseria
1509 1438 1522 1485 ;
1583 1427 1636 1474 et
1683 1419 1751 1474 ad
1798 1434 1896 1474 re-

294 1525 486 1581 gnum,
505 1508 649 1577 quod
674 1508 946 1578 promittit
975 1508 1240 1563 Dominus
1290 1509 1447 1563 Jesus
1476 1508 1737 1576 Christus,
1797 1524 1896 1563 su-

291 1597 459 1665 spiro,
484 1597 579 1652 ubi
610 1612 723 1651 non
778 1604 861 1652 est
889 1595 1069 1665 dolor,
1098 1597 1185 1653 vel
1224 1596 1455 1665 tristitia,
1487 1596 1582 1653 sed
1638 1605 1896 1669 perpetua

289 1685 621 1757 jucunditas,
662 1695 716 1741 et
768 1684 956 1742 latitia
1010 1686 1366 1757 sempiterna.
1426 1687 1664 1741 Cernens
1713 1693 1894 1740 autem

3495 320 3600 379 330

2618 441 2841 499 CAPUT
2891 443 2980 498 VI.

2411 531 2693 604 Appulsus
2723 532 2788 587 in
2820 530 3188 590 Cornubiam.

2068 620 2224 678 .Socii
2253 635 2383 678 vero
2408 619 2549 675 datis
2594 619 2735 677 velis
2763 636 3047 693 aquoreos
3099 621 3295 677 ﬂuctus
3334 631 3601 694 secantes,

2006 724 2268 781 prospero
2298 725 2454 765 cursu
2502 709 2812 781 applicuere
2860 710 3207 782 Cornubiam,
3269 712 3339 769 ad
3391 721 3604 785 portum

2009 799 2099 868 qui
2130 806 2350 855 vocatur
2400 799 2559 866 Heul,
2618 799 2711 853 ubi
2753 798 2872 868 jam
2924 810 3266 871 pravenerat
3322 818 3415 858 eos
3449 819 3606 860 sacra

2007 887 2171 960 virgo
2204 888 2321 958 Hya
2353 887 2594 959 potentia
2622 887 2722 943 Dei
2750 893 3055 946 transvecta
3101 897 3154 945 et
3209 890 3605 947 descendentes

2008 975 2079 1031 de
2110 976 2232 1032 navi
2260 976 2532 1047 quoddam
2575 975 2945 1033 habitaculum
2991 994 3102 1034 non
3126 979 3291 1051 longe
3340 995 3374 1034 a
3427 980 3605 1036 littore

2007 1063 2344 1131 invenerunt,
2373 1064 2430 1119 in
2484 1080 2593 1137 quo
2646 1066 2804 1138 virgo
2833 1065 3081 1137 quadam
3109 1076 3294 1124 sancta
3346 1068 3606 1125 manebat

2006 1152 2236 1221 inclusa,
2296 1160 2349 1209 et
2404 1152 2595 1209 nolens
2645 1161 2863 1210 sanctus
2893 1153 3198 1225 Guignerus
3226 1172 3345 1212 eam
3383 1157 3603 1230 inquie-

2009 1249 2140 1311 tare,
2196 1242 2431 1297 salutata
2484 1240 2714 1315 virgine,
2755 1242 2826 1297 ad
2882 1242 3048 1297 alium
3104 1243 3285 1300 locum
3342 1245 3603 1303 transiere

2005 1330 2277 1401 pransuri,
2308 1330 2401 1385 ubi
2432 1346 2552 1386 cum
2585 1345 2784 1401 aquam
2839 1330 3033 1387 deesse
3066 1341 3311 1389 cerneret
3362 1342 3598 1405 sanctus,

2006 1420 2170 1490 plena
2198 1420 2266 1473 de
2294 1420 2420 1475 Jesu
2450 1419 2658 1475 Christo
2691 1418 2891 1475 ﬁducia
2944 1436 3300 1491 praesumens,
3358 1423 3603 1479 oratione

2001 1506 2282 1577 pramissa
2311 1506 2566 1564 baculum
2596 1507 2652 1561 in
2682 1514 2822 1562 terra
2849 1506 2984 1577 ﬁxit,
3025 1512 3079 1564 et
3134 1506 3413 1565 confestim
3470 1510 3601 1565 lim-

2003 1595 2291 1665 pidissima
2335 1610 2476 1668 aqua
2533 1604 2841 1652 sanctorum
2890 1595 3159 1666 prosilivit
3212 1596 3268 1652 in
3322 1598 3597 1654 haustum.

2004 1683 2130 1739 Post
2174 1684 2354 1739 cibum
2412 1699 2540 1740 vero
2593 1683 2999 1755 proﬁciscentes
3061 1685 3207 1755 inde,
3283 1686 3356 1742 ad
3412 1688 3601 1743 villam

293 1782 515 1833 sanctus
552 1775 780 1848 virginis
833 1774 1192 1831 intentionem
1246 1775 1301 1830 in
1356 1775 1549 1831 Christi
1605 1773 1893 1831 solidatam
1921 1785 1978 1846 B
2004 1772 2318 1841 quamdam,
2361 1789 2486 1846 qua
2540 1780 2765 1829 vocatur
2819 1772 3167 1842 Conetconia,
3212 1783 3597 1846 pervenerunt,

293 1880 498 1933 amore,
558 1864 634 1920 ita
670 1874 729 1920 ut
781 1864 931 1921 nulla
956 1871 1143 1936 posset
1169 1863 1378 1919 ratione
1434 1863 1507 1919 ad
1564 1878 1891 1920 consensum

294 1952 543 2027 conjugii
595 1953 756 2022 flecti,
812 1953 888 2009 ait
945 1973 959 2010 :
1016 1952 1188 2010 Sinite
1238 1968 1378 2020 eam,
1447 1952 1664 2021 fratres,
1721 1952 1891 2009 nolite

292 2050 478 2098 contra
507 2042 609 2098 Dei
636 2042 1040 2114 beneplacitum
1070 2042 1171 2097 niti
1201 2061 1216 2108 ;
1247 2041 1367 2113 ipse
1388 2041 1469 2098 sic
1490 2041 1678 2109 voluit,
1728 2049 1782 2097 et
1810 2041 1891 2098 sic

288 2131 537 2187 futurum
578 2130 833 2202 providit.
889 2131 1140 2202 Regnum
1195 2130 1341 2186 istud
1396 2130 1497 2187 Dei
1532 2129 1890 2202 providentia

289 2220 732 2290 committamus;
764 2219 884 2291 ipse
939 2218 1237 2275 secundum
1313 2233 1467 2275 suam
1551 2219 1888 2275 voluntatem

286 2308 596 2380 providebit
629 2315 861 2364 tutorem
891 2323 957 2363 ac
986 2308 1352 2365 defensorem.
1385 2309 1452 2363 Et
1480 2307 1736 2364 omnibus
1765 2307 1888 2364 vale

289 2398 478 2455 dicens
497 2398 730 2470 parabat
757 2395 1170 2470 profectionem.

916 2550 1142 2608 CAPUT
1182 2550 1251 2606 V.

286 2650 498 2708 Rursus
528 2652 744 2723 Fingar
766 2650 949 2707 solum
973 2650 1231 2776 pattriztm
1259 2648 1464 2706 deserit
1494 2665 1624 2707 cum
1669 2648 1889 2721 insigni

918 2736 1061 2776 001711
1092 2739 1123 2776 a
1159 2739 1222 2776 ιι.

918 2736 1222 2778 comitatu.

360 2844 542 2906 Seeuti
566 2855 691 2903 sunt
719 2863 843 2903 eum
890 2847 1220 2919 septingenti
1276 2846 1627 2919 septuaginta
1654 2845 1775 2913 viri,
1833 2851 1889 2902 et

285 2945 495 3008 septem
528 2936 793 3007 episcopi,
826 2951 962 3008 quos
991 2943 1209 2992 sanctus
1250 2935 1507 2991 Patricius
1534 2952 1632 3007 per
1686 2949 1889 3007 aquam

282 3025 709 3097 incon-optionis
737 3025 947 3081 Christo
975 3032 1255 3095 genuerat,
1286 3025 1439 3096 pleni
1470 3025 1602 3092 Deo,
1634 3032 1688 3080 et
1702 3023 1889 3081 divina

282 3113 411 3185 lege
438 3114 705 3182 instructi,
737 3113 1013 3185 cupientes
1038 3114 1214 3169 beata
1264 3111 1720 3186 peregrinationis
1768 3111 1887 3183 ejus

284 3217 406 3257 esse
425 3210 705 3260 consortes
732 3202 789 3257 in
816 3203 1075 3271 Domino,
1107 3202 1245 3257 inter
1276 3217 1411 3273 quos
1442 3202 1545 3257 fuit
1582 3199 1886 3272 supradicta

283 3291 446 3365 virgo
500 3291 669 3359 Piala,
728 3308 884 3348 soror
938 3292 1087 3347 beati
1145 3291 1431 3364 Guigneri.
1491 3290 1698 3346 Sancto
1722 3288 1888 3361 igitur

282 3380 558 3436 consortio
614 3396 805 3436 omnes
862 3380 1081 3435 adunati
1140 3379 1195 3434 in
1245 3378 1501 3449 Domino,
1542 3377 1703 3433 simul
1761 3393 1883 3433 cum

280 3476 509 3541 patrono
549 3470 619 3524 ad
648 3469 795 3524 littus
824 3485 993 3540 usque
1029 3468 1351 3539 procedunt,
1409 3475 1729 3539 repertoque
1786 3480 1884 3537 pro

280 3564 411 3613 voto
438 3556 682 3630 navigio,
714 3574 910 3613 navem
938 3573 1128 3613 omnes
1156 3572 1265 3613 una
1308 3554 1701 3613 conscendunt.
1736 3555 1881 3609 Pau-

280 3643 456 3701 Iulum
483 3647 600 3716 jam
659 3646 817 3701 altius
876 3645 1192 3716 navigando
1248 3660 1281 3701 a
1313 3654 1455 3700 terra
1495 3644 1879 3709 discesserant,

281 3748 408 3790 cum
439 3748 568 3789 ecce
597 3733 754 3806 virgo
785 3735 1055 3804 quadam,
1090 3733 1310 3789 nomine
1356 3734 1495 3805 Hya,
1527 3731 1695 3788 nobili
1750 3746 1879 3786 san-

279 3821 447 3893 guine
475 3831 777 3895 procreata,
808 3824 1061 3893 pervenit
1089 3823 1156 3878 ad
1180 3822 1345 3890 littus,
1378 3821 1522 3877 felici
1569 3827 1880 3877 sanctorum

280 3911 507 3983 cupiens
535 3911 771 3968 adunari
799 3912 1054 3985 collegio,
1112 3927 1448 3983 cernensque
1476 3910 1669 3982 procul
1723 3924 1757 3965 a
1783 3908 1876 3964 lit-

278 4002 400 4055 tore
451 4000 568 4070 jam
642 4008 901 4068 remotos,
975 4000 1142 4056 nimio
1185 3999 1505 4055 anxiebatur
1559 3998 1765 4066 dolore,
1825 4003 1879 4052 et

278 4086 402 4142 ﬁxis
432 4087 488 4144 in
519 4097 664 4143 terra
691 4088 943 4162 genibus,
975 4103 1171 4144 manus
1201 4096 1254 4144 et
1274 4087 1468 4145 oculos
1496 4087 1567 4142 ad
1618 4085 1879 4142 sublimia

277 4178 521 4249 erigens,
552 4185 736 4233 mente
762 4177 1052 4234 consilium
1085 4194 1115 4233 e
1145 4177 1282 4233 coelo
1311 4175 1645 4249 eﬁlagitabat
1659 4176 1873 4231 devota.

274 4265 344 4321 Et
364 4268 645 4323 modicum
669 4266 893 4323 inferius
920 4266 1174 4322 relaxans
1203 4266 1478 4335 obtutum,
1533 4264 1874 4336 contempla-

278 4362 363 4410 tur
390 4370 563 4424 super
590 4370 764 4426 aquas
796 4354 986 4411 folium
1010 4369 1261 4425 parvum,
1292 4363 1347 4410 et
1399 4362 1663 4425 protensa
1697 4353 1872 4426 virga,

277 4460 445 4514 quam
476 4459 640 4498 manu
661 4442 937 4517 gestabat,
970 4450 1201 4515 tangens
1229 4442 1363 4498 illud
1395 4444 1613 4500 volebat
1639 4442 1871 4514 probare

1914 3144 1964 3209 C

2000 1860 2094 1915 ubi
2150 1861 2401 1933 quadam
2458 1861 2657 1917 mulier
2712 1861 2894 1917 ﬁdelis
2947 1869 3001 1917 et
3046 1862 3241 1919 timens
3276 1862 3595 1936 Dominum,

1998 1949 2220 2005 nomine
2235 1949 2480 2017 Coruria,
2512 1965 2621 2006 non
2652 1950 2923 2007 modicam
2949 1949 3027 2005 eis
3055 1950 3301 2006 exhibuit
3341 1951 3598 2024 benigni-

1999 2046 2190 2094 tatem.
2253 2039 2394 2093 Nam
2443 2054 2565 2094 cum
2627 2054 2813 2094 omnes
2866 2037 3179 2095 habitacula
3222 2041 3343 2111 ejus
3397 2056 3597 2113 capere

1998 2143 2111 2183 non
2138 2135 2381 2200 possent,
2414 2142 2518 2184 nec
2546 2127 2749 2184 habere
2778 2134 3017 2183 stramen
3046 2127 3102 2182 in
3122 2142 3235 2200 quo
3253 2143 3444 2185 omnes
3469 2146 3595 2203 pos-

1996 2224 2122 2274 sent
2177 2233 2427 2289 pausare,
2486 2217 2714 2274 detectis
2783 2216 3058 2286 domibus,
3143 2217 3401 2288 culmum,
3485 2235 3594 2293 quo

1996 2306 2400 2376 operiebantur,
2432 2306 2487 2361 in
2516 2314 2826 2362 sanctorum
2855 2304 3160 2361 accubitum
3202 2308 3591 2379 commodavit,

1995 2409 2223 2450 vaccam
2252 2409 2421 2451 unam
2450 2395 2528 2451 eis
2556 2394 2752 2450 mulier
2778 2393 3041 2451 charitate
3081 2395 3246 2466 plena
3299 2395 3356 2450 in
3409 2396 3597 2454 cibum

1995 2483 2149 2539 dedit
2182 2501 2195 2548 ;
2229 2498 2337 2554 qua
2365 2483 2566 2552 occisa,
2599 2491 2654 2539 et
2681 2484 2798 2554 ejus
2823 2483 3092 2550 carnibus,
3138 2492 3302 2554 prout
3321 2485 3594 2556 (oportuit,

1997 2572 2288 2645 diligenter
2339 2571 2568 2643 paratis,
2626 2572 2838 2644 pariter
2892 2570 3265 2628 comederunt.
3326 2573 3594 2645 Denique,

1995 2677 2152 2718 coena
2183 2663 2241 2716 in
2272 2662 2568 2734 gratiarum
2599 2659 2811 2716 actione
2838 2659 3127 2731 completa,
3178 2660 3336 2731 jubet
3381 2671 3600 2720 sanctus

1995 2751 2199 2822 Fingar
2227 2750 2427 2805 nudata
2456 2748 2714 2805 carnibus
2762 2763 2887 2804 ossa
2940 2748 3126 2804 omnia
3161 2751 3488 2824 congregari
3543 2751 3601 2807 in

1995 2856 2183 2907 unum,
2237 2847 2291 2893 et
2341 2839 2574 2910 desuper
2629 2838 2876 2908 ejusdem
2924 2851 3107 2893 vacca
3132 2838 3333 2909 pellem
3374 2839 3596 2911 deponi.

1995 2929 2134 2984 Tum
2160 2927 2495 2984 confessores
2531 2926 2734 2982 Christi
2764 2941 2972 2995 omnes,
3001 2926 3092 2998 qui
3118 2943 3242 2982 cum
3299 2943 3366 2983 eo
3421 2935 3597 2995 erant,

1996 3018 2066 3074 ad
2097 3017 2395 3073 orationem
2416 3015 2626 3083 invitat,
2684 3015 2872 3072 dicens
2908 3031 2922 3070 :
2957 3014 3213 3083 Oremus,
3262 3016 3482 3086 fratres,
3541 3025 3602 3073 ut

1995 3108 2142 3162 Deus
2197 3121 2297 3178 pro
2362 3105 2513 3174 cujus
2563 3119 2750 3160 amore
2806 3103 3003 3159 mulier
3021 3102 3410 3162 ofﬁciosissime
3439 3105 3598 3161 nobis

1995 3196 2157 3251 istam
2221 3193 2441 3250 servivit
2490 3208 2734 3260 vaccam,
2800 3192 2850 3247 ei
2902 3194 3165 3249 restituat.
3225 3194 3295 3250 Et
3348 3194 3596 3251 oratione

1995 3284 2264 3356 completa
2293 3282 2395 3338 sub
2412 3281 2655 3336 omnium
2676 3281 2853 3337 oculis
2909 3288 3054 3335 stans
3104 3280 3382 3352 pulchrior
3427 3298 3593 3355 quam

1992 3380 2117 3428 ante
2170 3370 2361 3440 fuerat,
2402 3384 2568 3426 vacca
2596 3368 2868 3440 apparuit.
2893 3368 3105 3423 Deinde
3158 3366 3228 3423 de
3278 3368 3416 3424 lacte
3470 3369 3589 3438 ejus

1991 3460 2098 3516 sibi
2154 3458 2332 3516 offerri
2360 3457 2638 3514 mandavit
2668 3472 2682 3528 ;
2715 3473 2823 3528 quo
2850 3458 3064 3522 hausto,
3121 3455 3438 3527 simpliciter
3484 3457 3590 3514 de-

1990 3556 2241 3620 precatus
2272 3554 2352 3602 est
2375 3547 2547 3602 Deum
2587 3549 2646 3601 ut
2673 3561 2809 3602 vena
2838 3544 2993 3599 lactis
3047 3542 3267 3600 uberior
3313 3560 3477 3617 quam
3531 3545 3588 3601 in

1989 3637 2112 3694 aliis
2138 3636 2319 3695 vaccis
2350 3635 2711 3707 triplicaretur
2739 3633 2794 3688 in
2823 3633 2915 3689 illa
2948 3650 2961 3697 ;
2996 3630 3145 3706 quod
3187 3648 3296 3688 non
3325 3633 3503 3689 solum
3530 3632 3587 3689 in

1986 3742 2071 3794 ea,
2126 3726 2222 3781 sed
2272 3726 2328 3780 in
2357 3723 2607 3781 omnibus
2650 3718 2732 3791 ”",
2792 3738 2913 3793 qua
2962 3737 3030 3777 ex
3059 3736 3122 3777 ea
3177 3729 3583 3793 processerunt,

1987 3815 2191 3870 factum
2223 3829 2340 3870 esse
2367 3819 2638 3868 narratur.
2664 3812 2823 3867 Mane
2878 3817 3057 3866 autem
3091 3809 3255 3880 facto,
3288 3825 3412 3867 cum
3465 3811 3585 3881 jam

1985 3901 2088 3957 iter
2115 3918 2278 3975 agere
2306 3900 2527 3970 vellent,
2554 3898 2900 3971 respicientes
2938 3898 3186 3955 viderunt
3240 3898 3423 3954 omnia
3478 3900 3583 3955 ha-

1985 3988 2221 4047 bitacula
2263 3998 2463 4047 retecta
2518 3997 2569 4044 et
2623 3995 2869 4059 reparata
2922 3987 2998 4042 ita
3078 4002 3143 4043 ac
3200 3988 3247 4041 si
3305 4003 3584 4059 nunquam

1986 4080 2336 4151 discooperta
2372 4077 2612 4133 fuissent.
2673 4076 2823 4131 Tunc
2875 4073 3086 4145 ﬁdeles,
3144 4074 3236 4147 qui
3279 4076 3488 4146 pravio
3519 4075 3579 4133 S.

1986 4168 2262 4241 Guignero
2292 4166 2488 4222 Christi
2515 4164 2748 4237 vestigia
2783 4163 3165 4234 sequebantur,
3213 4180 3314 4235 per
3361 4164 3583 4236 singula

1982 4256 2102 4314 loca
2156 4263 2439 4313 cernentes
2493 4252 2844 4324 multiplicari
2912 4251 3187 4307 mirabilia
3219 4252 3341 4320 Dei,
3400 4253 3581 4325 magis

1983 4346 2268 4420 magisque
2336 4342 2796 4409 confortabantur,
2880 4348 2933 4396 et
3014 4340 3069 4394 in
3122 4338 3231 4396 ﬁde
3269 4347 3324 4396 et
3391 4356 3580 4397 amore

1984 4435 2179 4492 Christi
2233 4433 2711 4491 conﬁrmabantur.
2767 4429 2835 4485 Et
2890 4429 3027 4484 bene
3093 4427 3335 4484 Christus
3388 4429 3578 4485 debuit

278 4494 348 4588 ἐκ)
394 4494 737 4603 mergeretur
781 4549 797 4599 ;
844 4538 899 4588 et
925 4494 1099 4588 ’θοοέ
1140 4531 1241 4586 sub
1306 4533 1475 4588 oculis
1530 4494 1667 4602 ejusr
1707 4494 1953 4601 capitD
1983 4525 2183 4580 talibus
2231 4520 2693 4580 consolationibus
2747 4533 2876 4574 suos
2931 4516 3253 4575 conﬁrmare
3297 4524 3468 4574 testes
3523 4524 3578 4573 et

276 4635 533 4677 crescere
590 4628 643 4675 et
685 4620 918 4689 dilatari,
950 4621 1028 4676 ita
1048 4629 1107 4676 ut
1135 4620 1382 4676 dubitare
1437 4636 1548 4677 non
1603 4627 1787 4692 posset
1839 4634 1875 4674 a

274 4709 395 4765 Deo
424 4708 530 4763 sibi
582 4708 716 4764 illud
771 4709 1090 4780 obsequium
1119 4710 1367 4764 missum.
1417 4709 1486 4765 Et
1539 4708 1647 4765 ﬁde
1698 4708 1870 4777 fortis,

274 4797 471 4854 folium
498 4796 759 4854 audacter
786 4798 1177 4865 conscendens,
1200 4797 1523 4854 mirabiliter
1550 4798 1650 4853 Dei
1679 4798 1875 4854 virtute

272 4885 489 4958 perlata
515 4884 578 4914 ’κ
607 4886 835 4942 alterum
863 4886 1043 4943 socios
1071 4885 1332 4957 praevenit
1375 4887 1448 4943 ad
1476 4884 1644 4943 littus.
1702 4887 1874 4944 Hasi-

274 4976 505 5031 tandum
559 4990 669 5032 non
698 4982 781 5030 est
820 4975 889 5030 de
915 4975 1168 5047 operibus
1192 4976 1293 5031 Dei
1326 4995 1339 5031 :
1370 4992 1498 5032 nam
1554 4977 1644 5046 qui
1692 4983 1872 5032 trans-

272 5064 416 5120 ituro
448 5064 654 5135 populo
683 5078 834 5118 mare
858 5064 1097 5118 Rubrum
1128 5072 1379 5133 potenter
1418 5063 1620 5133 divisit,
1656 5072 1710 5121 et
1738 5065 1874 5122 Elia

271 5154 571 5209 Iordanem
600 5153 833 5225 aperuit,
865 5160 918 5207 et
970 5153 1180 5207 Petrum
1221 5168 1385 5224 supra
1439 5169 1610 5225 aquas
1659 5169 1875 5210 currere

274 5243 425 5311 fecit,
486 5243 601 5313 ipse
656 5241 932 5313 quomodo
962 5240 1151 5308 voluit,
1213 5242 1481 5315 virginem
1511 5259 1664 5299 suam
1695 5250 1873 5299 trans-

237 5372 243 5385 .
271 5332 438 5389 vexit.

1982 4613 2280 4685 consolari,
2339 4626 2475 4683 quos
2501 4625 2599 4683 per
2636 4609 2883 4681 palmam
2938 4604 3180 4679 martyrii
3218 4605 3273 4661 in
3317 4605 3575 4678 proximo

1982 4702 2321 4775 disposuerat
2348 4714 2634 4757 coronare.
2666 4698 2828 4752 Mane
2856 4704 3040 4752 autem
3088 4695 3254 4765 tacto,
3284 4703 3574 4768 pergentes

1978 4791 2372 4866 gradiebantur
2397 4803 2498 4861 per
2526 4788 2647 4844 loca
2675 4784 2926 4858 quadam
2955 4782 3244 4841 silvestria.

2588 4874 2810 4931 CAPUT
2842 4874 2958 4931 VII.

2263 4966 2599 5041 Martyrium
2619 4965 2881 5036 Fingari:
2908 4964 2964 5019 et
2985 4962 3288 5021 sociorum.

2051 5059 2323 5116 Sonuerat
2394 5057 2533 5126 jam,
2582 5052 2939 5126 pervulgante
2996 5050 3164 5120 fama,
3221 5054 3278 5108 in
3354 5050 3577 5111 auribus

1980 5146 2304 5206 Theoderici
2346 5143 2497 5218 regis
2552 5141 2865 5210 Cornubia,
2909 5140 2967 5195 in
3024 5149 3163 5199 terra
3215 5138 3424 5200 scilicet
3478 5161 3579 5201 sua

1983 5237 2341 5295 Christianam
2398 5231 2797 5288 multitudinem
2868 5228 3150 5286 advenisse
3207 5249 3223 5299 ;
3275 5240 3329 5287 et
3383 5231 3579 5287 timens

1986 5325 2207 5386 odibilis
2256 5325 2374 5381 Deo
2404 5328 2661 5394 tyrannus
2700 5336 2769 5375 ne
2812 5315 3075 5392 pepulum
3108 5336 3267 5377 suum
3312 5321 3383 5378 ad
3413 5321 3577 5378 ﬁdem

1579 5428 1806 5488 VARIE
1842 5423 2241 5489 LECTIONES
2253 5463 2267 5477 .

340 5553 650 5614 ’“Lavacro
680 5573 785 5614 ms.
813 5554 930 5629 jam
960 5558 1199 5616 lavacro.
1288 5554 1569 5617 ’“Prolata
1599 5572 1705 5617 ms.
1723 5556 1958 5633 perlata.
2031 5546 2207 5612 “Sed
2234 5546 2487 5610 omnibus
2512 5560 2620 5606 ms.
2652 5544 2747 5603 sed
2766 5543 2821 5601 in
2850 5540 3127 5601 omnibus.

627 5756 876 5819 Parnon.
919 5762 1101 5821 CLIX.

3378 5746 3441 5825 li
