4024 6078
462 303 563 362 331
628 325 637 331 ’

1468 297 1586 351 ἈΙ)
1626 290 1858 351 OPEBA
1896 291 1951 347 S.
1992 292 2297 352 ANSELMI
2336 294 2610 356 APPEND

3658 314 3774 369 332

476 426 675 484 Christi
702 425 904 484 vellent
931 429 1268 488 convertere,
1306 418 1648 492 conglobatis
1704 417 1964 472 militibus
1993 417 2065 471 ad
2088 418 2148 481 A
2178 428 2445 492 martyres
2516 425 2661 495 passi
2711 426 2943 496 fuerant,
2993 429 3276 504 interjecto
3341 451 3507 506 parvo
3590 441 3778 509 spatio

463 517 645 574 locum
676 515 769 570 ubi
799 520 1013 568 sanctos
1055 526 1173 566 esse
1229 508 1504 580 cognovit,
1564 507 1920 562 truculentior
1949 505 2060 561 fera

467 604 727 663 cucurrit.
758 603 880 658 Non
911 605 1184 671 exspectat
1210 613 1459 661 causam,
1492 596 1756 650 rationem
1788 610 1891 649 non
1915 611 2061 665 quae-

466 694 551 763 rit,
580 709 689 748 non
717 690 834 747 vult
854 687 1040 743 audire
1071 701 1399 755 sermonem,
1448 684 1545 738 sed
1590 683 1813 740 veniens
1844 684 2057 753 impro-

464 782 609 840 visus
646 796 676 835 a
731 784 908 850 tergo,
968 776 1148 831 subito
1204 790 1337 831 oves
1413 773 1607 829 Christi
1662 773 1750 827 leo
1805 780 2059 870 cruentus

463 867 821 944 aggrediens,
852 863 1085 938 perimit,
1118 861 1905 959 trucidat-atqueprosternit;
1945 860 2058 915 Cae-

460 959 660 1015 duntur
687 955 882 1020 sancti,
916 960 1250 1018 truncantur,
1295 951 1645 1019 dilaniantur,
1706 958 1760 1004 et
1815 949 1905 1004 alii
1932 965 2055 1003 am-

457 1045 665 1121 putatis
705 1043 994 1115 capitibus,
1055 1041 1149 1096 alii
1202 1039 1437 1096 confossi
1491 1038 1690 1111 gladiis
1738 1037 2052 1103 inhumane,

456 1134 549 1192 alii
603 1131 874 1197 trucidati,
935 1146 1123 1187 omnes
1178 1144 1288 1185 una
1372 1128 1488 1184 dies
1545 1126 1738 1182 Christi
1791 1133 2056 1197 martyres

457 1224 656 1291 effecti,
717 1236 897 1277 sacrae
946 1218 1137 1276 mortis
1213 1217 1559 1289 compendio,
1618 1215 1875 1288 perennis
1929 1214 2055 1270 vita:

455 1312 703 1370 bravium
750 1315 1131 1382 perceperunt.
1192 1305 1477 1362 Paululum
1559 1305 1616 1360 S.
1674 1303 1872 1376 Fingar
1926 1310 2054 1358 tunc

457 1404 603 1461 forte
654 1407 938 1471 separatus
968 1412 1002 1452 a
1053 1397 1165 1452 suis
1221 1395 1279 1451 in
1333 1395 1475 1450 valle
1532 1393 1761 1466 quadam
1793 1391 2053 1447 resedens

457 1490 810 1566 operiebatur
876 1494 1182 1559 sequentes.
1278 1484 1379 1541 Ubi
1436 1500 1560 1539 cum
1609 1483 1726 1538 solo
1774 1482 2047 1550 baculum,

455 1597 619 1657 quem
647 1592 812 1634 manu
841 1574 1108 1649 gestabat,
1142 1573 1367 1641 ﬁxisset,
1397 1588 1525 1628 mox
1574 1579 1634 1627 ut
1662 1572 1733 1672 ad
1779 1586 1839 1626 se
1894 1586 2047 1672 cam-

448 1671 653 1727 bucam
714 1660 781 1694 ’"
830 1664 1081 1730 retraxit,
1113 1663 1235 1719 fons
1262 1666 1464 1718 eterra
1517 1660 1782 1717 fecundus
1823 1660 2042 1731 erupit;

2168 511 2452 580 cujusdam
2484 514 2689 568 salutus
2721 516 3115 588 aliquantulum
3130 521 3434 593 disparatur
3453 525 3534 581 ’°'.
3569 529 3774 597 Locus,

2176 599 2261 666 qui
2298 599 2364 654 de
2392 617 2620 673 corpore
2650 606 2819 660 sancti
2848 621 3044 662 venam
3100 613 3383 682 sanguinis
3439 616 3775 673 defluentem

2167 684 2229 713 '“
2260 691 2516 759 suscepit,
2549 702 2767 761 apertus
2795 696 3048 752 continuo
3102 699 3304 755 fontem
3347 704 3521 759 edidit
3569 705 3776 762 fecun—

2170 775 2319 844 dum,
2355 779 2444 848 qui
2475 796 2645 852 usque
2668 783 2834 839 hodie
2855 795 3188 842 monstratur
3217 793 3580 849 cernentibus.
3613 797 3778 852 Unus

2166 872 2344 919 autem
2403 883 2469 921 ex
2528 869 2790 926 militibus
2849 890 2973 928 cum
3030 877 3198 931 sancti
3229 882 3477 951 martyris
3506 884 3774 941 baculum

2169 952 2236 1006 ab
2269 970 2333 1010 eo
2363 955 2506 1023 loco,
2541 958 2595 1011 in
2626 975 2733 1031 quo
2766 977 2890 1015 eum
2906 963 3185 1033 proximus
3206 969 3447 1036 passioni
3477 971 3769 1043 deﬁxerat,

2164 1057 2357 1113 rapere
2415 1046 2601 1114 vellet,
2660 1050 2833 1104 cernit
2880 1051 3094 1110 bifurco
3150 1071 3305 1112 ramo
3336 1058 3608 1130 duplicem
3644 1064 3771 1133 jam

2164 1131 2447 1200 erupuisse
2504 1134 2560 1188 in
2617 1135 2889 1205 frondem,
2921 1147 2972 1195 et
3003 1149 3146 1198 tanto
3174 1147 3532 1213 _tremefactus
3586 1131 3771 1207 mira-—

2163 1219 2307 1287 culo,
2332 1236 2441 1275 non
2466 1231 2549 1278 est
2578 1239 2741 1280 ausus
2773 1241 2895 1281 eum
2928 1230 3261 1302 contingere.
3312 1233 3561 1291 Cernitur
3588 1254 3773 1309 usque

2162 1307 2327 1363 hodie
2379 1310 2436 1364 in
2492 1312 2860 1369 testimonium
2920 1319 3094 1373 sancti
3140 1322 3360 1378 excelsa
3414 1326 3493 1394 (ut
3537 1307 3766 1397 dicitur)

2166 1396 2333 1453 arbor
2370 1416 2435 1453 ex
2467 1399 2681 1471 baculo,
2712 1403 2908 1460 virtute
2935 1408 3033 1461 Dei
3066 1417 3296 1467 exaucta
3327 1428 3340 1476 ;
3373 1414 3469 1468 sed
3501 1415 3661 1485 cujus
3684 1396 3770 1472 sit

2158 1487 2374 1559 generis
2403 1488 2705 1562 ignoratur.

2751 1579 2976 1638 CAPUT
3012 1582 3155 1639 VIII.

2432 1661 2743 1732 Sepultum
2770 1672 3102 1726 sanctorum
3130 1676 3479 1745 martyrum.

450 1759 543 1834 qui
571 1756 820 1829 utrinque
847 1751 1051 1825 duplici
1106 1767 1241 1808 saxo
1292 1750 1544 1806 decenter
1577 1751 1833 1815 inclusus,
1872 1764 2044 1820 usque
2069 1775 2125 1836 B
2159 1827 2170 1840 .
2227 1740 2544 1840 Sanctorum
2583 1747 2761 1805 adhuc
2789 1765 3022 1821 corpora
3050 1770 3148 1824 per
3175 1740 3429 1826 campum
3466 1759 3756 1819 inhumata

447 1849 505 1906 in
531 1846 860 1904 hodiernum
891 1842 1036 1899 diem
1065 1841 1286 1913 cepiosa
1316 1856 1456 1897 vena
1482 1840 1694 1895 fluitare
1722 1854 1831 1895 non
1842 1846 2033 1895 cessat.

446 1938 521 1995 Et
547 1934 728 1991 subito
785 1930 1008 1987 audiens
1045 1945 1287 1986 murmur
1324 1928 1380 1983 in
1411 1930 1669 1985 comitatu
1726 1943 2035 1998 exsurgere,

443 2015 686 2082 miratus
716 2021 847 2095 quid
875 2026 1033 2088 esset,
1070 2018 1328 2074 festinans
1351 2019 1419 2073 ad
1458 2026 1672 2073 sanctos
1694 2015 2036 2087 regreditur;

449 2127 782 2183 cernensque
844 2108 1047 2185 passim
1100 2106 1373 2163 immolari
1456 2105 1662 2162 hostias
1716 2105 1929 2172 Christi,
1987 2111 2041 2159 et

442 2203 696 2260 hostilem
726 2197 971 2272 gladium
1000 2195 1222 2252 confuse
1252 2211 1353 2265 per
1377 2191 1438 2223 '”
1470 2201 1777 2250 sanctorum
1791 2192 2040 2247 membra

444 2293 776 2355 discurrere,
804 2285 996 2358 paucis
1056 2283 1149 2357 qui
1210 2300 1333 2340 cum
1384 2298 1448 2340 eo
1508 2290 1657 2338 erant
1713 2281 1789 2336 ait
1822 2296 1836 2335 :
1867 2281 2034 2347 Ecce,

446 2380 667 2449 fratres,
701 2377 790 2432 hic
819 2379 905 2432 est
921 2375 1076 2430 locus
1105 2372 1442 2444 pausationis
1484 2379 1699 2468 nostrae,
1756 2370 2036 2468 hicnprc-

439 2470 577 2528 vidit
622 2467 768 2525 Deus
824 2463 987 2520 linem
1044 2463 1178 2517 dare
1233 2461 1437 2517 nostris
1491 2459 1791 2516 laboribus.
1849 2459 2040 2513 Venite

442 2574 596 2634 ergo,
656 2557 872 2622 fratres,
933 2561 987 2609 et
1042 2550 1279 2606 libenter
1305 2550 1656 2605 immolemur
1709 2564 1807 2620 pro
1846 2563 1913 2603 eo
1948 2547 2039 2619 qui

445 2649 708 2704 animum
743 2660 908 2701 suam
955 2640 1103 2696 dedit
1149 2640 1597 2712 redemptionem
1659 2652 1769 2712 pro
1837 2638 2039 2692 multis

439 2735 669 2808 (Matth.
688 2749 781 2800 xx,
804 2731 918 2804 28).
941 2730 1064 2786 Non
1084 2729 1376 2784 timeamus
1406 2742 1496 2783 eos
1514 2726 1609 2799 qui
1643 2741 1843 2798 corpus
1885 2724 2038 2779 occi-

438 2825 608 2891 dunt,
628 2821 889 2880 sedilium
906 2819 1219 2893 potius,qui
1232 2819 1574 2889 potestatem
1588 2814 1750 2870 habet
1764 2818 1820 2869 et
1836 2828 2038 2884 corpus

432 2919 489 2972 et
503 2915 759 2970 animam
770 2909 998 2966 mittere
1008 2908 1073 2964 in
1090 2905 1412 3000 gehennam
1601 2918 1704 3000 an,
1782 2917 1795 2973 ;
1825 2902 2034 3000 κριθῇ.

434 3002 624 3074 χ,28).
644 3001 711 3058 Et
731 3004 1293 3067 occurrenstyranno:
1319 2992 1469 3049 Facis
1484 2990 1565 3090 γ’,
1599 2992 1790 3090 inqtut,
1839 2987 2040 3090 iilidia-

434 3091 572 3161 boli,
593 3103 764 3161 opera
784 3085 952 3160 patris
966 3085 1063 3140 tui.
1081 3085 1424 3154 Ettyrannus
1445 3080 1512 3136 ad
1530 3096 1653 3137 eum
1674 3098 1688 3134 :
1711 3081 1810 3147 Tu,
1843 3080 2033 3149 inquit,

437 3195 636 3236 manus
658 3192 810 3233 meas
839 3190 949 3232 non
978 3173 1202 3241 evades,
1222 3186 1329 3228 non
1351 3168 1576 3241 effugies
1591 3169 1854 3241 gladium.
1886 3168 2037 3223 Tunc

431 3276 650 3325 sanctus
678 3266 732 3322 in
760 3262 1034 3321 hilaritate
1064 3260 1301 3318 offerens
1341 3259 1685 3330 acceptabile
1714 3255 2034 3313 sacrificium

431 3358 573 3428 Deo,
630 3354 848 3423 baculo,
908 3369 1073 3425 quem
1128 3366 1291 3406 manu
1322 3348 1595 3422 gestabat,
1629 3363 1695 3404 ex
1724 3348 1892 3402 latere
1923 3344 2035 3402 ﬁxo

433 3447 700 3504 cervicem
730 3442 1017 3516 praetendit
1038 3440 1342 3512 intrepidus
1387 3446 1444 3495 ut
1462 3435 1525 3466 '“
1571 3436 1737 3494 ictum
1774 3436 2039 3507 reciperet

431 3530 1137 3592 ferientis.lmmanissimus
1166 3543 1293 3584 vero
1316 3534 1603 3598 tyrannus,
1664 3531 1884 3595 arrepto
1970 3523 2038 3551 ’θ’

433 3637 710 3689 mucrone,
743 3620 955 3676 fortiter
983 3619 1187 3672 nudam
1218 3616 1488 3671 cervicem
1546 3613 1883 3711 percutiens,
1909 3628 2036 3711 am-

430 3719 620 3785 putato
646 3707 845 3780 capite,
877 3705 1073 3762 Christi
1104 3711 1393 3775 martyrem
1428 3702 1572 3799 fecit.
1633 3702 1700 3799 Dt
1750 3701 2035 3799 confestim

432 3798 573 3855 sacri
604 3795 847 3868 corporis
876 3802 1117 3860 truncus,
1152 3798 1311 3862 caput
1340 3792 1611 3846 machaera
1638 3789 1877 3889 ‘lectoris
1906 3805 2034 3889 prc-

437 3886 564 3960 pria
596 3886 665 3941 de
695 3882 906 3941 cervice
935 3879 1340 3977 trancatumnde
1370 3885 1516 3977 terra
1570 3878 1843 3977 collegit,"
1871 3886 1924 3932 et
1977 3879 2034 3934 in

432 3983 699 4045 montem,
722 3971 812 4044 qui
870 3986 980 4027 non
1019 3969 1187 4042 longe
1218 3968 1374 4023 distat
1404 3983 1435 4023 a
1463 3966 1609 4066 loco,
1640 3966 1875 4066 propriis
1920 3983 2034 4066 ma-

430 4065 593 4121 nibus
623 4062 830 4136 peplite
885 4059 1044 4114 firmo
1091 4056 1348 4114 incedens
1399 4055 1659 4156 portavit.
1701 4055 1849 4156 .Erat
1902 4055 2033 4111 villa

437 4154 713 4228 quaedam,
741 4151 796 4207 in
827 4148 1070 4222 ejusdem
1101 4147 1268 4203 latere
1298 4146 1500 4203 montis
1529 4145 1649 4215 sita,
1698 4145 1754 4200 in
1785 4160 2028 4215 quacum

439 4242 697 4298 mulieres
724 4239 1002 4312 litigantes
1033 4236 1267 4301 audiret,
1326 4234 1479 4289 litem
1535 4234 1656 4290 loco
1704 4234 2035 4305 imprecetur

433 4336 718 4400 aeternam,
749 4333 807 4383 ut
838 4326 969 4382 inibi
1002 4324 1306 4380 habitantes
1334 4323 1474 4378 inter
1520 4339 1579 4379 se
1625 4322 1837 4395 litigare
1887 4339 2029 4376 nun-

432 4438 594 4493 quam
627 4418 964 4475 desisterent.
994 4414 1174 4479 Unde,
1208 4422 1266 4466 ut
1290 4411 1480 4480 fertur,
1537 4419 1698 4477 terra,
1743 4411 1865 4466 licet
1910 4410 2027 4465 fru-

2147 1832 2427 1901 jacebant,
2485 1840 2538 1891 et
2593 1853 2723 1894 ecce
2753 1850 2917 1897 nocte
2947 1847 3183 1914 quadam
3208 1848 3355 1904 testis
3403 1852 3596 1907 Christi
3655 1870 3755 1910 eo-

2143 1919 2270 1974 dem
2325 1925 2621 1995 schemate,
2678 1944 2787 1999 quo
2835 1946 3000 2002 super
3027 1943 3267 1992 montem
3296 1937 3351 1993 in
3407 1940 3549 1995 ulnis
3605 1959 3751 2013 pro-

2143 2004 2319 2076 prium
2371 2018 2536 2079 caput
2591 2012 2877 2084 detulerat,
2910 2016 3127 2073 cuidam
3174 2021 3310 2091 viro,
3342 2025 3563 2081 nomine
3606 2004 3749 2097 Cur,

2144 2097 2308 2152 tertio
2371 2098 2426 2152 in
2478 2098 2598 2155 visu
2653 2117 2938 2175 apparens,
2988 2115 3047 2161 ut
3077 2124 3136 2164 se
3165 2112 3420 2181 sepeliret
3468 2116 3750 2173 monebat.

2145 2185 2573 2257 Expergel‘actus
2620 2190 2786 2247 homo
2843 2195 2997 2251 uxori
3029 2197 3293 2254 visionem
3349 2218 3449 2272 per
3492 2204 3752 2262 ordinem

2144 2275 2422 2345 narrabat,
2483 2281 2758 2350 quomodo
2814 2282 3067 2341 videlicet
3123 2286 3191 2344 de
3266 2292 3542 2361 sepultura
3598 2305 3750 2353 esset

2144 2377 2435 2432 persuasus
2466 2382 2497 2421 a
2518 2375 2730 2424 sancto.
2768 2371 2958 2428 Mulier
2992 2382 3172 2431 autem
3227 2376 3571 2438 dissuadehat
3601 2382 3745 2452 fieri,

2146 2468 2215 2507 ne
2268 2453 2403 2509 forte
2457 2456 2604 2529 regis
2625 2456 2761 2513 iram
2790 2458 3108 2533 incurreret,
3170 2473 3224 2521 et
3279 2467 3350 2523 ob
3404 2471 3509 2525 hoc
3555 2475 3755 2530 mortis

2147 2544 2468 2598 sententiam
2497 2556 2812 2603 mereretur.
2847 2552 2906 2604 In
2937 2553 3235 2610 crastinum
3288 2574 3418 2613 vero
3476 2577 3595 2615 cum
3656 2579 3755 2620 (28'

2145 2631 2305 2686 nibus
2361 2632 2415 2688 in
2472 2650 2724 2706 campum
2780 2649 3071 2696 venaturus
3154 2646 3462 2717 egrediens,
3520 2665 3753 2708 cervum

2146 2722 2366 2791 reperit,
2411 2723 2502 2795 qui
2546 2740 2742 2780 canum
2798 2728 3116 2798 pernicitate
3155 2733 3450 2791 insectatus
3505 2737 3751 2812 fugiens,

2146 2810 2216 2863 ad
2247 2809 2304 2863 S.
2364 2814 2613 2884 martyris
2667 2815 2893 2886 glebam
2944 2822 3270 2892 procumbit,
3332 2809 3589 2897 tanquam
3619 2809 3750 2900 ejus

2148 2897 2487 2969 ﬂagitatums
2542 2905 2838 2961 sanctitatis
2866 2909 3208 2976 praesidium.
3258 2913 3518 2970 Desinunt
3573 2897 3746 2976 canes

2148 2987 2368 3056 latrare,
2402 3005 2467 3045 ac
2494 2994 2746 3063 persequi
2775 3011 3015 3067 certum,
3048 3002 3100 3053 et
3119 3001 3267 3055 omni
3296 3002 3506 3060 feritate
3534 3006 3748 3078 laxata,

2148 3076 2349 3146 pariter
2380 3093 2503 3134 cum
2556 3096 2715 3139 cervo
2774 3084 2928 3154 quasi
2985 3095 3227 3144 sanctum
3277 3102 3597 3151 venerantes
3652 3097 3753 3153 de-

2148 3165 2426 3221 cumbunt.
2461 3168 2865 3242 Contemplatur
2897 3174 3061 3232 homo
3090 3178 3299 3249 grande
3345 3185 3747 3257 spectaculum,

2148 3263 2201 3307 et
2254 3270 2578 3325 repercussa
2621 3269 2801 3315 mente
2857 3261 2915 3316 in
2969 3279 3028 3318 se
3056 3280 3326 3338 reversus,
3357 3286 3477 3340 qum
3531 3273 3752 3332 viderat

2145 3350 2307 3398 noctu
2337 3346 2663 3418 recogitans,
2723 3348 2906 3406 divino
2980 3353 3111 3411 illuc
3155 3364 3285 3411 nutu
3346 3375 3404 3415 se
3474 3362 3752 3433 reputavit

2145 3431 2458 3489 adductum.
2492 3435 2557 3489 Et
2589 3437 2863 3509 accipiens
2906 3456 3104 3512 corpus
3159 3446 3484 3502 sanctissimi
3531 3431 3748 3524 marty-

2144 3519 2237 3586 ris,
2272 3525 2615 3581 veneratione
2637 3543 2744 3598 qua
2771 3529 2963 3599 potuit,
2994 3533 3299 3589 tumulavit.
3344 3537 3552 3594 Deinde
3605 3519 3745 3596 san-

2143 3616 2347 3665 ctorum
2408 3621 2695 3684 martyrum
2742 3631 2975 3688 corpora
3027 3622 3264 3679 studiose
3326 3642 3426 3695 per
3481 3642 3744 3701 campum

2142 3700 2453 3769 requirens,
2484 3702 2639 3758 sicuti
2661 3703 2937 3773 jacebant,
2962 3708 3021 3763 in
3052 3725 3247 3782 campo
3273 3715 3544 3785 sepelivit.

2768 3795 2989 3852 CAPUT
3017 3798 3117 3855 IX.

2191 3879 2435 3937 Basilica
2455 3882 2517 3937 in
2538 3882 2863 3958 earumdem
2882 3883 3169 3958 honorem,
3202 3894 3260 3946 et
3289 3894 3441 3950 mira
3469 3895 3682 3956 ibidem

2701 3954 2979 4013 divinitus
2996 3954 3172 4015 edita.

2212 4046 2337 4103 Post
2367 4057 2580 4121 tempus
2608 4050 3023 4122 aliquantulum,
3082 4074 3202 4113 cum
3253 4060 3366 4130 jam
3422 4064 3576 4123 vinea
3610 4068 3741 4127 Do-

2140 4136 2273 4191 mini
2305 4137 2569 4210 Sabaoth,
2628 4140 2684 4195 id
2725 4149 2804 4196 est
2850 4143 3098 4201 Ecclesia
3128 4147 3432 4221 Cornubiaa,
3474 4157 3739 4217 terminos

2139 4241 2407 4297 occupare
2435 4229 2707 4299 coepisset,
2740 4230 2990 4288 inchoata
3019 4243 3104 4291 est
3149 4237 3436 4298 devotione
3491 4244 3740 4306 ﬁdelium

2138 4331 2307 4386 super
2335 4317 2643 4388 sepulcrum
2700 4321 2871 4376 sancti
2897 4326 3154 4397 martyris
3184 4327 3428 4387 basilica.
3485 4333 3555 4389 Et
3607 4354 3742 4395 cum

2139 4403 2459 4474 artiﬁcibus,
2495 4408 2583 4477 qui
2614 4407 2670 4462 in
2700 4424 2866 4479 opere
2897 4414 3119 4469 oratorii
3157 4415 3503 4490 laborabant,
3534 4440 3739 4482 neces-

427 4492 643 4577 δίκετε,
677 4513 859 4563 manet
885 4513 1062 4561 tamen
1090 4499 1485 4564 inhabitabilis,
1518 4499 1575 4553 in
1628 4515 1737 4554 uno
1768 4499 2021 4554 fecundi-
2051 4492 2110 4559 D
2139 4495 2282 4549 saria
2333 4494 2606 4587 deessent,
2689 4514 2790 4553 nec
2850 4500 3043 4571 aliquis
3094 4504 3440 4577 ministraret,
3491 4523 3733 4587 sanctus,

425 4599 550 4655 tatis
579 4596 814 4670 gratiam
842 4593 1056 4660 retinet,
1078 4591 1141 4645 in
1188 4588 1360 4645 altero
1414 4588 1587 4643 sancti
1644 4587 2023 4643 maledictioni

425 4687 694 4757 subjecta.
727 4684 952 4740 Sanctus
980 4680 1146 4754 igitur
1174 4686 1376 4776 martyr
1404 4676 1617 4745 nolens,
1650 4691 1748 4776 pro
1772 4677 2020 4776 tumultu,

423 4775 485 4830 in
511 4774 632 4830 loco
659 4786 971 4844 repensare,
1030 4776 1310 4839 resumpto
1358 4766 1553 4823 iterum
1605 4767 1783 4837 capite
1816 4766 2009 4839 alium,

422 4862 705 4920 vectitavit
759 4860 831 4917 ad
891 4860 1088 4926 locum,
1120 4857 1213 4912 ubi
1268 4856 1451 4926 ipsum
1506 4855 1809 4926 deponens,
1859 4864 2023 4926 caput

422 4957 759 5010 cruentatum
787 4947 1077 5021 diligenter
1106 4944 1236 5001 lavit
1269 4961 1282 5009 ;
1314 4944 1370 4999 in
1399 4959 1506 5016 quo
1534 4944 1659 5001 loco
1680 4943 2025 5016 gratissimus

422 5042 547 5098 fons
603 5037 725 5111 jugi
774 5036 891 5093 rivo
946 5050 1115 5105 usque
1161 5033 1328 5091 hodie
1372 5049 1626 5089 emanare
1660 5047 1769 5133 non
1799 5041 1972 5132 cessat
1995 5048 2016 5128 t;

422 5130 775 5200 lavatumque
827 5123 1122 5198 diligenter
1174 5138 1480 5223 resumens,
1540 5123 1782 5223 portavit
1827 5123 2021 5223 iterum

423 5218 563 5277 illud
588 5217 644 5274 in
672 5217 838 5273 alium
867 5213 1066 5270 locum.
1103 5211 1209 5282 Qui
1237 5210 1386 5268 locus
1415 5211 1485 5267 ab
1514 5227 1600 5281 eo,
1633 5212 1689 5266 in
1715 5227 1820 5283 quo
1850 5210 2022 5267 sancti

2133 4599 2351 4639 suorum
2381 4584 2442 4613 ⁸⁰⁵
2500 4587 2792 4642 recordans
2843 4590 2933 4659 qui
2991 4592 3110 4661 ejus
3166 4594 3454 4655 devotione
3500 4584 3738 4660 famula;-

2132 4672 2329 4727 bantur
2357 4673 2653 4746 obsequiis,
2712 4677 3138 4747 provincialibus
3193 4683 3617 4763 circumquaque
3672 4692 3735 4750 in

2131 4761 2250 4816 visu
2277 4770 2438 4818 nocte
2464 4778 2738 4835 apparens
2774 4768 3027 4823 monebat
3048 4770 3316 4844 singulos,
3348 4784 3404 4831 ut
3460 4761 3733 4849 operariis

2131 4850 2315 4906 cibum
2373 4860 2428 4907 et
2481 4854 2837 4909 necessariam
2886 4871 3047 4928 opem
3077 4859 3279 4917 ferrent
3335 4865 3539 4923 auxilii.
3562 4869 3733 4927 Venit

2132 4939 2351 4995 tandem
2396 4941 2465 4996 ad
2520 4943 2797 4999 hominem
2829 4946 3138 5016 quemdam,
3199 4952 3289 5022 qui
3350 4960 3566 5012 taurum
3622 4957 3729 5015 ha-

2130 5028 2296 5085 bebat
2321 5028 2664 5100 indomitum,
2710 5049 2937 5090 monens
2957 5044 3013 5091 ut
3034 5037 3103 5093 ad
3114 5041 3621 5110 operariosduetum
3658 5048 3726 5080 ³⁸·

2128 5133 2251 5174 eum
2293 5118 2371 5173 eis
2407 5118 2695 5191 largiretur
2726 5121 2782 5176 in
2820 5123 3042 5179 cihium.
3101 5128 3265 5184 Mane
3329 5141 3507 5189 autem
3559 5135 3722 5207 facto,

2130 5208 2394 5264 sollicitus
2459 5209 2625 5264 homo
2684 5210 2753 5265 de
2798 5212 3009 5271 visione
3045 5218 3239 5287 sancti,
3280 5222 3450 5294 erepit
3478 5226 3724 5299 cogitare

1722 5309 1953 5366 VARUS
1993 5308 2406 5365 LECTIONES.

492 5414 640 5475 ’“Ad
734 5429 795 5472 se
865 5410 1183 5469 sambucam
1256 5424 1361 5465 ms.
1431 5414 1489 5464 ut
1563 5406 1763 5497 adhse
1834 5407 2180 5497 cambuc'am.
2226 5403 2549 5497 “Cladium
2592 5425 2725 5497 “per
2779 5427 2941 5497 _ms‘.“
2983 5412 3240 5497 Gladium
3316 5418 3709 5497 confuseper.

420 5489 826 5551 '°°Gehennam.
869 5484 1023 5541 Facis
1092 5498 1201 5539 ms.
1279 5482 1608 5553 gehennam.
1626 5479 1726 5553 Et
1755 5494 2014 5553 occurens
2051 5480 2328 5549 Tyranno,
2361 5480 2513 5553 facis.

2592 5479 2968 5560 '°_‘.Praatendit,
3036 5492 3095 5560 ut
3136 5504 3249 5543 ms;
3292 5479 3712 5560 pragtenditrin;

420 5546 689 5635 trepidus,
729 5567 813 5615 ut.
856 5553 1124 5628 "’Erepto
1169 5546 1558 5621 msiarrepto.
1626 5546 1873 5649 "'Saléus
1918 5546 2199 5620 diparatur
2226 5549 2555 5649 mazogaltus
2593 5546 2986 5649 aliquantulum
3035 5546 3720 5627 disparatur.i'°‘illcfluen_

718 5630 1031 5649 1-n,_a__.-_.‘
1114 5620 1405 5649 IGIQ---0..-
1440 5637 1623 5649 ΛΛ-ιιννι
1646 5637 1732 5649 ην.-
1829 5628 2014 5649 ειν-ηδε...
2046 5635 2262 5649 ann—nm
2447 5630 2625 5649 “non...
2659 5638 2732 5649 Λυ.
2765 5641 2849 5649 μ.-
2956 5634 3136 5649 ..Λιμ-

424 5620 538 5694 tem
568 5620 686 5693 ms.
705 5620 1062 5690 deﬂuentem".
1114 5620 1408 5684 “‘Sanctus
1438 5620 1626 5679 eorum
1645 5637 1752 5678 ms.
1787 5620 2017 5678 Sanctus
2046 5635 2293 5677 suorum.
2331 5620 2627 5678 '“Ductum
2656 5620 2735 5679 eis
2762 5641 2877 5681 ms.
2918 5620 3165 5684 ductum.
