4024 6078
229 347 328 399 333

1245 334 1513 397 SPURIA.
1548 365 1620 374 —
1647 332 1741 388 DE
1773 331 2214 389 STABILITATE
2242 332 2579 391 MONACHI.

3435 336 3538 399 334

232 466 464 540 qualiter
521 471 708 536 posset
772 461 959 518 anima
1015 459 1357 516 cervicosum
1411 473 1475 513 ac
1532 455 1829 526 superbum
1860 457 2051 528 Aque
2097 459 2379 514 confestim
2420 460 2603 516 divina
2640 460 2771 517 ultio
2828 464 3109 533 percussit.
3169 465 3343 521 Ambo
3400 467 3545 522 enim

231 557 390 611 valde
437 555 719 625 subigere,
778 552 1020 622 lorisque
1076 556 1364 611 arctatum,
1427 562 1534 618 quo
1611 554 1830 625 sanctqs

234 563 390 611 valde
437 563 719 625 subigere,
780 563 1020 622 lorisque
1076 563 1364 611 arctatum,
1427 563 1534 618 quo
1611 563 1763 600 sanet
1805 563 1830 600 s

234 654 444 716 martyr
472 645 852 704 mandaverat,
887 639 1108 695 ducere.
1157 637 1228 691 Et
1265 651 1565 692 conscenso
1607 651 1735 707 quo,
1768 563 1831 725 ἃς,

230 741 507 809 quareret
539 740 770 797 taurum,
799 728 1089 802 egrediens
1107 726 1280 782 cernit
1305 725 1455 796 prius
1485 724 1825 791 indomitum,
1876 774 1881 783 _

226 825 398 879 modo
458 823 559 878 Dei
617 820 818 876 virtute
874 816 1364 871 mansuetissimum
1423 813 1623 868 animal
1652 817 1829 867 astare

224 929 331 987 pro
381 911 617 978 foribus,
669 908 761 980 qui
810 915 1004 981 sponte
1063 914 1189 960 ante
1237 904 1516 959 dominum
1566 902 1828 975 gradiens

223 1008 550 1056 mansuetus
598 1007 748 1054 recto
805 998 994 1051 itinere
1043 994 1307 1066 pergebat
1353 993 1421 1047 ad
1478 992 1677 1057 locum,
1733 992 1828 1046 ubi

227 1089 464 1147 artiﬁces
506 1088 558 1142 in
590 1103 755 1159 opere
794 1084 1014 1141 oratorii
1072 1082 1415 1138 laborabant.
1473 1082 1735 1135 Mactatur
1764 1077 1829 1109 '°"

223 1180 423 1246 bestia,
458 1186 509 1232 et
540 1184 823 1232 cernentes
870 1173 1125 1244 martyris
1155 1172 1259 1226 sibi
1316 1171 1504 1226 adesse
1534 1171 1824 1239 auxilium,

223 1267 385 1339 Operi
414 1266 485 1321 de
511 1273 711 1321 caetero
750 1262 1000 1319 devotius
1054 1261 1373 1315 institerunt.
1432 1258 1591 1312 Aliud
1647 1259 1828 1329 quod-

221 1358 350 1413 dam
386 1354 742 1410 memorabile
784 1360 837 1407 et
874 1352 1101 1423 dignum
1156 1349 1415 1404 relatione
1472 1350 1527 1402 in
1576 1347 1826 1417 ejusdem

222 1460 441 1517 quoque
520 1444 689 1497 fertur
760 1441 1001 1495 basilicae
1077 1438 1474 1494 constructione
1536 1436 1828 1508 contigisse

219 1534 571 1589 miraculum.
621 1533 770 1587 Unus
818 1530 1043 1602 quidam
1086 1545 1155 1585 ex
1205 1528 1269 1581 iis
1314 1525 1605 1585 artiﬁcibus
1652 1525 1741 1595 qui
1771 1525 1827 1579 in

229 1640 399 1695 opere
451 1620 791 1688 laborabant,
847 1636 971 1677 cum
1022 1617 1078 1673 in
1132 1616 1306 1673 securi
1362 1616 1662 1683 induceret,
1694 1630 1829 1668 con-

232 1714 407 1768 fracta
466 1711 522 1765 in
574 1711 682 1765 duo
742 1709 909 1763 frusta
966 1707 1141 1763 divisa
1198 1713 1294 1760 est.
1336 1705 1603 1759 Turbatus
1642 1705 1824 1773 homo,

214 1803 404 1873 jurare
461 1799 625 1871 cmpit
680 1807 731 1853 et
787 1796 1042 1853 obtestari
1098 1812 1155 1850 se
1212 1796 1266 1849 in
1312 1810 1474 1865 Opere.
1522 1794 1589 1848 de
1628 1802 1907 1877 czeteroB

220 1892 363 1951 nihil
404 1891 693 1945 facturum.
737 1887 898 1953 Quod
937 1902 1058 1941 cum
1098 1885 1335 1939 audisset
1391 1884 1568 1953 Operis
1622 1898 1823 1954 procu—

218 1988 373 2036 rator
408 1979 516 2049 (vir
554 1978 771 2048 quidem
812 1976 1006 2043 bonus,
1049 1974 1136 2044 qui
1176 1988 1274 2043 pro
1313 1974 1426 2027 Deo
1458 1971 1700 2027 basilicm
1731 1989 1829 2026 cu-

221 2085 341 2124 ram
386 2076 718 2138 susceperat,
779 2073 831 2120 et
886 2050 1078 2121 devete
1131 2079 1188 2117 se
1225 2061 1627 2133 mancipaverat
1664 2062 1828 2117 obse-

228 2158 369 2228 quiis
408 2157 622 2225 sancti),
672 2155 835 2225 coepit
881 2152 1146 2208 consolari
1196 2152 1489 2221 hominem,
1536 2158 1586 2207 et
1615 2149 1832 2209 blandis

226 2248 435 2305 tristem
480 2245 785 2300 demulcere
830 2242 1103 2312 alloquiis,
1154 2250 1209 2296 et
1252 2240 1526 2310 accipiens
1566 2240 1737 2293 frusta
1774 2241 1833 2295 in

223 2335 450 2393 nomine
505 2335 630 2389 Jesu
688 2331 903 2400 Christi,
944 2338 998 2385 et
1038 2329 1314 2385 fractionis
1364 2330 1544 2382 ruinas
1599 2329 1833 2399 conjun-

224 2441 388 2499 geus,
429 2422 715 2479 confestim
752 2420 960 2475 meritis
996 2419 1250 2489 martyris
1290 2417 1511 2488 gloriosi
1543 2416 1832 2487 compagi-

220 2522 409 2568 natum
452 2520 506 2566 et
543 2508 939 2565 consolidatum
967 2516 1048 2563 est
1084 2508 1469 2562 ferramentum
1498 2505 1591 2573 ita,
1622 2513 1681 2559 ut
1707 2505 1833 2559 nul—

224 2601 342 2658 lum
392 2601 465 2656 de
510 2599 572 2630 '°'
632 2605 831 2653 caetero
890 2597 1144 2652 fractura;
1197 2596 1488 2667 vestigium
1526 2602 1831 2665 appareret.

234 2691 519 2748 Laudatur
575 2689 720 2743 Deus
781 2687 837 2741 in
901 2700 1210 2753 commune,
1267 2692 1321 2739 et
1384 2684 1721 2739 benedicitur
1782 2690 1837 2738 et

234 2783 425 2850 homo,
469 2778 560 2853 qui
600 2794 660 2833 se
697 2777 764 2832 de
801 2783 997 2831 caetero
1035 2774 1168 2829 nihil
1226 2774 1493 2829 facturum
1543 2772 1832 2841 iuraverat,

229 2878 384 2926 tanto
425 2867 760 2925 confortatus
791 2865 1056 2920 miraculo
1096 2864 1287 2919 fortior
1315 2861 1429 2932 jam
1485 2861 1727 2932 perstitit
1779 2858 1835 2915 in

202 2970 211 2973 '
225 2973 414 3029 Opere.

857 3043 1082 3100 CAPUT
1116 3042 1189 3098 X.

444 3137 615 3195 Illam
646 3135 868 3193 coalitus
897 3134 1177 3205 supplicia
1204 3133 1268 3187 in
1298 3131 1622 3203 sacrilegos.

297 3226 407 3285 Sed
441 3225 696 3297 quoniam
728 3223 900 3278 sancti
940 3236 1169 3277 exorsus
1208 3236 1328 3274 sum
1356 3234 1608 3274 enarrare
1653 3217 1827 3274 virtu-

222 3325 329 3385 tes,
371 3314 510 3370 illud
551 3313 892 3369 inserendum
931 3310 1137 3366 credidi
1185 3309 1422 3377 lectioni,
1463 3308 1608 3379 quod
1649 3316 1702 3362 et
1738 3307 1829 3362 in-

222 3407 470 3463 credulis
510 3413 713 3459 metum
752 3400 939 3455 incutit
977 3408 1029 3455 et
1065 3399 1349 3453 universos
1406 3397 1475 3452 de
1523 3406 1826 3453 sanctorum

216 3494 529 3554 reverentia
550 3499 753 3548 monet.
780 3491 912 3545 Cum
942 3504 1103 3559 super
1132 3503 1321 3541 saxum
1354 3487 1650 3589 quoddam,
1684 3486 1829 3557 quod

220 3585 403 3641 fuerat
448 3586 686 3638 anchora
741 3580 895 3635 navis
951 3578 1082 3647 eius,
1124 3577 1180 3631 in
1230 3577 1599 3646 eonte‘mptum
1657 3578 1830 3634 sancti

218 3672 502 3746 martyris,
544 3670 653 3726 duo
682 3668 883 3725 milites
912 3666 1221 3723 insultando
1268 3665 1563 3735 urinarent,
1614 3673 1827 3720 utrum-

1862 3173 1911 3240 C

1942 544 2141 611 arrepti
2182 560 2213 598 a
2253 546 2523 612 daimone,
2566 546 2702 600 alter
2745 564 2936 602 eorum
2966 549 3212 620 linguam
3270 552 3541 606 frustatim

1939 632 2212 687 concisam
2245 634 2495 687 dentibus
2533 636 2854 703 musticavit,
2917 637 3141 692 alterius
3199 640 3408 695 viscera
3445 656 3544 710 per

1937 732 2211 790 postrema
2261 723 2453 777 diffusa
2496 732 2617 778 sunt
2664 726 2864 793 omnia,
2898 727 2966 779 sit
3013 736 3234 798 uterque
3265 728 3408 782 exitu
3439 745 3541 783 ex-

1939 811 2164 880 Spiravit
2194 812 2481 867 horrendo.
2518 813 2658 866 Ecce
2688 830 2754 866 ex
2784 815 2887 869 hoc
2915 824 3093 884 potest
3121 816 3249 870 satis
3278 818 3541 889 perpendi

1939 904 2139 969 quanta
2213 910 2426 955 sanctos
2499 902 2613 957 vult
2684 903 2829 957 Deus
2901 906 3199 959 reverentia
3260 905 3537 974 honorari,

1939 1006 2165 1058 quorum
2196 998 2563 1060 contemptum
2596 999 2704 1045 tam
2753 991 2994 1047 districto
3027 993 3261 1064 disponit
3291 994 3541 1051 examine

1936 1079 2170 1149 expiari.
2229 1080 2403 1151 Super
2439 1081 2840 1151 sarcophagum
2879 1082 3200 1136 venerabilis
3256 1083 3539 1152 cujusdam

1937 1167 2199 1237 0plSCOI)i,
2234 1168 2325 1238 qui
2355 1168 2423 1223 de
2453 1168 2930 1223 contubernalibus
2961 1170 3135 1225 fuerat
3163 1172 3308 1243 regis
3366 1172 3537 1228 Clito-

1936 1257 2038 1325 nis,
2081 1265 2364 1327 corruptor
2402 1257 2622 1327 quidam
2684 1258 2899 1329 gremia
2954 1259 3238 1327 cujusdam
3295 1260 3537 1316 mulieris

1936 1345 2203 1400 incestare
2233 1346 2599 1415 praesumpsit,
2625 1347 2716 1416 qui
2738 1361 2889 1401 more
2917 1363 3112 1402 canum
3142 1348 3197 1401 in
3226 1348 3343 1420 ipso
3372 1365 3540 1419 opere

1938 1434 2286 1505 turpitudinis
2324 1435 2756 1503 inseparabiliter
2802 1434 3060 1504 copulati,
3094 1436 3241 1490 nulla
3291 1444 3543 1506 poterant

1936 1524 2142 1578 ratione
2174 1524 2242 1577 ab
2273 1523 2507 1577 invicem
2538 1522 2797 1593 separari.
2829 1524 3184 1578 Adducuntur
3221 1526 3437 1580 tandem
3468 1526 3541 1581 ad

1937 1612 2255 1667 memoriam
2304 1612 2550 1683 martyris
2599 1611 2821 1683 gloriosi
2871 1612 3150 1683 Guigneri,
3207 1613 3300 1669 ubi
3348 1615 3539 1670 merito

1939 1701 2086 1754 testis
2126 1700 2343 1767 Christi,
2389 1710 2441 1755 et
2490 1700 2869 1755 intercessione
2925 1700 3167 1756 ﬁdelium
3223 1701 3536 1758 liberantur.

1936 1790 2185 1844 Habebat
2231 1798 2495 1859 praeterea
2546 1789 2776 1844 aedituus
2833 1788 2895 1816 ⁸⁰⁹
2945 1790 3192 1861 martyris
3237 1792 3374 1846 sacri
3403 1807 3541 1849 vac-

1938 1895 2087 1940 cam;
2132 1895 2292 1948 quam
2334 1894 2457 1932 cum
2496 1878 2741 1933 scelerati
2799 1878 3044 1934 homines
3099 1880 3323 1950 quidam
3379 1882 3541 1938 furati

1941 1967 2185 2035 fuissent,
2245 1969 2520 2036 ducentes,
2578 1984 2742 2038 super
2795 1984 2997 2023 cornua
3052 1970 3169 2038 ejus
3209 1969 3388 2025 subito
3426 1971 3536 2027 duo

1940 2057 2231 2112 luminaria
2260 2058 2510 2113 ardentia
2538 2066 2952 2127 conspexerunt,
2985 2065 3037 2112 et
3066 2065 3212 2113 tanto
3241 2060 3539 2114 tremefaeti

1940 2146 2267 2217 Spectaculo,
2300 2146 2583 2202 redeuntes
2612 2146 2667 2199 in
2709 2147 3020 2213 crastinum,
3053 2162 3273 2201 vaccam
3303 2148 3540 2204 sacrista:

1939 2234 2221 2305 propriam
2276 2234 2647 2303 reddiderunt,
2708 2243 2762 2290 et
2817 2234 2981 2289 aliam
3026 2251 3126 2304 pro
3174 2235 3539 2291 satisfactione

1941 2324 2217 2379 commissi
2275 2323 2436 2377 simul
2492 2331 2543 2377 et
2598 2338 2698 2393 pro
2755 2322 3111 2393 indulgentia,
3171 2323 3539 2394 supplicantes

1941 2412 2221 2467 dederunt.
2254 2412 2437 2481 Terra,
2461 2426 2586 2467 cum
2649 2411 2757 2465 ﬁde
2794 2420 2845 2465 et
2882 2412 3186 2479 devotione,
3245 2413 3417 2467 sancti
3471 2414 3543 2468 de

1941 2500 2149 2556 tumulo
2181 2508 2419 2570 sumpta,
2441 2516 2540 2570 per
2568 2500 2823 2555 meritum
2854 2501 3102 2569 martyris
3128 2501 3285 2571 pellit
3304 2500 3540 2574 languo-

1939 2606 2048 2659 res,
2079 2598 2131 2645 et
2161 2589 2368 2661 perﬁcit
2396 2590 2672 2645 sanitates.

1924 2684 1930 2689 '
2011 2680 2141 2734 Haec
2170 2694 2276 2751 ego
2305 2694 2492 2733 servus
2521 2678 2714 2734 Christi
2729 2680 2855 2735 Iesu
2881 2680 3168 2736 Anselmus
3197 2678 3266 2736 de
3292 2677 3545 2753 passione

1940 2777 2247 2823 sanctomm
2275 2776 2330 2823 et
2356 2767 2644 2825 virtutibus
2672 2768 2922 2840 martyris
2976 2769 3196 2839 pretiosi
3255 2770 3540 2842 Guigneri,

1936 2856 2092 2927 juxta
2119 2856 2285 2912 ﬁdem
2314 2857 2671 2925 narrantium,
2702 2857 2855 2912 brevi
2883 2856 3023 2929 stylo
3062 2857 3286 2931 digessi,
3330 2867 3389 2915 ut
3428 2858 3540 2915 ha-

1939 2947 2105 3002 beant
2134 2945 2340 3015 ﬁdeles,
2370 2946 2464 3016 qui
2522 2946 2641 3015 ejus
2668 2945 2895 3016 speciali
2923 2945 2990 2975 “°
3022 2946 3176 3004 titulo
3215 2947 3540 3020 gloriantur,

1941 3036 2137 3107 quibus
2165 3051 2223 3091 se
2256 3032 2575 3090 lectionibus
2622 3043 2904 3105 occupent,
2959 3041 3013 3089 et
3065 3036 3278 3105 patroni
3334 3037 3545 3107 proprii

1941 3124 2099 3180 fortia
2128 3132 2281 3196 gesta
2308 3127 2661 3196 cognoscant,
2676 3132 2727 3178 et
2748 3123 2819 3178 ob
2836 3125 2936 3178 hoc
2953 3138 3151 3178 nomen
3166 3140 3349 3180 meum
3371 3126 3424 3179 in
3439 3124 3548 3180 ﬁne

1940 3214 2218 3283 subjunxi,
2248 3222 2308 3268 ut
2339 3230 2436 3283 per
2490 3211 2741 3268 meritum
2795 3212 3076 3283 martyris,
3134 3221 3187 3267 et
3238 3213 3544 3269 orationem

1934 3304 2201 3371 ﬁdelium,
2250 3301 2676 3357 misericordiam
2730 3316 2941 3355 merear
2985 3301 3368 3370 Redemptoris
3412 3303 3542 3357 Iesu

1938 3393 2138 3449 Christi
2195 3390 2411 3447 Domini
2469 3390 2659 3457 nostri,
2724 3388 2817 3459 qui
2860 3405 2983 3443 cum
3046 3389 3202 3443 Patre
3238 3396 3293 3443 et
3330 3388 3538 3458 Spiritu

1935 3490 2121 3538 sancto
2150 3480 2286 3537 vivit
2313 3487 2368 3535 et
2393 3486 2585 3550 regnat
2612 3479 2778 3545 Deus,
2810 3492 2908 3549 per
2933 3476 3118 3534 omnia
3145 3476 3346 3534 saecula
3371 3493 3539 3533 saecu-

1936 3572 2131 3628 lorum.

1537 3780 1762 3837 VARIzE
1820 3774 2230 3838 LECTIONES.

292 3884 357 3917 ⁸⁸⁷
380 3885 722 3945 Mactabatur
757 3899 865 3941 ms.
900 3890 1180 3940 mactatur.
1257 3878 1318 3909 ⁸⁸⁸
1346 3878 1523 3937 Nulla:
1572 3876 1640 3935 de
1682 3896 1790 3938 ma.
1840 3878 2048 3944 nullum
2076 3878 2165 3935 de.
2241 3875 2301 3906 ⁶⁰⁹
2331 3876 2522 3935 Aditus
2562 3884 2663 3934 ms.
2697 3868 2954 3936 aedituus.
3032 3866 3095 3909 “6
3129 3872 3376 3955 Spiritali
3404 3887 3512 3940 nisi

218 3984 469 4056 speciali.

2159 4099 2170 4127 ε
2384 4100 2391 4125 ,
2574 4102 2581 4108 .
2784 4102 2787 4103 ν
2964 4100 2967 4103 ν
3047 4100 3050 4103 ν
3474 4099 3535 4127 ,η

1564 4228 2094 4339 JUDICIUM

971 4422 1067 4479 DE
1103 4416 1544 4479 STABILITATE
1579 4412 1896 4478 MONACHI
1934 4421 2007 4476 IN
2042 4418 2225 4478 LOCO
2267 4416 2463 4488 QUEM
2503 4414 2762 4481 POSUIT

1514 4550 2248 4579 W

296 4685 423 4746 Tria
452 4695 579 4744 sunt
607 4685 863 4758 capitula,
890 4700 988 4759 pro
1019 4684 1215 4758 quibus
1251 4693 1458 4741 mutare
1506 4686 1631 4745 licet
1686 4686 1826 4757 loca,
1858 4684 1913 4749 D
1943 4687 2201 4753 randum;
2254 4699 2367 4745 non
2420 4668 2719 4743 curandum
2773 4684 2841 4741 de
2898 4691 3008 4743 toto
3064 4686 3314 4747 exteriori
3352 4676 3540 4748 habittt

217 4779 281 4838 in
314 4780 512 4852 quibus
540 4793 604 4835 se
633 4775 852 4831 stabiles
880 4792 995 4831 esse
1022 4774 1383 4845 promiserunt
1410 4774 1675 4848 religiosi.
1711 4777 1830 4832 Pri-

218 4885 377 4927 mum
407 4876 511 4937 est,
558 4866 729 4921 nimia
774 4872 1109 4935 paupertas;
1168 4865 1483 4935 secundum,
1527 4865 1832 4935 persecutio

216 4958 433 5019 nimia;
497 4954 736 5023 tertium,
795 4950 1186 5025 irreligiOsitas.
1244 4954 1386 5007 Nam
1456 4953 1723 5009 stabilitas
1776 4955 1831 5009 in

216 5047 346 5105 loco
377 5061 489 5101 non
515 5043 848 5116 promittitur
875 5041 977 5099 nisi
1032 5045 1256 5113 prepter
1309 5041 1556 5115 regulam
1602 5058 1829 5099 servan-

214 5136 384 5200 dam;
408 5149 532 5206 quae
563 5148 671 5188 non
700 5134 909 5189 constat
937 5131 994 5185 in
1018 5130 1326 5201 praeceptis,
1385 5138 1443 5184 ut
1498 5130 1651 5185 multi
1679 5130 1829 5187 matis

214 5232 395 5296 mam,
426 5224 526 5279 sed
558 5220 995 5278 institutionibus.
1031 5219 1203 5277 Aliter
1231 5218 1374 5273 enim
1408 5227 1832 5293 transgressores

214 5320 422 5382 essent,
458 5310 763 5383 quicunque
806 5326 904 5380 per
940 5308 1127 5363 omnia
1170 5307 1418 5381 regulam
1471 5323 1579 5363 non
1634 5323 1825 5365 serva-

208 5411 359 5469 rem,
386 5416 492 5459 nec
521 5400 590 5455 de
616 5398 905 5469 praeceptis
933 5396 989 5452 in
1030 5396 1252 5451 arbitrio
1292 5404 1606 5471 poneretur.
1661 5397 1825 5451 ωειλ-ι

210 5489 456 5547 tutiones
484 5503 616 5546 vero
646 5486 862 5555 mutari,
892 5494 953 5543 et
980 5484 1095 5541 fieri
1124 5494 1357 5557 possunt
1410 5486 1478 5541 ab
1536 5484 1750 5555 abbate,
1782 5485 1829 5545 si

212 5578 402 5652 magis
457 5578 617 5633 utiles
672 5584 797 5630 sunt
842 5575 912 5630 ad
966 5574 1256 5645 puritatem
1294 5574 1512 5643 mentis,
1565 5591 1686 5645 quae
1714 5574 1832 5630 sola

212 5667 527 5749 quaerenda
582 5672 665 5723 est
710 5679 895 5721 coram
935 5663 1071 5739 Deo,
1123 5671 1176 5720 et
1218 5678 1320 5738 pro
1370 5679 1475 5739 qua
1523 5663 1641 5720 sola
1670 5662 1829 5719 labo-

1941 4777 2115 4850 qualis
2140 4778 2228 4843 sit,
2258 4777 2354 4832 sed
2411 4777 2557 4847 quod
2612 4773 2929 4831 scandalum
2984 4790 3094 4831 non
3150 4776 3340 4833 faciat.
3406 4781 3541 4837 Inde

1938 4865 2265 4925 Lanfrancus
2290 4866 2363 4922 ad
2393 4864 2688 4936 quemdam
2716 4865 3039 4919 monachum
3072 4882 3085 4919 :
3116 4865 3417 4925 lndicatum
3464 4879 3546 4926 est

1932 4954 2078 5019 mihi
2124 4955 2250 5025 quia
2287 4953 2358 5010 de
2391 4952 2719 5010 monasterio
2768 4961 2859 5010 tuo
2900 4953 3152 5009 recedam
3192 4954 3294 5023 vis,
3344 4958 3441 5013 sed
3470 4959 3542 5014 de

1936 5044 2201 5115 promissa
2258 5042 2558 5098 stabilitate
2605 5041 2865 5097 sollicitus
2922 5057 2999 5112 es,
3046 5058 3115 5099 ne
3160 5042 3306 5100 unde
3359 5046 3536 5101 Deum

1934 5132 2157 5203 placare
2178 5130 2362 5200 debes,
2386 5131 2513 5186 inde
2540 5130 2718 5202 magis
2733 5128 2995 5186 offendas.
3026 5131 3107 5191 De
3136 5147 3242 5205 quo
3270 5133 3540 5191 rationem

1938 5220 2187 5288 ostendo,
2221 5228 2273 5275 et
2298 5220 2355 5274 in
2386 5218 2720 5277 ostendendo
2752 5235 2839 5275 me
2860 5219 2918 5275 in
2947 5221 3261 5291 exemplum
3280 5222 3359 5277 sic
3375 5224 3541 5281 do.Si

1938 5324 2042 5381 ego
2090 5309 2420 5365 Lanfrancus
2459 5325 2621 5364 manu
2670 5307 2891 5378 propria
2920 5324 3006 5365 me
3036 5301 3311 5381 de’aliquo
3342 5327 3540 5368 mona-

1936 5396 2098 5455 sterio
2152 5413 2262 5453 non
2319 5414 2655 5453 recessurum
2708 5397 2996 5467 jurassem,
3055 5406 3108 5453 et
3162 5400 3407 5455 viderem
3438 5402 3542 5456 hoc

1940 5486 2085 5556 quod
2106 5486 2346 5541 animam
2374 5503 2557 5544 meam
2586 5486 2802 5545 salvere
2845 5501 2955 5541 non
3002 5502 3262 5556 possem;
3312 5488 3538 5554 exirem,

1937 5589 2037 5629 nec
2093 5575 2315 5645 perjurii
2373 5576 2575 5631 crimen
2631 5575 2984 5641 incuri-egeni.
3052 5574 3156 5643 Qui
3224 5575 3367 5629 enim
3424 5576 3540 5631 Deo

1936 5672 2162 5739 propter
2216 5665 2390 5721 Deum
2448 5666 2719 5742 alligatur,
2767 5679 2874 5720 non
2917 5663 2987 5718 ab
3030 5662 3148 5739 ipso
3204 5662 3309 5723 nisi
3356 5673 3545 5723 contra
