4036 6072
486 292 589 347 335

1527 288 1620 341 AD
1661 285 1896 344 OPERA
1935 286 1992 342 S.
2033 284 2335 342 ANSELMI
2370 285 2730 345 APPENDIX

3683 297 3789 352 336

478 416 664 487 ipsum
718 411 961 469 solvitur.
1009 411 1178 466 Porro
1226 411 1295 465 ab
1349 409 1473 480 ipso
1511 418 1698 466 contra
1742 410 1921 481 ipsum
1969 426 2077 466 non
2105 413 2161 475 Α
2192 411 2469 480 Ecclesia,
2527 415 2623 469 sed
2669 429 2776 469 una
2822 421 2903 470 est
2952 423 3062 472 toto
3101 416 3235 473 orbe
3280 424 3541 473 terrarum
3571 417 3788 489 diffusa,

480 504 724 571 solvitur,
758 502 850 572 qui
889 508 1113 573 prapter
1140 514 1383 554 amorem
1413 499 1552 569 ejus,
1584 507 1643 554 ut
1689 500 1737 554 ei
1787 500 1927 554 bene
1954 499 2080 570 pla-

484 600 621 658 ceat,
657 608 689 646 a
718 590 839 644 ﬁliis
866 589 1134 659 superbia
1163 595 1215 642 et
1244 586 1577 654 difﬁdentia,
1627 604 1661 643 a
1709 588 1835 643 filiis
1863 589 2082 644 discor-

482 682 607 748 dia,
640 681 716 751 (et
744 687 802 733 ut
831 678 1069 748 apertius
1099 677 1298 747 dicam)
1332 692 1364 731 a
1392 675 1519 731 ﬁliis
1550 677 1755 732 diaboli
1785 678 1981 750 migrat
2011 678 2083 732 ad

474 768 614 823 ﬁlios
641 767 794 837 pacis
823 773 875 820 et
895 765 1031 836 spei,
1056 764 1369 819 humilitatis
1397 765 1561 821 innuo
1596 766 1735 822 filios
1790 766 1912 821 Dei.
1973 765 2079 836 Qui

472 857 617 911 enim
666 856 746 911 sic
777 855 987 924 transit,
1020 870 1198 909 nonne
1227 854 1368 926 fugit
1412 871 1446 910 a
1492 856 1625 911 sede
1668 855 1867 911 diaboli
1917 856 1986 911 ad
2017 872 2078 912 se

473 946 605 1001 dem
653 944 803 999 Dei‘?
852 943 955 1011 Qui
1005 950 1185 998 autem
1207 942 1456 1013 judicent
1483 959 1611 999 eum
1650 944 2017 1000 damnandum
2047 960 2081 1000 a

474 1033 613 1101 Deo,
646 1032 737 1103 qui
764 1038 823 1086 ut
852 1033 921 1087 ad
951 1038 1180 1102 patrem,
1212 1038 1270 1085 ut
1298 1032 1368 1087 ad
1398 1032 1592 1099 Deum,
1625 1043 1682 1089 ut
1710 1034 1780 1088 ad
1823 1033 2077 1101 amicum,

475 1120 617 1194 fugit
645 1122 715 1176 ad
742 1120 921 1191 ipsum
944 1121 971 1172 ‘I
1002 1121 1273 1176 Praeterea
1302 1120 1395 1193 qui
1422 1120 1499 1178 sic
1530 1122 1741 1191 transit,
1759 1138 1867 1178 non
1892 1122 1961 1178 ab
1982 1123 2081 1179 Ec-

476 1210 644 1267 clesia
673 1210 744 1265 ad
773 1208 1074 1265 Ecclesiam
1105 1209 1334 1273 transit;
1366 1225 1475 1265 non
1531 1210 1675 1266 enim
1730 1212 1912 1282 plures
1957 1219 2083 1267 sunt

2192 509 2245 556 et
2300 501 2391 555 uni
2442 502 2558 558 Deo
2614 502 2819 575 ubique
2878 504 3129 572 servitur,
3192 506 3282 560 uni
3332 507 3449 578 regi
3507 506 3787 562 militatur.

2195 591 2469 646 Postremo
2499 591 2688 647 beatus
2715 592 3045 649 Benedictus
3104 595 3196 665 qui
3252 595 3599 651 stabilitatem
3640 612 3792 666 pra-

2191 678 2333 748 cepit
2378 678 2591 735 ﬁrmare
2646 684 2995 751 monachum,
3045 683 3115 737 ab
3175 683 3282 739 alio
3339 684 3663 740 monasterio
3720 685 3795 740 ad

2192 767 2338 821 aliud
2367 769 2677 825 venientem
2695 770 2853 840 jubet
2877 771 3101 841 suscipi,
3133 779 3185 826 et
3214 772 3258 826 si
3290 771 3447 828 bona
3493 773 3618 829 vita
3665 774 3791 828 fue-

2188 854 2280 924 rit,
2312 864 2365 911 et
2392 857 2739 914 stabilitatem
2769 876 2921 913 suam
2951 857 3146 927 ﬁrmet,
3179 859 3392 916 suadet.
3452 859 3625 929 Quam
3682 862 3794 917 du-

2190 943 2281 999 bia
2310 953 2363 1000 et
2392 945 2577 1001 brevis
2606 947 2675 1002 sit
2702 947 2813 1003 vita
2842 949 3099 1017 hominis,
3130 956 3184 1004 et
3220 965 3384 1019 quam
3411 949 3618 1004 inﬁnita
3646 958 3792 1019 sunt,

2190 1049 2312 1103 qua
2370 1044 2672 1105 sequuntur
2712 1035 2857 1092 bona
2903 1036 2992 1093 vel
3021 1038 3186 1104 mala,
3219 1037 3547 1095 incessanter
3574 1054 3794 1095 memo-

2189 1137 2326 1176 rare.

1163 1558 2002 1679 MIRACULUM
2064 1560 2555 1673 SANCTI
2632 1560 3109 1677 JACOBI

1633 1758 1679 1811 Α
1714 1752 1993 1811 DOMINO
2029 1750 2357 1810 ANSELMO
2396 1753 2663 1810 EDITUM

476 1932 579 2009 De
609 1940 825 2007 milite
852 1956 1060 2024 quem
1089 1941 1165 2006 in
1192 1940 1444 2024 agonia
1464 1937 1711 2004 mortis
1739 1952 1780 2002 a
1801 1933 2232 2002 daemonibus
2254 1949 2683 2015 oppressum,
2709 1929 2955 1999 beatus
2979 1933 3333 2016 apostolus
3357 1950 3481 2015 per
3498 1928 3801 1999 mendici

1260 2039 1584 2106 baculum
1613 2039 1682 2102 et
1711 2036 2063 2102 sacculum
2097 2032 2524 2100 muliercula
2554 2031 2868 2100 liberavit
2905 2032 3013 2113 (1).

1583 2172 1692 2244 (Ea:
1737 2186 1845 2228 ms.
1890 2168 2408 2243 Sangermanemi,
2439 2182 2496 2223 n.
2530 2169 2658 2239 608)

535 2489 670 2545 Tres
725 2487 925 2544 milites
981 2485 1284 2543 dioeceseos
1340 2479 1678 2539 Ludunensis
1704 2480 1967 2539 Ecclesia
2017 2483 2087 2539 de
2115 2479 2169 2541 Β
2199 2479 2527 2538 accedentes
2557 2489 2779 2538 monent
2808 2490 2867 2539 ut
2898 2488 3126 2557 peccata
3152 2495 3252 2537 sua
3274 2479 3617 2549 confiteatur,
3648 2487 3700 2536 et
3727 2494 3797 2536 ea

469 2578 676 2650 oppido
701 2576 958 2633 Dumezai
985 2574 1090 2630 sibi
1145 2572 1509 2631 condixerunt
1561 2579 1620 2626 ut
1675 2571 1865 2627 orandi
1922 2587 2089 2629 causa

468 2665 735 2721 Jacobum
763 2664 1068 2737 apostolum
1096 2662 1207 2719 oris
1237 2661 1467 2717 Galatia
1497 2658 1728 2726 adirent,
1759 2668 1812 2716 et
1853 2660 2089 2731 profecti

469 2756 616 2808 sunt.
647 2752 906 2821 Quicum
932 2759 1113 2807 essent
1159 2751 1217 2804 in
1271 2749 1361 2805 via
1414 2748 1872 2820 peregrinationis
1930 2748 2089 2819 ejus-

471 2841 620 2910 dem,
649 2841 1023 2897 mulierculam
1052 2839 1397 2906 invenerunt,
1444 2853 1566 2908 qua
1613 2853 1700 2894 res
1729 2837 1836 2893 sibi
1883 2852 2084 2894 neces-

468 2930 644 2986 sarias
679 2929 735 2984 in
764 2929 983 2985 sacculo
1039 2927 1278 2998 quodam
1336 2925 1646 2982 deferebat.
1706 2926 1843 2982 Cum
1900 2934 2087 2983 autem

467 3018 678 3090 equites
698 3016 890 3072 intuita
919 3016 1131 3083 fuisset,
1181 3014 1397 3087 rogavit
1450 3023 1511 3070 ut
1567 3015 1649 3069 sui
1678 3013 1885 3070 miserti
1915 3015 2087 3071 sarci-

465 3106 653 3161 nulam
709 3120 874 3177 quam
922 3104 1149 3174 ferebat,
1196 3104 1252 3159 in
1292 3103 1405 3159 suis
1429 3103 1695 3174 jumentis
1723 3118 1911 3160 amore
1939 3104 2087 3160 beati

467 3194 698 3265 apostoli
746 3194 1117 3265 deportarent,
1169 3208 1398 3265 seseque
1443 3191 1576 3247 tanti
1623 3191 1817 3248 labore
1872 3191 2082 3249 itineris

465 3282 801 3347 allevarent;
835 3298 1067 3353 quorum
1114 3298 1253 3338 unus
1310 3279 1622 3353 peregrina
1677 3279 1923 3351 petitioni
1979 3297 2083 3337 an-

466 3387 642 3427 nuens
670 3372 794 3443 ejus
851 3371 1149 3427 manticam
1204 3370 1443 3441 suscepit
1497 3376 1552 3425 et
1604 3370 1862 3441 portavit.
1912 3370 2086 3442 Igitur

466 3460 718 3515 veniente
765 3473 996 3531 vespera
1047 3459 1245 3515 mulier
1303 3458 1546 3515 insecuta
1586 3458 1812 3528 milites,
1862 3458 1932 3514 de
1984 3473 2084 3514 sua

464 3548 738 3603 sarcinula
784 3548 887 3602 sibi
934 3548 1235 3619 accipiebat
1277 3547 1608 3604 necessaria.
1648 3547 1715 3602 Et
1740 3547 1922 3617 primo
1952 3548 2080 3619 gal-

465 3637 645 3691 lorum
674 3643 834 3692 cantu
865 3652 992 3692 cum
1017 3636 1287 3708 peregrini
1317 3636 1533 3706 pedites
1577 3634 1853 3706 proﬁcisci
1883 3636 2075 3706 solent,

467 3723 637 3795 equiti
687 3724 963 3779 sacculum
1010 3723 1296 3790 reddebat,
1354 3724 1540 3795 sicque
1595 3724 1851 3795 expedita
1904 3724 2081 3780 latior

2196 2587 2317 2642 qua
2366 2570 2728 2627 Christianum
2783 2574 2955 2630 refert
3007 2580 3195 2644 petere
3242 2580 3470 2644 quarat,
3529 2586 3798 2641 suumque

2194 2660 2458 2715 maturius
2485 2660 2692 2716 exitum
2720 2661 2949 2718 muniat.
2999 2663 3117 2719 Hoc
3172 2660 3265 2716 ille
3320 2659 3546 2716 audiens
3602 2660 3799 2715 faciem

2196 2749 2408 2818 avertit,
2439 2756 2494 2805 et
2523 2750 2859 2821 respondere
2906 2766 3016 2807 non
3061 2751 3261 2822 potuit,
3316 2749 3505 2820 sicque
3556 2764 3655 2821 per
3698 2748 3802 2803 tri-

2196 2837 2363 2893 duum
2393 2837 2508 2892 sine
2538 2838 2690 2894 verbi
2718 2837 3024 2909 prolatione
3044 2838 3232 2908 jacuit.
3274 2837 3407 2893 Inde
3450 2839 3806 2895 vehementer

2195 2941 2442 2981 marore
2471 2925 2654 2982 afﬂicti
2685 2935 2830 2996 sunt,
2863 2935 2977 2983 tum
3007 2928 3137 2999 quia
3166 2926 3237 2984 de
3265 2926 3388 2996 ejus
3412 2926 3586 2983 salute
3614 2926 3808 2997 despe-

2194 3021 2465 3081 raverant,
2499 3022 2611 3070 tum
2641 3015 2879 3073 maxime
2908 3016 3035 3087 quia
3061 3032 3174 3072 sua
3202 3016 3434 3071 salutem
3455 3015 3650 3071 anima
3673 3030 3804 3087 pro-

2193 3116 2389 3158 curare
2442 3119 2552 3159 non
2605 3111 2835 3176 poterat.
2893 3103 3146 3174 Quadam
3202 3112 3383 3160 autem
3439 3104 3529 3158 die
3583 3102 3800 3174 quando

2193 3206 2316 3246 eum
2346 3191 2507 3247 citius
2530 3191 2779 3265 spiritum
2810 3193 3065 3250 exhalare
3093 3193 3372 3265 putabant,
3404 3191 3513 3247 illis
3557 3192 3797 3247 circum—

2189 3280 2505 3336 sedentibus
2534 3288 2585 3336 et
2616 3281 2823 3337 exitum
2878 3281 3028 3337 illius
3082 3281 3518 3353 prastolantibus
3556 3280 3799 3353 graviter

2191 3368 2475 3438 suspirans
2528 3370 2741 3426 locutus
2767 3376 2869 3426 est.
2905 3390 2931 3422 α
2965 3371 3180 3438 Grates,
3210 3369 3403 3443 inquit,
3435 3384 3543 3443 ago
3570 3370 3707 3438 Deo,
3738 3377 3799 3425 et

2191 3457 2249 3513 S.
2280 3457 2487 3514 Jacobo
2517 3459 2738 3515 domino
2767 3475 2913 3529 meo,
2945 3458 3071 3529 quia
3097 3459 3359 3514 liberatus
3406 3474 3547 3514 sum.
3575 3482 3598 3508 ιι
3633 3457 3797 3527 Quod

2191 3545 2282 3616 qui
2336 3546 2563 3603 aderant
2617 3555 2916 3619 quarentes
2967 3546 3096 3619 quid
3122 3545 3550 3619 signiﬁcaverit:
3579 3570 3602 3596 α
3648 3548 3792 3619 Ego,

2187 3634 2386 3707 inquit,
2419 3651 2486 3691 ex
2517 3651 2625 3708 quo
2656 3636 2803 3692 sensi
2851 3651 2939 3692 me
2968 3636 3230 3707 languore
3274 3636 3514 3708 gravari,
3572 3650 3791 3692 mecum

2188 3722 2381 3779 tacitus
2408 3724 2553 3795 coepi
2579 3725 2821 3797 cogitare
2849 3724 2996 3795 quod
3037 3740 3144 3797 ego
3173 3724 3371 3780 vellem
3400 3731 3623 3796 peccata
3676 3739 3804 3780 mea

469 3811 688 3882 agebat.
724 3811 933 3866 Taliter
984 3812 1143 3867 miles
1195 3826 1379 3867 amore
1418 3812 1650 3882 apostoli
1680 3811 1923 3868 serviens
1950 3828 2076 3867 mu-
2110 3826 2161 3893 α
2192 3811 2461 3879 conﬁteri,
2494 3827 2655 3869 sacra
2682 3813 2936 3870 unctione
2965 3813 3129 3882 liniri,
3186 3821 3240 3869 et
3286 3813 3508 3870 Domini
3560 3812 3806 3884 corporis

466 3899 729 3967 liercula,
798 3898 870 3953 ad
923 3899 1103 3955 locum
1159 3899 1416 3955 orationis
1479 3908 1723 3970 optatum
1755 3900 2078 3957 festinabat:

476 3988 576 4043 sed
606 4003 731 4042 cum
753 3987 1041 4044 duodecim
1071 3988 1232 4043 dietis
1247 3988 1315 4044 ab
1330 3988 1464 4044 urbe
1480 3989 1549 4043 B.
1580 3989 1770 4045 Jacobi
1793 3989 2079 4061 distarent,

469 4091 776 4149 pauperem
833 4076 1161 4133 inﬁrmatum
1217 4076 1422 4133 invenit
1473 4077 1529 4132 in
1582 4077 1794 4149 itinere,
1836 4079 1927 4152 qui
1957 4095 2082 4136 eum

470 4165 643 4237 capit
681 4181 840 4222 orare
885 4174 945 4222 ut
992 4166 1098 4222 sibi
1138 4182 1341 4239 equum
1391 4182 1551 4223 suum
1599 4167 1671 4222 ad
1725 4168 2081 4239 equitandum

473 4256 935 4325 accommodaret,
1007 4262 1272 4329 quatenus
1333 4256 1405 4312 ad
1474 4264 1722 4313 sanctum
1787 4257 2082 4328 pervenire

477 4351 693 4416 posset;
753 4344 997 4416 alioquin
1051 4351 1356 4401 moreretur
1408 4344 1464 4398 in
1508 4345 1617 4412 via,
1677 4345 1801 4415 quia
1846 4346 2082 4416 amplius

480 4431 763 4489 ambulare
791 4448 901 4490 non
928 4440 1162 4504 poterat.
1224 4433 1504 4488 Consensit
1556 4432 1731 4500 miles,
1781 4434 2079 4505 descendit,

481 4520 847 4592 imposuitque
874 4522 1188 4577 mendicum
1219 4537 1383 4591 super
1409 4537 1606 4593 equum
1635 4538 1813 4587 suum,
1854 4522 2082 4594 ejusque

476 4607 730 4665 baculum
762 4610 816 4663 in
846 4624 1012 4664 manu
1034 4625 1129 4664 sua
1158 4610 1389 4680 accepit,
1425 4610 1604 4666 ferens
1646 4610 1807 4665 etiam
1850 4612 2080 4681 pr0prio

475 4696 621 4752 collo
673 4704 726 4753 et
781 4697 1117 4755 sarniculam
1174 4697 1508 4755 muliercula
1553 4714 1715 4771 quam
1745 4706 2077 4770 susceperat.

478 4784 592 4841 Sed
621 4800 746 4843 cum
776 4785 851 4841 ita
878 4793 1155 4859 pergeret,
1187 4786 1356 4844 nimio
1385 4786 1514 4844 solis
1542 4788 1762 4844 fervore
1811 4802 1876 4845 ac
1930 4788 2081 4860 longi

476 4871 686 4929 itineris
713 4874 1003 4932 solitudine
1029 4876 1347 4933 constrictus
1374 4874 1636 4932 inﬁrmari
1690 4876 1875 4947 ccepit.
1920 4876 2078 4945 Quod

481 4961 573 5016 ubi
606 4963 794 5032 sensit,
824 4964 1168 5035 perpendens
1195 4965 1323 5036 quia
1350 4964 1405 5019 in
1435 4963 1621 5020 multis
1649 4980 1794 5037 sape
1848 4966 2079 5019 multum

477 5049 787 5123 offenderit,
829 5052 1329 5110 incommoditatem
1384 5069 1537 5109 suam
1595 5053 1832 5124 apostoli
1888 5068 2077 5110 amore

472 5154 650 5210 usque
670 5141 740 5195 ad
770 5141 888 5211 ejus
916 5141 1111 5198 limina
1137 5142 1374 5213 pedibus
1429 5149 1701 5197 eunte.....
1761 5141 2074 5197 tolleravit:

473 5228 570 5284 ubi
594 5231 844 5301 apostolo
874 5230 1186 5302 deprecato,
1219 5238 1273 5287 et
1300 5230 1538 5301 hospitio
1578 5237 1816 5302 recepto,
1875 5237 1930 5285 et
1973 5245 2074 5285 ea-

474 5317 601 5373 dem
631 5318 880 5375 molestia
908 5334 1073 5392 quam
1101 5319 1158 5374 in
1186 5318 1276 5373 via
1311 5326 1545 5389 ceperat,
1604 5319 1745 5375 lecto
1801 5318 2073 5387 decubuit,

469 5415 526 5463 et
553 5407 755 5477 aliquot
773 5407 970 5463 diebus
997 5408 1403 5479 ingravescente
1447 5408 1672 5480 langore
1694 5408 1882 5479 jacuit.
1916 5407 2076 5477 Quod

466 5494 561 5552 alii
591 5496 793 5552 milites
822 5496 912 5566 qui
941 5496 1060 5565 ejus
1088 5495 1222 5552 socii
1268 5495 1481 5553 fuerant
1504 5496 1773 5566 videntes,
1824 5497 1895 5552 ad
1952 5512 2077 5551 eum

542 5611 620 5681 (1)
650 5611 708 5667 8.
736 5610 1000 5669 Anselmo
1031 5611 1171 5670 falso
1202 5611 1477 5673 tribuitur.

2188 3900 2538 3972 perceptione
2559 3901 2779 3956 muniri.
2814 3900 2927 3957 Sed
2957 3902 3088 3957 dum
3129 3901 3250 3959 hac
3301 3901 3357 3957 in
3412 3901 3624 3957 silentio
3684 3910 3802 3957 tra-

2191 3998 2420 4057 ctarem,
2452 3989 2630 4045 subito
2659 3990 2806 4045 venit
2836 3990 2995 4045 turba
3024 3997 3279 4046 tetrarum
3307 3990 3620 4060 spirituum,
3663 4006 3789 4062 qua

2189 4094 2281 4134 me
2312 4079 2367 4133 in
2398 4086 2601 4134 tantum
2631 4078 2918 4150 Oppressit,
2952 4083 3015 4133 ut
3042 4094 3221 4150 neque
3240 4078 3409 4135 verbo
3437 4094 3612 4149 neque
3644 4079 3804 4151 signo

2191 4182 2259 4222 ex
2283 4165 2380 4221 illa
2407 4168 2545 4223 hora
2571 4166 2798 4223 innuere
2831 4166 3101 4237 potuerim
3133 4168 3279 4237 quod
3326 4168 3396 4222 ad
3443 4182 3619 4223 meam
3649 4168 3803 4223 salu-

2193 4262 2299 4310 tem
2328 4255 2678 4325 pertinuerit.
2715 4256 2785 4311 Et
2814 4271 2932 4327 qua
2952 4255 3221 4313 dicebatis
3240 4255 3379 4312 bene
3398 4255 3793 4330 intelligebam,

2190 4342 2292 4397 sed
2321 4343 2472 4398 nulla
2492 4342 2706 4399 ratione
2734 4343 3067 4414 respondere
3094 4352 3341 4414 poteram
3376 4361 3389 4399 :
3419 4358 3549 4399 nam
3589 4345 3796 4400 damo-

2189 4446 2287 4487 nes
2314 4430 2406 4503 qui
2435 4431 2504 4487 ad
2533 4448 2622 4488 me
2651 4432 3035 4499 confluxerant,
3067 4432 3159 4487 alii
3185 4432 3318 4487 mihi
3347 4432 3590 4505 linguam
3634 4433 3800 4506 strin}

2189 4519 2412 4592 gebant,
2444 4520 2538 4575 alii
2568 4520 2755 4576 oculos
2799 4537 2951 4577 meos
2996 4519 3325 4577 claudebant
3364 4520 3606 4576 nonnulli
3648 4538 3791 4593 quo-—

2192 4625 2295 4679 que
2323 4616 2487 4679 caput
2516 4615 2570 4665 et
2598 4625 2795 4681 corpus
2822 4624 3005 4666 meum
3037 4609 3107 4663 ad
3154 4608 3365 4664 libitum
3417 4625 3574 4665 suum
3601 4610 3710 4666 huc
3737 4618 3793 4666 et

2189 4697 2317 4753 illuc
2366 4714 2453 4753 me
2482 4698 2701 4753 nolente
2736 4698 3052 4761 vertebant;
3110 4697 3206 4753 sed
3236 4697 3401 4755 modo
3443 4698 3607 4769 paulo
3635 4705 3793 4755 ante-

2191 4800 2353 4856 quam
2382 4784 2531 4855 loqui
2560 4784 2875 4856 coepissem,
2907 4784 3125 4841 intravit
3152 4784 3263 4841 huc
3292 4786 3351 4843 S.
3409 4786 3664 4854 Iacobus,
3713 4785 3791 4843 fe-

2188 4889 2312 4929 rens
2361 4872 2586 4928 sinistra
2638 4889 2801 4928 manu
2856 4873 3190 4931 muliercula
3242 4873 3518 4933 sacculum
3546 4891 3708 4946 quem
3734 4875 3794 4931 in

2187 4961 2278 5017 via
2305 4960 2555 5029 tuleram,
2610 4960 2864 5017 baculum
2920 4978 3050 5019 vero
3102 4963 3343 5020 mendici
3391 4979 3550 5035 quem
3578 4964 3793 5035 portari

2187 5050 2317 5105 dum
2348 5050 2494 5105 idem
2523 5050 2791 5122 equitaret
2819 5066 3021 5124 equum
3048 5067 3257 5122 meum,
3289 5051 3411 5123 ipsa
3467 5069 3575 5123 qua
3628 5052 3789 5107 infir-

2186 5138 2348 5194 mitas
2376 5154 2465 5194 me
2511 5139 2656 5209 cepit
2682 5138 2739 5193 in
2767 5156 2931 5196 manu
2962 5140 3160 5197 dextra
3210 5141 3431 5197 tenebat
3464 5159 3476 5206 ;
3530 5141 3786 5198 baculum

2186 5229 2336 5284 enim
2383 5227 2621 5283 habebat
2672 5243 2776 5299 pro
2806 5228 2995 5286 lancea
3038 5230 3313 5288 sacculum
3341 5246 3441 5301 pro
3469 5231 3652 5300 palma
3686 5245 3699 5285 :
3732 5239 3787 5286 et

2183 5318 2469 5375 confestim
2499 5317 2650 5389 quasi
2682 5318 2885 5375 furoris
2911 5318 3282 5390 indignatione
3309 5318 3532 5376 veniens
3572 5319 3643 5373 ad
3672 5335 3783 5390 me,

2185 5406 2399 5464 elevato
2435 5406 2633 5461 baculo
2661 5406 2812 5463 visus
2830 5413 2913 5461 est
2939 5415 3224 5476 percutere
3270 5408 3545 5464 daemones
3572 5406 3662 5477 qui
3690 5423 3782 5464 me

2181 5503 2486 5566 tenuerant,
2518 5495 2610 5566 qui
2639 5495 2888 5565 protinus
2942 5495 3198 5568 fugerunt
3252 5495 3446 5561 territi;
3507 5510 3643 5565 quos
3687 5494 3784 5552 ille
