4036 6072
264 269 368 321 337

1229 266 1492 324 SPURIA.
1524 298 1596 308 —
1622 267 2028 324 MIRACULUM
2057 266 2302 322 SANCTI
2329 267 2585 324 JACOBI.

3477 274 3579 328 338

265 393 537 449 insecutus
581 410 681 463 per
727 393 984 464 angulum
1043 394 1194 448 illum
1254 393 1380 446 hinc
1435 393 1582 447 exire
1638 393 1816 463 coegit
1850 411 1860 445 :
1893 393 1949 452 A
1977 391 2175 446 veritas
2223 392 2536 446 declaravit.
2591 393 2880 463 Postquam
2931 393 3073 447 enim
3122 395 3440 466 peregrinus
3485 397 3577 454 ille

265 492 318 537 et
347 499 473 538 ecce
501 484 598 537 Dei
631 492 683 537 et
713 484 770 537 B.
803 483 990 536 Jacobi
1022 482 1197 553 gratia
1225 482 1483 536 liberatus
1521 481 1590 535 ab
1639 481 1747 534 illis
1775 482 1865 551 qui

264 588 355 626 me
406 572 745 641 premebant,
793 573 938 642 loqui
993 573 1188 634 valeo;
1223 588 1286 625 ac
1344 571 1499 625 citius
1555 571 1766 638 mittite,
1817 579 1870 624 et

261 661 640 731 presbyterum
689 661 876 726 accite,
911 661 1000 729 qui
1048 660 1180 713 mihi
1231 668 1431 714 sancta),
1474 659 1870 714 communionis

263 751 523 803 viaticum
557 751 790 816 tribuat;
827 750 1027 804 diutius
1056 749 1198 803 enim
1232 749 1283 802 in
1316 751 1418 802 hac
1456 748 1567 803 vita
1617 748 1868 802 manendi

262 855 373 892 non
400 839 576 892 habeo
607 839 900 892 licentiam.
929 859 954 888 ι)
991 837 1091 907 Qui
1125 854 1247 892 cum
1278 838 1566 906 misissent,
1601 838 1732 891 dum
1779 837 1872 892 ille

263 943 478 981 moram
525 927 777 981 veniendi
827 928 1046 994 faceret,
1080 944 1243 980 unum
1290 927 1357 981 de
1404 927 1565 982 sociis
1611 927 1720 980 suis
1762 943 1868 995 pu-

262 1014 409 1069 blice
439 1016 737 1084 admonuit,
771 1017 956 1070 dicens
988 1034 999 1069 :
1039 1039 1060 1062 α
1087 1017 1291 1084 Amice,
1320 1017 1512 1086 inquit,
1537 1016 1647 1070 noli
1670 1017 1868 1071 amodo

266 1105 457 1158 Girino
488 1106 709 1160 domino
741 1114 829 1159 tuo
861 1105 1027 1161 Calvo
1057 1105 1309 1174 militare,
1342 1106 1425 1159 cui
1473 1107 1728 1159 hactenus
1777 1106 1869 1158 ad-

265 1195 490 1261 hmsisti,
524 1195 786 1250 veraciter
812 1195 956 1248 enim
983 1195 1268 1248 damnatus
1297 1203 1394 1260 est,
1424 1203 1477 1248 et
1516 1195 1569 1247 in
1615 1194 1868 1263 proximo

268 1284 414 1337 mala
444 1293 615 1338 morte
646 1285 952 1340 moriturus.
991 1305 1014 1333 ιι
1050 1284 1128 1337 De
1171 1299 1279 1354 quo
1327 1283 1402 1337 ita
1454 1283 1746 1354 contigisse
1791 1283 1867 1337 rei

1976 479 2121 534 bono
2152 479 2256 534 ﬁne
2283 481 2503 550 quievit,
2537 490 2587 534 et
2617 482 2904 550 sepultura)
2949 482 3174 536 traditus
3221 492 3319 551 est,
3348 487 3580 542 reversis

1977 569 2138 624 sociis
2163 577 2214 623 et
2243 570 2582 624 narrantibus
2611 586 2733 639 qua:
2773 579 2925 640 gesta
2971 579 3112 638 sunt,
3144 573 3439 640 przedietus
3487 574 3578 628 Gi-

1978 658 2144 725 rinus,
2173 666 2534 728 cognomento
2582 659 2796 726 Calvus,
2830 659 2920 728 qui
2971 659 3122 713 dives
3171 662 3333 714 homo
3384 662 3576 732 fuerat,

1979 762 2164 801 eorum
2195 747 2512 800 relationem
2542 762 2640 816 pro
2670 762 2860 800 somno
2892 747 3064 813 duxit,
3098 764 3197 801 nec
3225 764 3281 801 se
3311 765 3342 802 a
3387 752 3578 819 pravi-

1981 844 2088 889 tate
2115 850 2212 888 sua
2241 835 2537 905 quidquam
2569 835 2910 895 emendavit;
2940 837 3084 890 unde
3127 852 3233 891 non
3281 847 3404 906 post
3442 840 3578 893 mul-

1983 933 2062 978 tos
2109 923 2224 976 dies
2271 924 2498 994 contigit
2549 925 2678 977 dum
2724 925 2952 978 militem
3001 925 3166 978 armis
3231 927 3574 997 interficeret,

1976 1013 2094 1081 ipse
2125 1027 2338 1082 quoque
2376 1013 2616 1079 ejusdem
2661 1013 2847 1065 militis
2894 1013 3081 1066 lancea
3132 1015 3452 1069 transfossus
3500 1018 3578 1070 in-

1977 1101 2174 1156 teriret.
2210 1102 2356 1172 Ergo
2384 1101 2517 1172 Regi
2547 1117 2737 1172 regum
2763 1101 2996 1156 Domino
3025 1103 3093 1156 N.
3121 1104 3169 1156 J.
3203 1103 3263 1157 C.
3297 1103 3350 1156 in
3380 1107 3578 1160 smcula

1975 1190 2295 1245 szeculorum
2327 1206 2503 1244 amen.

751 1557 1491 1661 MIRACULUM
1571 1559 2099 1662 GRANDE
2179 1556 2632 1661 SANCTl
2708 1557 3108 1660 JACOB

284 1754 342 1812 Α
371 1749 633 1810 Domino
663 1750 966 1811 Anselmo
999 1748 1433 1810 Cantuariensi
1471 1749 1947 1828 archiepiscopo
1979 1751 2239 1824 editum,
2276 1750 2354 1809 de
2385 1749 2726 1828 peregrino
2762 1750 2867 1827 qui
2915 1767 3128 1809 amore
3185 1749 3452 1827 apostoli
3509 1767 3578 1808 se

346 1833 634 1909 peremit,
670 1837 731 1890 et
762 1829 834 1888 Β.
869 1828 1144 1890 Jacobus
1174 1831 1348 1891 illum
1381 1830 1458 1890 ad
1490 1831 1706 1904 vitam,
1741 1831 1932 1892 beata
1962 1832 2073 1892 Dei
2105 1831 2428 1892 Genitrice
2458 1830 2652 1890 Maria
2697 1829 3065 1908 auxiliante,
3099 1831 3178 1890 de
3225 1837 3428 1890 morte
3470 1846 3578 1890 re-

352 1912 526 1972 duxit
559 1911 668 1992 (2).

1705 2019 1813 2088 (Ex
1842 2020 1960 2076 cod.
1994 2022 2128 2085 ms.)

349 2300 522 2369 Prope
554 2299 926 2355 Cudunensem
953 2301 1224 2356 civitatem
1256 2310 1335 2356 est
1363 2302 1512 2356 vicus
1555 2303 1775 2373 quidam
1827 2301 1879 2353 in
1908 2298 1961 2358 B
1992 2306 2146 2368 grata
2177 2313 2283 2351 non
2313 2296 2430 2350 erit.
2470 2319 2491 2344 ιι
2526 2296 2638 2350 Hoc
2671 2297 2816 2352 dicto
2857 2297 2928 2351 ab
2977 2298 3149 2354 oculis
3187 2313 3245 2353 se
3284 2297 3591 2354 videntibus

276 2404 384 2458 quo
417 2388 634 2458 juvenis
675 2390 897 2458 quidam
943 2391 1273 2457 morabatur,
1324 2391 1542 2444 nomine
1601 2391 1873 2456 Giraldus,

274 2476 368 2545 qui
419 2484 531 2529 arte
579 2476 859 2546 pelletaria
912 2478 1216 2544 instructus,
1258 2480 1414 2548 juxta
1472 2479 1714 2533 laborem
1764 2495 1875 2531 ma-

275 2581 441 2617 nuum
485 2581 702 2618 suarum
749 2566 986 2633 vivebat,
1019 2575 1071 2621 et
1117 2577 1270 2636 patre
1318 2584 1414 2621 suo
1465 2569 1719 2620 defuncto
1769 2568 1877 2619 suis

275 2653 556 2707 laboribus
611 2663 835 2707 matrem
892 2672 1043 2708 suam
1092 2656 1406 2710 sustinebat.
1463 2657 1560 2708 llic.
1636 2664 1878 2709 sanctum

275 2741 539 2796 Jacobum
606 2744 950 2797 vehementer
1015 2744 1297 2814 diligebat,
1358 2746 1427 2798 ad
1484 2746 1638 2815 cujus
1695 2745 1881 2796 limina

277 2831 506 2900 singulis
548 2832 702 2884 annis
747 2833 928 2886 venire
971 2842 1022 2887 et
1064 2850 1214 2887 suam
1265 2833 1629 2887 obedientiam
1674 2832 1882 2885 solebat

277 2918 492 2973 offerre.
525 2921 760 2975 Uxorem
792 2938 896 2975 non
928 2922 1181 2988 habebat,
1214 2923 1310 2974 sed
1348 2922 1495 2974 solus
1541 2938 1661 2974 cum
1714 2929 1881 2973 matre

278 3023 376 3061 sua
407 3009 588 3062 vetula
617 3010 783 3064 vitam
815 3019 1018 3064 castam
1049 3010 1293 3080 gerebat.
1328 3011 1434 3064 Sed
1467 3028 1589 3063 cum
1640 3009 1881 3062 diuscule

277 3112 335 3151 se
384 3097 701 3164 contineret,
736 3099 951 3152 tandem
1002 3099 1119 3153 vice
1167 3099 1343 3152 carnis
1390 3099 1667 3167 voluptate
1714 3115 1880 3166 supe-

279 3194 428 3238 ratus
476 3203 598 3238 cum
642 3187 897 3255 juvencla
945 3189 1180 3257 quadam
1235 3188 1527 3241 fornicatus
1573 3196 1669 3241 est.
1727 3188 1883 3240 Mane

281 3283 463 3328 autem
496 3275 637 3328 facto
665 3276 792 3346 quia
822 3276 1244 3347 literegrinationi
1275 3277 1423 3345 prius
1446 3293 1501 3329 se
1525 3276 1880 3344 disposuerat,

280 3380 403 3417 cum
438 3364 651 3418 duobus
679 3365 870 3418 vicinis
900 3365 1008 3418 suis
1040 3365 1240 3418 ducens
1269 3381 1451 3418 secum
1475 3365 1684 3417 asinum
1706 3381 1881 3430 suum,

281 3453 350 3506 ad
393 3452 649 3506 Sanctum
699 3453 959 3506 Jacobum
1007 3454 1082 3507 ire
1131 3455 1313 3522 coepit.
1367 3454 1491 3520 Qui,
1525 3469 1646 3505 cum
1697 3454 1750 3504 in
1798 3452 1887 3506 via

281 3550 478 3610 essent,
513 3541 826 3596 invenerunt
853 3543 1143 3611 quemdam
1176 3542 1483 3596 mendicum
1517 3543 1583 3594 ad
1630 3543 1883 3594 Sanctum

280 3629 546 3684 Iacobum
576 3630 1024 3700 proficiscentem.
1059 3632 1209 3684 Ilunc
1242 3648 1422 3685 secum
1469 3640 1520 3685 et.
1569 3631 1741 3701 gratia
1790 3646 1883 3682 so-

282 3719 511 3784 cietatis,
563 3727 613 3772 et
660 3720 839 3788 potius
883 3735 1065 3773 amore
1114 3720 1281 3772 sancti
1340 3720 1568 3788 apostoli
1619 3719 1882 3782 tulerunt;

282 3807 576 3878 largientes
632 3808 679 3862 ei
733 3808 1031 3862 necessaria
1100 3809 1289 3861 victus.
1346 3810 1633 3878 Pergentes
1703 3807 1884 3876 igitur,

283 3897 466 3965 plures
497 3913 618 3950 cum
651 3897 836 3951 Iustitia
877 3897 993 3950 dies
1041 3899 1140 3951 hoc
1185 3897 1443 3951 fecerunt.
1479 3897 1745 3963 Quoniam
1795 3914 1886 3964 pa-

284 3984 454 4039 ciﬁca:
494 4001 554 4037 ac
603 3985 937 4040 charitativae
989 3986 1228 4040 societati
1277 3985 1483 4038 invidet
1529 3985 1796 4050 diabolus,
1835 3985 1885 4036 in

283 4074 522 4126 humana
552 4073 724 4127 forma
756 4074 883 4125 satis
915 4076 1136 4127 honesta
1166 4075 1235 4127 ad
1256 4074 1509 4142 juvenem
1534 4073 1619 4141 qui
1648 4073 1697 4124 in
1722 4073 1883 4126 domo

284 4162 578 4214 fornicatus
604 4161 774 4215 fuerat
801 4163 938 4214 clam
984 4163 1225 4227 accessit,
1255 4163 1411 4231 eique
1457 4162 1591 4214 dixit
1625 4180 1636 4213 :
1677 4185 1697 4208 ‹‹
1734 4161 1882 4213 Nosti

283 4251 374 4318 qui
431 4250 578 4302 sim‘?
615 4273 635 4297 ιι
692 4254 756 4304 At
816 4251 904 4304 ille
939 4269 949 4303 :
993 4275 1014 4298 α
1053 4253 1425 4320 Nequaquam.
1466 4275 1486 4297 η
1523 4251 1587 4304 Et
1619 4251 1831 4303 daemon
1868 4267 1878 4301 :

287 4362 305 4386 θ
345 4339 486 4409 Ego,
521 4338 710 4408 inquit,
739 4354 855 4391 sum
883 4339 1117 4393 Jacobus
1146 4339 1421 4406 apostolus
1451 4355 1610 4407 quem
1661 4339 1887 4408 singulis

283 4428 438 4479 annis
477 4428 592 4495 jam
649 4443 714 4480 ex
775 4426 943 4480 multo
1002 4436 1243 4495 tempore
1295 4428 1614 4480 consuevisti
1669 4428 1884 4480 visitare

286 4518 498 4585 tuisque
527 4515 768 4584 przemiis
796 4517 1076 4568 honorare.
1112 4515 1262 4568 Scias
1310 4516 1436 4585 quia
1482 4516 1708 4567 multum
1757 4534 1886 4584 gau-

287 4605 485 4658 debam
547 4605 612 4658 de
663 4613 731 4670 te,
787 4605 1043 4672 quoniam
1101 4604 1317 4674 quidem
1378 4620 1632 4673 magnum
1687 4604 1888 4656 bonum

285 4693 575 4762 sperabam
608 4693 674 4745 de
708 4701 774 4745 te.
807 4691 914 4746 Sed
946 4708 1116 4760 nuper
1145 4701 1430 4760 antequam
1483 4693 1701 4745 domum
1747 4701 1888 4745 tuam

288 4782 485 4846 exires,
520 4780 811 4833 fornicatus
855 4796 912 4834 es
959 4797 1081 4832 cum
1128 4780 1373 4845 muliere,
1408 4795 1503 4833 nec
1554 4780 1677 4833 inde
1725 4797 1892 4848 usque

288 4886 431 4922 nunc.
479 4868 804 4937 pamituisti,
848 4885 945 4921 nec
967 4867 1202 4922 confiteri
1252 4868 1712 4936 voluisti;sicque
1761 4884 1888 4936 per-

288 4973 419 5028 egre
449 4974 569 5009 cum
601 4965 822 5025 peccato
865 4965 952 5008 tuo
1001 4957 1274 5024 protectus
1317 4973 1392 5019 es,
1426 4957 1577 5024 quasi
1612 4965 1696 5009 tua
1732 4973 1888 5026 pere-

288 5045 527 5117 grinatio
555 5045 651 5098 Dei
681 5053 730 5098 et
762 5044 892 5096 mihi
924 5045 1060 5098 foret
1099 5045 1470 5112 acceptabilis.
1506 5046 1625 5097 Non
1667 5044 1737 5096 ita
1777 5043 1887 5096 fieri

291 5142 506 5203 oportet
542 5151 552 5186 :
589 5149 710 5185 nam
743 5132 1049 5202 quicunque
1080 5149 1263 5186 amore
1295 5133 1396 5185 nu-i
1429 5134 1538 5186 vult
1573 5133 1892 5201 peregrina-

294 5223 358 5287 ri,
411 5222 560 5290 prius
603 5237 818 5275 necesse
865 5230 942 5275 est
991 5231 1048 5274 ut
1088 5235 1310 5290 pecca'a
1355 5239 1445 5273 >lttl
1494 5239 1590 5289 per
1639 5222 1894 5273 lnnnileni

294 5310 690 5364 confessionem
721 5310 947 5378 aperiat,
981 5319 1030 5363 et
1063 5318 1247 5378 postea
1278 5311 1672 5379 peregrinando
1705 5310 1898 5362 cadent

298 5398 592 5452 commissa
648 5399 832 5466 puniat
878 5417 887 5450 :
952 5399 1039 5467 qui
1090 5398 1244 5452 aliter
1300 5399 1504 5465 fecerit,
1536 5398 1900 5469 peregrinatio

377 5577 454 5644 (2)
487 5574 690 5628 Fabula
724 5575 837 5628 haec
871 5575 926 5628 S.
960 5572 1212 5628 Anselmo
1244 5573 1380 5627 falso
1412 5573 1678 5627 tribuitur.

1989 2385 2224 2439 evanuit.

2063 2475 2157 2526 His
2209 2474 2406 2527 auditis
2466 2475 2629 2528 homo
2691 2475 2992 2528 contristari
3055 2476 3236 2544 cmpit,
3282 2491 3592 2545 proponens

1994 2563 2046 2615 in
2075 2563 2256 2616 animo
2287 2579 2382 2615 suo
2413 2579 2469 2616 se
2496 2564 2715 2616 domum
2747 2564 2886 2618 velle
2917 2564 3111 2632 redire,
3144 2580 3240 2618 suo
3279 2563 3592 2633 presbytero

1991 2649 2268 2717 confiteri;
2304 2652 2488 2720 sicque
2527 2661 2705 2720 cu-pto
2750 2653 2940 2706 itinere
2983 2653 3215 2724 regredi.
3250 2654 3365 2707 Hoc
3414 2653 3596 2720 itaque

1991 2741 2119 2793 dum
2151 2741 2294 2808 apud
2326 2757 2382 2793 se
2413 2748 2678 2805 tractaret,
2707 2742 2850 2794 venit
2873 2742 3088 2796 darmon
3121 2742 3171 2794 in
3194 2743 3386 2796 eadem
3420 2741 3596 2795 forma

1989 2846 2096 2898 qua
2127 2829 2274 2897 prius
2301 2837 2643 2897 apparuerat,
2679 2831 2864 2883 dicens
2896 2831 2943 2884 ei
2979 2849 2990 2884 :
3016 2853 3038 2876 «
3075 2829 3216 2898 Quid
3240 2839 3317 2884 est
3338 2830 3485 2899 quod
3506 2844 3594 2884 co-

1993 2917 2134 2986 gitas
2166 2917 2217 2969 in
2261 2918 2424 2970 corde
2472 2925 2581 2984 tuo,
2618 2927 2666 2970 te.
2713 2919 2933 2972 domum
2975 2919 3115 2974 velle
3159 2919 3333 2972 redire
3367 2936 3379 2971 :
3413 2918 3597 2986 poeni-

1997 3006 2234 3058 tudinem
2267 3022 2427 3076 agere
2458 3014 2512 3058 ut
2543 3007 2611 3058 ad
2643 3022 2728 3060 me
2761 3007 2977 3076 dignius
3018 3007 3364 3076 postmodum
3414 3005 3598 3061 valeas

1993 3094 2212 3147 redire?
2237 3095 2394 3146 Putas
2416 3102 2463 3146 te
2483 3103 2685 3146 tantum
2708 3095 2883 3148 scelus
2905 3095 3242 3163 tuisjejuniis
3274 3095 3386 3148 sive
3428 3094 3598 3164 lacry-

1994 3183 2096 3234 mis
2127 3198 2284 3250 posse
2316 3183 2542 3235 delere?
2566 3183 2791 3235 multum
2815 3183 3017 3251 desipis
3043 3200 3052 3234 :
3079 3183 3238 3236 crede
3261 3183 3394 3236 meis
3414 3183 3590 3236 consi-

1995 3270 2100 3334 liis,
2148 3279 2199 3323 et
2250 3271 2431 3322 salvus
2486 3269 2624 3332 eris;
2674 3270 2914 3339 alioquin
2967 3270 3162 3324 salvari
3216 3287 3323 3325 non
3371 3270 3595 3339 poteris.

1996 3359 2256 3426 Quamvis
2286 3358 2610 3428 peccaveris,
2645 3373 2748 3427 ego
2792 3367 2968 3411 tamen
3013 3373 3182 3420 amo;
3217 3365 3266 3411 et
3313 3365 3600 3428 propterea

1995 3449 2115 3502 veni
2147 3449 2216 3501 ad
2248 3455 2296 3500 te
2328 3456 2381 3499 ut
2415 3447 2518 3500 tale
2548 3446 2830 3499 consilium
2864 3445 2959 3498 tibi
2985 3446 3217 3499 tribuam
3237 3446 3378 3499 unde
3401 3445 3598 3500 salvari

1995 3537 2187 3608 passis,
2221 3537 2263 3588 si
2297 3535 2426 3588 mihi
2459 3535 2678 3588 credere
2727 3533 2979 3588 volueris.
3020 3557 3041 3581 η
3079 3535 3173 3587 Cui
3231 3535 3549 3604 peregrinus
3583 3550 3595 3586 :

2003 3649 2022 3672 «
2059 3628 2158 3691 Ita,
2193 3625 2382 3693 inquit,
2417 3623 2726 3692 cogitabam
2745 3615 3174 3678 Asicutdiciszsed
3218 3630 3500 3693 postquam
3527 3624 3598 3676 ad

1997 3715 2223 3767 salutem
2256 3728 2361 3766 non
2392 3712 2648 3780 prodesse
2679 3713 2779 3765 hoc
2793 3711 3003 3779 asseris,
3037 3711 3123 3765 die
3140 3711 3286 3782 quod
3303 3711 3401 3764 tibi
3421 3711 3602 3780 placet

1998 3803 2140 3856 unde
2167 3801 2363 3854 salvari
2391 3800 2614 3868 possim,
2649 3809 2698 3853 et
2730 3799 2904 3853 libens
2961 3817 3243 3870 exsequar.
3305 3824 3326 3848 ›ι
3361 3802 3427 3853 At
3455 3799 3549 3855 ille
3581 3817 3594 3852 :

2001 3914 2020 3938 ιι
2061 3891 2138 3957 Si,
2171 3890 2362 3958 inquit,
2387 3889 2656 3958 plenitera
2689 3888 2884 3943 delicto
2905 3889 3187 3942 emundari
3210 3888 3590 3955 desideras,vi-

1997 3980 2135 4045 rilia,
2169 3978 2362 4047 quibus
2389 3977 2641 4046 peccasti,
2662 3978 2817 4030 citius
2835 3986 3074 4046 amputa.
3105 3999 3124 4023 υ
3149 3977 3268 4043 Quo
3307 3975 3398 4031 ille
3418 3977 3592 4031 consi-

1997 4067 2069 4120 lio
2102 4065 2461 4120 territusdixit
2496 4083 2506 4116 :
2547 4087 2567 4110 «
2607 4064 2661 4117 Si
2694 4065 2823 4117 milii
2853 4066 2951 4118 hoc
2971 4065 3368 4133 quodconsulis
3390 4064 3592 4131 fecero,

1997 4156 2176 4209 vivere
2209 4171 2313 4206 non
2343 4162 2553 4222 potero,
2578 4168 2778 4221 eroque
2822 4152 2926 4205 mei
2951 4151 3599 4222 ipsiushomicida;quod

1998 4261 2142 4313 stupe
2158 4243 2338 4296 audivi
2356 4258 2535 4295 coram
2554 4242 2666 4295 Deo
2685 4256 2799 4294 esse
2822 4239 3151 4294 damnabile.
3173 4263 3194 4287 »
3218 4241 3364 4293 Tunc
3378 4239 3596 4294 daemon

1999 4335 2225 4386 irridens
2257 4350 2267 4383 :
2307 4356 2329 4375 οι
2357 4330 2423 4396 Ο,
2449 4329 2930 4400 inquit,insipiens,
2945 4345 3106 4398 quam
3125 4345 3312 4396 parum
3336 4328 3595 4398 intelligis

2001 4441 2063 4476 ea
2094 4437 2212 4491 quze
2245 4420 2337 4473 tibi
2370 4421 2436 4471 ad
2468 4419 2694 4472 salutem
2725 4425 2947 4487 possunt
2994 4416 3255 4486 prolicere
3290 4418 3302 4469 !
3331 4416 3391 4470 Si
3418 4416 3598 4470 taliter

2003 4519 2241 4564 mortuus
2271 4508 2454 4571 fueris,
2485 4508 2554 4561 ad
2586 4523 2671 4560 me
2698 4507 2810 4560 sine
2839 4505 3004 4560 dubio
3037 4505 3312 4572 transibis,
3346 4505 3474 4574 quia
3498 4521 3594 4575 pu-

1998 4601 2194 4653 niendo
2227 4599 2481 4651 delictum
2516 4605 2662 4650 tuum
2694 4604 2892 4664 martyr
2942 4594 3066 4648 eris.
3101 4592 3147 4648 Ο
3179 4593 3220 4646 si
3278 4609 3422 4647 esses
3480 4602 3588 4647 tam

1999 4689 2235 4757 prudens
2265 4696 2321 4740 nt
2352 4685 2692 4753 temetipsum
2724 4682 3022 4736 interficere
3051 4698 3157 4736 non
3189 4681 3598 4752 dubitares,ego

2001 4786 2144 4830 certe
2174 4793 2293 4828 cum
2328 4773 2665 4827 multitudine
2694 4773 2965 4825 sociorum
3018 4787 3261 4824 meorum
3319 4771 3496 4824 statim
3529 4771 3600 4823 ad

2005 4875 2054 4919 te
2082 4864 2341 4928 venirem,
2375 4878 2438 4916 ac
2469 4877 2681 4915 mecum
2713 4875 3023 4913 mansuram
3055 4859 3289 4912 animam
3328 4867 3471 4912 tuam
3498 4858 3601 4912 la:-

2004 4963 2086 5006 tus
2118 4953 2438 5022 acciperem.
2475 4951 2611 5020 Ego,
2645 4949 2736 5014 ait,
2769 4964 2886 5001 sum
2916 4948 3149 5003 Jacobus
3198 4947 3477 5017 apostolus
3507 4947 3599 5018 qui

2007 5044 2099 5096 tibi
2132 5041 2353 5097 consulo
2387 5059 2397 5092 :
2437 5040 2517 5092 fac
2575 5046 2630 5091 ut
2686 5037 2893 5090 locutus
2932 5054 3048 5089 sum
3107 5036 3149 5089 si
3209 5037 3278 5088 ad
3310 5052 3497 5090 meum
3523 5035 3605 5089 vis

2004 5132 2186 5185 venire
2215 5129 2562 5192 consortium,
2597 5136 2650 5181 et
2669 5127 2738 5180 tui
2761 5125 2942 5180 delicti
2968 5124 3266 5178 remedium
3286 5124 3552 5177 invenire.
3580 5146 3602 5170 η

2008 5220 2214 5286 Quibus
2246 5217 2405 5271 dictis
2435 5215 2750 5285 peregrinus
2781 5214 3047 5267 animatus
3076 5213 3144 5265 ad
3176 5212 3404 5277 facinus,
3425 5220 3602 5277 nocte,

2009 5308 2170 5362 sociis
2200 5305 2609 5366 dormientibus,
2644 5303 2917 5357 cultellum
2951 5301 3200 5364 extraxit,
3234 5310 3287 5353 et
3343 5299 3607 5370 quidquid

2013 5397 2168 5452 virile
2201 5396 2372 5449 fuerat
2404 5396 2456 5446 in
2488 5393 2729 5463 partibus
2756 5391 2862 5445 illis
2893 5390 2992 5444 sibi
3037 5389 3358 5459 amputavit,
3416 5386 3610 5440 deinde
