4036 6072
439 222 544 281 339

1457 221 1548 275 AD
1588 217 1859 274 OPEBAS
1896 217 1953 273 S.
1994 214 2297 273 ANSELMI
2332 216 2706 272 APPENDIX.

3636 210 3743 266 340

440 368 600 409 versa
629 365 792 406 manu
823 349 1024 404 ferrum
1053 347 1238 415 erexit,
1271 347 1494 416 ejusque
1524 345 1792 413 acumine,
1825 360 1886 400 se
1915 344 2037 413 inji-
2064 342 2123 404 A
2151 341 2451 413 dextraque
2463 340 2707 411 laevaque
2723 337 3275 410 ejusconsidentibus.
3301 336 3595 407 Quamego
3614 350 3742 391 cum

439 441 609 509 ciens,
640 448 881 495 ventrem
909 437 1169 494 confodit.
1201 435 1336 490 Cum
1378 442 1557 489 autem
1608 434 1829 504 sanguis
1858 432 2038 489 efllue-

440 538 544 598 ret,
578 537 632 585 et
660 529 752 583 ille
768 527 1081 597 palpitando
1140 524 1569 589 tumultuaretur,
1608 523 1903 593 experrecti
1954 538 2039 578 so-

446 619 518 673 cii
546 624 870 674 vocaverunt
896 615 1048 669 illum
1092 613 1423 668 sciscitantes
1479 611 1571 683 qui
1629 612 1872 667 haberet.
1932 610 2037 679 Qui

443 722 567 761 cum
598 705 707 759 illis
730 718 1041 774 responsum
1059 718 1168 757 non
1199 702 1371 769 daret,
1403 702 1501 757 sed
1515 701 1715 755 anxius
1735 710 2037 757 extremum

439 793 691 864 spiritum
720 794 973 859 traheret,
1005 790 1307 847 conturbati
1332 791 1542 846 concita
1568 798 1811 861 surgunt,
1870 788 2038 843 lumi-

436 883 589 939 naria
616 882 932 949 accendunt,
965 880 1281 951 sociumque
1337 879 1661 933 semivivum
1692 894 1791 933 nec
1816 878 1931 947 jam
1956 877 2038 932 eis

436 971 767 1041 respondere
795 970 1063 1025 valentem
1091 968 1385 1038 reperiunt.
1418 969 1501 1022 Ex
1532 982 1638 1036 quo
1666 966 1947 1036 stupefacti
1968 966 2038 1019 si-

437 1060 551 1115 mul
580 1068 634 1115 et
663 1074 861 1132 magno
893 1058 1085 1113 timore
1114 1056 1374 1126 percussi,
1426 1070 1497 1111 ne
1553 1070 1700 1110 mors
1738 1055 1881 1109 illius
1933 1055 2036 1109 sibi

436 1149 808 1219 imponeretur
834 1147 878 1201 si
908 1162 1067 1200 mane
1097 1146 1152 1199 in
1180 1145 1373 1200 eodem
1404 1145 1525 1200 loco
1547 1143 1937 1209 invenirentur,
1954 1144 2037 1198 fu-

438 1254 569 1310 gam
599 1238 804 1303 ineunt,
837 1236 1017 1305 ipsum
1043 1250 1172 1291 vero
1202 1235 1255 1288 in
1285 1249 1383 1288 suo
1396 1233 1664 1304 sanguine
1677 1232 2031 1300 volutantem,

438 1326 651 1381 asinum
684 1340 811 1383 vero
842 1332 895 1379 et
924 1339 1158 1396 egenum
1188 1338 1348 1392 quem
1378 1322 1525 1378 elere
1555 1329 1848 1392 coeperant,
1872 1320 2034 1377 derc-

436 1415 707 1488 hnquunL

505 1505 663 1560 Mane
692 1511 869 1558 autem
892 1519 1013 1557 eum
1036 1500 1239 1557 familia
1267 1502 1463 1556 domus
1500 1499 1846 1567 surrexisset,
1883 1499 2034 1554 oeci-

434 1609 662 1663 sumque
690 1594 998 1663 reperisset,
1032 1607 1139 1645 non
1170 1591 1378 1644 habens
1404 1589 1781 1645 certitudinem
1804 1589 1892 1657 qui
1910 1603 2032 1642 eum

434 1682 742 1747 occidisset,
776 1679 1227 1737 advocatvicinos
1244 1679 1627 1734 etdefunctum
1658 1678 1727 1731 ad
1744 1676 2031 1733 ecclesiam
2060 1705 2113 1764 B

434 1770 804 1842 sepeliendum
827 1769 1079 1825 deferunt
1124 1787 1135 1832 ;
1171 1778 1295 1823 ante
1325 1767 1479 1837 cujus
1533 1766 1680 1821 fores
1728 1766 1855 1821 dum
1887 1766 2034 1821 fossa

433 1868 742 1930 pararetur,
766 1866 987 1928 prepter
1010 1857 1295 1929 sanguinis
1309 1856 1539 1911 ﬂuorem
1560 1855 1708 1909 illum
1732 1854 2028 1924 deponunt.

428 1950 543 2004 Nec
572 1948 741 2003 multa
770 1947 1167 2002 interveniente
1197 1960 1349 2000 mora
1364 1944 1453 1999 ille
1468 1943 1555 2014 qui
1575 1943 2030 2001 mortuusfuerat.

428 2037 607 2106 rediit,
658 2044 712 2091 et
766 2035 820 2090 in
879 2043 1049 2090 stratu
1090 2035 1312 2089 funereo
1350 2033 1570 2088 resedit.
1604 2031 1762 2100 Quod
1792 2032 1884 2103 qui
1927 2031 2030 2086 ad-

427 2133 579 2181 erant
608 2122 1189 2194 intuentes,perterriti
1212 2123 1428 2194 fugiunt
1455 2128 1509 2176 et
1526 2122 1859 2186 exclamant;
1896 2137 2028 2190 quo-

430 2231 554 2269 rum
585 2214 823 2270 clamore
854 2213 1039 2284 populi
1070 2212 1323 2267 concitati
1350 2218 1660 2277 accurrunt,
1714 2209 1844 2280 quid
1874 2209 2026 2263 acci-

426 2303 570 2357 derit
587 2302 881 2372 inquirunt,
914 2307 966 2356 et
996 2307 1271 2356 mortuum
1299 2299 1427 2355 vitae
1456 2299 1761 2354 restitutum
1779 2297 2022 2352 audiunt.

420 2391 667 2459 Quicum
689 2390 914 2461 prepius
945 2389 1318 2458 accessissent,
1352 2396 1405 2443 et
1423 2404 1548 2443 eum
1588 2387 1790 2458 alloqui
1822 2386 2023 2456 coepis-

421 2487 577 2535 sent:
614 2496 845 2552 qumque
876 2479 1023 2534 circa
1054 2495 1177 2533 eum
1209 2486 1329 2534 acta
1359 2477 1574 2532 fuerant
1604 2476 1780 2529 libera
1794 2490 1927 2531 voce
1942 2491 2029 2530 co-

414 2585 534 2624 ram
565 2568 819 2624 omnibus
849 2568 1140 2623 enarravit.
1180 2589 1201 2614 «
1236 2568 1377 2638 Ego,
1402 2565 1603 2638 inquit,
1624 2580 1784 2636 quem
1805 2572 2025 2619 amorte

415 2657 795 2712 resuscitatum
828 2655 1045 2722 videtis,
1078 2655 1149 2708 ab
1178 2654 1408 2709 infantia
1437 2661 1682 2708 sanctum
1715 2653 1879 2707 dilexi
1926 2653 2022 2706 Ja-

421 2744 641 2813 cobum,
675 2745 851 2816 eique,
880 2743 934 2797 in
966 2751 1227 2815 quantum
1276 2742 1447 2813 potui,
1497 2742 1705 2797 servire
1736 2740 2017 2797 consuevi.

417 2833 581 2889 Modo
612 2841 791 2888 autem
823 2832 951 2886 dum
980 2830 1049 2886 ad
1079 2848 1205 2886 eum
1236 2848 1465 2903 pergere
1516 2830 1909 2895 decrevissem,
1970 2838 2024 2885 et

420 2938 596 2993 usque
626 2922 682 2975 in
710 2921 849 2976 hanc
877 2920 1063 2975 villam
1089 2920 1386 2988 venissem,
1415 2919 1713 2974 adveniens
1770 2918 2021 2974 diabolus

419 3009 611 3068 fefellit
641 3026 753 3077 me,
772 3009 956 3065 dicens
984 3026 1043 3065 se
1075 3026 1197 3065 esse
1216 3018 1459 3064 sanetum
1477 3007 1758 3076 Jacobum,
1778 3030 1799 3057 ››
1827 3017 2022 3063 totum-

420 3115 528 3171 que
558 3099 827 3168 ordinem,
860 3106 919 3153 ut
947 3112 1108 3171 snpra
1139 3098 1337 3153 dictum
1370 3107 1472 3163 est,
1506 3098 1778 3153 enarravit
1810 3118 1822 3163 ;
1856 3106 2022 3167 atque

418 3188 703 3244 subintulit
731 3203 744 3244 :
783 3212 805 3236 ‹‹
825 3189 1115 3258 Postquam
1137 3187 1561 3243 mihimetvitam
1578 3186 1759 3241 ademi
1775 3187 2023 3241 etanima

419 3285 787 3334 coarctaretur
814 3277 881 3332 de
910 3293 1156 3348 corpore,
1179 3276 1326 3332 venit
1354 3277 1424 3331 ad
1455 3292 1541 3331 me
1570 3275 1714 3331 idem
1744 3276 2024 3347 malignus

423 3366 646 3437 spiritus
673 3365 766 3437 qui
795 3382 883 3420 me
911 3365 1220 3437 deceperat,
1274 3365 1482 3420 ducens
1537 3380 1732 3421 secum
1763 3380 2025 3437 magnam

425 3454 641 3511 turbam
671 3454 999 3524 daemonum,
1034 3455 1127 3525 qui
1160 3454 1445 3510 confestim
1476 3454 1678 3525 absque
1709 3454 2025 3509 misericor-

422 3545 519 3600 dia
540 3560 626 3598 me
656 3548 973 3613 rapuerunt,
1015 3551 1173 3612 atque
1216 3543 1520 3612 plorantem
1569 3558 1632 3597 ac
1685 3542 2028 3598 miserabiles

422 3648 588 3688 voces
612 3632 945 3686 emittentem
977 3630 1211 3685 tulerunt
1241 3629 1308 3684 ad
1340 3637 1623 3685 tormenta.
1666 3631 1865 3685 Euntes
1896 3647 2027 3703 ergo

421 3735 616 3775 versus
635 3720 867 3775 Romam
898 3718 1265 3772 tetenderunt.
1300 3718 1498 3773 Verum
1532 3734 1655 3773 cum
1707 3718 1776 3773 ad
1833 3719 2026 3774 silvam

426 3824 549 3879 qum
587 3807 724 3862 inter
753 3806 945 3861 urbem
1003 3815 1055 3860 et
1100 3806 1285 3861 villam
1343 3822 1462 3875 qua:
1510 3814 1736 3862 vocatur
1773 3807 2027 3876 Labicau,

425 3897 525 3951 sita
561 3903 664 3963 est,
715 3895 1074 3963 venissemus,
1132 3903 1349 3951 sanctus
1377 3895 1904 3951 Jacobusinsecutus
1934 3912 2034 3952 nos

428 3994 549 4056 post
562 3992 778 4056 tergum
792 3992 1039 4039 nostrum
1057 3983 1354 4052 advolavit,
1378 3984 1905 4055 comprehensisque
1922 3985 2031 4040 dm-

430 4073 684 4128 monibus
715 4076 823 4128 ait:
847 4098 867 4120 «
896 4074 1053 4129 Unde
1083 4073 1312 4127 venistis
1335 4082 1506 4142 etquo
1529 4073 1800 4129 tenditis?
1828 4076 2031 4132 nAiunt

430 4162 509 4217 illi
542 4177 554 4216 :
593 4186 614 4211 α
650 4162 695 4218 Ο
722 4163 922 4217 Jacobe
953 4170 1157 4231 sancte,
1186 4161 1255 4215 ad
1283 4169 1334 4217 te
1363 4161 1497 4216 nihil
1523 4163 1795 4232 pertinet;
1830 4180 1954 4217 nam
1978 4164 2035 4218 in

435 4259 649 4307 tantum
680 4251 838 4307 nobis
884 4250 1135 4320 credidit,
1167 4259 1224 4305 ut
1270 4251 1623 4321 semetipsum
1680 4252 2031 4309 interficeret.

432 4342 546 4396 Nos
572 4340 862 4408 suasimus,
888 4355 987 4395 nos
1002 4340 1328 4406 fefellimus,
1352 4356 1458 4393 nos
1476 4339 1680 4394 habere
1699 4341 2030 4395 debemus.»

2052 3055 2103 3118 C

2147 447 2348 504 magno
2376 431 2555 487 cordis
2585 429 2784 487 affectu
2838 430 3189 487 considerare
3247 428 3409 498 coapi,
3458 440 3741 496 nunquam

2147 520 2291 576 enim
2322 522 2380 575 in
2409 520 2515 577 vita
2544 535 2669 576 mea
2699 528 2809 575 tam
2858 520 3142 591 pulchram
3194 525 3495 573 creaturam
3524 514 3740 586 uspiam

2145 609 2259 665 vidi
2291 626 2303 663 :
2336 625 2445 664 non
2474 625 2704 681 magna).
2718 608 2815 664 sed
2846 609 3133 665 mediocris
3173 616 3408 674 staturae,
3469 611 3582 660 erat
3610 603 3740 675 pul—

2144 700 2415 755 cherrima
2445 698 2603 765 facie,
2636 697 2950 754 desirabilis
2965 705 3203 769 aspectu.
3228 699 3365 752 Ante
3394 695 3582 749 beatus
3607 707 3742 762 apo-

2145 786 2313 843 stolus
2343 803 2495 842 meus
2516 786 2805 843 advocatus
2821 786 3078 857 piisimus
3094 801 3276 841 coram
3297 783 3550 840 omnibus
3562 781 3741 851 proti-

2145 892 2246 931 nus
2276 875 2502 943 exstitit,
2535 883 2591 931 et
2618 876 2687 931 de
2716 876 2931 932 Satanae
2943 874 3159 931 fallacia
3172 874 3404 947 qualiter
3417 888 3507 927 me
3519 871 3740 927 device-

2144 972 2230 1019 rat
2258 964 2557 1020 elamorem
2588 965 2733 1021 fecit.
2763 966 2897 1033 Quae
2914 980 3042 1019 mox
3054 963 3123 1019 ad
3138 965 3417 1019 daemones
3435 974 3705 1017 conversa
3720 976 3735 1014 :

2150 1077 2170 1101 υ
2206 1053 2272 1121 Ο,
2304 1054 2497 1126 inquit,
2530 1054 2735 1119 miseri,
2787 1054 2918 1125 quid
2964 1052 3293 1125 quaerebatis
3334 1050 3390 1105 in
3445 1048 3740 1120 peregrino

2144 1143 2363 1198 Domini
2392 1151 2445 1198 et
2472 1142 2570 1197 ﬁlii
2602 1143 2726 1209 mei,
2758 1152 2813 1198 et
2838 1142 3025 1199 Jacobi
3056 1141 3229 1196 fidelis
3251 1141 3332 1194 sui
3358 1140 3385 1193 ?
3415 1138 3555 1194 Satis
3584 1137 3742 1193 vobis

2142 1240 2327 1302 posset
2348 1231 2598 1288 sufﬁcere
2628 1247 2793 1301 poena
2823 1240 3022 1299 vestra,
3056 1246 3166 1287 non
3188 1238 3335 1285 esset
3363 1244 3501 1298 Opus
3525 1235 3582 1282 ut
3610 1241 3742 1283 eam

2143 1322 2419 1392 augeretis
2449 1320 2653 1377 malitia
2682 1329 2880 1378 vestra.
2914 1346 2938 1371 ››
2966 1322 3268 1392 Postquam
3326 1319 3504 1373 locuta
3534 1324 3616 1372 est
3645 1312 3739 1370 illa

2141 1410 2473 1477 beatissima,
2505 1410 2806 1465 clementer
2852 1426 3013 1480 super
3042 1427 3127 1464 me
3157 1425 3251 1463 sua
3306 1407 3509 1461 lumina
3540 1405 3689 1459 flexit
3722 1420 3736 1457 :

2147 1521 2169 1546 α
2189 1498 2529 1554 daemonibus
2550 1507 2730 1555 autem
2757 1514 2958 1571 magno
2987 1498 3183 1553 timore
3212 1496 3531 1562 conterritis,
3556 1494 3742 1548 omni-

2140 1586 2243 1641 bus
2271 1589 2362 1657 qui
2392 1587 2447 1641 in
2475 1588 2709 1643 concilio
2738 1595 2889 1643 erant
2920 1588 3232 1643 dicentibus
3249 1602 3345 1641 eos
3374 1592 3568 1641 contra
3597 1598 3738 1652 apo-

2145 1676 2359 1742 stolum,
2419 1693 2508 1732 me
2563 1676 2826 1744 fallendo,
2856 1677 3054 1747 injuste
3086 1676 3299 1740 fecisse,
3328 1672 3609 1744 imperavit
3629 1671 3740 1726 do—

2141 1767 2291 1820 mina
2313 1782 2400 1821 me
2424 1766 2491 1819 ad
2520 1781 2714 1837 corpus
2753 1766 2959 1822 reduci.
3019 1767 3250 1821 Sanctus
3302 1762 3465 1835 igitur
3503 1759 3738 1816 Iacobus

2137 1872 2225 1909 me
2281 1855 2581 1925 suscipiens
2637 1854 2921 1910 confestim
2977 1854 3034 1908 in
3063 1856 3204 1909 hunc
3243 1852 3424 1909 locum
3484 1848 3734 1906 restituit.

2139 1944 2343 1999 Taliter
2400 1951 2641 1998 mortuus
2671 1951 2724 1999 et
2753 1943 3107 1998 resuscitatus
3135 1958 3273 1997 sum.
3312 1966 3334 1990 ››
3369 1938 3734 2009 Quodincolm

2136 2033 2308 2104 ipsius
2334 2031 2439 2087 loci
2468 2032 2781 2098 audientes,
2840 2032 3198 2087 vehementer
3254 2030 3444 2098 lmtati,
3492 2029 3731 2099 protinus

2138 2120 2389 2176 eumdem
2420 2120 2475 2174 in
2503 2120 2725 2175 domum
2752 2135 2901 2175 suam
2932 2120 3183 2187 tulerunt,
3202 2135 3264 2174 ac
3284 2135 3383 2189 per
3401 2118 3631 2173 triduum
3649 2133 3734 2170 se-

2136 2227 2258 2266 cum
2290 2217 2560 2277 tenerunt,
2594 2209 2939 2282 divulgantes
2996 2218 3048 2264 et
3098 2209 3534 2264 demonstrantes
3581 2207 3733 2261 illum

2137 2299 2194 2354 in
2223 2315 2328 2370 quo
2359 2300 2504 2353 Deus
2534 2315 2635 2369 per
2660 2300 2885 2355 beatum
2916 2299 3214 2368 apostolum
3245 2296 3503 2351 Jacobum
3522 2305 3628 2350 tam
3662 2296 3739 2350 in-

2137 2388 2351 2444 solitam
2380 2404 2500 2443 rem
2519 2396 2770 2459 operatus
2786 2395 3042 2459 estatque
3073 2387 3541 2441 mirabilcm.Nam
3556 2386 3735 2455 plaga)

2132 2477 2279 2531 illius
2308 2478 2424 2531 sine
2455 2493 2611 2532 mora
2644 2485 2851 2531 sanata)
2882 2483 3022 2545 sunt,
3047 2477 3177 2531 solis
3223 2474 3569 2531 cicatricibus
3615 2474 3735 2528 loco

2132 2566 2418 2622 vulnerum
2451 2564 2806 2620 manentibus
2838 2584 2849 2619 :
2885 2565 3007 2621 loco
3036 2581 3168 2620 vero
3217 2563 3538 2637 genitalium
3569 2562 3737 2616 crevit

2133 2669 2262 2709 caro
2281 2655 2432 2725 quasi
2447 2670 2713 2718 verrucae,
2738 2671 2836 2724 per
2856 2670 3020 2724 quam
3035 2653 3344 2708 mittebatur
3362 2651 3735 2721 urina.Exple-

2132 2743 2200 2796 tis
2231 2742 2423 2797 diebus
2453 2742 2648 2815 quibus
2675 2742 3005 2797 habitatores
3061 2743 3213 2796 illum
3243 2758 3425 2796 secum
3470 2756 3565 2811 pro
3590 2757 3734 2812 gau-

2132 2830 2223 2886 dio
2248 2838 2551 2899 tenuerunt,
2582 2832 2793 2901 paravit
2824 2832 3031 2886 asinum
3063 2848 3248 2899 suum,
3310 2838 3364 2885 et
3420 2846 3541 2886 cum
3587 2829 3735 2884 socio

2131 2936 2370 2991 paupere
2392 2936 2551 2991 quem
2576 2920 2630 2975 in
2661 2921 2748 2975 via
2762 2922 3015 2991 junxerat
3038 2920 3161 2988 sibi,
3181 2922 3283 2974 iter
3299 2935 3600 2992 aggressus
3629 2925 3731 2972 est.

2135 3008 2245 3064 Sed
2268 3024 2392 3064 cum
2414 3010 2903 3080 appropinquasset
2934 3009 3001 3064 ad
3016 3008 3361 3064 beatiJacohi
3391 3008 3733 3077 limina,ecce

2132 3096 2262 3152 socii
2291 3097 2383 3169 qui
2414 3114 2543 3152 eum
2576 3097 2905 3167 reliquerant
2954 3097 3325 3169 regredientes
3378 3097 3735 3153 obviaverunt

2133 3184 2211 3239 illi
2248 3203 2260 3250 ;
2295 3184 2385 3255 qui
2414 3202 2535 3239 cum
2567 3186 2745 3241 adhuc
2773 3186 2965 3256 procul
2995 3193 3178 3241 essent
3203 3195 3252 3241 et
3284 3186 3422 3241 duos
3458 3185 3582 3240 illos
3619 3185 3736 3240 asi—

2134 3290 2264 3328 num
2295 3273 2584 3329 incitantes
2616 3274 2795 3329 intuiti
2848 3274 3095 3343 fuissent,
3120 3275 3287 3330 locuti
3315 3282 3437 3328 sunt
3491 3274 3558 3327 ad
3589 3272 3736 3328 invi-

2135 3377 2257 3418 cem
2292 3378 2304 3417 :
2343 3384 2363 3409 α
2402 3362 2638 3433 Similes,
2660 3363 2826 3432 aiunt,
2853 3364 3105 3420 homines
3137 3363 3524 3419 illisuntsoeiis
3539 3363 3736 3417 nostris

2136 3468 2274 3523 quos
2304 3451 2649 3523 reliquimus,
2679 3453 2908 3506 alterum
2941 3461 3232 3517 mortuum,
3266 3452 3495 3508 alterum
3528 3452 3732 3521 vivum,

2135 3556 2237 3595 nec
2268 3540 2468 3595 animal
2499 3541 2645 3611 quod
2674 3541 2881 3595 minant
2911 3540 3094 3596 differt
3123 3542 3188 3594 ab
3220 3542 3330 3607 illo,
3364 3542 3418 3595 in
3473 3545 3735 3612 quantum

2138 3628 2367 3694 videtur,
2398 3629 2544 3698 quod
2567 3629 2678 3683 illis
2707 3629 3022 3684 derelictum
3055 3638 3156 3685 est.
3220 3631 3513 3700 Postquam
3556 3634 3735 3684 autem

2139 3719 2731 3789 appropinquaverunt,
2794 3725 2847 3773 et
2902 3719 3097 3773 mutuis
3128 3718 3494 3789 agnitionihus
3541 3734 3597 3771 se
3636 3733 3735 3773 co-

2094 3817 2099 3821 ‘
2138 3822 2405 3877 gnoscere
2434 3811 2739 3878 coeperunt,
2770 3816 3131 3878 agnoscentes
3161 3807 3305 3877 quod
3335 3817 3511 3861 actum
3540 3806 3735 3872 fuerat,

2141 3896 2490 3951 vehementer
2519 3895 2943 3964 exsultaverunt,
2976 3905 3027 3951 et
3056 3896 3279 3951 domum
3321 3897 3597 3952 venientes
3619 3912 3737 3950 rem

2143 4000 2243 4053 per
2286 3984 2533 4039 ordinem
2592 3993 2973 4043 asseruerunt.
3059 3985 3168 4041 Sed
3234 3986 3325 4057 qui
3382 3987 3737 4041 resuscitatus

2144 4071 2317 4127 fuerat
2347 4081 2633 4143 postquam
2664 4089 2693 4128 a
2724 4082 2909 4128 sancto
2955 4075 3159 4129 Jacoho
3191 4075 3372 4141 rediit,
3432 4075 3533 4130 hoc
3590 4074 3739 4146 quod

2144 4162 2277 4215 socii
2304 4163 2458 4233 prius
2517 4171 2864 4217 narraverant
2903 4179 2958 4216 re
2990 4164 3105 4233 ipsa
3143 4162 3477 4218 confirmavit
3539 4182 3550 4217 :
3613 4180 3738 4217 nam

2144 4260 2201 4305 ut
2229 4267 2316 4305 res
2348 4260 2500 4323 gesta
2529 4261 2607 4305 est
2636 4252 2839 4322 passim
2863 4252 3181 4323 divulgavit,
3225 4240 3504 4307 cicatrices
3556 4262 3737 4307 esten-

2146 4340 2242 4407 dit,
2275 4348 2325 4394 et
2357 4339 2515 4394 etiam
2549 4342 2693 4410 quod
2719 4341 2771 4396 in
2804 4341 3080 4395 sccretiori
3133 4342 3271 4410 loco,
3314 4342 3495 4396 multis
3555 4342 3738 4396 videre

434 4428 645 4498 Quibus
677 4429 801 4484 ille:
842 4451 863 4476 α
896 4430 977 4484 De
996 4429 1120 4495 hoc,
1144 4428 1238 4495 ait,
1273 4429 1417 4497 quod
1448 4444 1629 4497 quaero
1660 4429 1791 4482 nihil
1810 4447 2028 4501 respon-
2060 4412 2116 4474 D
2147 4429 2487 4499 cupientibus
2516 4429 2926 4485 demonstravit.
2957 4431 3111 4485 llunc
3146 4430 3423 4485 hominem
3480 4440 3531 4485 et.
3560 4431 3739 4486 omnia

436 4518 598 4585 detis,
628 4517 721 4573 sed
752 4516 1113 4571 Christianum
1142 4517 1424 4587 decepisse
1461 4516 1722 4585 jactando
1752 4518 2028 4588 gaudetis.

438 4606 595 4662 Unde
620 4605 796 4660 malas
828 4605 1069 4660 habeatis
1098 4605 1303 4677 gratias
1328 4623 1341 4669 ;
1376 4621 1530 4659 meus
1544 4606 1687 4660 enim
1710 4607 2033 4678 peregrinus

436 4703 521 4749 est
550 4710 711 4765 quem
742 4709 841 4748 vos
870 4693 1071 4748 habere
1097 4694 1339 4764 jactatis,
1373 4694 1557 4763 utique
1603 4710 1702 4749 nos
1760 4711 1858 4749 vos
1916 4696 2033 4750 sine

436 4798 622 4854 pugna
648 4781 853 4837 feretis.
892 4802 915 4832 »
954 4782 1255 4837 Videbatur
1285 4783 1416 4836 mihi
1447 4782 1685 4838 Jacohus
1707 4783 1944 4851 juvenis,
1979 4791 2035 4838 et

437 4870 1278 4939 venustiaspectus,macilentus,
1308 4871 1469 4924 medii
1501 4872 1720 4939 coloris,
1747 4872 1836 4943 qui
1868 4873 2032 4944 vulgo

435 4958 643 5013 brunus
659 4958 874 5012 dicitur.
906 4958 1002 5012 Illo
1016 4959 1179 5028 igitur
1196 4968 1425 5030 cogente
1446 4961 1670 5015 Romam
1690 4962 2031 5028 divertimus,

433 5046 525 5101 ubi
558 5062 725 5117 prope
758 5046 916 5115 juxta
955 5046 1243 5101 ecclesiam
1286 5048 1430 5101 beati
1464 5049 1603 5102 l‘etri
1634 5050 1868 5118 apostoli
1919 5059 2035 5107 erat

436 5135 588 5190 locus
613 5135 800 5189 viridis
829 5144 883 5189 et
911 5135 1192 5209 speciosus
1234 5135 1289 5189 in
1336 5136 1555 5205 planitie
1608 5138 1771 5205 aeris,
1817 5138 1872 5191 in
1925 5156 2032 5210 quo

437 5231 749 5278 sanctorum
780 5223 940 5279 turba
968 5222 1340 5278 inenarrabilis
1369 5225 1437 5278 ad
1466 5226 1759 5281 concilium
1792 5235 2031 5295 venerat,

439 5311 525 5367 cui
551 5312 881 5382 praesidebat
910 5311 1132 5366 domina
1154 5312 1490 5367 venerabilis
1539 5315 1637 5368 Dei
1669 5314 1922 5370 Genitrix
1979 5324 2032 5371 et

436 5409 696 5473 perpetua
723 5400 893 5472 Virgo
921 5399 1110 5467 Maria,
1140 5400 1327 5455 multis
1339 5408 1391 5457 et
1416 5403 1691 5473 praeclaris
1708 5403 2028 5473 proceribus

2141 4518 2301 4589 signa
2350 4518 2539 4571 mortis
2592 4518 2709 4588 ejus
2764 4518 3244 4574 reverendissimus
3302 4521 3461 4591 Ilugo
3514 4528 3735 4574 sanctus

2140 4606 2311 4660 abbas
2358 4606 2721 4660 Cluniaeensis
2764 4615 2816 4661 et
2864 4623 2986 4661 eum
3044 4608 3226 4662 multis
3310 4607 3431 4662 aliis
3484 4608 3641 4675 vidit,
3685 4618 3738 4663 et

2140 4710 2238 4765 pro
2285 4693 2639 4749 admiratione
2681 4696 2782 4750 hoc
2839 4695 2932 4749 ubi
2988 4696 3187 4751 relatus
3262 4706 3341 4751 est
3370 4695 3572 4767 sacpius
3602 4697 3739 4751 soli-

2141 4790 2251 4837 tum
2298 4800 2357 4837 se
2407 4784 2605 4838 vidisse
2652 4784 2903 4851 asseruit,
2963 4793 3014 4838 et
3070 4802 3167 4839 nos
3235 4785 3467 4856 apostoli
3553 4801 3741 4840 amore.

2139 4888 2208 4925 ne
2264 4887 2296 4925 a
2349 4872 2612 4926 memoria
2659 4873 2946 4937 deleretur,
2980 4874 3172 4928 litteris
3204 4873 3730 4940 commendavimus,

2144 4960 2521 5029 praecipientes
2600 4962 2855 5015 omnibus
2925 4970 2982 5015 ut
3041 4980 3138 5032 per
3197 4979 3385 5016 omnes
3459 4962 3735 5017 Ecelesins

2142 5050 2336 5102 festum
2389 5048 2519 5102 tanti
2568 5049 2812 5104 miraculi
2860 5058 3286 5120 canterorumque
3353 5050 3733 5105 miraculorum

2142 5138 2311 5192 sancti
2342 5139 2532 5192 Jacobi
2570 5155 2603 5191 v
2654 5140 2741 5194 die
2785 5141 3059 5194 Nonarum
3098 5140 3356 5196 Octobris
3394 5140 3574 5211 dignis
3630 5155 3737 5192 an-

2142 5226 2348 5279 nuatim
2415 5226 2691 5282 celebrent
2758 5227 3058 5300 obsequiis.
3129 5233 3175 5285 Λ
3242 5229 3476 5284 Domino
3535 5227 3735 5282 factum

2141 5321 2242 5382 est,
2276 5323 2378 5369 etc.
