4036 6072
324 260 430 315 345

1591 269 1764 323 VITA
1803 269 2051 326 SANCTI
2087 268 2422 326 ANSELMI.

3532 288 3635 340 346

331 402 3619 429 W

1196 627 2027 774 EADMERI
2140 625 2761 777 OPEBA

319 878 601 937 LABORE
639 880 729 935 AC
768 880 1030 938 STUDIO
1068 879 1566 939 MONACHORUM
1628 878 2252 936 CONGREGATIONIS
2311 880 2370 936 S.
2427 881 2644 938 MAURI
2704 883 3089 939 RESTITUTA
3130 885 3217 940 ET
3254 886 3636 945 EMENDATA

1786 1012 2157 1030 ἡ

1668 1142 2283 1236 PR/EFATIO

1223 1319 1329 1382 Ad
1360 1335 1612 1385 novam
1642 1318 2023 1385 editionem
2053 1319 2353 1401 Operum
2383 1319 2708 1387 Eadmeri

1420 1454 1579 1527 (Opp.
1614 1454 1687 1510 S.
1725 1454 2007 1524 Anselmi,
2039 1453 2171 1511 edit.
2206 1454 2371 1523 Paris,
2407 1457 2600 1527 i721.)

392 1578 713 1646 Eadmerus,
748 1595 909 1651 quem
936 1578 1099 1652 Angli
1128 1578 1495 1652 pronuntiant,
1544 1579 1841 1652 Edmerus,
1869 1586 1921 1633 et
1947 1579 2004 1639 A
2112 1580 2529 1652 Querelasuper
2544 1582 2792 1638 mortes.
2816 1581 3355 1647 Anselmi,carmine
3372 1579 3634 1652 elegiaco.

318 1658 578 1719 corrupte
610 1649 937 1706 recentiores
966 1649 1206 1705 scribunt
1248 1649 1548 1717 Edincrus,
1593 1650 1921 1721 cognomine

323 1721 544 1787 Cantor,
576 1721 631 1775 in
654 1722 848 1792 Anglia
878 1729 1058 1787 natus,
1090 1722 1144 1774 in
1177 1721 1367 1775 Cantia
1416 1721 1694 1789 educatus,
1729 1736 1925 1776 mona-

322 1795 465 1849 chus
481 1792 699 1847 tandem
715 1793 1119 1848 Cantuariensis
1140 1792 1344 1847 ordinis
1365 1794 1424 1847 S.
1450 1792 1727 1847 Benedicti
1751 1792 1925 1848 factus

325 1872 409 1917 est
439 1863 491 1916 in
515 1863 813 1935 salvatoris
841 1864 1095 1920 coenobio
1123 1864 1566 1935 congregationis
1595 1863 1924 1918 Cluniacen-

324 1935 424 1987 sis.
466 1934 600 1989 Huic
646 1935 717 1988 ab
770 1934 998 1989 infantia
1045 1949 1163 1989 mos
1204 1934 1588 2004 erat’semper
1632 1950 1773 1989 nova
1806 1951 1926 2003 quae

326 2005 471 2059 forte
490 2013 543 2058 et
572 2005 809 2060 maxime
841 2006 893 2059 in
926 2006 1306 2061 ecclesiasticis
1352 2006 1514 2060 rebus
1547 2006 1922 2073 occurrebant,

318 2075 572 2147 diligenti
598 2076 894 2132 intentione
925 2077 1277 2132 considerare
1330 2090 1395 2131 ac
1443 2077 1720 2132 memoria;
1767 2093 1924 2131 com-

317 2148 607 2220 mendare,
654 2156 711 2220 ut
753 2150 823 2220 de
865 2163 922 2202 se
971 2148 1088 2220 ipse
1136 2148 1374 2220 loquitur
1415 2149 1479 2220 (Ι.
1527 2163 1577 2220 np
1597 2149 1920 2220 Novarum).

317 2215 441 2285 Quo
472 2218 648 2273 studio
678 2219 731 2273 in
762 2215 1133 2274 doctissimum
1164 2215 1357 2283 evasit,
1389 2215 1693 2273 sinceritate
1751 2215 1927 2274 histo-

313 2289 410 2343 riae
443 2297 496 2343 et
526 2290 789 2360 orationis
822 2289 1075 2345 facundia
1104 2306 1221 2360 prae
1250 2289 1466 2343 caeteris
1494 2290 1777 2343 illustrem.
1804 2291 1925 2359 Ipso

319 2360 379 2431 Sy.
426 2359 663 2415 Anselmi
715 2359 1119 2415 Cantuariensis
1164 2360 1562 2431 archiepiscopi
1608 2360 1823 2415 auditor
1870 2366 1925 2415 et

317 2430 631 2499 discipulus,
663 2431 860 2487 deinde
917 2433 1198 2486 convictor
1228 2438 1280 2484 et
1308 2430 1536 2497 amicus,
1569 2431 1925 2486 exsiliorum-

320 2517 427 2574 que
459 2517 523 2555 ac
546 2501 798 2574 laborum
831 2502 957 2574 ejus,
979 2503 1291 2557 individuus
1320 2517 1528 2569 comes,
1568 2502 1714 2574 regis
1765 2502 1843 2556 ira
1874 2509 1927 2556 et

321 2572 453 2626 odio
482 2573 623 2626 nihil
648 2575 881 2639 territus,
914 2573 982 2627 ab
1012 2590 1078 2629 eo
1108 2588 1376 2642 nusquam
1408 2572 1651 2627 recessit:
1696 2575 1924 2629 Romam

322 2659 447 2714 cum
478 2659 542 2698 eo
563 2643 858 2714 profectus,
891 2645 1097 2699 urbane
1129 2645 1197 2699 ab
1226 2644 1445 2700 Urbano
1476 2645 1521 2696 Il
1561 2652 1841 2713 susceptus
1873 2650 1928 2699 et

318 2713 376 2786 in
403 2713 608 2786 magno
640 2717 843 2771 honore
876 2717 1094 2769 habitus
1124 2723 1224 2778 est,
1276 2715 1413 2769 adeo
1445 2723 1502 2768 ut
1529 2714 1630 2783 ipsi
1663 2716 1924 2770 Anselmo

317 2785 648 2857 Eadmerum
680 2787 985 2856 praefecerit
1010 2802 1038 2839 a
1076 2788 1232 2857 cujus
1266 2787 1430 2856 jussis
1462 2793 1609 2840 totus
1637 2787 1916 2855 penderet,

317 2855 376 2909 id
423 2855 607 2928 ipsum
650 2859 906 2912 Anselmo
954 2855 1174 2912 enixius
1223 2855 1450 2928 regente
1496 2857 1921 2928 neiobedientite

2106 1650 2183 1704 De
2201 1650 2481 1706 Laudibus
2509 1652 2558 1705 S.
2581 1653 2765 1707 Maria:
2798 1652 3065 1722 Virginis.
3093 1653 3230 1708 liber
3250 1667 3421 1707 unus.

2105 1722 2183 1776 De
2202 1722 2493 1777 institutis
2519 1722 2857 1778 Christianae
2876 1728 3026 1791 vitaz,
3052 1723 3194 1779 liber
3214 1739 3380 1780 unus.

2104 1794 2182 1847 De
2199 1793 2255 1849 S.
2274 1794 2590 1860 Dunstano,
2624 1810 2883 1850 carmen.

2101 1863 2372 1933 Epistolas
2402 1864 2581 1931 plures
2608 1866 2847 1934 scripsit,
2878 1873 2931 1920 et
2959 1864 3030 1919 ab
3060 1865 3180 1919 aliis
3211 1864 3442 1934 accepit.

2104 1935 2333 2007 Pitsaeus
2386 1934 2713 1990 Eadmerum
2763 1936 2911 1992 brevi
2955 1936 3094 2007 stylo
3138 1936 3206 1990 ab
3256 1936 3469 2006 Edgaro
3498 1950 3631 2007 rege

2030 2020 2218 2078 usque
2268 2005 2356 2058 ad.
2427 2007 2777 2061 Guillelmum
2844 2005 3077 2078 primum
3146 2005 3433 2061 Historiam
3501 2005 3633 2076 per—

2032 2076 2334 2144 strinxisse,
2366 2082 2422 2149 et
2451 2085 2638 2149 postea
2668 2076 3177 2149 latius'divagatum
3204 2078 3275 2149 ad
3312 2093 3412 2131 sua
3452 2092 3637 2149 usque

2036 2154 2281 2227 tempora
2310 2147 2479 2229 fuisse
2509 2148 2716 2229 colligit
2748 2166 2815 2205 ex
2846 2147 3159 2229 Lelandoet
3187 2148 3407 2229 Simone
3441 2148 3636 2202 Dunel-

2033 2218 2240 2282 mensi;
2293 2218 2403 2289 sed,
2437 2235 2544 2274 non
2590 2218 2753 2274 aliam
2798 2228 2929 2289 puto
2979 2220 3048 2275 ab
3092 2219 3326 2274 Historia
3354 2219 3636 2273 Novorum

2032 2288 2225 2415 antqua
2251 2288 2440 2360 paucis
2458 2290 2527 2344 ab
2554 2290 2774 2362 Edgaro
2795 2288 2925 2364 rege
2940 2291 3007 2345 ad
3030 2290 3379 2346 Guillelmum
3403 2290 3638 2345 descen-

2074 2378 2086 2412 l
2119 2401 2131 2413 .

2074 2368 2131 2413 tt.

2103 2430 2190 2485 Ex
2221 2430 2305 2485 his
2336 2439 2515 2486 autem
2545 2432 2795 2486 omnibus
2823 2447 2889 2486 ea
2919 2433 3181 2487 duntaxat
3236 2431 3438 2501 publici
3491 2430 3638 2485 Jnris

2032 2499 2173 2574 {aeta
2202 2510 2344 2556 sunt.
2371 2504 2451 2574 De
2484 2503 2604 2557 Vita
2631 2502 2870 2557 Anselmi
2922 2504 3045 2557 libri
3074 2504 3203 2569 duo,
3237 2499 3375 2574 quos
3405 2502 3471 2555 ad
3503 2518 3633 2556 mss.

2032 2571 2194 2627 ﬁdem
2225 2573 2651 2627 emendavimus.
2685 2574 2917 2629 Historia
2945 2571 3270 2629 Novorumf
3296 2575 3507 2640 Sermo,
3541 2589 3635 2628 seu

2032 2643 2171 2697 liber
2198 2644 2266 2698 de
2297 2645 2498 2699 cmlesti
2520 2644 2875 2700 beatitudine.
2899 2645 3061 2700 Liber
3080 2646 3159 2699 De
3180 2644 3500 2698 excellentia
3520 2644 3636 2698 sive

2031 2713 2102 2788 de
2133 2716 2380 2788 laudibus
2414 2715 2655 2788 Virginis
2674 2734 2689 2788 ς
2737 2718 2984 2771 Instituta
3012 2717 3137 2771 vitae
3166 2714 3636 2788 Cliristiana),_seu

2033 2785 2174 2839 liber
2202 2786 2270 2840 de
2301 2785 2563 2855 moribus,
2595 2786 2707 2855 qui,
2741 2795 2798 2840 ut
2827 2802 2974 2852 reor,
3008 2803 3116 2841 non
3145 2794 3231 2841 est
3260 2785 3402 2839 alius
3432 2800 3464 2839 a
3494 2785 3635 2839 libro

2033 2856 2779 2928 Similitudinum“Anselmi,
2839 2873 2973 2928 quas
3026 2858 3332 2911 Eadmerus
3391 2856 3633 2928 collegit.

319 2927 571 2999 meritum
602 2929 812 2984 caeteris
843 2928 1097 2999 praelatus
1124 2927 1395 2998 perderet.
1428 2927 1920 2999 Anselmodenato
1947 2932 2002 2992 B
2034 2927 2240 2982 Cretera
2268 2928 2325 2982 in
2353 2927 2566 2999 Anglice
2597 2927 2939 2984 bibliothecis
2967 2929 3310 2995 delitescunt,
3338 2942 3410 2981 ex
3436 2927 3635 2997 quibus

314 2996 586 3068 privatam
644 2999 811 3053 vitam
843 2996 1163 3054 'Eadmeru's
1219 2998 1530 3069 aliquandiu
1577 2998 1782 3065 duxit;
1824 2999 1920 3053 sed

315 3069 662 3138 postmodum
695 3070 951 3125 Ecclesiae
972 3070 1027 3125 S.
1052 3072 1288 3125 Andreae
1307 3071 1361 3124 in
1391 3070 1569 3125 Scotia
1598 3070 1921 3139 episcOpum

318 3147 561 3212 creatum
605 3141 784 3196 ferunt
828 3143 1212 3209 (Mawescun.
1245 3142 1281 3195 l.
1315 3158 1333 3194 ι
1382 3142 1458 3196 De
1489 3142 1659 3212 gestis
1683 3142 1920 3211 pontif.)

316 3210 651 3281 Eadmerum
670 3213 816 3267 hunc
832 3227 938 3267 non
962 3213 1111 3267 illum
1132 3212 1299 3268 fuisse
1321 3213 1413 3281 qui
1437 3210 1707 3267 S.Albani
1727 3210 1919 3266 emno-

317 3279 411 3335 bio
443 3282 682 3355 prmfuit,
716 3292 767 3337 et
796 3284 903 3337 sub
933 3284 1211 3338 Ethelredi
1241 3279 1389 3355 regis
1417 3282 1590 3347 initia,
1634 3282 1784 3355 circa
1812 3299 1916 3336 an-

321 3367 449 3423 num
474 3352 726 3409 videlicet
754 3358 877 3421 980,
909 3355 1155 3422 decessit,
1189 3352 1390 3423 optime
1447 3361 1595 3408 notat
1626 3352 1918 3419 Seldenus,

318 3421 568 3496 Balazum
596 3433 650 3496 et
679 3425 799 3494 ejus
824 3421 1205 3496 exscriptorem
1224 3421 1549 3493 Lelandum,
1583 3432 1636 3478 et
1667 3424 1921 3478 Pitszeum

315 3494 442 3562 jure
468 3495 766 3565 corrigens,
799 3512 924 3552 cum
956 3494 1256 3551 Eadmerus
1284 3497 1374 3552 hic
1403 3511 1511 3550 non
1541 3496 1647 3549 nisi
1667 3510 1774 3550 uno
1797 3504 1922 3564 post

317 3565 548 3619 alterum
581 3567 783 3621 saeculo
814 3569 1069 3634 floruerit,
1114 3577 1169 3622 et
1224 3570 1464 3621 humana
1512 3567 1748 3635 posuerit
1778 3581 1921 3620 anno

322 3637 481 3703 H21,
514 3637 736 3692 Simone
767 3639 1118 3694 Dunelmensi
1151 3647 1300 3693 teste.
1336 3639 1462 3694 Haec
1490 3637 1811 3692 Anselmum
1842 3638 1921 3691 in-

323 3713 404 3761 ter
431 3716 485 3760 et
514 3708 841 3763 Eadmerum
870 3710 1216 3765 necessitudo
1247 3710 1414 3763 suasit
1443 3713 1502 3762 ut
1532 3709 1691 3778 hujus
1708 3716 1759 3763 et
1779 3708 1922 3762 illius

321 3792 491 3856 opera
520 3796 627 3832 una
656 3779 712 3833 in
742 3780 918 3835 lucem
950 3781 1319 3856 emendatiora
1354 3779 1660 3856 prodirent,
1694 3787 1823 3856 _t_um
1856 3794 1924 3856 ne

323 3848 379 3900 in
410 3848 655 3922 diversas
688 3858 870 3920 partes
901 3853 1011 3922 typi
1044 3866 1139 3906 eos
1188 3848 1544 3922 distraherent
1572 3850 1661 3922 qui
1692 3849 1835 3922 idem
1868 3850 1923 3922 in

323 3920 579 3991 omnibus
607 3930 890 3976 senserunt
913 3920 935 3983 ξ
958 3920 1089 3977 itum
1139 3930 1198 3975 ut
1243 3937 1309 3976 ea
1337 3937 1458 3990 quae
1497 3921 1751 3975 Eadmeri
1782 3921 1924 3991 stle

323 3990 528 4065 scripta
556 4000 700 4058 sunt,
733 4000 786 4065 et
815 4010 938 4065 quae
968 3995 1227 4049 hactenus
1244 3992 1395 4065 inter
1411 3991 1646 4047 Anselmi
1678 3990 1924 4045 lucubra-

321 4060 502 4134 tiones
550 4060 1039 4128 recensita'fuere,
1088 4064 1195 4133 ipsi
1242 4064 1511 4119 Eadmero
1551 4069 1914 4134 reponantur.

324 4132 456 4206 Hec
486 4141 665 4187 autem
698 4134 995 4206 Eadmerus
1026 4132 1263 4206 scripsit.

396 4203 457 4258 S.
485 4206 738 4259 Anselmi
780 4205 928 4273 Vita,
953 4203 1161 4262 duobus
1194 4205 1351 4261 libris
1372 4204 1660 4272 disposita.

399 4274 656 4331 Historia
689 4277 983 4340 Novorum,
1006 4293 1113 4332 sex
1144 4278 1302 4332 libri:
1330 4275 1630 4331 distincta.

411 4347 531 4418 Vita
563 4348 626 4401 S.
657 4348 882 4418 Tilfridi
911 4350 1161 4417 archiep.
1188 4364 1302 4402 uno
1326 4347 1464 4402 libro
1495 4349 1794 4418 contenta.

403 4415 782 4489 Historiarum
813 4415 1161 4475 collectanea
1192 4434 1305 4473 uno
1338 4418 1475 4473 libro
1496 4415 1803 4489 descripta.

404 4488 479 4559 De
508 4490 676 4559 gestis
693 4492 781 4544 sui
805 4492 1071 4559 temporis
1099 4490 1236 4545 liber
1257 4505 1425 4544 unus.

405 4558 482 4612 De
512 4558 773 4615 libertate
805 4558 1207 4625 ecclesiastica.
1226 4576 1346 4624 seu,
1383 4559 1448 4614 de
1469 4558 1748 4615 discordia
1777 4558 1931 4612 inter

483 4630 845 4703 Guillelmum
872 4635 1097 4703 Rufum,
1133 4632 1441 4701 Anglorum
1469 4645 1679 4701 regem,
1722 4634 1777 4683 et
1808 4630 1927 4682 An-

476 4702 737 4767 :clmum,
774 4702 1034 4759 volumen
1054 4719 1256 4759 unum.

2029 3014 2219 3053 eruere
2249 3014 2314 3053 ea
2343 3000 2493 3053 omni
2522 3007 2707 3053 nostro
2736 3000 2932 3067 studio,
2983 2999 3129 3054 omni
3172 3000 3471 3053 amicorum
3529 3013 3636 3068 ope

2029 3077 2084 3140 et
2109 3070 2517 3139 quibuscumque
2546 3070 2809 3140 impensis
2848 3087 2955 3126 non
2986 3071 3282 3136 valuimus,
3315 3067 3535 3124 directis
3565 3067 3634 3123 ad

2029 3138 2279 3194 diversos
2311 3138 2509 3195 hac’de
2533 3156 2591 3195 re
2622 3138 2921 3196 schedulis.
2953 3141 3211 3195 Eadmeri
3238 3140 3498 3208 Epistolze
3521 3156 3634 3193 ma-

2029 3211 2317 3285 nuscriptge
2348 3211 2618 3285 habentur
2631 3212 2995 3285 _Ca_ntabrigae
3014 3213 3068 3265 in
3098 3211 3331 3282 collegio
3362 3212 3418 3265 8.
3453 3211 3632 3285 Bene-

2029 3281 2158 3334 dicti
2206 3281 2365 3335 Liber
2412 3282 2490 3337 De
2532 3281 3187 3337 ecclesiastica'libertate
3233 3281 3409 3336 exstat
3438 3297 3541 3333 ms.
3577 3282 3633 3335 in

2029 3351 2359 3407 bibliotheca
2432 3352 2827 3422 archiepiscopi
2894 3352 3313 3408 Cantuariensis.
3394 3352 3634 3406 Historia

2029 3423 2307 3494 Noveram
2330 3439 2439 3476 ms.
2474 3431 2723 3477 servatur
2742 3422 3511 3494 Cantabrigzeinibibliotheca
3526 3422 3636 3477 col-

2030 3492 2163 3561 legii
2194 3493 2249 3547 S.
2284 3494 2583 3559 Benedict.,
2618 3510 2767 3547 num.
2800 3497 2888 3548 78.
2920 3492 3037 3549 Vita
3067 3494 3125 3551 S.
3156 3492 3417 3547 Wilfredi
3450 3495 3633 3547 exstat

2032 3563 2260 3618 Londini
2290 3565 2432 3619 inter
2462 3580 2594 3619 mss.
2628 3565 2950 3620 Cottoniana
2977 3584 2990 3629 ;
3020 3566 3138 3620 Vita
3154 3566 3210 3621 S.
3236 3564 3497 3618 Dunstani
3525 3579 3631 3617 ms.

2033 3634 2263 3690 habetur
2310 3634 2661 3709 Cantabrigae
2697 3636 2764 3709 in
2810 3636 3053 3709 collegio
3095 3637 3153 3692 S.
3208 3635 3511 3709 Benedicti,
3542 3634 3636 3709 ubi

2032 3712 2244 3760 exstant
2267 3723 2397 3760 mss.
2431 3707 2535 3761 alia
2557 3705 2803 3775 ejusdem
2834 3705 3096 3777 opuscula
3123 3709 3204 3762 De
3234 3714 3418 3761 monte
3450 3705 3632 3759 humi-

2033 3777 2199 3831 litatis
2230 3784 2284 3832 et
2312 3777 2380 3832 de
2409 3777 2620 3832 duobus
2651 3778 2769 3846 ejus
2799 3781 2993 3833 montis
3010 3778 3364 3847 custodibus;
3395 3777 3490 3832 sed
3519 3778 3640 3833 hare

2033 3847 2089 3919 in
2120 3848 2259 3903 libro
2291 3848 2716 3903 Similitudinum
2747 3851 3035 3905 emendata
3065 3849 3337 3905 dedimus.
3371 3848 3444 3902 Iis
3475 3848 3639 3919 igitur

2031 3918 2088 3972 in
2117 3919 2337 3973 scriniis
2368 3920 2747 3974 delitescentes
2775 3921 3027 3975 Eadmeri
3061 3922 3343 3976 thesauros
3395 3926 3454 3972 ut
3506 3918 3635 3973 feli-

2031 3990 2148 4062 cius
2173 3990 2425 4062 inquirat,
2454 3991 2543 4062 cui
2580 3990 2797 4062 facilius
2826 3993 2903 4045 eis
2929 4008 3025 4047 eos
3046 3992 3388 4062 depromere,
3410 4004 3519 4044 non
3540 4005 3637 4044 so-

2033 4060 2146 4114 lum
2178 4076 2286 4114 non
2317 4061 2643 4128 invidemus,
2676 4061 2772 4115 sed
2803 4062 3059 4116 obnixius
3090 4060 3467 4117 exhortamur.

2104 4130 2344 4185 Illustria
2374 4130 2441 4185 de
2476 4132 2749 4186 Eadmero
2779 4133 3114 4187 Testimonia
3138 4132 3337 4187 habent
3370 4131 3632 4185 Malmes-

2035 4201 2309 4274 buriensis
2338 4202 2391 4255 in
2423 4202 2651 4274 prologo
2682 4202 2750 4256 de
2780 4204 2946 4273 gestis
2962 4220 3155 4274 regum
3178 4211 3232 4257 et
3251 4201 3380 4257 alibi
3402 4201 3633 4274 passim,

1958 4282 2006 4343 (ζ
2037 4271 2130 4326 ubi
2161 4272 2217 4325 in
2244 4271 2607 4327 recensendis
2624 4271 2844 4327 suorum
2877 4271 3183 4343 temporum
3208 4274 3343 4329 actis
3372 4277 3488 4339 ejus
3516 4272 3636 4326 sin-

2037 4343 2315 4398 ceritatem
2346 4352 2399 4397 et
2427 4343 2740 4399 facundiam
2771 4344 3017 4414 pluribus
3046 4345 3233 4399 laudat
3258 4363 3271 4406 ;
3331 4343 3551 4399 Pitsazus
3581 4344 3636 4397 in

2038 4414 2412 4487 Relationibus
2430 4414 2498 4470 de
2512 4414 2690 4487 rebus
2704 4413 2969 4487 Anglicis,
2987 4423 3145 4487 aetate
3162 4420 3229 4471 12
3253 4434 3265 4477 ;
3290 4413 3636 4487 Trithemius,

2040 4484 2131 4557 qui
2160 4493 2471 4557 eumvocat
2500 4484 2851 4557 Emonduni;
2881 4494 2935 4542 et
2962 4486 3054 4541 alii
3103 4487 3194 4557 qui
3242 4488 3311 4557 de
3357 4485 3640 4557 scriptori-

2040 4555 2144 4610 bus
2190 4556 2574 4611 eeelesiastieis
2620 4557 3009 4625 disseruerunt,
3075 4555 3162 4615 vel
3210 4556 3303 4627 qui
3356 4555 3425 4611 de
3480 4556 3641 4611 rebus

2038 4627 2355 4699 Anglicanis
2375 4627 2677 4683 accuratius
2705 4628 2990 4699 scripsere.

1539 4960 2417 5081 BADMERI

1178 5234 1503 5346 VITA
1590 5232 2077 5345 SANCTI
2182 5236 2797 5348 ANSELMI

1592 5502 1760 5572 (Vide
1789 5520 1963 5577 supra
2006 5506 2071 5561 in
2112 5506 2423 5575 Anselmo.)

1856 5595 2148 5650 ..ί-
