4036 6072
1418 229 1724 283 BADMERI
1766 227 2320 283 (IANTITARIENSIS
2361 227 2554 283 NONA
2565 228 2678 282 CIII

3600 227 3701 278 348

620 479 1439 623 EADMERI
1563 475 2441 698 HISIQEIA
2552 472 3485 626 NOVORUM

1710 815 2388 918 PRz'EFATIO

483 1010 612 1062 (lum
646 1009 922 1077 prresimtis
962 1008 1137 1061 a'tatis
1168 1008 1330 1075 viros,
1366 1008 1595 1063 diversis
1627 1009 1841 1062 casibus
1873 1010 2003 1063 sub-
2035 1009 2089 1069 A
2118 1009 2478 1064 inaudita.Ex
2509 1025 2572 1064 eo
2587 1008 2786 1080 quippe
2805 1024 2910 1078 quo
2928 1007 3281 1063 VVillhelmus
3295 1008 3715 1064 Northmanniae.

419 1109 586 1160 actos,
640 1100 849 1152 intueOr
897 1106 1012 1153 acta
1045 1097 1454 1167 precedentium
1488 1098 1646 1152 anxie
1675 1099 2012 1169 investigare

418 1188 718 1258 (cupientes
766 1186 1018 1241 videlicet
1068 1187 1117 1239 in
1170 1187 1246 1240 eis
1297 1188 1436 1241 unde
1475 1203 1531 1241 se
1578 1188 1921 1241 consolentur
1962 1192 2016 1241 et

413 1277 651 1329 muniant
691 1277 1089 1344 invenire),nec
1127 1285 1302 1330 tamen
1335 1276 1401 1329 ad
1430 1277 1534 1331 hoc
1568 1293 1666 1345 pro
1700 1286 1822 1330 voto
1855 1292 2014 1347 posse

416 1367 745 1436 ItCI'IIIIgCI'C,
807 1366 1060 1433 quoniam
1122 1365 1443 1433 scriptorum
1502 1365 1682 1434 inopia
1731 1365 1893 1433 {tagax
1949 1383 2014 1419 ea

419 1456 618 1508 delevit
669 1455 889 1521 oblivio,
942 1454 1129 1508 videor
1175 1454 1300 1506 mihi
1350 1455 1531 1508 videre
1583 1471 1836 1523 magnum
1883 1456 2011 1524 quid

422 1543 653 1612 posteris
686 1542 1000 1610 [in-:estitisse
1033 1544 1119 1610 qui
1155 1543 1263 1596 suis
1293 1550 1445 1612 gesta
1478 1543 1828 1612 temporibus,
1867 1545 2012 1596 t‘utu-

422 1649 599 1684 rerum
635 1631 849 1685 1.tilitati
884 1632 1182 1697 studentes,
1237 1632 1533 1684 litterarum
1590 1632 1868 1685 memorize
1903 1639 2014 1684 tra-

421 1720 626 1773 didere.
662 1720 808 1786 Quos
839 1721 1093 1772 nimirum
1128 1721 1169 1773 si
1203 1721 1352 1774 bono
1399 1720 1616 1788 quidem
1663 1721 1774 1774 zelo
1827 1720 1878 1773 in
1909 1721 2014 1773 liu—

417 1809 652 1876 jusmodi
687 1809 1038 1868 desudarunt,
1067 1809 1266 1861 bonum
1316 1809 1510 1862 exinde
1570 1810 1876 1863 mercedem
1925 1826 2016 1864 rc-

422 1906 671 1965 COpldtf'Os
706 1916 728 1950 a
765 1899 882 1951 Deo
916 1898 1261 1951 crediderim.
1307 1898 1420 1952 Hoc
1451 1897 1620 1968 igitur
1650 1898 2016 1963 censiderato,

422 2003 590 2057 penes
621 2003 704 2038 me
736 1986 895 2039 statui
930 2003 992 2040 ea
1025 2003 1144 2055 quae
1174 1987 1274 2039 sub
1306 1986 1480 2040 oculis
1521 1986 1632 2040 vidi
1681 1989 1766 2042 vel
1809 1987 2016 2052 audivi,

421 2075 672 2129 brevitati
707 2075 998 2140 studendo,
1035 2076 1370 2145 styli’otlieio
1420 2093 1870 2136 counnemorare,
1905 2086 2017 2130 tum

423 2173 474 2216 ut
510 2165 811 2217 amicorum
843 2181 1085 2218 meorum
1134 2181 1219 2219 me
1249 2166 1316 2218 ad
1348 2166 1399 2219 id
1431 2167 1627 2220 obnixe
1685 2165 2019 2220 incitantium

425 2255 682 2307 voluntati
719 2269 925 2307 morem
960 2271 1172 2321 geram,
1207 2263 1316 2308 tum
1377 2264 1428 2308 ut
1487 2262 1824 2324 posterorum
1857 2255 2021 2307 indu-

431 2341 598 2409 strize,
634 2344 672 2394 si
706 2345 847 2396 forte
883 2343 1007 2412 quid
1043 2343 1185 2397 inter
1216 2360 1310 2397 eos
1343 2343 1630 2398 emerserit
1657 2344 1798 2414 quod
1833 2346 2019 2396 horum

427 2433 680 2501 exemplo
721 2431 901 2501 aliquo
933 2433 1099 2485 modo
1125 2433 1304 2501 juvari
1339 2442 1520 2502 queat,
1554 2450 1740 2502 parum
1762 2433 1886 2503 quid
1910 2450 2023 2487 mu-

427 2521 570 2574 neris
603 2520 941 2588 inqiendam.
974 2522 1038 2573 Et
1064 2522 1365 2590 eaquidem
1389 2523 1545 2590 hujus
1577 2523 1755 2591 aperis
1801 2522 2023 2576 intentio

423 2609 704 2678 pr:ecipu:-i
737 2619 835 2678 est,
871 2618 924 2661 ut
969 2610 1252 2680 designato
1284 2611 1518 2682 qualiter
1565 2611 1845 2664 Anselmns
1878 2612 2024 2666 Bec—

426 2697 606 2750 censis
638 2698 871 2752 ‹-‹ιιηοιιὶὶ
921 2697 1091 2751 abbas
1139 2699 1298 2752 fuerit
1343 2699 1782 2769 arcliiepiscOpus
1829 2699 2021 2764 Iactus,

427 2784 761 2839 describatur
790 2786 1164 2855 quamobrem,
1198 2794 1317 2841 orto
1350 2787 1488 2840 inter
1515 2804 1671 2857 reges
1726 2789 2023 2859 Anglorum

422 2880 476 2929 et.
527 2875 674 2927 illum
724 2875 970 2942 discidio,
1023 2876 1184 2930 toties
1235 2884 1288 2929 et
1337 2884 1442 2930 tam
1495 2878 1582 2930 diu
1637 2877 1961 2931 exsulaverit
1995 2895 2024 2930 a

421 2979 596 3034 regno
629 2973 674 3016 et
712 2980 872 3034 quem
903 2972 1157 3018 eventum
1190 2965 1303 3033 ipsa
1337 2964 1547 3019 discidii
1581 2981 1737 3019 causa
1762 2965 1902 3020 inter
1932 2982 2024 3019 eos

430 3054 614 3107 sortita
644 3054 726 3105 sit.
767 3056 882 3122 Ipsa
915 3053 1148 3124 denique
1182 3069 1345 3108 causa
1377 3071 1518 3109 nova
1550 3072 1634 3109 res
1669 3055 1794 3108 huic
1837 3061 2023 3110 nostro

425 3143 624 3196 sarculo
681 3159 801 3196 esse
859 3141 1088 3206 videtur,
1125 3152 1173 3197 et
1205 3161 1232 3197 a
1268 3153 1512 3214 tempore
1554 3159 1659 3214 quo
1718 3145 1775 3196 in
1829 3145 2025 3215 Anglia

425 3232 786 3286 Northmanni
813 3248 1043 3302 regnare
1068 3232 1816 3304 cerperunt(nondicoIn-ius)
1837 3233 2026 3304 Anglis

2122 1115 2310 1154 comes
2341 1107 2537 1154 terram
2569 1099 2717 1151 illam
2748 1097 3070 1152 debellando
3091 1098 3189 1151 sibi
3225 1097 3457 1168 subegit,
3482 1114 3641 1152 nemo
3663 1100 3716 1152 in

2123 1205 2188 1242 ea
2218 1189 2505 1258 episcOpus
2536 1188 2619 1242 vel
2663 1187 2830 1240 abbas
2886 1191 3012 1240 ante
3069 1187 3379 1241 Anselmum
3437 1187 3605 1240 factus
3633 1196 3718 1241 est

2122 1278 2243 1347 ('l)ait
2270 1277 2360 1346 qui
2391 1293 2498 1331 non
2530 1276 2703 1347 primo
2735 1276 2897 1330 fuerit
2944 1276 3106 1330 homo
3144 1277 3312 1347 regis,
3359 1293 3420 1330 ac
3451 1277 3519 1331 de
3547 1293 3714 1330 manu

2124 1366 2267 1420 illius
2299 1367 2641 1436 episcopatus
2679 1366 2764 1418 vel
2797 1365 3028 1420 abbatiae
3058 1365 3424 1420 investituram
3471 1382 3568 1435 per
3623 1365 3716 1418 da-

2126 1456 2329 1510 tionem
2387 1454 2555 1526 virgae
2607 1453 2896 1524 pastoralis
2953 1455 3258 1524 susceperit
3310 1454 3417 1523 '(2),
3478 1455 3718 1523 exceptis

2126 1543 2338 1598 duobus
2370 1544 2654 1614 episcopis,
2690 1544 2915 1598 Ernesto
2945 1543 3197 1597 videlicet
3228 1551 3384 1612 atque
3417 1542 3714 1598 Gundulfo.

2123 1633 2191 1686 lli
2223 1649 2630 1704 namque,unus
2659 1640 2780 1700 post
2805 1648 2968 1685 unum
3001 1630 3236 1686 Roll'ensi
3265 1632 3518 1687 Ecclesiae
3531 1633 3724 1700 praesi-

2128 1724 2337 1786 dentes,
2372 1737 2445 1774 ex
2475 1737 2626 1776 more
2677 1738 2704 1775 a
2756 1722 3084 1775 veneranda:
3113 1723 3392 1775 memorize
3423 1723 3724 1776 Lanl'ranco

2127 1811 2536 1881 archiepiscopo
2607 1810 3002 1875 Cantuariensi,
3069 1810 3121 1862 in
3190 1809 3424 1879 capitqu
3493 1811 3723 1864 fratrum

2130 1901 2458 1964 Cantuarize,
2507 1899 2622 1969 ipso
2673 1898 2986 1967 episcopatu
3036 1898 3270 1953 investiti
3304 1898 3537 1954 fuerunt.
3571 1900 3725 1953 Hune.

2129 2005 2261 2058 ergo
2292 2004 2502 2042 morem
2535 1987 2683 2058 quasi
2714 1989 2789 2056 (3)
2822 1988 2936 2041 Deo
2966 1986 3248 2057 sacrisque
3278 1987 3731 2042 canonibuscon-

2133 2077 2354 2130 trarium
2404 2078 2686 2130 Anselmus
2741 2076 2982 2140 abolere,
3033 2091 3097 2130 ac
3143 2092 3245 2146 per
3290 2075 3396 2130 hoc
3445 2076 3731 2144 injustitias
3786 2145 3797 2154 η

2128 2167 2251 2219 inde
2282 2172 2565 2220 manantes
2606 2180 2861 2219 resecare
2909 2163 3264 2234 desiderans,
3324 2165 3542 2232 regibus
3596 2164 3732 2234 ipsis

2129 2255 2331 2309 invisus
2362 2254 2588 2308 effectus
2617 2262 2713 2320 est,
2748 2261 2798 2308 et
2818 2254 3049 2323 patriam
3068 2253 3219 2307 exire
3237 2262 3476 2308 coactus.
3499 2254 3733 2308 Fuerunt

2051 2368 2102 2427 Β
2133 2352 2184 2398 et
2229 2345 2350 2398 alia:
2398 2344 2542 2413 ipsus
2578 2343 2748 2397 exitus
2797 2359 2997 2408 causae,
3058 2342 3192 2395 sicut
3235 2358 3416 2397 rerum
3455 2350 3730 2413 gestarum

2135 2434 2300 2487 series
2327 2432 2640 2486 declarabit.
2676 2431 3065 2485 Describentur
3094 2431 3266 2484 etiam
3298 2430 3404 2484 alia
3451 2432 3728 2497 nonnulla,

2136 2539 2256 2591 quae
2288 2530 2340 2576 et
2369 2528 2514 2586 ante,
2546 2529 2596 2574 et
2625 2520 2767 2574 inter
2798 2527 2851 2574 et
2880 2527 3002 2588 pest
3033 2520 3152 2574 haec
3174 2519 3224 2572 in
3256 2519 3451 2590 Anglia
3473 2536 3734 2589 provene-

2132 2620 2274 2678 runt,
2338 2626 2564 2679 quorum
2619 2609 2846 2663 scientia
2889 2609 3010 2663 illos
3060 2609 3150 2678 qui
3203 2624 3299 2662 nes
3347 2609 3562 2663 securiti
3605 2618 3729 2663 sunt

2134 2701 2349 2770 penitus
2381 2699 2781 2752 defraudandos
2811 2714 2908 2768 pro
2937 2705 3120 2752 nostro
3149 2713 3309 2766 posse
3357 2698 3454 2752 rati
3503 2713 3609 2752 non
3638 2716 3733 2752 su-

2133 2805 2272 2842 mus.
2307 2789 2413 2841 Sed
2450 2788 2566 2841 hzec
2593 2787 2646 2840 in
2676 2788 2906 2857 prologo
2938 2786 3123 2856 paucis
3153 2802 3478 2840 memorasse
3508 2785 3734 2842 suffece-

2133 2879 2218 2931 rit.
2257 2879 2518 2931 Cmterum
2560 2876 2812 2930 narrandi
2844 2875 3088 2931 ordinem
3122 2876 3530 2946 aggredientes,
3569 2877 3730 2946 paulo

2133 2967 2289 3020 altius
2320 2965 2638 3019 ordiendum
2661 2972 2911 3035 putamus
2937 2984 2948 3027 ;
2983 2964 3117 3018 etab
3149 2963 3287 3032 ipsa,
3314 2973 3368 3018 ut
3395 2964 3464 3016 ita
3477 2963 3726 3030 dixerim,

2131 3055 2326 3109 radicis
2357 3054 2660 3125 pr0pagiue
2691 3055 2757 3108 de.
2782 3070 2886 3124 qua
2917 3069 3106 3107 eorum
3161 3069 3282 3122 quae
3330 3053 3558 3107 dicenda
3608 3061 3730 3107 sunt

2132 3160 2352 3213 germen
2384 3142 2639 3211 excrevit,
2666 3143 2814 3197 brevi
2847 3141 3018 3196 relatu
3049 3141 3532 3212 progrediendum.

1641 3411 1970 3501 LIBER
2065 3411 2488 3504 PRIMUS

495 3643 775 3710 Regnante
806 3640 857 3693 in
890 3641 1080 3709 Anglia
1112 3641 1504 3711 glori0sissimo
1533 3657 1664 3712 rege
1698 3642 1933 3712 Edg'aro,
1969 3649 2020 3696 et
2050 3640 2101 3702 (ζ’.
2129 3641 2270 3710 quod
2299 3642 2414 3712 ipse
2447 3641 2696 3695 videlicet
2746 3641 2798 3694 in
2839 3641 3102 3712 sanguine
3132 3639 3386 3707 victurus,
3421 3640 3563 3712 quod
3593 3639 3725 3694 bar-

428 3738 590 3784 totum
625 3745 848 3792 regnum
881 3730 1073 3781 sanctis
1132 3730 1342 3799 legibus
1396 3739 1611 3784 strenue
1660 3731 2017 3801 gubernante,

425 3818 732 3872 Βιιιιδιίίηιμς
766 3819 1182 3870 Cantuariorum
1215 3819 1453 3886 antistes,
1487 3817 1570 3873 vir
1615 3826 1754 3872 totes
1806 3836 1868 3872 ex
1908 3819 2021 3871 vir-

430 3906 626 3958 lulilms
659 3913 845 3971 laetus,
881 3906 1196 3959 (.Lbristiana‘r
1238 3908 1379 3975 legis
1428 3907 1800 3960 moderamine
1856 3916 2020 3961 totam

427 3995 758 4048 Britanmam
790 3995 1133 4064 disponebat.
1165 3997 1335 4063 Ilujus
1365 3995 1848 4065 gravioperalione
1864 4006 2022 4066 atque

425 4084 648 4137 consilio
683 4102 777 4135 rex
813 4084 950 4139 idem
987 4094 1032 4137 et
1065 4086 1179 4139 Deo
1211 4085 1434 4137 (levatus
1465 4085 1679 4149 exstitit,
1705 4093 1757 4139 et
1785 4086 2022 4155 undique

425 4174 743 4226 irruentium
780 4174 1140 4227 barlmrorum
1173 4174 1406 4241 impetus
1435 4175 1635 4227 invii-ta
1692 4176 1886 4228 virtute
1918 4175 2020 4228 de-

425 4263 667 4327 bellavit,
705 4261 891 4326 evicit,
926 4263 1264 4331 compressit.
1319 4263 1508 4316 I’aeem
1566 4264 1750 4331 itaque
1801 4264 2020 4333 diesque

427 4352 616 4406 felices
670 4351 864 4420 Aiglia
909 4351 1327 4421 circumquaque
1381 4350 1640 4418 obtinuit,
1699 4351 1823 4404 dum
1879 4353 2022 4417 regis

422 4433 571 4493 istius
603 4451 650 4493 et
697 4439 862 4492 l’alt'ir;
895 4441 1148 4492 I)IIII;::~i'dIII
1211 4440 1477 4507 corporali
1536 4440 1804 4508 presentia
1863 4441 2020 4509 poliri

425 4532 737 4600 promerui.
793 4529 895 4595 Qui
945 4546 1034 4583 rex
1086 4544 1207 4583 cum
1255 4529 1379 4582 vitae
1422 4545 1530 4582 suae
1578 4529 1721 4582 diem
1773 4529 2016 4580 ultimum

424 4620 672 4687 prripinqi
705 4637 786 4668 um
825 4620 933 4670 I'ore
976 4619 1213 4682 sentiret,
1248 4617 1516 4670 Edwarth
1549 4617 1658 4670 lilio
1711 4633 1806 4671 suo
1863 4614 2020 4688 regni

427 4710 662 4760 habenas
701 4706 934 4776 reliquit.
965 4707 1256 4759 Successor
1284 4723 1413 4774 ergo
1444 4706 1663 4775 gloriosi
1715 4707 1878 4775 patris
1907 4708 2020 4776 glo-

427 4797 596 4848 riosus
657 4795 970 4859 Iidtvardus,
1045 4810 1072 4845 a
1136 4802 1323 4847 sancto
1388 4795 1663 4848 Dunstauo
1727 4796 2011 4861 institutus,

426 4899 674 4952 regnum,
740 4897 844 4951 quo
903 4891 1148 4949 tempore
1208 4883 1362 4940 vixit,
1433 4883 1801 4935 slremiissime
1859 4884 2011 4935 rexit.

425 4973 646 5028 Verum,
683 4970 911 5022 evolutis
958 4986 1173 5024 curuum
1209 4987 1315 5021 μυξη
1347 4971 1589 5036 pain-uiis
1645 4971 1812 5033 annis,
1851 4971 2012 5039 impia
2041 4995 2094 5056 D

425 5078 534 5112 sua:
571 5078 686 5110 lit)\t
715 5076 812 5110 me
865 5060 1051 5109 fraude
1086 5067 1323 5122 necatus,
1363 5060 1577 5111 lintrem
1620 5078 1791 5122 suum,
1845 5060 2011 5110 Iidel-

1944 5167 2009 5198 ilil

1922 5195 1951 5212 [Ἴ

421 5150 608 5203 reduxi]
645 5147 880 5209 nomine,
916 5146 1079 5196 lilium
1134 5147 1298 5212 lll>lll.‘~
1331 5143 1484 5199 nulla}
1546 5147 1806 5208 Illllllt't'l:~,
1864 5166 1914 5199 re

422 5238 640 5306 qtiitli‘zn
707 5237 762 5284 Δ«ἔ

421 5327 537 5390 Cui,
572 5326 695 5394 quia
728 5341 820 5392 per
849 5323 1161 5393 sanguinem
1197 5321 1373 5375 I'ratris
1401 5324 1466 5375 ad
1492 5341 1714 5393 regnum
1740 5325 2013 5393 aspiravit,

423 5416 581 5486 gravi
631 5413 935 5468 invectione
977 5412 1230 5482 pra-fatos
1278 5412 1498 5465 antistes
1555 5414 1909 5467 comminatus
1940 5422 2019 5466 est

802 5236 996 5286 nul‘in:.~.
1035 5235 1318 5300 probitatis
1355 5236 1622 5287 lum-edem
1672 5237 1885 5286 sortitus
1915 5245 2012 5288 ('ri.

2131 3730 2384 3783 barorum
2417 3731 2662 3785 incursus
2694 3731 2861 3784 atroci
2893 3728 3239 3800 Oppressione
3276 3745 3552 3798 passurus,
3583 3730 3726 3798 quod

2130 3817 2304 3886 ipsum
2361 3834 2574 3888 quoque
2626 3835 2853 3889 regnum
2911 3818 3202 3871 innumeris
3265 3825 3426 3886 atque
3491 3817 3729 3872 cruentis

2131 3907 2518 3961 vastationibus
2564 3907 2951 3962 conterendum
3003 3907 3142 3961 foret
3190 3906 3382 3960 edixit.
3437 3907 3570 3973 Quae
3599 3922 3728 3976 pro-

2130 3997 2317 4064 phetia
2348 3997 2444 4049 viri
2476 3997 2573 4050 Dei
2623 4011 2779 4064 (piam
2813 4011 2938 4049 vera
2970 3995 3250 4060 exstiterit,
3295 4003 3345 4049 et
3394 3995 3448 4049 in
3507 3995 3728 4049 Chroni-

2133 4086 2225 4148 eis,
2263 4084 2350 4154 qui
2383 4086 2562 4155 legere
2590 4085 2798 4153 volunt,
2845 4091 2894 4136 et
2941 4084 2993 4136 in
3038 4086 3231 4136 nostris
3281 4083 3728 4138 trilndatimiibus

2133 4174 2220 4241 qui
2255 4174 2535 4227 advertere
2565 4173 2756 4235 sciunt,
2784 4171 2966 4226 videre
2991 4171 3241 4226 facillime
3272 4181 3511 4241 pOssunt,
3549 4190 3611 4225 ne
3653 4173 3731 4225 di-

2131 4279 2247 4316 cam
2277 4262 2328 4314 in
2365 4264 2445 4315 his
2475 4279 2594 4333 quae
2626 4261 2776 4314 istius
2806 4261 2984 4330 operis
3011 4263 3176 4316 series
3207 4277 3305 4330 per
3329 4261 3467 4329 loca,
3502 4261 3727 4316 veritate

2132 4351 2382 4412 dictante,
2407 4350 2816 4404 demonstrabit.

2201 4437 2480 4491 'I‘ranslato
2511 4438 2674 4506 igitur
2702 4437 2767 4490 ad
2797 4437 3038 4491 mrlestia
3069 4437 3228 4490 beato
3257 4438 3552 4505 Dunstano,
3579 4455 3608 4492 e
3637 4455 3728 4491 ve-

2129 4527 2310 4596 stigio,
2372 4535 2428 4581 ut
2483 4527 2809 4595 praedixerat
2865 4527 2998 4596 ipse,
3054 4525 3405 4580 barbarorum
3446 4528 3723 4597 irruptioni

2127 4617 2320 4687 Anglia
2368 4616 2556 4684 patuit.
2583 4617 2748 4682 Regis
2777 4615 2973 4669 etenim
3029 4617 3236 4670 desidia
3264 4616 3608 4671 circumcirca
3641 4617 3722 4668 in-

2126 4705 2321 4769 notuit,
2357 4714 2407 4757 et
2439 4705 2560 4757 ideo
2593 4711 2892 4757 exlerorum
2923 4705 3186 4773 etipiditas
3244 4721 3375 4772 Opes
3425 4707 3722 4772 Anglorum

2127 4809 2286 4860 quam
2322 4809 2499 4845 mores
2537 4794 2810 4853 alleetmzs,
2859 4795 2960 4846 hac
2989 4802 3041 4846 et
3071 4793 3216 4856 illac,
3251 4809 3350 4862 per
3401 4809 3570 4857 mare,
3622 4801 3725 4847 ter-

2127 4898 2238 4932 ram
2290 4881 2571 4942 invadere,
2619 4889 2669 4933 et
2714 4881 2888 4948 primo
2941 4881 3266 4949 prepinquas
3313 4881 3448 4933 mari
3480 4881 3633 4933 villas
3672 4888 3726 4933 et

2127 4971 2302 5027 urluu,
2337 4969 2532 5021 deinde
2556 4971 2890 5030 reinoiiores,
2927 4985 2990 5023 ac
3023 4971 3236 5021 demum
3290 4974 3455 5022 totum
3507 4970 3722 5037 provin-

2125 5059 2261 5112 ciam
2318 5058 2608 5109 miserabili
2669 5058 3089 5126 depoyulatione
3148 5058 3452 5110 devastare.
3517 5056 3722 5122 Quibus

2125 5164 2244 5198 eum
2281 5146 2366 5197 ille
2399 5147 2562 5198 nimio
2613 5163 2810 5214 pavm'e
2854 5163 3154 5215 l)t'I'(‘1l.‘¥.\lIS,
3187 5161 3290 5199 non
3324 5145 3486 5198 armis
3525 5162 3722 5198 oecur-

2125 5251 2265 5298 rere,
2287 5236 2376 5288 sed
2412 5236 2532 5288 data
2565 5235 2793 5304 pecunia
2825 5251 3014 5302 parem
3039 5234 3107 5286 ab
3138 5235 3213 5287 eis
3245 5242 3428 5304 petere
3454 5249 3558 5286 non
3592 5251 3722 5287 eru-

2126 5323 2349 5388 buisset,
2385 5323 2484 5392 ipsi
2518 5333 2765 5391 suscepta
2804 5323 2975 5392 pretio
3007 5325 3056 5374 in
3088 5339 3179 5374 sua
3211 5323 3629 5389 revertebantur,
3667 5330 3722 5374 ut

2127 5427 2354 5466 numero
2405 5428 2628 5467 suorum
2684 5411 2912 5466 adaucto
2969 5410 3262 5465 ferociores
3331 5411 3589 5478 redirent,
3659 5425 3724 5464 ac

490 5558 528 5595 9'?"
559 5559 862 5612 Reveralur
891 5556 1080 5610 Lector
1110 5554 1178 5608 ad
1210 5563 1362 5608 notas
1392 5554 1623 5608 fusiores
1651 5554 1867 5609 Joannis
1896 5551 2143 5626 Seldeni;
2168 5552 2328 5606 infra.
2363 5553 2517 5607 Enn".
