4036 6072
345 278 445 331 349

1451 278 1783 334 HISTORIA
1829 279 2203 336 NOVORUM.
2244 312 2310 321 —
2341 281 2467 336 LIB.
2502 285 2544 337 Ι.

3543 280 3645 336 33.30

339 402 565 471 praemia
611 404 815 458 iteratae
861 403 1168 474 irruptionis
1213 404 1566 473 multiplicata
1615 404 1934 473 reciperent,
1971 413 2022 464 Α
2054 406 2214 458 Suani
2245 406 2334 458 lilii
2367 407 2468 471 sui,
2503 408 2720 462 obsides
2769 406 2980 473 dantur,
3035 422 3097 462 ac
3145 406 3196 459 in
3256 406 3645 460 Northmannia

340 492 480 544 unde
508 493 673 547 modo
697 495 884 547 decem
905 492 1091 558 millia,
1121 493 1283 546 modo
1313 493 1545 546 sedecim
1571 493 1761 556 millia,
1786 493 1948 546 modo

339 580 526 649 viginti
554 590 781 651 quatuor
810 581 1177 646 millia,modo
1210 581 1472 651 tring‘inta
1495 580 1663 633 millia
1692 581 1947 634 librarum

339 669 556 741 argenti
588 670 862 725 consecuti
894 680 1032 738 sunt,
1064 670 1253 726 omnia
1303 671 1380 724 eis
1426 669 1690 740 largiente
1723 670 1948 739 prarl'ato

337 775 464 829 rege
514 759 807 822 Edelredo,
851 769 904 814 et.
949 761 1106 831 gravi
1157 760 1438 814 exactione
1491 768 1660 814 totum
1715 775 1948 828 regnum

335 847 695 918 opprimente.
715 852 860 902 Inter
887 849 988 902 ista
1003 850 1150 903 mala
1172 859 1402 921 quartus
1432 866 1461 902 a
1490 849 1647 903 beato
1671 849 1948 902 Dunstano

334 937 564 1008 All'egus
596 939 669 1006 (ἱ)
699 939 1013 993 \Ventanus
1041 938 1336 1007 episcopus
1375 938 1673 992 Ecclesiam
1702 939 1946 991 Cantua-

336 1025 571 1080 rieusem
606 1027 906 1097 regendam
954 1029 1211 1095 suscepit,
1264 1029 1343 1080 vir
1391 1036 1636 1081 strenuus
1664 1034 1716 1081 et
1745 1027 1813 1080 ab
1857 1027 1946 1079 in-

337 1115 506 1168 fantia
538 1131 633 1171 sua
664 1131 820 1170 sacra
848 1117 1130 1186 religionis
1160 1116 1268 1169 vita
1298 1124 1347 1169 et
1402 1117 1582 1170 habitu
1639 1117 1941 1172 decoratus.

336 1205 436 1258 Hic
465 1205 633 1276 igitur
661 1205 1016 1260 consideratis
1064 1206 1364 1260 innumeris
1410 1207 1568 1260 malis
1615 1206 1809 1274 quibus
1859 1214 1945 1260 to-

336 1299 447 1347 tum
476 1311 701 1365 regnum
739 1294 791 1348 in
825 1295 1151 1348 immensum
1181 1295 1585 1360 devastabatur,
1641 1294 1943 1362 inhorruit;

335 1392 386 1436 ct
421 1383 619 1452 quibus
650 1391 861 1450 poterat
893 1385 1074 1436 modis
1103 1399 1324 1452 operam
1357 1386 1486 1437 dare
1531 1384 1699 1451 coapit
1745 1400 1945 1451 quem-

334 1472 634 1526 admodum
678 1473 1002 1527 immanitati
1050 1473 1407 1527 nefandorum
1439 1473 1721 1526 hominum
1779 1473 1946 1540 possit

337 1560 569 1616 obviari.
633 1561 791 1630 Quod
847 1561 948 1631 ipsi
1002 1563 1385 1632 pereipientes,
1439 1570 1490 1615 et
1547 1579 1615 1615 ne
1671 1563 1944 1615 consuetis

340 1649 642 1721 quaestibus
692 1651 1056 1719 privarentur,
1111 1651 1213 1703 sibi
1263 1667 1324 1705 ac
1354 1650 1463 1704 suis
1491 1651 1855 1719 providentes,
1890 1651 1945 1703 in

2059 496 2344 549 Yillheltuo
2376 497 2584 563 comiti,
2624 496 2732 550 tilio
2761 496 2967 551 scilicet
2996 497 3212 550 Itoberli
3263 496 3357 548 lilii
3389 495 3647 550 Richardi

2058 584 2447 638 lratrisn'iatris
2480 603 2614 649 sum,
2645 587 2980 638 custodiendi
3034 585 3388 638 destinantur.
3441 583 3647 650 Quibus

2057 674 2227 744 gestis
2246 675 2558 742 tiodtvinus,
2575 684 2757 744 utpote
2776 676 2944 728 hostis
2971 675 3231 729 Ecclesia:
3246 673 3650 727 Cantuariensis

2058 764 2201 830 (nam
2235 764 2460 818 seducto
2506 764 2710 817 Edzino
2760 764 3188 834 archiepise0p0,
3247 763 3433 816 villam
3478 761 3649 831 ipsius

2055 851 2320 906 Ecclesia:
2364 854 2581 908 nomine
2637 853 3051 907 Folchestanum
3101 852 3151 907 ei
3191 852 3476 922 subripuit)
3504 851 3649 904 mala.

2058 946 2230 993 morte
2253 949 2370 1009 post
2402 941 2564 994 breve
2596 949 2808 1008 tempus
2837 941 3051 1004 interiit,
3103 949 3155 994 et
3211 940 3475 994 l-laraldus
3507 938 3647 991 filius

2058 1029 2174 1096 ejus
2204 1029 2513 1083 comitatum
2539 1030 2738 1083 Cantiae
2768 1029 2905 1098 patri
2939 1030 3235 1084 succedens
3277 1028 3524 1082 obtinuit.
3566 1029 3642 1094 Is,

2056 1118 2240 1187 elapso
2273 1119 2485 1173 modico
2542 1127 2810 1186 tempore,
2863 1118 3136 1173 lieentiam
3191 1118 3378 1188 petivit
3425 1133 3457 1171 a
3511 1132 3645 1187 rege

2051 1207 2502 1260 Northmaiminm
2533 1209 2606 1262 ire
2640 1216 2689 1261 et
2719 1208 2936 1261 fratrem
2982 1224 3135 1261 suum
3191 1216 3347 1277 atque
3396 1213 3646 1275 nepotem

2056 1295 2144 1365 qui
2171 1293 2390 1350 obsides
2419 1298 2740 1350 tenebantur
2784 1297 3039 1362 liberare,
3079 1297 3332 1350 liberatos
3365 1296 3643 1349 reducere.

2057 1385 2154 1438 Cui
2185 1402 2279 1439 rex
2313 1403 2326 1439 ε
2364 1409 2384 1433 α
2422 1387 2554 1449 Hoc,
2580 1387 2770 1456 inquit,
2799 1402 2904 1440 noc
2935 1387 3020 1439 fiet
3074 1402 3169 1454 per
3199 1402 3284 1438 me
3310 1402 3320 1440 :
3370 1392 3641 1438 verumta—

2053 1492 2176 1528 men
2211 1491 2275 1529 ne
2307 1476 2492 1529 videar
2523 1485 2572 1529 te
2603 1477 2741 1529 velle
2767 1477 3054 1543 impedire,
3078 1476 3332 1544 permitto
3353 1482 3408 1526 ut
3430 1489 3646 1540 easquo

2053 1564 2150 1630 vis,
2187 1579 2249 1618 ac
2283 1566 2561 1633 experiare
2590 1566 2718 1634 quid
2751 1565 2944 1633 possis.
2982 1564 3264 1618 l’rzrwntio
3306 1571 3482 1616 tamen
3515 1571 3564 1616 te
3596 1562 3651 1615 in

2051 1653 2184 1706 nihil
2212 1652 2354 1706 aliud
2391 1654 2626 1720 tendere,
2675 1655 2773 1705 nisi
2825 1655 2879 1706 in
2911 1653 3295 1706 detrimentum
3346 1652 3504 1705 totius
3534 1655 3646 1703 An-

334 1738 513 1808 ipsum
545 1740 740 1793 acerbo
786 1741 911 1794 odio
964 1740 1186 1794 animati
1241 1747 1380 1794 sunt.
1443 1741 1591 1794 L'nde.
1647 1749 1851 1793 vastata
1889 1747 2023 1826 etB
2053 1742 2178 1811 gliei
2212 1743 2359 1812 regni
2393 1750 2444 1794 et
2477 1745 2824 1810 opprobrium
2884 1743 2976 1796 tui.
3034 1745 3146 1796 Nec
3203 1742 3346 1794 enim
3405 1740 3476 1793 ita
3519 1740 3646 1793 novi

333 1828 670 1899 conllagrata
705 1829 922 1884 civitate
950 1829 1240 1883 Cantuaria
1270 1830 1583 1898 civibusque
1613 1831 1729 1897 ejus
1759 1831 1938 1898 lacry-

333 1917 518 1970 mabili
573 1934 672 1987 per
723 1934 816 1972 eos
874 1926 1025 1972 sorte
1085 1919 1376 1984 damnatis,
1409 1919 1696 1971 ecclesiam
1729 1934 1940 1988 quoque

333 2005 711 2062 Salvatorisin
746 2023 804 2062 ea
865 2007 1252 2061 consistentem
1307 2008 1526 2060 llamma
1584 2007 1935 2075 consumpsit.

333 2096 458 2163 Ipse
495 2096 652 2148 Pater
683 2094 890 2149 interea
923 2096 1194 2150 furentum
1227 2095 1478 2148 manibus
1507 2095 1716 2148 vinetus
1760 2095 1938 2148 abdu-

329 2185 489 2248 citur,
527 2183 810 2237 trucidatis
838 2184 1016 2254 primo
1048 2201 1237 2236 coram
1270 2201 1332 2238 eo
1364 2201 1500 2254 pene
1531 2184 1781 2237 omnibus
1814 2201 1936 2238 mo-

328 2271 524 2325 nachis
556 2273 645 2340 qui
679 2273 777 2326 sub
810 2273 927 2341 ejus
957 2273 1223 2344 regimine
1247 2275 1298 2325 in
1318 2274 1433 2342 ipsa
1457 2273 1687 2327 ecclesia
1707 2273 1938 2327 Domino

332 2361 541 2414 Christo
560 2361 986 2415 famulabantur.
1013 2361 1142 2415 Inde
1161 2362 1388 2432 Alfegus
1412 2361 1671 2414 naucellap-
1686 2362 1935 2430 injectus,

330 2449 396 2501 ad
431 2450 721 2504 Grenewic
751 2451 981 2515 vehitur,
1020 2459 1071 2504 et
1097 2451 1298 2504 crudeli
1329 2451 1586 2505 custodiae
1615 2467 1711 2519 per
1733 2460 1940 2520 septem

339 2554 557 2592 menses
609 2539 968 2608 mancipatus,
1017 2540 1147 2592 dum
1198 2539 1612 2609 n’ialignantium
1667 2539 1940 2610 iniquitati

335 2643 526 2680 manus
555 2627 683 2680 dare
713 2628 883 2681 nullis
915 2628 1073 2681 minis
1097 2629 1269 2682 victus
1319 2627 1709 2698 acquiesceret,
1745 2629 1939 2682 sa-vis-

330 2715 473 2769 sima
499 2732 633 2770 nece
674 2717 744 2769 ab
802 2715 878 2770 eis
924 2717 1194 2786 lapidatus
1243 2717 1522 2771 occubuit.
1575 2719 1699 2770 lla-c
1751 2718 1940 2784 paucis

327 2806 883 2858 commemoraverim
920 2821 1024 2859 non
1057 2805 1338 2859 historiam
1374 2814 1576 2874 texens,
1625 2807 1722 2859 sed
1777 2821 1939 2874 quam

326 2892 568 2947 veridico
600 2894 853 2946 vaticinio
879 2895 1034 2948 Pater
1053 2896 1364 2948 Dunstanus
1391 2894 1528 2947 mala
1561 2896 1772 2965 Anglia:
1806 2913 1937 2947 ven-

333 2989 452 3034 tura
485 2981 820 3051 prtedixurit,
854 2983 993 3037 seire
1026 2983 1318 3044 volentium
1350 2983 1640 3036 intellectui
1669 2985 1934 3052 pandens.

326 3071 440 3124 Nec
472 3072 564 3124 hic
598 3071 866 3125 malorum
901 3071 1023 3124 linis
1055 3072 1282 3125 exstitit.
1318 3075 1449 3126 Acta
1481 3081 1606 3124 sunt
1645 3075 1790 3125 enim
1817 3083 1940 3142 post

331 3160 443 3214 haec
475 3167 528 3214 et
557 3160 659 3214 alia
692 3177 790 3230 per
821 3160 1073 3231 Angliam
1109 3161 1352 3231 ingentia
1383 3161 1548 3226 mala,
1582 3177 1646 3213 ac
1695 3163 1941 3229 pluribus

330 3250 485 3302 anuis
508 3266 729 3320 semper
760 3259 885 3303 sunt
917 3250 1020 3303 sibi
1052 3250 1188 3317 ipsis
1220 3251 1272 3302 in
1328 3249 1568 3303 deterius
1597 3257 1734 3303 acta.
1797 3251 1941 3304 Inter

328 3353 472 3406 quae,
509 3338 848 3391 monasteria
901 3353 1116 3408 quoque.
1171 3354 1456 3392 servorum
1517 3346 1570 3392 et
1625 3339 1940 3392 ancillarum

326 3425 425 3479 Dei
462 3428 558 3494 (Si),
623 3443 742 3495 quae
792 3443 968 3498 usque
1027 3429 1080 3479 in
1140 3427 1494 3497 quadraginta
1541 3436 1661 3481 octo
1694 3444 1934 3494 numero,

323 3523 573 3583 tempore
607 3515 750 3586 regis
782 3516 981 3586 I'Jdgari
1014 3531 1112 3585 per
1135 3517 1341 3569 Patrem
1358 3516 1937 3585 Dunstanum,coope-

326 3603 574 3657 rantibus
624 3605 824 3658 sanctis
875 3604 1134 3659 Oswaldo
1193 3604 1446 3659 videlieet
1504 3605 1837 3659 Eboracensi
1886 3615 1938 3659 et

327 3691 682 3747 Athelvvoldo
701 3693 952 3760 pontiﬁce
969 3692 1356 3755 Wintouiensi,
1377 3708 1514 3746 nova
1528 3703 1873 3747 surrexerant
1889 3703 1940 3748 et

328 3797 528 3851 magna
552 3799 618 3835 ex
641 3791 793 3851 parte
817 3782 1011 3843 diruta,
1037 3787 1090 3835 et
1119 3782 1310 3852 religio
1343 3782 1644 3836 mOnacliici
1666 3783 1866 3835 ordinis
1887 3784 1937 3836 in

330 3870 468 3924 nihil
489 3888 630 3940 pene
652 3871 871 3925 redacta
896 3879 996 3924 est.
1014 3872 1430 3924 'l‘ransieruntin
1452 3872 1567 3924 istis
1587 3872 1708 3923 anni
1733 3873 1934 3941 plures.

405 3961 688 4030 Regnante
721 3969 901 4013 autem
935 3960 1228 4024 Edwardo,
1263 3977 1422 4029 quem
1483 3976 1547 4014 ex
1607 3977 1793 4014 sorore
1835 3961 1930 4015 Ri-

332 4048 525 4102 chardi
559 4049 772 4103 comitis
802 4049 1320 4114 Northmannornm,
1343 4050 1512 4102 lmma
1543 4050 1775 4116 nomine,
1801 4067 1932 4117 pra)-

331 4137 474 4189 fatus
504 4153 600 4190 rex
631 4138 934 4207 Anglorum
993 4136 1301 4190 Adelredus
1359 4136 1526 4189 lilium
1583 4146 1926 4207 susceperat;

324 4226 806 4294 monasteriorum,
851 4242 968 4294 quze
1007 4243 1178 4297 usque
1210 4225 1260 4278 id
1298 4225 1555 4294 temporis
1581 4226 1934 4280 destructioni

326 4324 673 4384 supererant,
709 4316 936 4384 plurima
969 4317 1268 4368 destructio
1293 4316 1426 4368 facta
1465 4323 1561 4368 est.
1597 4315 1710 4382 Qua
1736 4322 1937 4386 tempe-

324 4411 464 4456 state
520 4404 818 4458 Goduinus
880 4406 1078 4458 Cantia)
1130 4420 1313 4458 comes
1369 4407 1753 4472 magnanimus
1839 4422 1938 4473 per

1969 3120 2020 3181 C

2053 1830 2302 1884 comitem
2333 1831 2534 1883 mensis
2565 1845 2870 1901 expertem,
2907 1841 2958 1884 ut
2992 1847 3086 1884 eos
3117 1832 3466 1900 aliquatenus
3518 1828 3646 1882 Velit

2050 1919 2353 1974 concedere
2383 1920 2500 1985 tibi,
2540 1921 2583 1972 si
2630 1935 2738 1974 non
2789 1921 3074 1990 prrescierit
3122 1920 3176 1971 in
3231 1922 3333 1972 hoc
3391 1934 3646 1988 magnum

2052 2008 2348 2077 pmiicuum
2407 2009 2513 2061 sui.
2553 2033 2572 2054 n
2609 2010 2861 2062 Ascendit
2907 2010 3087 2080 itaque
3130 2007 3394 2060 llaraldus
3453 2023 3645 2061 navem

2050 2114 2146 2149 suo
2175 2113 2337 2167 quam
2368 2098 2513 2167 regis
2542 2099 2768 2152 consilio
2799 2097 3023 2152 credens
3081 2113 3200 2151 eum
3251 2095 3532 2149 ditioribus
3591 2105 3644 2149 et

2051 2186 2449 2239 honestioribus
2481 2186 2789 2240 hominibus
2815 2187 2924 2240 suis
2952 2201 3080 2239 auro
3111 2193 3160 2238 et
3205 2189 3432 2253 argento
3464 2192 3642 2237 veste-

2050 2290 2152 2344 que
2185 2275 2420 2342 pretiosa
2452 2275 2706 2327 nobiliter
2753 2275 3039 2328 instructis.
3091 2276 3236 2327 Mare
3283 2272 3645 2326 turbulentum

2049 2362 2369 2431 navigantes
2398 2362 2694 2424 exterrital,
2729 2372 2781 2416 et
2836 2379 3030 2416 navem
3070 2363 3339 2415 undarum
3397 2362 3646 2416 cumulus

2051 2452 2401 2506 vehementer
2426 2451 2682 2520 exagitat.
2718 2452 2906 2519 Ejecta
2929 2453 3143 2505 tandem
3175 2452 3252 2519 (6)
3302 2466 3421 2504 cum
3464 2450 3643 2502 omni-

2049 2539 2150 2592 bus
2183 2557 2302 2608 qute
2335 2539 2537 2593 ferebat
2569 2541 2624 2593 in
2659 2541 2940 2593 Pontivum
2973 2540 3189 2593 fluvium
3225 2540 3312 2610 qui
3347 2539 3484 2591 Maia
3542 2555 3645 2592 v0-

2049 2637 2216 2694 catur,
2244 2646 2273 2681 a
2307 2629 2537 2682 Domino
2569 2633 2728 2683 terra)
2753 2629 2912 2692 illius,
2948 2644 3044 2697 pro
3077 2628 3176 2681 ritu
3201 2629 3324 2694 loci,
3346 2627 3643 2697 captivitati

2050 2718 2342 2783 addicitur;
2377 2725 2428 2770 et
2461 2717 2707 2771 homines
2745 2718 2796 2771 in
2830 2735 2893 2771 ea
2924 2717 3277 2771 consistentes
3316 2711 3646 2786 diligentiori

2049 2806 2309 2860 custodite
2340 2806 2730 2874 mancipantur.
2777 2805 3104 2859 Constrictus
3159 2806 3322 2876 igitur
3376 2804 3647 2858 Ilaraldus

2051 2895 2348 2965 quemlibet
2377 2913 2443 2948 ex
2478 2896 2642 2965 vulgo
2671 2897 2933 2964 promissa
2966 2895 3215 2949 mercede
3245 2894 3478 2946 illectum
3511 2892 3652 2946 clam

2049 2984 2117 3037 ad
2146 2984 2397 3038 comilem
2428 2985 2836 3038 Northmannitu
2867 2985 3066 3055 dirigit,
3098 2999 3369 3052 exponere
3407 2982 3481 3035 illi
3518 2981 3649 3052 quid

2049 3073 2148 3125 sibi
2180 3074 2488 3142 contigerit.
2540 3078 2604 3126 At
2634 3073 2720 3125 ille
2756 3073 3008 3126 festinato
3042 3089 3137 3141 per
3181 3072 3396 3124 nuntios
3427 3071 3647 3124 mandat

2049 3162 2271 3214 domino
2310 3162 2519 3214 l‘ontivi
2552 3161 2844 3214 llaialdum
2875 3177 2998 3214 cum
3031 3162 3142 3212 suis
3173 3160 3240 3212 al)
3272 3161 3418 3213 omni
3449 3159 3649 3214 calum-

2049 3251 2139 3303 nia
2171 3250 2399 3303 liberuni
2431 3251 2534 3302 sibi
2567 3252 2887 3318 quantocius
2916 3249 3131 3311 mitti,si
3166 3249 3386 3317 pristina
3416 3248 3648 3301 amicitia

2050 3356 2142 3391 sua
2176 3356 2201 3390 a
2238 3339 2399 3392 modo
2423 3339 2583 3392 vellet
2614 3356 2679 3390 ex
2711 3354 2860 3391 more
2892 3337 3072 3407 poliri.
3109 3338 3214 3391 Sed
3247 3353 3367 3390 cum
3420 3336 3507 3388 ille
3538 3337 3641 3388 bo-

2048 3428 2250 3480 minem
2283 3428 2554 3480 dimittere
2581 3426 2768 3492 nollet,
2802 3427 2991 3480 iterum
3047 3426 3100 3478 in
3148 3426 3404 3478 mandato
3437 3426 3646 3492 accepit

2050 3533 2106 3570 se
2140 3515 2439 3569 necessario
2471 3514 2764 3568 Ilaraldum
2803 3514 3116 3576 missurum,
3151 3513 3388 3583 alioquin
3449 3514 3645 3567 certis-

2051 3606 2183 3658 sime
2214 3605 2372 3659 sciret
2401 3603 2780 3657 \Villheln‘ium
2810 3602 3213 3656 Northmannite
3239 3603 3432 3655 ducem
3465 3617 3647 3655 arma-

2053 3705 2160 3747 tum
2204 3710 2300 3764 pro
2332 3710 2394 3746 eo
2427 3694 2706 3746 l’ontivum
2762 3693 2980 3746 iturum.
3039 3693 3197 3744 Mittit
3252 3691 3419 3761 igitur
3474 3691 3648 3745 virum

2049 3800 2168 3838 cum
2202 3784 2382 3847 set-iis,
2416 3783 2587 3852 primo
2612 3790 2786 3834 tamen
2817 3783 2894 3834 eis
2925 3798 3043 3850 qua)
3077 3781 3299 3835 meliora
3347 3780 3648 3834 detulerant

2053 3873 2213 3926 simul
2245 3871 2458 3925 ablatis.
2496 3872 2631 3925 llinc
2653 3870 2720 3923 ad
2753 3869 3409 3924 WillhelmumIlaraldus
3431 3869 3650 3922 veniens

2052 3961 2346 4014 honorilice
2373 3960 2681 4027 suscipitur.
2719 3960 2781 4011 Et
2830 3959 3016 4012 audito
3051 3974 3146 4012 cur
3176 3960 3400 4027 patriam
3435 3958 3643 4024 exierit,

2053 4049 2189 4102 bene
2223 4049 2437 4115 quidem
2475 4064 2586 4100 rem
2621 4063 2992 4116 processuram
3027 4047 3067 4098 si
3101 4048 3151 4099 in
3187 4047 3299 4114 ipso
3334 4063 3436 4097 non
3469 4062 3647 4098 rema-

2053 4145 2220 4196 neret,
2265 4135 2615 4188 \\’illlielrnus
2674 4136 2966 4204 respondit.
3021 4135 3215 4187 Tenuit
3273 4151 3400 4202 ergo
3475 4133 3645 4186 virum

2050 4227 2250 4293 aliquot
2284 4226 2472 4276 diebus.
2503 4224 2642 4277 circa
2678 4240 2756 4285 se,
2809 4231 2860 4277 et
2909 4226 2963 4274 in
2997 4239 3148 4275 mora
3189 4223 3302 4285 illa,
3333 4239 3480 4275 more
3513 4239 3645 4290 pru-

2050 4315 2245 4376 dentis,
2281 4313 2492 4381 aperuit
2520 4313 2564 4365 ei
2600 4312 2741 4382 quod
2775 4312 3006 4365 habebat
3062 4315 3113 4364 in
3174 4320 3368 4365 mente.
3427 4310 3649 4365 Dicebat

2049 4403 2225 4473 itaque
2259 4419 2442 4472 regem
2476 4402 2800 4455 Iidwardum
2835 4403 3048 4469 quando
3079 4417 3262 4454 secum
3289 4401 3487 4467 juvene
3520 4400 3646 4453 olim

321 4493 577 4563 Angliam
615 4503 763 4546 terra
795 4494 1037 4562 marique
1086 4493 1408 4546 habebatur.
1457 4494 1556 4546 llic
1613 4501 1733 4546 Orto
1790 4494 1928 4546 inter
1958 4476 2008 4534 D
2032 4493 2248 4560 juvenis
2279 4493 2330 4543 in
2360 4491 2750 4545 Nm'thmannia
2787 4491 3174 4552 demoraretur,
3202 4489 3302 4540 sibi
3324 4489 3645 4557 interposita

322 4580 452 4633 illud
503 4589 556 4635 et
605 4599 788 4651 regem
823 4584 980 4653 gravi
1010 4581 1257 4644 discidio,
1291 4581 1440 4634 exsul
1469 4582 1535 4634 ab
1569 4582 1772 4651 Anglia
1803 4599 1921 4634 cum

330 4671 440 4722 suis
470 4671 720 4723 omnibus
750 4671 859 4724 fere
887 4671 1158 4740 judicatus
1191 4679 1292 4724 est.
1327 4672 1429 4722 lvit
1454 4671 1632 4740 itaque
1665 4672 1733 4723 ad
1765 4672 1937 4724 comi-

330 4766 439 4812 lem
473 4760 817 4813 Baldtvinum
851 4759 902 4812 in
938 4759 1264 4822 Flandt'iam,
1295 4767 1343 4811 et
1369 4758 1630 4811 Haraldus
1659 4759 1799 4811 filius
1824 4760 1940 4827 ejus

329 4847 386 4899 in
445 4849 778 4902 Hiberniam.
840 4849 980 4901 Ilinc
1010 4856 1181 4901 matre
1240 4847 1386 4918 regis
1437 4848 1603 4899 Imma
1661 4848 1938 4924 defuncta,

332 4935 630 4989 Godwinus
661 4945 713 4989 et
747 4937 1009 4990 Ilaraldus
1040 4936 1090 4988 in
1125 4936 1377 5005 Angliam
1413 4935 1615 4988 reversi
1666 4945 1805 5001 sunt,
1841 4954 1942 4989 nu-

336 5027 563 5080 merosis
596 5034 825 5095 uterque
860 5024 1082 5078 navibus
1116 5031 1166 5076 et
1201 5023 1371 5075 valida
1403 5024 1627 5075 militum
1654 5040 1814 5076 manu
1837 5025 1945 5078 va]-

333 5117 502 5170 latus.
563 5114 715 5181 Quod
751 5113 900 5166 multi
945 5112 1251 5181 principum
1288 5113 1436 5179 regis
1477 5121 1859 5179 agnoscentes,
1894 5108 1945 5165 εἰ

331 5214 535 5266 bellum
569 5212 690 5264 hinc.
720 5210 842 5264 inde
885 5209 1090 5263 moveri
1123 5211 1522 5274 horrcsm-ntes,
1559 5217 1614 5261 ut
1642 5225 1747 5277 pax
1782 5211 1946 5262 utrin-

335 5327 441 5381 que
473 5308 628 5363 ﬁeret
677 5309 1004 5361 institerunt.
1049 5310 1116 5360 At
1145 5323 1238 5360 rex
1272 5307 1527 5360 Godvviui
1563 5308 1832 5361 versutias
1862 5325 1946 5361 su-

333 5408 542 5476 spectui
572 5407 777 5460 habens
805 5407 1022 5474 restitit,
1056 5422 1160 5460 nec
1191 5405 1309 5475 paci
1344 5405 1696 5474 acquiescere
1755 5404 1943 5469 voluit,

331 5505 440 5558 nisi
459 5503 632 5573 primo
650 5503 844 5571 quibus
858 5503 960 5556 sibi
974 5501 1228 5556 securitas
1244 5509 1528 5571 pararetur
1542 5501 1765 5556 obsides
1783 5501 1948 5555 habe'

332 5609 437 5657 ret.
481 5600 775 5656 Vulnothus
801 5600 979 5669 itaque
1010 5597 1159 5652 filius
1192 5597 1468 5664 Godwini,
1500 5605 1553 5652 et
1584 5598 1771 5652 I‘Iacun
1801 5596 1946 5651 ﬁlius

2049 4581 2152 4634 fide
2182 4599 2272 4634 sua
2317 4582 2614 4649 pollicitum
2652 4580 2820 4632 fuisse
2878 4579 2999 4646 quia
3032 4579 3074 4630 si
3105 4595 3196 4631 rex
3232 4578 3441 4648 Anglia)
3491 4578 3644 4635 foret,

2045 4671 2133 4738 jus
2166 4670 2315 4736 regni
2346 4669 2561 4721 inillum
2587 4668 2706 4735 jure
2725 4667 3071 4720 limrcditario
3093 4675 3209 4736 post
3233 4684 3290 4720 se
3317 4667 3646 4720 transferret.

2053 4759 2114 4810 Et
2146 4759 2399 4821 subdens,
2433 4757 2504 4810 ait
2541 4775 2551 4810 :
2594 4780 2612 4804 ιι
2651 4758 2727 4809 Tu
2761 4773 2973 4824 quoque
3003 4755 3043 4807 si
3077 4757 3204 4808 mihi
3240 4756 3364 4808 tein
3399 4758 3498 4809 her.
3532 4758 3647 4824 ipso

2053 4847 2555 4899 adminiculaturum
2589 4847 2960 4914 sp0p0nderis,
3023 4854 3072 4896 et
3129 4844 3346 4913 insuper
3375 4846 3651 4898 castellum

2056 4935 2234 4988 Dofris
2263 4951 2382 4987 cum
2416 4944 2575 5003 puteo
2604 4943 2762 5000 atque
2793 4933 2856 4984 ad
2891 4950 3024 4999 Opus
3057 4950 3234 4985 meutn
3271 4942 3318 4986 te
3352 4935 3647 4988 facturum:

2056 5040 2404 5089 sororemque
2442 5032 2583 5074 [nam
2619 5038 2776 5090 quam
2810 5021 2899 5072 uni
2931 5022 2996 5074 de
3027 5021 3362 5089 principiluzs
3385 5023 3653 5074 t'tieistilein

2055 5113 2106 5164 in
2140 5128 2364 5162 uxorem
2401 5119 2470 5176 te,
2506 5111 2569 5162 ad
2606 5128 2712 5174 me,
2747 5119 2985 5177 tempore
3018 5128 3122 5179 quo
3158 5112 3309 5160 mihi.
3350 5111 3646 5175 et‘invt.‘ttiet,

2056 5207 2448 5259 destituiturum
2479 5224 2488 5264 ς
2553 5222 2718 5258 necne
2755 5204 2915 5257 filiam
2951 5222 3122 5256 meant
3157 5215 3206 5257 te
3265 5207 3315 5256 in
3366 5206 3652 5272 eonjngetn

2055 5309 2404 5371 accepturum
2459 5303 2569 5353 lore
2600 5300 2929 5370 promiseris,
2962 5310 3085 5354 tunc
3114 5311 3162 5354 et
3197 5303 3356 5354 modo
3402 5309 3654 5369 nepotem

2057 5405 2228 5464 tuum,
2262 5407 2310 5451 et
2344 5414 2465 5453 cum
2501 5399 2552 5450 in
2605 5399 2864 5468 Angliam
2919 5408 3237 5468 regnaturus
3295 5413 3506 5460 venero,
3543 5397 3654 5449 fra—

2057 5506 2195 5550 trem
2254 5505 2403 5550 tuum
2463 5495 2770 5553 incolumen
2829 5496 3076 5565 recipies.
3138 5497 3196 5548 In
3253 5510 3358 5564 quo
3409 5506 3573 5560 regno
3606 5491 3646 5544 si

2057 5594 2349 5666 aliquando
2378 5593 2532 5649 luero
2589 5602 2675 5648 tuo
2733 5593 2919 5648 favore
2976 5591 3342 5656 confirmatus,
3405 5588 3650 5658 spondeo
