4036 6072
355 260 455 317 ast
1397 256 1718 315 EADMERI
1757 238 2314 315 CANTUARIENSIS
2353 254 2672 313 nomen:
3562 255 3669 311 352

361 386 488 457 quia
543 400 706 442 omne
762 386 908 457 quod
960 403 991 441 a
1048 401 1134 440 me
1184 384 1280 439 tibi
1309 382 1701 438 rationabiliter
1728 382 1954 439 concedi
1981 381 2037 442 A
2065 397 2161 436 rex
2190 388 2245 436 et
2281 396 2469 436 omnes
2497 381 2589 435 alii
2619 381 2821 453 optime
2873 390 3092 437 nossent
3132 379 3329 435 debere
3358 378 3669 450 specialiter

360 474 616 546 petieris,
652 475 944 531 obtinebis.
982 498 1006 523 »
1040 473 1219 530 Sensit
1248 471 1515 527 Haraldus
1542 471 1599 526 in
1626 472 1710 526 his
1745 472 1966 543 pericu-
2074 467 2191 525 ﬁeri
2222 475 2276 525 et
2302 469 2520 540 proprie
2547 485 2578 524 a
2604 470 2821 540 potiﬁce
2851 469 3261 533 Cantuariensi;
3313 476 3490 523 tamen
3542 467 3671 539 quia

362 564 476 619 lum
532 564 790 637 undique,
841 579 942 618 nec
998 561 1259 617 intellexit
1312 577 1419 633 qua
1477 561 1749 627 evaderet,
1782 560 1881 615 nisi
1914 560 1970 615 in
2076 558 2241 613 multa
2268 558 2415 613 mala
2444 566 2497 614 et
2524 559 2798 615 horrenda
2833 560 3059 615 crimina
3113 557 3551 631 praedicabantur
3602 555 3675 611 de

364 653 617 707 omnibus
683 651 801 707 istis
864 650 1127 707 voluntati
1195 648 1494 706 Willhelmi
1575 649 1964 722 acquiesceret.
2076 647 2363 719 Stigando,
2395 647 2485 717 qui
2517 662 2582 703 eo
2632 657 2873 721 tempore
2918 648 2994 703 ibi
3030 647 3275 718 pontifex
3323 654 3455 711 erat,
3502 644 3674 701 voluit

363 740 647 813 Acquievit
675 739 880 810 itaque.
911 741 980 794 At
1007 738 1098 794 ille
1152 746 1211 793 ut
1259 737 1443 794 omnia
1500 744 1617 793 rata
1662 747 1966 806 manerent,
2073 752 2193 792 eam
2224 736 2295 791 ab
2322 736 2442 807 ipso
2499 736 2790 808 suscipere,
2833 753 2904 793 ne
2933 736 3371 792 maledictionem
3402 733 3675 790 videretur

361 828 589 899 prolatis
629 836 937 883 sanctorum
983 828 1229 897 reliquiis
1284 828 1355 882 ad
1409 828 1518 883 hoc
1546 826 1840 882 Haraldum
1871 842 1971 897 per
2073 824 2299 880 induere
2352 840 2455 894 pro
2509 824 2904 882 benedictione.
2938 827 3079 882 Usus
3125 841 3257 897 ergo
3312 831 3473 895 atque
3499 822 3670 895 leges,

365 918 517 972 duxit
575 925 838 987 quatenus
906 932 1071 989 super
1125 916 1249 971 illas
1298 916 1534 985 jurando
1579 920 1865 971 testaretur
1911 930 1969 970 se
2075 930 2209 986 quas
2238 922 2417 985 patres
2448 913 2529 968 sui
2561 922 2615 970 et
2643 914 2762 985 ipse
2790 914 2846 969 in
2874 913 3266 970 Northmannia
3294 912 3495 968 habere
3524 910 3677 966 sole-

367 1008 559 1060 cuncta
585 1018 705 1074 qua:
733 1008 1097 1058 convenerant
1116 1001 1261 1056 inter
1279 1015 1373 1056 eos
1391 1015 1555 1072 opere
1575 999 1967 1071 completurum
2071 1002 2226 1070 bant,
2269 1002 2326 1056 in
2374 1003 2568 1075 Anglia
2596 1019 2814 1058 servare
2856 1004 3062 1069 volens,
3095 1003 3161 1057 de
3204 1000 3515 1073 hujusmodi
3544 1014 3676 1070 per-

367 1090 472 1145 nisi
500 1090 776 1146 communi
806 1089 1123 1146 mortalibus
1148 1098 1291 1144 sorte
1315 1088 1564 1161 praesenti
1610 1089 1737 1146 vita:
1784 1088 1966 1159 praeri-
2072 1092 2219 1147 souis
2247 1092 2555 1162 episcopos,
2588 1092 2831 1160 abbatcs,
2864 1100 2917 1147 et
2936 1094 3072 1148 alios
3101 1092 3370 1164 principes
3384 1107 3480 1161 per
3509 1097 3674 1145 totam

366 1186 605 1251 peretur.
639 1179 737 1234 His
765 1180 842 1234 ita
860 1178 1051 1251 gestis,
1085 1178 1370 1245 Haraldns,
1421 1178 1616 1249 adepto
1668 1184 1881 1248 nepote,
1914 1177 1969 1231 in
2074 1188 2272 1236 terram
2303 1179 2550 1248 instituit,
2601 1182 2670 1235 de
2712 1182 2907 1252 quibus
2936 1181 3219 1252 indignum
3244 1179 3598 1249 judicaretur,
3631 1178 3676 1230 si

364 1268 599 1340 patriam
628 1282 783 1323 suam
814 1283 1060 1323 reversus
1107 1274 1206 1323 est.
1240 1266 1346 1323 Ubi
1374 1281 1502 1323 vero
1532 1265 1662 1338 quid
1691 1265 1966 1336 acciderit,
2072 1284 2173 1340 per
2195 1268 2381 1324 omnia
2408 1268 2519 1324 suis
2550 1269 2784 1341 legibus,
2816 1270 3122 1340 postposita
3151 1269 3297 1325 omni
3313 1268 3418 1323 alia
3436 1267 3680 1323 conside-

369 1357 503 1430 quid
527 1357 726 1430 egerit,
757 1358 876 1428 regi
904 1354 1277 1426 percunctanti
1298 1354 1553 1412 narravit.
1593 1378 1614 1404 «
1647 1356 1840 1409 Nonne
1856 1354 1968 1408 dixi
2075 1358 2304 1427 ratione,
2332 1374 2441 1413 non
2466 1358 2787 1423 obedirent;
2820 1367 2872 1413 et
2901 1360 2947 1413 si
2968 1359 3111 1413 ullus
3140 1374 3347 1427 eorum,
3371 1372 3471 1428 pro
3489 1358 3681 1429 quavis

368 1446 487 1515 tibi,
517 1446 609 1515 ait,
643 1461 732 1500 me
760 1444 1149 1500 Willhelmum
1206 1460 1383 1511 nosse,
1440 1451 1495 1498 et
1549 1443 1603 1498 in
1660 1443 1753 1499 illo
1782 1442 1972 1497 itinere
2078 1448 2270 1503 terreni
2298 1446 2517 1503 honoris
2545 1448 2808 1517 potentia,
2865 1455 3030 1517 caput
3084 1455 3271 1503 contra
3328 1463 3449 1501 eum
3497 1448 3683 1502 levare

371 1540 469 1590 tuo
500 1534 734 1605 plurima
759 1532 899 1588 mala
917 1532 1045 1589 huic
1073 1548 1243 1604 regno
1272 1533 1589 1605 contingere
1617 1532 1813 1603 posse?
1838 1554 1860 1580 ι»
1912 1533 1972 1586 In
2078 1536 2319 1601 auderet,
2355 1535 2651 1592 scientibus
2680 1537 2889 1593 cunctis
2929 1537 3095 1603 unde,
3130 1536 3242 1607 qui,
3298 1536 3366 1590 ad
3424 1536 3553 1606 quid
3584 1549 3682 1591 as-

372 1622 527 1678 brevi
573 1627 698 1693 post
740 1622 857 1677 haec
913 1622 1047 1676 obiit
1104 1621 1431 1677 Edwardus.
1498 1622 1659 1675 Juxta
1689 1620 1833 1690 quod
1864 1619 1976 1676 illic
2080 1625 2283 1697 sumpti
2313 1623 2528 1679 fuerint.
2564 1625 2766 1680 Cuncta
2797 1641 2928 1697 erga
2947 1624 3131 1682 divina
3160 1624 3336 1678 suntul
3366 1632 3418 1678 ct
3444 1625 3681 1678 humana

373 1719 510 1768 ante
528 1718 758 1767 mortem
787 1714 1067 1779 statuerat,
1097 1710 1152 1765 in
1180 1726 1410 1783 regnum
1463 1710 1513 1764 ei
1560 1709 1820 1765 successit
1850 1709 1970 1764 Ha-
2000 1723 2054 1785 Β
2083 1714 2200 1782 ejus
2255 1721 2443 1767 nutum
2492 1714 2903 1785 exspectabant.
2954 1713 3089 1782 Quae
3141 1720 3328 1767 cuncta
3377 1720 3433 1767 ut
3487 1714 3680 1782 paucis

370 1801 576 1857 raldus.
2073 1802 2592 1868 animadvertantur,
2627 1803 2879 1873 quaedam
2911 1802 2979 1857 de
3009 1803 3086 1857 eis
3108 1817 3233 1874 quae
3272 1817 3413 1856 nova
3441 1816 3540 1871 per
3563 1803 3682 1854 An-

440 1889 583 1944 Dein
603 1889 752 1945 venit
776 1888 994 1944 nuntius
1009 1888 1063 1943 in
1085 1888 1381 1962 Angliama
1408 1886 1636 1959 praefato
1652 1886 1974 1942 Willhelmo
2075 1892 2245 1964 gliam
2275 1891 2479 1946 servari
2508 1891 2812 1959 constituit,
2845 1908 3068 1962 ponam,
3099 1890 3377 1945 aestimans
3406 1889 3498 1944 illa
3544 1890 3682 1945 scitu

372 1978 626 2046 directus,
660 1989 914 2051 expetens
942 1995 1181 2035 sororem
1210 1978 1456 2045 Haraldi,
1482 1979 1636 2049 juxta
1666 1977 1810 2049 quod
1835 1992 1972 2034 con-
2075 1994 2192 2035 esse
2219 1979 2517 2034 necessaria
2545 1980 2613 2033 ad
2634 1980 2999 2052 cognitionem
3037 1995 3227 2035 eorum
3258 1994 3482 2050 quorum
3511 1993 3677 2034 causa

372 2076 600 2126 venerat
627 2068 950 2125 Willhelmo
982 2077 1034 2123 et
1063 2068 1170 2124 illi.
1209 2067 1330 2123 Alia
1377 2068 1540 2123 etiam
1588 2083 1731 2139 quae,
1765 2066 1973 2121 violato
2075 2068 2311 2123 maxime
2341 2068 2481 2123 istud
2500 2067 2771 2123 scribendi
2800 2084 2935 2123 onus
2964 2069 3331 2139 suscepimus.
3366 2069 3488 2123 Non
3542 2082 3675 2139 ergo

372 2165 735 2227 sacramento,
769 2164 982 2213 servata
1014 2173 1122 2212 non
1151 2164 1324 2224 erant,
1343 2156 1706 2212 calumniatus
1735 2162 1842 2210 est.
1883 2154 1974 2209 Ad
2075 2157 2188 2228 pati
2218 2156 2434 2212 volebat
2464 2157 2539 2227 (7)
2572 2172 2899 2227 quemquam
2931 2158 2985 2211 in
3014 2158 3160 2212 omni
3192 2156 3554 2212 dominatione
3581 2172 3678 2211 sua

375 2262 498 2319 quae
525 2246 790 2301 Haraldus
819 2247 926 2303 hoc
954 2246 1119 2302 modo
1147 2244 1314 2301 fertur
1340 2244 1688 2317 respondisse
1718 2262 1731 2298 :
1761 2266 1783 2292 α
1812 2244 1978 2299 Soror
2077 2245 2423 2301 conatitutum
2453 2246 2712 2302 Romana:
2729 2246 2877 2301 urbis
2894 2246 3209 2318 pontiﬁcem
3238 2261 3335 2317 pro
3356 2244 3677 2316 apostolico,

374 2350 498 2389 mea
529 2349 712 2404 quam,
766 2335 917 2404 juxta
973 2334 1302 2403 condictum,
1359 2333 1584 2405 expetis,
1632 2340 1839 2387 mortua
1872 2340 1973 2386 est.
2076 2334 2180 2389 nisi
2209 2350 2268 2389 se
2290 2333 2517 2404 jubente
2546 2334 2805 2404 recipere,
2839 2342 2929 2390 aut
2958 2335 3076 2404 ejus
3104 2334 3328 2402 litteras,
3361 2334 3406 2388 si
3432 2333 3683 2403 primitus

378 2422 538 2491 Quod
566 2423 611 2478 si
640 2438 839 2494 corpus
868 2422 986 2493 ejus
1015 2423 1174 2493 quale
1204 2437 1347 2479 nunc
1389 2430 1469 2477 est
1509 2422 1624 2477 vult
1670 2436 1855 2477 comes
1884 2422 1978 2475 ha-
2077 2422 2181 2476 sibi
2219 2430 2448 2479 ostensa:
2482 2439 2593 2478 non
2623 2422 2868 2490 fuissent,
2903 2423 3015 2478 ullo
3066 2429 3225 2494 pacto
3275 2422 3552 2492 suscipere
3580 2421 3679 2491 (8).

376 2512 530 2579 bere,
563 2512 795 2578 mittam,
828 2528 897 2567 ne
921 2511 1137 2581 judicer
1160 2518 1558 2567 sacramentum
1578 2510 1813 2566 violasse
1832 2509 1979 2581 quod
2078 2511 2373 2565 Primatem
2428 2526 2652 2583 quoque
2709 2511 2864 2583 regni
2918 2510 3025 2577 sui,
3056 2510 3521 2581 archiepiscopum
3556 2508 3685 2565 dico

376 2594 503 2652 feci.
552 2596 846 2651 Castellum
892 2595 1079 2651 Dofris
1126 2600 1181 2651 et
1227 2596 1283 2649 in
1321 2610 1387 2651 eo
1416 2601 1636 2666 puteum
1668 2608 1825 2665 aquae
1857 2593 1981 2648 licet
2080 2599 2540 2664 Cantuariensem,
2571 2600 2616 2654 si
2644 2606 2836 2655 coacto
2865 2599 3107 2671 generali
3137 2599 3511 2670 episcoporum
3554 2613 3686 2653 con-

379 2679 621 2735 nesciam
647 2679 754 2747 011i,
786 2688 845 2735 ιιι
872 2680 1029 2735 VObiS
1076 2680 1352 2746 convenit.
1406 2678 1670 2748 θκΡῙΘνίῐο
1731 2678 1979 2749 Regnum
2080 2687 2202 2742 silio
2232 2686 2568 2756 praesideret,
2596 2703 2704 2741 non
2734 2687 2947 2742 sinebat
2976 2688 3272 2758 quidquam
3320 2694 3554 2742 statuere
3592 2694 3684 2740 aut

380 2767 534 2840 (10οά
564 2783 663 2822 nec
688 2768 816 2822 dum
840 2767 1012 2823 fuerat
1034 2784 1238 2835 meum.
1271 2782 1379 2839 quo
1403 2768 1525 2837 iure
1550 2766 1701 2837 Ροίυί
1729 2766 1863 2822 dare
1891 2765 1979 2821 V91
2080 2776 2393 2847 prohibere,
2443 2776 2547 2830 nisi
2582 2791 2702 2846 quae
2732 2792 2844 2831 sua:
2875 2776 3140 2831 voluntati
3169 2774 3542 2841 accommoda,
3574 2782 3627 2828 et
3654 2789 3689 2828 a

376 2855 740 2929 Permittel‘e?
771 2855 828 2910 Si
856 2856 925 2911 de
952 2854 1061 2911 ﬁlia
1095 2871 1193 2910 sua
1241 2871 1405 2928 quam
1455 2854 1618 2909 debUi
1649 2854 1703 2908 in
1731 2869 1979 2922 uxorem,
2082 2880 2147 2920 se
2201 2864 2380 2936 primo
2433 2873 2617 2920 essent
2671 2863 2919 2919 ordinata
2973 2864 3082 2936 (9).
3146 2863 3294 2919 Nulli
3336 2861 3689 2918 nihilominus

378 2953 441 3001 ιιι
469 2944 680 3015 asserit,
714 2945 934 3013 ducere,
967 2944 1116 3016 agit;
1150 2959 1315 3013 super
1342 2959 1572 3016 regnum
1614 2942 1825 3015 Angliae
1854 2959 1981 2997 mll-
2083 2953 2466 3024 episcoporum
2497 2969 2717 3008 suorum
2768 2968 3092 3009 concessum
3123 2952 3185 3007 iri
3235 2951 3602 3023 permittebat,
3631 2956 3691 3003 ut

378 3033 568 3089 lierem
598 3041 933 3103 extraneum,
967 3032 1287 3089 inconsultis
1313 3031 1670 3103 principibus,
1724 3047 1824 3087 nec
1879 3030 1981 3086 de-

2104 3042 2327 3114 iliquem
2357 3040 2426 3096 de
2456 3040 2750 3097 baronibus
2770 3042 2879 3096 suis
2898 3057 2992 3096 seu
3014 3040 3295 3107 ministris,
3314 3040 3428 3096 sive
3461 3041 3688 3107 incesto,

969 3085 1233 3089 -η
1264 3085 1280 3087 ~
1313 3085 1361 3103 ιν
1598 3085 1607 3087 ε
1656 3085 1670 3101 ι
1775 3085 1781 3087 7
1932 3085 1936 3086 7
2090 3085 2327 3114 ...ηιμ-.-
2359 3085 2426 3096 ..ν
2457 3085 2750 3097 μων-..-ιω
2771 3085 2879 3096 νων
2898 3085 2992 3096 υνι.
3016 3085 3427 3107 ...ηπ-..ηψπ
3461 3085 3688 3107 ...νη-ν,

378 3122 529 3190 bere:
550 3137 648 3177 nec
662 3122 777 3177 Sine
805 3122 997 3195 grandi
1018 3121 1215 3192 injuria
1234 3136 1393 3193 P0559
1411 3119 1927 3177 θάἀαοθτθῐιονθτίῑο
1954 3141 1977 3168 ³
2011 3085 2061 3148 C
2092 3132 2205 3187 sive
2241 3130 2527 3198 adulterio,
2560 3131 2674 3187 sive
2703 3131 2885 3200 aliquo
2915 3130 3135 3200 capitali
3191 3129 3415 3184 crimine
3458 3128 3691 3184 denota-

379 3211 645 3267 Reversus
671 3212 892 3265 nuntius
920 3226 1181 3282 responsa
1208 3210 1391 3266 retulit
1432 3211 1654 3265 domino
1683 3224 1803 3264 suo.
1854 3207 1984 3277 Qui-

2104 3230 2227 3288 tum,
2249 3218 2467 3292 publice
2498 3219 2597 3273 nisi
2621 3218 2740 3287 ejus
2773 3227 3048 3290 praecepto
3076 3217 3432 3288 implacitaret
3477 3224 3571 3272 aut
3588 3231 3691 3271 ex-

379 3299 483 3355 bus
510 3299 604 3355 ille
635 3300 858 3371 auditis:
892 3302 1088 3355 iterum
1121 3298 1367 3355 eiamica
1424 3297 1787 3354 familiaritate
1837 3312 1985 3353 man‘
2091 3308 2537 3375 communicaret,
2599 3317 2686 3362 aut
2740 3307 2852 3363 ulla
2907 3306 3258 3363 ecclesiastici
3303 3305 3503 3377 rigoris
3532 3321 3695 3376 ptcna

382 3388 533 3444 davit
560 3395 827 3460 quatenus
857 3388 979 3445 aliis
1006 3388 1246 3456 omissis,
1279 3395 1491 3444 servata
1518 3386 1641 3443 ﬁdei
1670 3386 1981 3460 sponsione,
2092 3397 2487 3469 constringeret
2514 3397 2657 3470 (10).
2697 3396 2833 3465 Qum
2884 3405 3068 3451 autem
3100 3397 3153 3450 in
3182 3394 3536 3451 saecularibus
3563 3408 3695 3464 pro-

383 3478 582 3533 Saltem
632 3477 797 3533 ﬁliam
853 3494 1009 3533 suam
1060 3493 1280 3532 uxorem
1338 3477 1578 3546 duceret:
1636 3476 1874 3547 δῙίοΨιίη
1925 3490 1986 3531 se
2090 3488 2441 3560 mitigaverit,
2474 3502 2537 3542 ea
2569 3503 2626 3540 re
2656 3486 2955 3541 litterarum
2974 3485 3255 3540 memoriae
3287 3483 3493 3539 tradere
3521 3498 3699 3553 super-

382 3566 707 3637 Pfomissam
748 3567 901 3639 regni
960 3566 1355 3622 δυεῦθεδίοηθω
1387 3564 1549 3620 amnis
1599 3563 1703 3619 Sibi
1745 3564 1983 3620 Vindica’
2090 3576 2379 3639 sedemus;
2412 3575 2668 3647 quoniam
2699 3583 2750 3629 ct
2798 3590 2864 3629 ea
2904 3574 3035 3628 nihil
3078 3572 3242 3628 nostri
3271 3572 3431 3628 ofﬁcii
3462 3572 3695 3627 scribere

385 3655 567 3709 turum
600 3651 792 3723 procul
821 3652 991 3708 dubio
1025 3653 1208 3709 sciret.
1236 3655 1304 3707 At
1327 3653 1443 3722 ipse
1471 3667 1571 3707 nec
1603 3651 1737 3706 illud
1765 3651 1985 3723 quidem

2104 3667 2277 3733 refert,
2331 3673 2384 3720 et
2427 3681 2496 3720 ex
2547 3664 2744 3718 divinis
2793 3681 2915 3736 qua)
2959 3662 3116 3734 juxta
3166 3662 3311 3734 quod
3339 3661 3697 3716 delibavimus

384 3756 445 3795 se
474 3740 657 3795 facere
689 3740 847 3805 velle,
878 3756 978 3795 nec
1007 3740 1112 3796 hoc
1132 3740 1450 3807 formidare,
1498 3739 1798 3811 respondit.
1829 3739 1983 3796 Unde
2092 3754 2383 3823 οιιάίηωνίι,
2454 3752 2688 3824 qualitas
2741 3751 2976 3819 illorum,
3026 3755 3087 3805 ut
3140 3766 3285 3818 rem,
3342 3749 3548 3804 adveni
3601 3763 3698 3819 ρο-

383 3828 737 3884 Willhelmus
765 3829 1098 3900 indignatus,
1131 3843 1329 3900 magna
1356 3844 1453 3899 spe
1481 3828 1730 3885 vincendi
1761 3827 1890 3883 belli
1917 3843 1982 3883 ex
2091 3844 2233 3898 ωιτη,
2278 3844 2350 3897 Ut
2389 3841 2463 3897 ita
2509 3849 2745 3913 emptum
2791 3856 3120 3914 peragamus
3169 3839 3287 3904 iter,
3319 3839 3389 3894 de
3434 3838 3515 3893 his
3568 3834 3699 3891 satis

383 3918 487 3973 hac
516 3916 741 3972 Haraldi
784 3917 1043 3987 injustitia
1098 3926 1176 3973 est
1226 3917 1513 3973 animatus.
1569 3918 1762 3972 Parata
1816 3916 1983 3989 igitur
2092 3932 2313 3988 dictum,

382 4007 578 4073 classe,
605 4006 858 4080 Angliam
887 4007 1040 4078 petit,
1072 4014 1427 4076 consertoque
1455 4006 1611 4079 gravi
1639 4005 1826 4077 prtelio
1869 4006 1985 4061 Ha-

386 4095 572 4151 raldus
600 4096 656 4150 in
687 4096 802 4150 acie
831 4095 1048 4163 cecidit,
1080 4103 1133 4151 et
1159 4095 1509 4152 Willhelmus
1535 4095 1708 4152 victor
1755 4111 1985 4168 regnum

384 4184 638 4241 obtinuit.
672 4184 752 4239 De
781 4200 887 4254 quo
910 4185 1098 4255 praalio
1129 4191 1391 4239 testantur
1432 4184 1613 4240 adhuc
1654 4184 1848 4239 Franci
1895 4185 1988 4253 qui

381 4273 743 4329 interfuerant
776 4290 787 4325 :
822 4273 1084 4344 quoniam
1133 4273 1260 4328 licet
1288 4272 1468 4328 varius
1495 4288 1657 4328 casus
1686 4272 1813 4327 hinc
1863 4272 1989 4327 inde

383 4361 672 4431 exstiterit,
705 4371 886 4417 tamen
913 4369 1060 4416 tanta
1093 4368 1302 4434 strages
1356 4376 1419 4416 ac
1472 4361 1600 4432 fuga
1650 4361 1989 4416 Northman-

384 4468 579 4507 norum
636 4451 757 4517 fuit,
817 4459 876 4505 ut
928 4450 1157 4506 victoria
1204 4465 1312 4521 qua
1373 4449 1530 4521 potiti
1584 4457 1726 4516 sunt,
1782 4465 1909 4505 vere
1936 4455 1989 4503 et
2014 4441 2069 4501 D

386 4540 592 4613 absque
638 4539 806 4595 dubio
835 4539 936 4594 soli
965 4539 1227 4593 miraculo
1257 4537 1357 4594 Dei
1387 4537 1709 4594 ascribenda
1762 4537 1849 4605 sit,
1900 4553 1992 4608 qui

387 4629 666 4701 puniendo
697 4644 797 4697 per
820 4628 962 4683 hanc
986 4628 1233 4699 iniquum
1265 4626 1494 4698 perjurii
1545 4625 1720 4682 scelus
1770 4626 1998 4680 Haraldi

390 4713 633 4770 ostendit
663 4729 726 4769 se
766 4729 877 4769 non
908 4714 1191 4770 dominum
1234 4729 1353 4769 esse
1408 4713 1683 4770 volentem
1736 4712 1997 4783 iniquita—

388 4812 521 4858 tem.

2165 4048 2225 4103 In
2254 4046 2414 4116 hujus
2442 4043 2603 4118 regni
2626 4060 2768 4100 anno
2790 4044 2976 4116 quinto
2999 4042 3331 4099 Lanfrancus
3352 4040 3704 4097 Cadomensis

2093 4131 2332 4188 cinnobii
2388 4130 2584 4196 abbas,
2644 4128 2728 4184 vir
2775 4137 3047 4196 strenuus,
3106 4135 3159 4183 et
3210 4127 3265 4181 in
3317 4125 3515 4180 divinis
3542 4132 3704 4193 atque

2092 4220 2347 4276 humanis
2378 4218 2541 4274 rebus
2572 4218 2861 4273 excellenti
2884 4216 3112 4272 scientia
3142 4214 3420 4287 praeditus,
3450 4212 3701 4285 Angliam

2096 4324 2162 4364 ex
2192 4314 2467 4379 praecepto
2499 4306 2706 4361 domini
2737 4321 2895 4377 papae.
2911 4304 3203 4359 Alexandri
3219 4312 3271 4358 et
3287 4301 3536 4375 praedicti
3558 4300 3704 4372 regis

2097 4396 2336 4464 advenit,
2361 4404 2600 4465 etpauco
2615 4402 2736 4466 post
2749 4402 2994 4464 tempore
3014 4392 3536 4463 archiepiscopatum
3564 4388 3705 4443 Can-

2099 4486 2427 4541 tuariensem
2459 4484 2763 4555 regendum
2819 4482 3079 4552 suscepit.
3139 4481 3390 4535 Sacratus
3419 4488 3499 4534 est
3528 4485 3706 4532 autem

2103 4575 2156 4628 in
2187 4575 2305 4645 ipsa
2331 4571 2622 4643 metropoli
2654 4572 2787 4627 sede
2817 4579 3005 4641 quarto
3033 4569 3272 4625 Kalend.
3311 4564 3648 4638 Septembris
3675 4581 3707 4618 a

2099 4662 2306 4718 cunctis
2329 4661 2503 4716 ferme
2535 4659 2809 4729 episcOpis
2862 4658 3099 4730 Anglize.
3165 4657 3271 4711 Hic
3324 4656 3553 4710 Romam
3611 4665 3709 4723 pro

2101 4750 2287 4806 debito
2340 4749 2442 4803 sibi
2500 4747 2668 4819 pallio
2724 4748 2865 4815 iens,
2926 4747 3192 4801 Thomam
3237 4743 3708 4812 archiepiscopum

2099 4839 2531 4904 Eboracensem,
2563 4850 2723 4906 quem
2747 4835 2866 4905 ipse
2910 4834 3051 4889 facta
3107 4833 3213 4888 sibi
3270 4832 3337 4886 de
3370 4829 3711 4898 subjectione

464 4920 583 4973 Rex
613 4918 796 4990 itaque
826 4917 998 4973 {80138
1025 4917 1402 4987 Willhelmus.
1436 4918 1565 4990 quid
1623 4920 1678 4974 in
1730 4920 2007 4991 prinCipeS
2102 4943 2196 4982 sua
2225 4925 2484 4982 canonica
2529 4922 2875 4995 professione
2912 4921 3222 4976 Cantuariae
3274 4922 3708 4984 consecraverat,

393 5007 696 5078 Anglorum
719 5006 811 5078 qui
840 5013 1004 5060 tanta:
1036 5006 1181 5062 cladi
1241 5023 1522 5078 superesse
1568 5017 1819 5078 poterant
1862 5008 1990 5062 fece.

2104 5024 2158 5072 et
2188 5012 2498 5085 Remigium
2528 5010 2960 5068 Lincolniensem
2989 5010 3306 5080 episcopum
3350 5007 3576 5062 comites
3617 5003 3712 5058 iti-

390 5096 486 5162 rit,
518 5094 720 5163 dicere,
752 5109 880 5149 eum
935 5094 1069 5148 nihil
1116 5095 1309 5164 prosit,
1367 5096 1577 5151 omitto.
1626 5096 1732 5165 Qui
1783 5112 1852 5152 ex
1898 5111 1990 5166 quc

2105 5104 2248 5159 neris
2276 5102 2485 5158 habuit.
2519 5100 2624 5169 Qui
2654 5101 2883 5155 Romam
2914 5098 3073 5154 simul
3093 5097 3493 5169 pervenientes,
3506 5094 3712 5148 urbane

390 5184 618 5241 victoria
655 5199 782 5236 usus
833 5191 935 5249 est,
995 5183 1139 5252 quod
1196 5183 1299 5238 fuit
1355 5184 1531 5253 pridie
1577 5185 1703 5240 Idus
1732 5184 2005 5253 Octobris,
2104 5192 2343 5262 suscepti
2372 5199 2516 5257 sunt,
2549 5191 2757 5244 honore
2785 5187 3018 5260 singulis
3068 5200 3331 5257 congruo.
3393 5184 3517 5237 Post
3559 5196 3709 5253 quae.

394 5273 645 5329 inunctus
674 5287 1019 5343 permanens,
1052 5271 1106 5325 in
1138 5272 1433 5328 Nativitate
1461 5273 1684 5328 Domini
1713 5282 1901 5329 unctus
1929 5289 2009 5345 es,
2107 5285 2302 5335 statuto
2334 5279 2421 5333 die
2450 5280 2602 5333 Pater
2632 5276 2963 5332 Lanfrancus
3013 5273 3327 5343 apostolicae
3369 5271 3515 5327 sedis
3570 5285 3712 5339 pon-

395 5363 452 5418 in
481 5377 670 5436 regem
701 5361 845 5434 apud
873 5360 1419 5417 WestmOnasterium
1445 5378 1477 5416 a
1508 5362 1687 5417 beatae
1730 5361 2009 5418 memoriae
2107 5367 2241 5424 titici
2271 5367 2588 5422 Alexandro
2620 5371 2989 5436 praesentatur.
3024 5363 3146 5429 Cui,
3206 5359 3352 5433 quod
3409 5359 3716 5413 Romanam

400 5451 638 5508 Ealredo
690 5450 1107 5524 archiepiscopo
1162 5449 1521 5518 Eboracensi.
1601 5458 1655 5506 et
1738 5450 2011 5506 nonnullis
2111 5455 2403 5512 scientibus
2427 5452 2877 5511 consuetudinem
2908 5451 3047 5505 forte
3077 5449 3275 5504 mirum
3307 5448 3574 5514 videatur,
3597 5446 3716 5516 ipse

400 5539 674 5614 episcopis
723 5542 952 5616 Angliae.
1014 5539 1191 5609 Quam
1250 5539 1711 5598 consecrationem
1740 5539 1866 5596 licet
1892 5539 2013 5608 ipse
2110 5560 2253 5617 papa
2306 5544 2375 5599 ad
2431 5558 2495 5600 se
2550 5541 2769 5598 intranti
2825 5554 3137 5612 assurgens,
3189 5554 3335 5605 eum,
3377 5543 3435 5593 ut
3463 5548 3714 5608 gressum
