4036 6072
349 310 453 363 353

1469 307 1798 365 HISTORIA
1833 304 2203 365 NOVORUM.
2231 336 2302 350 —
2330 307 2459 364 LIB.
2495 309 2538 364 Ι.

3547 316 3656 374 354

350 432 566 506 ﬁgeret,
597 432 831 490 dulciter
854 434 1105 492 hortatus
1154 438 1254 491 est.
1287 435 1365 491 Ac
1411 434 1613 492 deinde
1661 435 1901 493 subdens
1936 436 2033 496 :A
2060 434 2217 490 tionis
2248 435 2460 491 tramite
2488 434 2761 503 imbuerit,
2793 451 2858 491 ac
2886 435 3245 510 multiplicato
3301 439 3517 497 illorum
3564 461 3662 499 nu-

355 543 377 568 c
411 522 706 591 Honorem,
730 524 924 594 inquit,
956 523 1316 593 exhibuimus,
1349 540 1457 580 non
1488 542 1648 597 quem
1680 525 1953 595 archiepi-

350 614 597 682 scopatui
631 621 742 680 tuo,
777 614 875 668 sed
905 629 1067 686 quem
1087 614 1354 687 magistro
1378 611 1745 684 (cujusstudio
1768 629 1957 669 sumus

352 699 411 754 in
440 699 580 768 illis,
634 718 757 772 qua
786 702 1007 770 scimus,
1041 701 1258 772 imbuti)
1304 701 1611 756 debuimus.
1659 702 1799 759 Hinc
1845 716 1956 775 quo

348 788 419 843 ad
450 797 502 843 te
530 788 789 858 pertinet,
823 790 895 845 ob
924 789 1289 846 reverentiam
1321 790 1464 844 beati
1493 791 1638 846 Petri
1666 798 1717 847 te
1734 790 1956 861 exsequi

349 892 453 949 par
481 885 581 933 est.
621 898 644 927 ι
662 877 950 935 Residente
971 878 1137 950 igitur
1154 879 1269 946 illo,
1284 878 1618 935 Lanfrancus
1634 895 1956 952 progressus

351 964 601 1021 humiliat
631 982 691 1020 se
719 966 791 1020 ad
821 966 990 1037 pedes
1019 968 1159 1037 ejus,
1193 967 1293 1023 sed
1324 983 1452 1023 mox
1483 968 1554 1023 ab
1606 983 1672 1024 eo
1728 967 1957 1040 erigitur

351 1054 424 1108 ad
452 1053 696 1110 osculum
729 1054 878 1126 ejus.
913 1055 1224 1120 Consident,
1253 1063 1307 1111 et
1332 1055 1455 1113 late
1484 1057 1628 1112 inter
1656 1072 1754 1112 eos
1780 1056 1958 1128 agitur

351 1142 471 1199 dies
499 1142 613 1199 ille.
648 1144 909 1214 Sequenti
941 1143 1081 1213 luce,
1113 1160 1235 1200 cum
1260 1145 1377 1216 jam
1406 1145 1623 1202 diversa
1653 1146 1875 1218 negotia
1899 1145 1957 1200 in

351 1231 605 1287 medium
636 1232 980 1301 ducerentur,
1035 1233 1396 1290 calumniatus
1453 1242 1533 1290 est
1577 1250 1755 1291 coram
1813 1248 1957 1306 papa

354 1330 757 1377 memorantum
784 1322 1048 1379 Thomam
1077 1338 1201 1378 cum
1253 1322 1482 1395 prafato
1528 1323 1777 1396 Remigio
1807 1321 1956 1395 quod

354 1417 549 1465 neuter
576 1410 789 1467 illorum
816 1410 944 1481 jure
973 1409 1139 1467 fuerit
1163 1421 1448 1483 pramOtus
1475 1411 1949 1485 adpontiﬁcatum.

358 1497 595 1568 Primus,
629 1515 690 1554 ea
721 1499 928 1556 scilicet
945 1516 1007 1556 re
1037 1501 1171 1571 (11),
1204 1500 1350 1573 quod
1377 1501 1520 1557 sacri
1549 1516 1786 1557 canones
1814 1500 1955 1557 ﬁlios

359 1586 827 1659 presbyterorum,
861 1604 997 1659 quos
1026 1588 1308 1662 religionis
1363 1589 1497 1646 ordo
1552 1606 1663 1646 non
1709 1598 1887 1660 ornat,
1918 1603 1953 1646 a

349 1690 639 1733 sacrorum
672 1677 925 1734 ordinum
953 1677 1306 1749 promotione
1336 1686 1667 1736 removeant.
1709 1680 1953 1754 Sequens

352 1781 484 1822 vero
512 1781 613 1838 pro
644 1781 711 1823 eo
743 1767 910 1839 quod,
942 1765 1087 1824 facta
1118 1768 1493 1838 conventione,
1540 1769 1693 1824 illum
1732 1784 1767 1824 a
1801 1769 1951 1825 Wil-
1976 1794 2033 1856 Β

351 1853 578 1922 lhelmo,
609 1864 734 1927 post
760 1871 892 1929 rege
922 1856 1086 1925 facta,
1120 1857 1333 1925 emerit,
1365 1856 1545 1913 oﬁicio
1574 1858 1827 1914 videlicet
1846 1872 1954 1931 quo

352 1943 401 1999 ei
431 1944 489 1998 in
518 1944 792 2000 excidium
824 1943 1040 2017 Anglia
1069 1945 1386 2018 properanti
1415 1945 1713 2002 multifaria
1732 1955 1955 2004 conten-

350 2031 498 2088 tione
525 2047 593 2088 ac
622 2032 1011 2105 multiplicibus
1041 2033 1302 2105 impensis
1332 2034 1682 2092 deservierat.
1719 2036 1809 2090 Ad
1836 2036 1955 2093 hac

338 2120 415 2175 illi
438 2120 668 2188 nullam,
700 2137 807 2192 qua
836 2122 1086 2179 excusari
1108 2131 1351 2195 possent,
1370 2123 1712 2195 probabilem
1731 2138 1952 2180 causam

337 2209 619 2278 habentes,
652 2210 880 2266 redditis
917 2210 1135 2268 baculis
1164 2214 1221 2267 et
1250 2212 1464 2268 annulis
1492 2228 1617 2270 cum
1648 2227 1783 2269 cura
1809 2228 1955 2285 pon-

336 2297 540 2368 tiﬁcali,
571 2299 645 2355 ad
669 2299 970 2370 petendam
1000 2299 1455 2357 misericordiam
1512 2301 1763 2360 conversi
1795 2308 1946 2358 sunt.

337 2387 579 2456 Quorum
611 2388 867 2459 precibus
896 2403 1012 2444 sese
1044 2389 1386 2446 Lanfrancus
1408 2389 1647 2447 medium
1676 2390 1951 2461 injiciens,

333 2476 473 2533 sicut
502 2478 619 2532 erat
646 2476 731 2533 vir
757 2477 961 2549 pietate
990 2492 1057 2534 ac
1087 2478 1357 2551 sapientia
1374 2478 1609 2549 pollens,
1635 2494 1729 2536 eos
1747 2479 1952 2536 multa-

329 2581 453 2620 rum
484 2581 668 2620 rerum
695 2566 923 2622 scientia
960 2565 1146 2636 fultos,
1181 2582 1338 2624 novo
1368 2567 1486 2641 regi
1517 2568 1573 2623 in
1610 2568 1768 2624 novis
1795 2567 1954 2642 regni

330 2652 777 2724 dispositionibus
797 2655 1260 2726 pernecessarios,
1311 2655 1495 2712 multis
1527 2662 1791 2728 prastare
1818 2672 1953 2713 ora-

332 2743 469 2798 toria
525 2743 781 2799 facultate
837 2744 1094 2799 ostendit.
1162 2744 1382 2814 Quibus
1439 2745 1656 2815 auditis,
1706 2745 1954 2818 pontifex

329 2847 575 2888 summus
631 2848 927 2889 conversus
982 2833 1055 2888 ad
1087 2848 1214 2889 eum
1261 2851 1275 2888 :
1313 2856 1336 2881 σ
1369 2834 1449 2889 Tu
1478 2834 1698 2903 videris,
1756 2834 1949 2905 inquit,

324 2928 478 2992 pater
506 2929 592 2978 est
616 2921 808 2993 patria
837 2921 1004 2990 illius,
1036 2936 1103 2978 ac
1140 2938 1244 2992 per
1272 2922 1378 2978 hoc
1393 2922 1664 2979 industria
1694 2930 1784 2979 tua
1813 2938 1950 2980 can-

327 3010 531 3067 sideret
562 3010 693 3082 quid
722 3011 1013 3083 expediat.
1055 3011 1243 3085 Virgae
1288 3014 1615 3085 pastorales,
1649 3029 1786 3086 quas
1813 3012 1948 3069 red-

328 3099 606 3168 diderunt,
640 3114 771 3157 ecce
800 3100 891 3158 hic
934 3108 1079 3170 sunt,
1111 3101 1296 3172 accipe
1327 3102 1449 3157 illas
1479 3110 1641 3173 atque
1696 3102 1950 3173 dispensa

325 3194 487 3259 prout
515 3187 701 3243 utilius
727 3187 1133 3245 Christianitati
1162 3190 1415 3264 regionis
1444 3190 1590 3246 illius
1646 3205 1949 3264 agnoscere

326 3276 553 3348 poteris.
596 3300 620 3327 ι
652 3279 721 3331 At
750 3277 861 3344 ille,
894 3279 1160 3350 susceptis
1190 3278 1288 3347 eis,
1347 3278 1492 3335 illico
1550 3278 1605 3335 in
1655 3280 1951 3351 praesentia

329 3381 491 3436 papa
516 3364 798 3422 revestivit
823 3365 1081 3436 praefatos
1114 3367 1289 3436 viros,
1322 3383 1593 3440 quemque
1637 3385 1753 3424 sua.
1811 3369 1951 3424 Dein

332 3454 673 3511 Lanfrancus
702 3453 841 3511 stola
871 3455 1066 3510 summi
1096 3455 1450 3527 pontificatus
1481 3472 1513 3512 a
1532 3472 1673 3528 papa
1700 3465 1954 3527 suscepta

333 3541 393 3598 in
420 3543 527 3599 iter
551 3559 802 3601 reversus
830 3544 1084 3616 Angliam
1108 3560 1234 3600 eum
1264 3545 1431 3601 sociis
1460 3546 1640 3601 alacer
1694 3546 1954 3602 advectus

331 3639 439 3697 est,
499 3639 551 3687 et
604 3648 637 3687 a
694 3632 1024 3688 Cantuaritis
1079 3633 1266 3689 debita
1323 3634 1627 3690 reverentia
1682 3642 1950 3706 receptus,

331 3720 542 3791 primas
570 3720 732 3775 totius
761 3720 1051 3777 Britannia
1079 3721 1434 3778 conﬁrmatus
1495 3730 1594 3778 est.
1655 3723 1951 3793 Posthac,

331 3809 555 3864 evoluta
577 3809 731 3865 brevi
763 3809 1032 3879 temporis
1063 3811 1257 3882 spatio,
1300 3811 1447 3867 fama
1475 3811 1713 3868 nominis
1743 3813 1863 3882 ejus
1900 3817 1956 3867 et

334 3897 657 3969 magnitudo
685 3897 993 3968 prudentia
1023 3897 1148 3970 ejus
1178 3914 1397 3972 quaque
1434 3898 1689 3969 insonuit,
1723 3915 1958 3971 eumque

344 3986 491 4056 apud
522 3985 807 4041 hominum
834 3994 1043 4043 mentes
1071 3986 1278 4044 clarum
1335 3987 1463 4044 fecit
1520 3996 1685 4059 atque
1729 3996 1953 4061 specta-

340 4074 529 4130 bilem.

414 4210 469 4265 Is
497 4208 645 4266 inter
672 4209 832 4277 alios,
866 4210 976 4266 imo
1009 4227 1124 4282 prae
1157 4210 1295 4281 aliis,
1328 4218 1443 4268 erat
1488 4216 1791 4268 memorato
1840 4209 1958 4283 regi

346 4297 679 4353 Willhelmo
712 4308 991 4371 acceptus,
1021 4308 1074 4356 et
1100 4302 1204 4356 Dei
1258 4300 1422 4356 rebus
1479 4300 1535 4355 in
1589 4300 1800 4357 cunctis
1849 4315 1960 4355 non

361 4387 621 4443 mediocri
647 4387 1053 4444 curaintentus.
1086 4390 1430 4461 Quapropter
1484 4405 1686 4462 magna
1743 4403 1962 4459 semper

2062 538 2234 592 mero,
2258 540 2363 594 qua
2390 539 2487 580 eos
2515 522 2643 579 dum
2674 524 2810 580 vixit
2840 526 3169 600 benignitate
3197 530 3518 600 confoverit,
3579 533 3665 587 cui

2061 628 2306 683 unquam
2334 612 2405 665 ad
2431 613 2651 682 plenum
2682 613 2964 671 declarare
3008 616 3273 687 possibile
3321 618 3462 673 erit?
3491 617 3661 689 Quos,

2061 708 2121 755 ut
2149 700 2366 755 interim
2414 700 2521 755 alia
2563 708 2794 772 taceam,
2826 704 2953 774 quia
2982 704 3098 760 sine
3117 707 3344 775 penuria
3373 714 3426 762 et
3454 707 3665 762 sollici-

2063 788 2251 843 tudine
2305 788 2405 843 Dei
2461 789 2684 846 servitio
2725 806 2943 862 semper
2986 792 3270 850 intendere
3299 794 3664 864 desiderabat,

2064 876 2210 945 apud
2241 891 2427 949 regem
2457 894 2555 932 sua
2584 880 2881 950 sagacitate
2910 888 2964 936 et
2991 881 3249 938 industria
3279 884 3411 955 egit,
3471 893 3666 954 quate-

2064 980 2166 1018 nus
2207 964 2326 1020 fere
2363 980 2552 1021 omnes
2591 975 2786 1036 terras,
2846 986 2980 1039 quas
3034 971 3398 1026 Northmanni
3437 973 3506 1027 de
3540 972 3667 1043 jure

2064 1051 2237 1122 ipsius
2265 1054 2542 1123 Ecclesia,
2575 1072 2697 1111 cum
2725 1056 2903 1126 primo
2934 1066 3131 1115 terram
3160 1060 3468 1131 cmpissent,
3519 1060 3669 1117 inva—

2066 1149 2268 1211 serant,
2325 1151 2379 1198 et
2432 1143 2597 1198 etiam
2652 1145 2917 1215 quasdam
2965 1146 3100 1202 alias
3145 1164 3266 1219 qua
3295 1157 3420 1205 ante
3450 1149 3668 1206 illorum

2062 1230 2340 1287 introitum
2386 1241 2611 1302 propter
2654 1234 2896 1290 diversos
2950 1251 3106 1291 casus
3162 1237 3391 1307 perdita
3433 1238 3665 1308 fuerant,

2061 1318 2164 1388 ipsi
2194 1320 2453 1377 Ecclesia
2483 1321 2754 1377 redderet.
2784 1323 2984 1378 Verum
3035 1325 3103 1379 de
3149 1325 3231 1380 his
3280 1342 3344 1382 ac
3370 1326 3668 1384 innumeris

2063 1407 2183 1462 aliis
2204 1406 2382 1476 bonis,
2416 1409 2611 1480 quibus
2639 1411 2943 1467 insudando
2991 1413 3158 1468 vitam
3206 1431 3359 1470 suam
3408 1431 3670 1473 consum-

2061 1496 2257 1566 mavit,
2308 1496 2434 1553 licet
2479 1499 2612 1553 mihi
2657 1501 2883 1572 quidem
2935 1501 3171 1558 scribere
3218 1518 3354 1575 opus
3410 1519 3523 1560 non
3578 1505 3665 1575 sit,

2058 1593 2282 1656 propter
2336 1587 2482 1656 quod
2530 1596 2585 1643 et
2630 1604 2799 1658 opera
2844 1590 2963 1660 ejus
3011 1590 3085 1645 ita
3129 1601 3342 1662 parent,
3374 1603 3433 1647 ut
3461 1594 3580 1665 ipsa
3607 1610 3667 1649 se

2060 1674 2366 1731 evidentius
2396 1675 2601 1746 scripto
2632 1677 2997 1734 demonstrent
3026 1680 3160 1749 (12),
3219 1687 3271 1736 et
3325 1680 3553 1752 ipsemet
3600 1682 3670 1737 de

2059 1763 2223 1819 rebus
2268 1764 2655 1821 ecclesiasticis
2710 1782 2832 1836 qua
2878 1782 2981 1823 sua
3035 1775 3276 1840 tempore
3323 1777 3479 1842 gesta
3519 1779 3663 1839 sunt,

2062 1851 2409 1909 veracissima
2426 1861 2480 1908 et
2508 1854 2897 1924 compendiosa
2915 1855 3128 1911 calamo
3148 1856 3453 1928 scripserit;
3488 1866 3667 1915 tamen

2060 1955 2163 2011 pro
2229 1941 2519 1997 dulcedine
2578 1942 2859 1998 memoriae
2915 1945 3052 2015 ejus,
3093 1960 3214 2016 qua
3258 1946 3667 2017 pralibavimus

2060 2029 2249 2099 paucis
2277 2029 2551 2101 explicare
2570 2039 2787 2104 gratum
2818 2031 3092 2089 duximus.

2132 2164 2236 2222 Hic
2262 2180 2396 2237 ergo
2424 2164 2763 2221 Lanfrancus
2788 2183 2911 2222 cum
2952 2168 3297 2226 Cantuariam
3350 2171 3532 2241 primo
3575 2187 3665 2230 ve-

2062 2251 2250 2323 nisset,
2309 2262 2363 2309 et
2398 2253 2685 2310 ecclesiam
2715 2254 3031 2327 Salvatoris,
3065 2274 3228 2329 quam
3254 2276 3446 2331 regere
3474 2276 3664 2317 susce-

2060 2350 2233 2411 perat;
2267 2341 2516 2398 incendio
2548 2351 2709 2416 atque
2729 2344 2896 2399 ruinis
2922 2361 3061 2416 pene
3087 2347 3223 2402 nihil
3278 2348 3479 2404 factam
3505 2348 3667 2407 inve-

2061 2430 2247 2499 nisset,
2280 2438 2461 2487 mente
2489 2439 2861 2488 consternatus
2887 2441 2994 2488 est.
3033 2434 3143 2491 Sed
3189 2450 3313 2491 cum
3340 2436 3660 2510 magnitudo

2059 2517 2189 2574 mali
2218 2518 2375 2574 illum
2403 2528 2624 2593 aageret
2652 2519 2969 2593 desperare,
3002 2522 3163 2579 rediit
3187 2523 3245 2578 in
3273 2541 3352 2590 se,
3386 2525 3663 2597 animique

2061 2606 2375 2664 fortitudine
2404 2608 2572 2664 fretus
2613 2625 2712 2665 sua
2759 2612 3145 2667 commoditate
3198 2612 3510 2684 posthabita
3566 2615 3667 2671 do-

2058 2711 2178 2752 mos
2201 2696 2273 2753 ad
2302 2712 2442 2768 opus
2472 2699 2866 2755 monachorum
2919 2699 3254 2756 necessarias
3296 2703 3459 2757 citato
3490 2718 3662 2773 opere

2060 2785 2475 2842 consummavit.
2508 2785 2717 2856 Quibus
2746 2786 2837 2842 ubi
2865 2803 2968 2858 per
2994 2788 3179 2860 plures
3208 2805 3377 2846 annos
3403 2791 3482 2846 usi
3511 2799 3662 2860 sunt,

2059 2872 2291 2930 adaucta
2313 2890 2501 2931 eorum
2530 2883 2817 2945 conventu,
2839 2892 3027 2947 parva
3048 2877 3344 2934 admodum
3366 2879 3501 2935 visa
3521 2889 3664 2936 sunt.

2057 2962 2361 3020 Destructis
2390 2964 2573 3034 itaque
2600 2963 2729 3031 illis,
2763 2963 2897 3019 alias
2927 2965 3122 3022 decore
3178 2982 3245 3024 ac
3290 2968 3666 3039 magnitudine

2058 3049 2336 3122 prioribus
2365 3051 2595 3107 multum
2625 3060 2948 3124 praestantes
3004 3053 3316 3112 aediﬁcavit.
3362 3056 3668 3114 Ediﬁcavit

1974 3143 2026 3209 C
2056 3146 2110 3194 et
2134 3140 2341 3196 curiam
2397 3139 2522 3210 sibi,
2580 3141 2868 3198 ecclesiam
2924 3150 3206 3213 praterea,
3265 3160 3429 3215 quam
3485 3145 3662 3217 spatio

2055 3235 2262 3300 septem
2291 3243 2557 3285 annorum
2587 3246 2620 3284 a
2648 3228 3010 3286 fundamentis
3041 3230 3214 3287 ferme
3243 3240 3410 3288 totam
3464 3234 3660 3305 perfe-

2055 3324 2198 3372 ctam
2226 3317 2502 3387 reddidit;
2535 3317 2591 3373 in
2620 3318 2831 3389 cappis,
2863 3318 3081 3387 casulis,
3115 3320 3440 3389 dalmaticis,
3474 3321 3667 3378 tunicis

2057 3421 2189 3461 auro
2218 3405 2510 3479 magniﬁce
2539 3406 2830 3479 insignitis,
2858 3406 3060 3477 palliis,
3092 3416 3147 3462 et
3175 3408 3295 3463 aliis
3333 3411 3666 3467 ornamentis

2058 3494 2239 3550 multis
2285 3510 2349 3550 ac
2384 3494 2646 3565 preciosis
2683 3494 2939 3551 nobiliter
2984 3496 3277 3553 decoravit.
3342 3497 3492 3570 Erga
3547 3499 3665 3554 fra-

2060 3590 2167 3638 tres
2195 3590 2376 3639 autem
2396 3582 2567 3654 ipsius
2598 3582 2844 3640 ecclesia
2872 3600 3034 3654 quam
3062 3584 3260 3653 bonus,
3293 3577 3457 3657 quam
3510 3586 3655 3658 pius,

2061 3687 2224 3742 quam
2252 3671 2528 3729 beneﬁcus
2556 3671 2838 3741 exstiterit,
2867 3671 2996 3727 inde
3050 3673 3439 3744 aliquantulum
3478 3675 3663 3750 colligi

2059 3765 2262 3831 potest,
2298 3761 2445 3833 quod
2474 3777 2578 3817 nec
2607 3777 2673 3817 ex
2702 3761 3018 3833 parentibus
3047 3769 3137 3817 aut
3164 3762 3420 3819 fratribus
3475 3780 3661 3821 eorum

2060 3849 2330 3906 sustinere
2358 3857 2569 3921 poterat
2596 3849 2826 3921 penuria
2851 3849 2960 3905 ulla
2989 3866 3317 3922 quemquam
3355 3851 3542 3925 aﬁligi.
3574 3853 3664 3924 Et,

2064 3940 2210 4007 quod
2240 3938 2420 4012 magis
2450 3938 2588 3995 forte
2618 3939 2851 4007 mireris,
2909 3939 2966 3994 in
3020 3956 3177 3995 usum
3223 3949 3505 4012 acceperat
3557 3958 3668 3999 non

2064 4035 2382 4096 exspectare
2408 4034 2468 4083 ut
2494 4026 2788 4084 subvenire
2816 4035 3119 4099 rogaretur,
3150 4028 3248 4084 sed
3276 4029 3665 4086 misericordia

2063 4114 2361 4170 visceribus
2388 4115 2602 4185 plenus,
2634 4116 2801 4170 modo
2831 4116 2976 4184 huic,
3008 4116 3173 4172 modo
3202 4115 3280 4171 illi
3309 4117 3448 4173 ultro
3479 4117 3667 4176 offere-

2063 4203 2176 4272 bat,
2211 4204 2357 4274 quod
2388 4203 2569 4275 egenti
2617 4211 2851 4274 cognato
2906 4219 3007 4273 per
3060 4203 3351 4275 plurimum
3408 4204 3670 4276 temporis

2066 4292 2269 4347 auxilio
2299 4307 2417 4347 esse
2446 4289 2669 4347 valeret.
2703 4292 2764 4346 In
2794 4305 2903 4363 quo
2932 4299 3113 4347 tamen
3131 4308 3352 4363 semper
3370 4293 3669 4351 ducebatur

2064 4380 2342 4451 pracipua
2372 4380 2717 4449 discretione,
2750 4379 3089 4436 considerata
3117 4380 3373 4437 videlicet
3406 4397 3579 4453 penes
3608 4398 3670 4440 se

359 4491 588 4547 operam
626 4475 812 4545 dabat,
862 4484 919 4533 et
954 4494 1143 4550 regem
1189 4479 1307 4534 Deo
1356 4479 1615 4534 devotum
1644 4477 1875 4546 efficere,
1906 4480 1962 4532 et
1982 4507 2035 4569 D
2067 4467 3079 4569 merita.ac-necessitate‘cujusque.{td
3098 4467 3237 4538 hac,
3261 4469 3482 4569 quidam
3498 4470 3669 4569 ipsius

357 4564 681 4636 religionem
712 4581 924 4621 morum
980 4565 1250 4622 bonorum
1309 4566 1366 4621 in
1417 4566 1625 4623 cunctis
1678 4565 1961 4622 ordinibus

356 4652 646 4708 hominum
677 4669 780 4723 per
810 4657 987 4710 totum
1016 4672 1245 4727 regnum
1272 4670 1553 4712 renovare.
1584 4655 1698 4710 Nec
1724 4656 1966 4725 privatus

357 4748 442 4797 est
497 4742 774 4798 desiderio
832 4759 985 4799 suo:
1026 4744 1254 4799 multum
1313 4745 1457 4799 enim
1512 4743 1656 4798 illius
1709 4742 1967 4799 instantia

355 4838 521 4901 atque
552 4830 802 4886 doctrina
830 4847 931 4902 per
957 4840 1128 4888 totam
1160 4840 1356 4889 terram
1386 4833 1537 4887 illam
1585 4831 1779 4903 religio
1807 4839 1968 4887 aucta

352 4926 455 4987 est,
489 4926 544 4974 et
571 4918 774 4989 ubique
826 4936 971 4976 nova
1025 4920 1479 4976 monasteriorum
1528 4919 1784 4990 adiﬁcia,
1829 4920 1972 4975 sicut

356 5005 522 5062 hodie
588 5017 834 5077 apparet,
903 5016 1228 5065 constructa.
1308 5008 1550 5077 Quorum
1614 5008 1969 5066 adiﬁciorum

353 5095 826 5152 constructoribus
882 5097 1000 5169 ipse
1051 5097 1262 5167 primus
1321 5096 1632 5168 exemplum
1687 5096 1966 5168 praebens,

353 5183 659 5240 Ecclesiam
717 5184 919 5240 Christi
976 5185 1440 5254 Cantuariensem,
1506 5200 1634 5240 cum
1714 5183 1970 5241 omnibus

352 5270 587 5327 aﬁicinis
618 5288 739 5344 qua
771 5272 915 5328 infra
958 5291 1174 5330 murum
1221 5275 1392 5346 ipsius
1448 5274 1615 5330 curiae
1645 5280 1788 5341 sunt,
1844 5289 1968 5328 cum

351 5359 474 5430 ipso
532 5376 689 5417 muro
748 5362 1059 5419 aediﬁcavit.
1093 5362 1213 5432 Qua
1246 5378 1378 5419 vero
1416 5361 1726 5433 prudentia,
1764 5369 1819 5417 et
1857 5376 1964 5432 quo

346 5448 691 5519 paternitatis
721 5448 897 5506 oﬁicia
925 5453 1227 5508 monachos
1255 5450 1312 5506 in
1340 5451 1533 5506 eadem
1563 5449 1810 5506 Ecclesia
1837 5465 1964 5507 con-

347 5537 597 5593 sistentes
644 5554 677 5592 a
721 5538 972 5595 saculari
1018 5539 1147 5606 vita,
1189 5539 1246 5595 in
1284 5554 1393 5612 qua
1431 5538 1554 5596 illos
1590 5538 1797 5597 invenit
1833 5537 1959 5611 plus

351 5641 514 5697 aqua
543 5626 772 5701 versari,
807 5628 1057 5700 erexerit,
1114 5628 1371 5710 omnique
1407 5635 1613 5687 sanctae
1669 5642 1964 5690 conversa-

2071 4558 2306 4615 cmnobii
2336 4558 2502 4613 frater
2528 4557 2760 4630 singulis
2790 4556 2943 4611 annis
2959 4556 3172 4629 triginta
3198 4557 3404 4614 solidos
3423 4558 3671 4618 denarioc

2071 4664 2191 4703 rum
2220 4647 2287 4702 ad
2318 4663 2454 4719 opus
2484 4646 2672 4701 matris
2700 4661 2815 4701 sua
2845 4645 2915 4700 ab
2944 4644 3068 4716 ipsa
3098 4646 3255 4703 Patre
3281 4646 3491 4704 solebat
3518 4648 3670 4704 acci-

2070 4752 2221 4807 pere.
2252 4737 2389 4791 Huic
2410 4735 2643 4806 quadam
2673 4735 2795 4790 vice
2820 4732 2980 4789 solidi
3011 4734 3246 4806 quinque
3275 4735 3345 4793 de
3385 4736 3492 4792 illis
3520 4738 3670 4807 (nam

2074 4825 2249 4881 divise
2267 4832 2680 4895 pertemporum
2700 4822 2846 4879 vices
2855 4821 3291 4897 conferebantur)
3310 4841 3376 4880 ex
3395 4834 3670 4899 pracepto

2072 4913 2188 4983 ejus
2218 4913 2326 4969 dati
2355 4920 2512 4977 sunt;
2547 4927 2684 4982 quos
2714 4910 2832 4983 ipse
2852 4911 2908 4966 in
2927 4927 3110 4983 panno
3138 4911 3358 4986 ligatos,
3388 4915 3549 4971 matri
3579 4915 3668 4972 lo-

2073 5018 2245 5074 quens
2274 5001 2330 5056 in
2345 5016 2566 5056 manum
2586 5000 2724 5056 sicut
2740 4999 2968 5071 putabat
2987 5000 3231 5058 clanculo
3246 5002 3414 5059 dedit.
3437 5005 3513 5059 At
3532 5004 3669 5076 ipsa,

2071 5090 2208 5146 alias
2237 5098 2419 5146 mente
2444 5090 2671 5157 intenta,
2695 5088 2825 5159 quid
2854 5088 2995 5144 ﬁlius
3025 5090 3233 5147 faceret
3260 5107 3369 5149 non
3397 5093 3667 5171 advertit;

2071 5188 2126 5236 et
2153 5180 2230 5236 ita
2256 5179 2494 5234 nummis
2526 5177 2919 5247 decidentibus,
2959 5178 3120 5235 divisi
3149 5180 3220 5236 ab
3256 5181 3492 5238 invicem
3546 5188 3670 5240 sunt

2070 5278 2248 5326 mater
2274 5276 2327 5324 et
2353 5267 2518 5323 ﬁlius.
2540 5268 2678 5343 Post
2704 5266 2822 5323 hac
2850 5267 3131 5326 mandavit
3155 5269 3353 5327 mulier
3380 5269 3492 5327 ﬁlio
3545 5286 3665 5342 suo,

2069 5358 2210 5414 scire
2237 5356 2425 5415 volens
2452 5355 2582 5427 quid
2609 5355 2678 5411 de
2706 5356 2945 5411 nummis
2974 5366 3151 5413 actum
3182 5358 3365 5425 fuerit,
3400 5374 3534 5429 quos
3563 5360 3668 5415 sibi

2068 5462 2127 5503 se
2156 5446 2407 5502 daturum
2435 5444 2822 5517 spoponderat.
2858 5444 3168 5502 Admiratus
3185 5447 3276 5503 ille
3305 5447 3432 5502 fecit
3446 5463 3671 5504 eamve-

2068 5534 2184 5591 nire
2213 5535 2284 5590 ad
2312 5547 2388 5589 se.
2408 5533 2475 5589 Et
2503 5532 2728 5590 audiens
2755 5533 2835 5589 rei
2865 5542 3118 5591 eventum
3142 5535 3306 5590 tristis
3326 5533 3544 5590 effectus
3562 5543 3666 5608 est,

2064 5640 2176 5684 non
2206 5631 2411 5680 tantum
2438 5638 2539 5695 pro
2570 5622 2769 5702 damno
2791 5622 2938 5693 quod
2961 5623 3120 5704 matri
3140 5622 3458 5696 contigerat,
3482 5624 3580 5682 sed
3600 5640 3669 5680 ne
