  <div class='ocr_page' id='page_1' title='image "/cluster/home/n/w/nwhite01/storage/ocr_20150623/159/hvd.32044054760178/183.png"; bbox 0 0 4036 6072; ppageno 0'>
   <div class='ocr_carea' id='block_1_1' title="bbox 373 309 473 361">
    <p class='ocr_par' dir='ltr' id='par_1_1' title="bbox 373 309 473 361">
     <span class='ocr_line' id='line_1_1' title="bbox 373 309 473 361; baseline -0.02 0"><span class='ocrx_word' id='word_1_1' title='bbox 373 309 473 361; x_wconf 67' lang='grc'>355</span> 
     </span>
    </p>
   </div>
   <div class='ocr_carea' id='block_1_2' title="bbox 1376 293 2651 354">
    <p class='ocr_par' dir='ltr' id='par_1_2' title="bbox 1376 293 2651 354">
     <span class='ocr_line' id='line_1_2' title="bbox 1376 293 2651 354; baseline 0.002 -4"><span class='ocrx_word' id='word_1_2' title='bbox 1376 295 1688 350; x_wconf 67' lang='grc' dir='ltr'>ΕᾹΟΜΕΒΙ</span> <span class='ocrx_word' id='word_1_3' title='bbox 1731 293 2293 352; x_wconf 76' lang='lat' dir='ltr'>CANTUARIENSIS</span> <span class='ocrx_word' id='word_1_4' title='bbox 2335 298 2651 354; x_wconf 72' lang='lat' dir='ltr'>MONACIII</span> 
     </span>
    </p>
   </div>
   <div class='ocr_carea' id='block_1_3' title="bbox 3565 307 3663 362">
    <p class='ocr_par' dir='ltr' id='par_1_3' title="bbox 3565 307 3663 362">
     <span class='ocr_line' id='line_1_3' title="bbox 3565 307 3663 362; baseline 0.041 -4"><span class='ocrx_word' id='word_1_5' title='bbox 3565 307 3663 362; x_wconf 66' lang='lat'>3356</span> 
     </span>
    </p>
   </div>
   <div class='ocr_carea' id='block_1_4' title="bbox 372 423 3672 504">
    <p class='ocr_par' dir='ltr' id='par_1_4' title="bbox 372 423 3672 504">
     <span class='ocr_line' id='line_1_4' title="bbox 372 423 3672 504; baseline 0 -20"><span class='ocrx_word' id='word_1_6' title='bbox 372 436 474 490; x_wconf 78' lang='lat' dir='ltr'>hoe</span> <span class='ocrx_word' id='word_1_7' title='bbox 508 431 939 504; x_wconf 67' lang='lat' dir='ltr'>archiepiscopus</span> <span class='ocrx_word' id='word_1_8' title='bbox 968 428 1160 493; x_wconf 84' lang='lat' dir='ltr'>sciens,</span> <span class='ocrx_word' id='word_1_9' title='bbox 1196 427 1265 480; x_wconf 87' lang='lat' dir='ltr'>ob</span> <span class='ocrx_word' id='word_1_10' title='bbox 1296 423 1551 477; x_wconf 78' lang='lat' dir='ltr'>incuriam</span> <span class='ocrx_word' id='word_1_11' title='bbox 1586 439 1743 476; x_wconf 72' lang='lat' dir='ltr'>suam</span> <span class='ocrx_word' id='word_1_12' title='bbox 1781 423 1965 477; x_wconf 89' lang='lat' dir='ltr'>irrita-</span> <span class='ocrx_word' id='word_1_13' title='bbox 1993 423 2046 482; x_wconf 81' lang='grc' dir='ltr'>Α</span> <span class='ocrx_word' id='word_1_14' title='bbox 2077 441 2237 487; x_wconf 90' lang='grc'><strong>1111111;</strong></span> <span class='ocrx_word' id='word_1_15' title='bbox 2285 425 2554 480; x_wconf 73' lang='lat' dir='ltr'>ministros</span> <span class='ocrx_word' id='word_1_16' title='bbox 2597 442 2808 496; x_wconf 83' lang='lat' dir='ltr'>quoque.</span> <span class='ocrx_word' id='word_1_17' title='bbox 2850 434 3011 496; x_wconf 87' lang='lat' dir='ltr'>atque</span> <span class='ocrx_word' id='word_1_18' title='bbox 3057 427 3303 482; x_wconf 77' lang='lat' dir='ltr'>custodes.</span> <span class='ocrx_word' id='word_1_19' title='bbox 3351 429 3437 498; x_wconf 98' lang='lat' dir='ltr'>qui</span> <span class='ocrx_word' id='word_1_20' title='bbox 3495 431 3672 486; x_wconf 89' lang='lat' dir='ltr'>modis</span> 
     </span>
    </p>
   </div>
   <div class='ocr_carea' id='block_1_5' title="bbox 367 513 1959 591">
    <p class='ocr_par' dir='ltr' id='par_1_5' title="bbox 367 513 1959 591">
     <span class='ocr_line' id='line_1_5' title="bbox 367 513 1959 591; baseline -0.009 -14"><span class='ocrx_word' id='word_1_21' title='bbox 367 533 473 591; x_wconf 87' lang='lat' dir='ltr'>tus,</span> <span class='ocrx_word' id='word_1_22' title='bbox 506 541 625 577; x_wconf 70' lang='lat' dir='ltr'>eum</span> <span class='ocrx_word' id='word_1_23' title='bbox 663 523 994 590; x_wconf 78' lang='lat' dir='ltr'>aliquatenus</span> <span class='ocrx_word' id='word_1_24' title='bbox 1027 515 1200 586; x_wconf 39' lang='lat' dir='ltr'>gratia.</span> <span class='ocrx_word' id='word_1_25' title='bbox 1231 529 1327 566; x_wconf 83' lang='lat' dir='ltr'>sua</span> <span class='ocrx_word' id='word_1_26' title='bbox 1360 514 1614 581; x_wconf 83' lang='lat' dir='ltr'>pi&#39;ivaret.</span> <span class='ocrx_word' id='word_1_27' title='bbox 1652 513 1792 564; x_wconf 71' lang='lat' dir='ltr'>Inter</span> <span class='ocrx_word' id='word_1_28' title='bbox 1825 513 1959 579; x_wconf 59' lang='lat' dir='ltr'>hare,</span> 
     </span>
    </p>
   </div>
   <div class='ocr_carea' id='block_1_6' title="bbox 371 602 1960 684">
    <p class='ocr_par' dir='ltr' id='par_1_6' title="bbox 371 602 1960 684">
     <span class='ocr_line' id='line_1_6' title="bbox 371 602 1960 684; baseline -0.008 -20"><span class='ocrx_word' id='word_1_29' title='bbox 371 615 489 684; x_wconf 75' lang='lat' dir='ltr'>pius</span> <span class='ocrx_word' id='word_1_30' title='bbox 523 616 681 666; x_wconf 77' lang='lat' dir='ltr'>Pater</span> <span class='ocrx_word' id='word_1_31' title='bbox 713 629 806 679; x_wconf 87' lang='lat' dir='ltr'>pro</span> <span class='ocrx_word' id='word_1_32' title='bbox 842 624 988 660; x_wconf 77' lang='lat' dir='ltr'>more,</span> <span class='ocrx_word' id='word_1_33' title='bbox 1046 605 1336 658; x_wconf 86' lang='lat' dir='ltr'>claustrum</span> <span class='ocrx_word' id='word_1_34' title='bbox 1401 602 1658 653; x_wconf 69' lang='lat' dir='ltr'>inminens</span> <span class='ocrx_word' id='word_1_35' title='bbox 1711 602 1867 668; x_wconf 79' lang='lat' dir='ltr'>sedit,</span> <span class='ocrx_word' id='word_1_36' title='bbox 1902 618 1960 653; x_wconf 83' lang='lat' dir='ltr'>ae</span> 
     </span>
    </p>
   </div>
   <div class='ocr_carea' id='block_1_7' title="bbox 375 692 1961 760">
    <p class='ocr_par' dir='ltr' id='par_1_7' title="bbox 375 692 1961 760">
     <span class='ocr_line' id='line_1_7' title="bbox 375 692 1961 760; baseline -0.009 -5"><span class='ocrx_word' id='word_1_37' title='bbox 375 705 593 756; x_wconf 87' lang='lat' dir='ltr'>fratrem</span> <span class='ocrx_word' id='word_1_38' title='bbox 652 716 681 752; x_wconf 87' lang='lat' dir='ltr'>a</span> <span class='ocrx_word' id='word_1_39' title='bbox 713 707 951 750; x_wconf 84' lang='lat' dir='ltr'>materno</span> <span class='ocrx_word' id='word_1_40' title='bbox 1009 694 1280 760; x_wconf 71' lang='lat' dir='ltr'>eolhiiquio</span> <span class='ocrx_word' id='word_1_41' title='bbox 1339 692 1648 743; x_wconf 62' lang='grc'><strong>101101111111111</strong></span> <span class='ocrx_word' id='word_1_42' title='bbox 1711 699 1961 742; x_wconf 60' lang='lat' dir='ltr'>nm&#39;stum</span> 
     </span>
    </p>
   </div>
   <div class='ocr_carea' id='block_1_8' title="bbox 373 780 1962 852">
    <p class='ocr_par' dir='ltr' id='par_1_8' title="bbox 373 780 1962 852">
     <span class='ocr_line' id='line_1_8' title="bbox 373 780 1962 852; baseline -0.009 -8"><span class='ocrx_word' id='word_1_43' title='bbox 373 793 605 852; x_wconf 84' lang='lat' dir='ltr'>intuens,</span> <span class='ocrx_word' id='word_1_44' title='bbox 665 786 884 840; x_wconf 77' lang='lat' dir='ltr'>reimfitis</span> <span class='ocrx_word' id='word_1_45' title='bbox 942 784 1082 847; x_wconf 76' lang='lat' dir='ltr'>aliis,</span> <span class='ocrx_word' id='word_1_46' title='bbox 1140 797 1354 834; x_wconf 60' lang='lat' dir='ltr'>causam</span> <span class='ocrx_word' id='word_1_47' title='bbox 1415 780 1686 833; x_wconf 70' lang='grc' dir='ltr'><strong>11111·ςι11111ι</strong></span> <span class='ocrx_word' id='word_1_48' title='bbox 1736 780 1850 846; x_wconf 86' lang='lat' dir='ltr'>ejus</span> <span class='ocrx_word' id='word_1_49' title='bbox 1907 795 1962 830; x_wconf 74' lang='lat' dir='ltr'>se</span> 
     </span>
    </p>
   </div>
   <div class='ocr_carea' id='block_1_9' title="bbox 370 867 1964 947">
    <p class='ocr_par' dir='ltr' id='par_1_9' title="bbox 370 867 1964 947">
     <span class='ocr_line' id='line_1_9' title="bbox 370 867 1964 947; baseline -0.009 -14"><span class='ocrx_word' id='word_1_50' title='bbox 370 889 513 934; x_wconf 88' lang='lat' dir='ltr'>crete</span> <span class='ocrx_word' id='word_1_51' title='bbox 545 875 822 947; x_wconf 81' lang='lat' dir='ltr'>perquirit,</span> <span class='ocrx_word' id='word_1_52' title='bbox 857 873 1003 925; x_wconf 84' lang='lat' dir='ltr'>audit</span> <span class='ocrx_word' id='word_1_53' title='bbox 1034 880 1085 924; x_wconf 90' lang='lat' dir='ltr'>et</span> <span class='ocrx_word' id='word_1_54' title='bbox 1142 870 1536 941; x_wconf 70' lang='lat' dir='ltr'>benignissimo</span> <span class='ocrx_word' id='word_1_55' title='bbox 1596 867 1764 927; x_wconf 84' lang='lat' dir='ltr'>vultu,</span> <span class='ocrx_word' id='word_1_56' title='bbox 1826 868 1964 920; x_wconf 87' lang='lat' dir='ltr'>sicut</span> 
     </span>
    </p>
   </div>
   <div class='ocr_carea' id='block_1_10' title="bbox 362 956 1959 1038">
    <p class='ocr_par' dir='ltr' id='par_1_10' title="bbox 362 956 1959 1038">
     <span class='ocr_line' id='line_1_10' title="bbox 362 956 1959 1038; baseline -0.008 -17"><span class='ocrx_word' id='word_1_57' title='bbox 362 968 566 1038; x_wconf 76' lang='lat' dir='ltr'>jugiter</span> <span class='ocrx_word' id='word_1_58' title='bbox 597 973 709 1019; x_wconf 90' lang='lat' dir='ltr'>erat</span> <span class='ocrx_word' id='word_1_59' title='bbox 739 965 876 1017; x_wconf 88' lang='lat' dir='ltr'>circa</span> <span class='ocrx_word' id='word_1_60' title='bbox 912 961 1157 1022; x_wconf 78' lang='lat' dir='ltr'>atllictos,</span> <span class='ocrx_word' id='word_1_61' title='bbox 1194 961 1262 1012; x_wconf 87' lang='lat' dir='ltr'>ita</span> <span class='ocrx_word' id='word_1_62' title='bbox 1293 958 1568 1026; x_wconf 68' lang='lat' dir='ltr'>respondit</span> <span class='ocrx_word' id='word_1_63' title='bbox 1606 975 1615 1010; x_wconf 96' lang='lat'><strong>:</strong></span> <span class='ocrx_word' id='word_1_64' title='bbox 1656 980 1676 1002; x_wconf 85' lang='grc'>‹‹</span> <span class='ocrx_word' id='word_1_65' title='bbox 1714 957 1783 1009; x_wconf 81' lang='lat' dir='ltr'>Et</span> <span class='ocrx_word' id='word_1_66' title='bbox 1814 956 1959 1027; x_wconf 86' lang='lat' dir='ltr'>inde,</span> 
     </span>
    </p>
   </div>
   <div class='ocr_carea' id='block_1_11' title="bbox 370 1046 1962 1114">
    <p class='ocr_par' dir='ltr' id='par_1_11' title="bbox 370 1046 1962 1114">
     <span class='ocr_line' id='line_1_11' title="bbox 370 1046 1962 1114; baseline -0.008 -5"><span class='ocrx_word' id='word_1_67' title='bbox 370 1056 442 1110; x_wconf 87' lang='lat' dir='ltr'>tili</span> <span class='ocrx_word' id='word_1_68' title='bbox 483 1055 553 1108; x_wconf 88' lang='lat' dir='ltr'>mi</span> <span class='ocrx_word' id='word_1_69' title='bbox 587 1053 920 1114; x_wconf 81' lang='lat' dir='ltr'>eharissime,</span> <span class='ocrx_word' id='word_1_70' title='bbox 955 1048 1287 1104; x_wconf 76' lang='lat' dir='ltr'>contristaris</span> <span class='ocrx_word' id='word_1_71' title='bbox 1307 1049 1333 1097; x_wconf 64' lang='lat'>1’</span> <span class='ocrx_word' id='word_1_72' title='bbox 1364 1046 1626 1099; x_wconf 85' lang='lat' dir='ltr'>Denarios</span> <span class='ocrx_word' id='word_1_73' title='bbox 1668 1046 1786 1099; x_wconf 88' lang='lat' dir='ltr'>illos</span> <span class='ocrx_word' id='word_1_74' title='bbox 1817 1046 1962 1098; x_wconf 79' lang='lat' dir='ltr'>Deus</span> 
     </span>
    </p>
   </div>
   <div class='ocr_carea' id='block_1_12' title="bbox 370 1135 1960 1213">
    <p class='ocr_par' dir='ltr' id='par_1_12' title="bbox 370 1135 1960 1213">
     <span class='ocr_line' id='line_1_12' title="bbox 370 1135 1960 1213; baseline -0.007 -14"><span class='ocrx_word' id='word_1_75' title='bbox 370 1146 460 1199; x_wconf 87' lang='lat' dir='ltr'>alii</span> <span class='ocrx_word' id='word_1_76' title='bbox 493 1142 900 1213; x_wconf 67' lang='lat' dir='ltr'>przmlestinavit</span> <span class='ocrx_word' id='word_1_77' title='bbox 933 1138 1248 1203; x_wconf 75' lang='lat' dir='ltr'>etcontulit,</span> <span class='ocrx_word' id='word_1_78' title='bbox 1283 1137 1368 1204; x_wconf 91' lang='lat' dir='ltr'>qui</span> <span class='ocrx_word' id='word_1_79' title='bbox 1403 1135 1482 1189; x_wconf 85' lang='lat' dir='ltr'>eis</span> <span class='ocrx_word' id='word_1_80' title='bbox 1514 1135 1632 1204; x_wconf 90' lang='lat' dir='ltr'>plus</span> <span class='ocrx_word' id='word_1_81' title='bbox 1669 1142 1838 1188; x_wconf 89' lang='lat' dir='ltr'>matre</span> <span class='ocrx_word' id='word_1_82' title='bbox 1869 1139 1960 1188; x_wconf 77' lang='lat' dir='ltr'>tua</span> 
     </span>
    </p>
   </div>
   <div class='ocr_carea' id='block_1_13' title="bbox 366 1224 1959 1301">
    <p class='ocr_par' dir='ltr' id='par_1_13' title="bbox 366 1224 1959 1301">
     <span class='ocr_line' id='line_1_13' title="bbox 366 1224 1959 1301; baseline -0.007 -13"><span class='ocrx_word' id='word_1_83' title='bbox 366 1234 613 1288; x_wconf 80' lang='lat' dir='ltr'>fortassis</span> <span class='ocrx_word' id='word_1_84' title='bbox 643 1231 899 1301; x_wconf 77' lang='lat' dir='ltr'>iudiguit.</span> <span class='ocrx_word' id='word_1_85' title='bbox 938 1229 1097 1290; x_wconf 74' lang='lat' dir='ltr'>Tace,</span> <span class='ocrx_word' id='word_1_86' title='bbox 1132 1237 1181 1279; x_wconf 87' lang='lat' dir='ltr'>et</span> <span class='ocrx_word' id='word_1_87' title='bbox 1211 1242 1277 1278; x_wconf 89' lang='lat' dir='ltr'>ne</span> <span class='ocrx_word' id='word_1_88' title='bbox 1308 1225 1556 1292; x_wconf 82' lang='lat' dir='ltr'>cuiquam</span> <span class='ocrx_word' id='word_1_89' title='bbox 1608 1224 1731 1276; x_wconf 89' lang='lat' dir='ltr'>inde</span> <span class='ocrx_word' id='word_1_90' title='bbox 1763 1224 1959 1294; x_wconf 79' lang='lat' dir='ltr'>loqua—</span> 
     </span>
    </p>
   </div>
   <div class='ocr_carea' id='block_1_14' title="bbox 368 1313 1958 1391">
    <p class='ocr_par' dir='ltr' id='par_1_14' title="bbox 368 1313 1958 1391">
     <span class='ocr_line' id='line_1_14' title="bbox 368 1313 1958 1391; baseline -0.008 -15"><span class='ocrx_word' id='word_1_91' title='bbox 368 1323 441 1376; x_wconf 84' lang='lat' dir='ltr'>ris</span> <span class='ocrx_word' id='word_1_92' title='bbox 470 1322 760 1391; x_wconf 70' lang='lat' dir='ltr'>diligenter</span> <span class='ocrx_word' id='word_1_93' title='bbox 789 1318 1023 1372; x_wconf 86' lang='lat' dir='ltr'>attende.</span> <span class='ocrx_word' id='word_1_94' title='bbox 1059 1320 1134 1370; x_wconf 72' lang='lat' dir='ltr'>Ac</span> <span class='ocrx_word' id='word_1_95' title='bbox 1165 1332 1230 1367; x_wconf 88' lang='lat' dir='ltr'>ne</span> <span class='ocrx_word' id='word_1_96' title='bbox 1263 1314 1408 1383; x_wconf 90' lang='lat' dir='ltr'>quod</span> <span class='ocrx_word' id='word_1_97' title='bbox 1464 1322 1638 1365; x_wconf 76' lang='lat' dir='ltr'>aetum</span> <span class='ocrx_word' id='word_1_98' title='bbox 1698 1322 1779 1366; x_wconf 82' lang='lat' dir='ltr'>est</span> <span class='ocrx_word' id='word_1_99' title='bbox 1835 1313 1958 1364; x_wconf 85' lang='lat' dir='ltr'>ani-</span> 
     </span>
    </p>
   </div>
   <div class='ocr_carea' id='block_1_15' title="bbox 368 1402 1962 1474">
    <p class='ocr_par' dir='ltr' id='par_1_15' title="bbox 368 1402 1962 1474">
     <span class='ocr_line' id='line_1_15' title="bbox 368 1402 1962 1474; baseline -0.007 -9"><span class='ocrx_word' id='word_1_100' title='bbox 368 1429 512 1465; x_wconf 89' lang='lat' dir='ltr'>mum</span> <span class='ocrx_word' id='word_1_101' title='bbox 547 1419 694 1463; x_wconf 89' lang='lat' dir='ltr'>tuum</span> <span class='ocrx_word' id='word_1_102' title='bbox 726 1407 809 1460; x_wconf 86' lang='lat' dir='ltr'>vel</span> <span class='ocrx_word' id='word_1_103' title='bbox 841 1405 1111 1459; x_wconf 75' lang='lat' dir='ltr'>modicum</span> <span class='ocrx_word' id='word_1_104' title='bbox 1141 1410 1348 1474; x_wconf 68' lang='lat' dir='ltr'>gravet,</span> <span class='ocrx_word' id='word_1_105' title='bbox 1383 1402 1590 1454; x_wconf 82' lang='lat' dir='ltr'>solidos</span> <span class='ocrx_word' id='word_1_106' title='bbox 1622 1411 1829 1469; x_wconf 82' lang='lat' dir='ltr'>septem</span> <span class='ocrx_word' id='word_1_107' title='bbox 1861 1417 1962 1469; x_wconf 87' lang='lat' dir='ltr'>pro</span> 
     </span>
    </p>
   </div>
   <div class='ocr_carea' id='block_1_16' title="bbox 367 1490 1961 1568">
    <p class='ocr_par' dir='ltr' id='par_1_16' title="bbox 367 1490 1961 1568">
     <span class='ocr_line' id='line_1_16' title="bbox 367 1490 1961 1568; baseline -0.008 -13"><span class='ocrx_word' id='word_1_108' title='bbox 367 1501 477 1555; x_wconf 82' lang='lat' dir='ltr'>illis</span> <span class='ocrx_word' id='word_1_109' title='bbox 510 1499 743 1568; x_wconf 84' lang='lat' dir='ltr'>quinque</span> <span class='ocrx_word' id='word_1_110' title='bbox 777 1497 846 1549; x_wconf 89' lang='lat' dir='ltr'>ad</span> <span class='ocrx_word' id='word_1_111' title='bbox 878 1495 1160 1547; x_wconf 89' lang='lat' dir='ltr'>utilitatem</span> <span class='ocrx_word' id='word_1_112' title='bbox 1195 1491 1373 1544; x_wconf 78' lang='lat' dir='ltr'>matris</span> <span class='ocrx_word' id='word_1_113' title='bbox 1405 1499 1509 1544; x_wconf 65' lang='lat' dir='ltr'>tua:</span> <span class='ocrx_word' id='word_1_114' title='bbox 1543 1491 1809 1543; x_wconf 87' lang='lat' dir='ltr'>tibihodie</span> <span class='ocrx_word' id='word_1_115' title='bbox 1842 1490 1961 1543; x_wconf 88' lang='lat' dir='ltr'>dari</span> 
     </span>
    </p>
   </div>
   <div class='ocr_carea' id='block_1_17' title="bbox 366 1580 1962 1661">
    <p class='ocr_par' dir='ltr' id='par_1_17' title="bbox 366 1580 1962 1661">
     <span class='ocr_line' id='line_1_17' title="bbox 366 1580 1962 1661; baseline -0.007 -18"><span class='ocrx_word' id='word_1_116' title='bbox 366 1589 700 1661; x_wconf 59' lang='lat' dir='ltr'>prankipiam.</span> <span class='ocrx_word' id='word_1_117' title='bbox 728 1583 851 1647; x_wconf 76' lang='lat' dir='ltr'>Sed,</span> <span class='ocrx_word' id='word_1_118' title='bbox 879 1583 1077 1643; x_wconf 71' lang='lat' dir='ltr'>utdixi,</span> <span class='ocrx_word' id='word_1_119' title='bbox 1101 1581 1228 1634; x_wconf 89' lang='lat' dir='ltr'>inde</span> <span class='ocrx_word' id='word_1_120' title='bbox 1265 1581 1318 1632; x_wconf 89' lang='lat' dir='ltr'>id</span> <span class='ocrx_word' id='word_1_121' title='bbox 1347 1596 1504 1632; x_wconf 81' lang='lat' dir='ltr'>nemo</span> <span class='ocrx_word' id='word_1_122' title='bbox 1525 1580 1678 1632; x_wconf 83' lang='lat' dir='ltr'>sciat.</span> <span class='ocrx_word' id='word_1_123' title='bbox 1721 1603 1740 1624; x_wconf 76' lang='grc' dir='ltr'>ιι</span> <span class='ocrx_word' id='word_1_124' title='bbox 1781 1582 1962 1648; x_wconf 79' lang='lat' dir='ltr'>Ipsum</span> 
     </span>
    </p>
   </div>
   <div class='ocr_carea' id='block_1_18' title="bbox 372 1669 1966 1747">
    <p class='ocr_par' dir='ltr' id='par_1_18' title="bbox 372 1669 1966 1747">
     <span class='ocr_line' id='line_1_18' title="bbox 372 1669 1966 1747; baseline -0.006 -15"><span class='ocrx_word' id='word_1_125' title='bbox 372 1679 571 1747; x_wconf 87' lang='lat' dir='ltr'>quippe</span> <span class='ocrx_word' id='word_1_126' title='bbox 606 1691 756 1730; x_wconf 86' lang='lat' dir='ltr'>usum</span> <span class='ocrx_word' id='word_1_127' title='bbox 789 1674 841 1726; x_wconf 91' lang='lat' dir='ltr'>in</span> <span class='ocrx_word' id='word_1_128' title='bbox 877 1673 1054 1725; x_wconf 86' lang='lat' dir='ltr'>dando</span> <span class='ocrx_word' id='word_1_129' title='bbox 1087 1670 1338 1732; x_wconf 86' lang='lat' dir='ltr'>habebat,</span> <span class='ocrx_word' id='word_1_130' title='bbox 1373 1677 1428 1722; x_wconf 91' lang='lat' dir='ltr'>ut</span> <span class='ocrx_word' id='word_1_131' title='bbox 1487 1669 1665 1721; x_wconf 86' lang='lat' dir='ltr'>danda</span> <span class='ocrx_word' id='word_1_132' title='bbox 1723 1669 1966 1722; x_wconf 86' lang='lat' dir='ltr'>hilariter</span> 
     </span>
    </p>
   </div>
   <div class='ocr_carea' id='block_1_19' title="bbox 2073 514 3669 589">
    <p class='ocr_par' dir='ltr' id='par_1_19' title="bbox 2073 514 3669 589">
     <span class='ocr_line' id='line_1_19' title="bbox 2073 514 3669 589; baseline 0.006 -25"><span class='ocrx_word' id='word_1_133' title='bbox 2073 514 2323 566; x_wconf 59' lang='lat' dir='ltr'>on‘mihus</span> <span class='ocrx_word' id='word_1_134' title='bbox 2370 515 2718 569; x_wconf 65' lang='lat' dir='ltr'>observarent</span> <span class='ocrx_word' id='word_1_135' title='bbox 2765 533 2831 568; x_wconf 84' lang='lat' dir='ltr'>ne</span> <span class='ocrx_word' id='word_1_136' title='bbox 2883 517 3083 586; x_wconf 89' lang='lat' dir='ltr'>aliquid</span> <span class='ocrx_word' id='word_1_137' title='bbox 3123 517 3199 569; x_wconf 84' lang='lat' dir='ltr'>eis</span> <span class='ocrx_word' id='word_1_138' title='bbox 3230 517 3460 581; x_wconf 85' lang='lat' dir='ltr'>deesset,</span> <span class='ocrx_word' id='word_1_139' title='bbox 3494 535 3669 589; x_wconf 86' lang='lat' dir='ltr'>neque</span> 
     </span>
    </p>
   </div>
   <div class='ocr_carea' id='block_1_20' title="bbox 2074 602 3670 670">
    <p class='ocr_par' dir='ltr' id='par_1_20' title="bbox 2074 602 3670 670">
     <span class='ocr_line' id='line_1_20' title="bbox 2074 602 3670 670; baseline 0.005 -17"><span class='ocrx_word' id='word_1_140' title='bbox 2074 602 2200 655; x_wconf 86' lang='lat' dir='ltr'>viris</span> <span class='ocrx_word' id='word_1_141' title='bbox 2251 603 2315 655; x_wconf 89' lang='lat' dir='ltr'>ad</span> <span class='ocrx_word' id='word_1_142' title='bbox 2370 604 2617 670; x_wconf 74' lang='lat' dir='ltr'>feminz&#39;is,</span> <span class='ocrx_word' id='word_1_143' title='bbox 2674 605 2760 658; x_wconf 83' lang='lat' dir='ltr'>vel</span> <span class='ocrx_word' id='word_1_144' title='bbox 2816 604 3030 659; x_wconf 80' lang='lat' dir='ltr'>feminis</span> <span class='ocrx_word' id='word_1_145' title='bbox 3087 605 3153 658; x_wconf 90' lang='lat' dir='ltr'>ad</span> <span class='ocrx_word' id='word_1_146' title='bbox 3202 605 3343 660; x_wconf 89' lang='lat' dir='ltr'>viros</span> <span class='ocrx_word' id='word_1_147' title='bbox 3373 607 3670 661; x_wconf 86' lang='lat' dir='ltr'>accedendi</span> 
     </span>
    </p>
   </div>
   <div class='ocr_carea' id='block_1_21' title="bbox 2072 689 3669 764">
    <p class='ocr_par' dir='ltr' id='par_1_21' title="bbox 2072 689 3669 764">
     <span class='ocr_line' id='line_1_21' title="bbox 2072 689 3669 764; baseline 0.005 -22"><span class='ocrx_word' id='word_1_148' title='bbox 2072 689 2298 744; x_wconf 78' lang='lat' dir='ltr'>facultas</span> <span class='ocrx_word' id='word_1_149' title='bbox 2328 693 2434 744; x_wconf 77' lang='lat' dir='ltr'>ulla</span> <span class='ocrx_word' id='word_1_150' title='bbox 2465 695 2692 746; x_wconf 72' lang='lat' dir='ltr'>tulesset.</span> <span class='ocrx_word' id='word_1_151' title='bbox 2726 695 2808 746; x_wconf 80' lang='lat' dir='ltr'>Ex</span> <span class='ocrx_word' id='word_1_152' title='bbox 2839 694 3004 747; x_wconf 85' lang='lat' dir='ltr'>altera.</span> <span class='ocrx_word' id='word_1_153' title='bbox 3057 709 3187 747; x_wconf 84' lang='lat' dir='ltr'>vero</span> <span class='ocrx_word' id='word_1_154' title='bbox 3235 703 3387 764; x_wconf 83' lang='lat' dir='ltr'>parte</span> <span class='ocrx_word' id='word_1_155' title='bbox 3433 695 3535 750; x_wconf 68' lang='lat' dir='ltr'>vite</span> <span class='ocrx_word' id='word_1_156' title='bbox 3585 711 3669 750; x_wconf 83' lang='lat' dir='ltr'>ec-</span> 
     </span>
    </p>
   </div>
   <div class='ocr_carea' id='block_1_22' title="bbox 2073 780 3666 854">
    <p class='ocr_par' dir='ltr' id='par_1_22' title="bbox 2073 780 3666 854">
     <span class='ocr_line' id='line_1_22' title="bbox 2073 780 3666 854; baseline 0.002 -20"><span class='ocrx_word' id='word_1_157' title='bbox 2073 780 2290 834; x_wconf 65' lang='lat' dir='ltr'>clesiam</span> <span class='ocrx_word' id='word_1_158' title='bbox 2322 782 2375 833; x_wconf 91' lang='lat' dir='ltr'>in</span> <span class='ocrx_word' id='word_1_159' title='bbox 2407 782 2669 835; x_wconf 80' lang='lat' dir='ltr'>honorem</span> <span class='ocrx_word' id='word_1_160' title='bbox 2702 782 2842 835; x_wconf 81' lang='lat' dir='ltr'>beati</span> <span class='ocrx_word' id='word_1_161' title='bbox 2876 783 3126 851; x_wconf 64' lang='lat' dir='ltr'>Gregorii</span> <span class='ocrx_word' id='word_1_162' title='bbox 3165 801 3323 852; x_wconf 67' lang='lat' dir='ltr'>papae</span> <span class='ocrx_word' id='word_1_163' title='bbox 3344 785 3666 854; x_wconf 72' lang='lat' dir='ltr'>composuit,</span> 
     </span>
    </p>
   </div>
   <div class='ocr_carea' id='block_1_23' title="bbox 2070 870 3667 942">
    <p class='ocr_par' dir='ltr' id='par_1_23' title="bbox 2070 870 3667 942">
     <span class='ocr_line' id='line_1_23' title="bbox 2070 870 3667 942; baseline 0.003 -19"><span class='ocrx_word' id='word_1_164' title='bbox 2070 870 2126 923; x_wconf 88' lang='lat' dir='ltr'>in</span> <span class='ocrx_word' id='word_1_165' title='bbox 2156 887 2259 938; x_wconf 86' lang='lat' dir='ltr'>qua</span> <span class='ocrx_word' id='word_1_166' title='bbox 2289 870 2577 925; x_wconf 80' lang='lat' dir='ltr'>canonicos</span> <span class='ocrx_word' id='word_1_167' title='bbox 2608 872 2803 940; x_wconf 78' lang='lat' dir='ltr'>posuit,</span> <span class='ocrx_word' id='word_1_168' title='bbox 2853 871 2941 940; x_wconf 90' lang='lat' dir='ltr'>qui</span> <span class='ocrx_word' id='word_1_169' title='bbox 2975 872 3291 942; x_wconf 78' lang='lat' dir='ltr'>regulariter</span> <span class='ocrx_word' id='word_1_170' title='bbox 3345 873 3587 927; x_wconf 81' lang='lat' dir='ltr'>viverent</span> <span class='ocrx_word' id='word_1_171' title='bbox 3617 881 3667 927; x_wconf 85' lang='lat' dir='ltr'>et</span> 
     </span>
    </p>
   </div>
   <div class='ocr_carea' id='block_1_24' title="bbox 2070 959 3665 1029">
    <p class='ocr_par' dir='ltr' id='par_1_24' title="bbox 2070 959 3665 1029">
     <span class='ocr_line' id='line_1_24' title="bbox 2070 959 3665 1029; baseline 0.004 -19"><span class='ocrx_word' id='word_1_172' title='bbox 2070 959 2314 1029; x_wconf 66' lang='lat' dir='ltr'>priefatis</span> <span class='ocrx_word' id='word_1_173' title='bbox 2343 959 2565 1012; x_wconf 76' lang='lat' dir='ltr'>infirmis</span> <span class='ocrx_word' id='word_1_174' title='bbox 2597 977 2715 1029; x_wconf 67' lang='lat' dir='ltr'>qua:</span> <span class='ocrx_word' id='word_1_175' title='bbox 2746 959 2903 1014; x_wconf 89' lang='lat' dir='ltr'>saluti</span> <span class='ocrx_word' id='word_1_176' title='bbox 2935 961 3234 1014; x_wconf 78' lang='lat' dir='ltr'>animainm</span> <span class='ocrx_word' id='word_1_177' title='bbox 3266 979 3482 1015; x_wconf 89' lang='lat' dir='ltr'>suarum</span> <span class='ocrx_word' id='word_1_178' title='bbox 3530 978 3665 1017; x_wconf 86' lang='lat' dir='ltr'>con—</span> 
     </span>
    </p>
   </div>
   <div class='ocr_carea' id='block_1_25' title="bbox 2070 1048 3665 1119">
    <p class='ocr_par' dir='ltr' id='par_1_25' title="bbox 2070 1048 3665 1119">
     <span class='ocr_line' id='line_1_25' title="bbox 2070 1048 3665 1119; baseline 0.003 -19"><span class='ocrx_word' id='word_1_179' title='bbox 2070 1056 2320 1119; x_wconf 83' lang='lat' dir='ltr'>gruerent</span> <span class='ocrx_word' id='word_1_180' title='bbox 2352 1066 2473 1101; x_wconf 71' lang='grc'><strong>111111</strong></span> <span class='ocrx_word' id='word_1_181' title='bbox 2525 1049 2800 1117; x_wconf 75' lang='lat' dir='ltr'>sepultura</span> <span class='ocrx_word' id='word_1_182' title='bbox 2845 1048 3228 1104; x_wconf 61' lang='lat' dir='ltr'>ll’lllllsll‘al‘el‘tl.</span> <span class='ocrx_word' id='word_1_183' title='bbox 3271 1050 3476 1118; x_wconf 79' lang='lat' dir='ltr'>Quibus</span> <span class='ocrx_word' id='word_1_184' title='bbox 3503 1051 3665 1104; x_wconf 88' lang='lat' dir='ltr'>etiam</span> 
     </span>
    </p>
   </div>
   <div class='ocr_carea' id='block_1_26' title="bbox 2069 1137 3667 1202">
    <p class='ocr_par' dir='ltr' id='par_1_26' title="bbox 2069 1137 3667 1202">
     <span class='ocr_line' id='line_1_26' title="bbox 2069 1137 3667 1202; baseline 0.002 -13"><span class='ocrx_word' id='word_1_185' title='bbox 2069 1137 2126 1189; x_wconf 88' lang='lat' dir='ltr'>in</span> <span class='ocrx_word' id='word_1_186' title='bbox 2178 1138 2348 1201; x_wconf 81' lang='lat' dir='ltr'>terris,</span> <span class='ocrx_word' id='word_1_187' title='bbox 2398 1138 2450 1190; x_wconf 86' lang='lat' dir='ltr'>in</span> <span class='ocrx_word' id='word_1_188' title='bbox 2503 1138 2745 1202; x_wconf 81' lang='lat' dir='ltr'>decimis,</span> <span class='ocrx_word' id='word_1_189' title='bbox 2796 1147 2848 1192; x_wconf 85' lang='lat' dir='ltr'>et</span> <span class='ocrx_word' id='word_1_190' title='bbox 2894 1139 2946 1190; x_wconf 90' lang='lat' dir='ltr'>in</span> <span class='ocrx_word' id='word_1_191' title='bbox 2997 1139 3116 1192; x_wconf 89' lang='lat' dir='ltr'>aliis</span> <span class='ocrx_word' id='word_1_192' title='bbox 3172 1139 3470 1193; x_wconf 85' lang='lat' dir='ltr'>redditibus</span> <span class='ocrx_word' id='word_1_193' title='bbox 3519 1147 3667 1193; x_wconf 81' lang='lat' dir='ltr'>tanta</span> 
     </span>
    </p>
   </div>
   <div class='ocr_carea' id='block_1_27' title="bbox 2068 1225 3669 1298">
    <p class='ocr_par' dir='ltr' id='par_1_27' title="bbox 2068 1225 3669 1298">
     <span class='ocr_line' id='line_1_27' title="bbox 2068 1225 3669 1298; baseline 0 -19"><span class='ocrx_word' id='word_1_194' title='bbox 2068 1225 2294 1298; x_wconf 79' lang='lat' dir='ltr'>largitos</span> <span class='ocrx_word' id='word_1_195' title='bbox 2323 1234 2421 1293; x_wconf 89' lang='lat' dir='ltr'>est,</span> <span class='ocrx_word' id='word_1_196' title='bbox 2455 1234 2509 1279; x_wconf 90' lang='lat' dir='ltr'>ut</span> <span class='ocrx_word' id='word_1_197' title='bbox 2541 1228 2608 1280; x_wconf 88' lang='lat' dir='ltr'>ad</span> <span class='ocrx_word' id='word_1_198' title='bbox 2640 1227 3078 1281; x_wconf 61' lang='lat' dir='ltr'>sustentationem</span> <span class='ocrx_word' id='word_1_199' title='bbox 3109 1244 3294 1282; x_wconf 89' lang='lat' dir='ltr'>eorum</span> <span class='ocrx_word' id='word_1_200' title='bbox 3351 1228 3669 1284; x_wconf 85' lang='lat' dir='ltr'>sutlicientia</span> 
     </span>
    </p>
   </div>
   <div class='ocr_carea' id='block_1_28' title="bbox 2070 1316 3668 1387">
    <p class='ocr_par' dir='ltr' id='par_1_28' title="bbox 2070 1316 3668 1387">
     <span class='ocr_line' id='line_1_28' title="bbox 2070 1316 3668 1387; baseline 0.002 -20"><span class='ocrx_word' id='word_1_201' title='bbox 2070 1331 2188 1368; x_wconf 80' lang='lat' dir='ltr'>esse.</span> <span class='ocrx_word' id='word_1_202' title='bbox 2218 1316 2542 1368; x_wconf 80' lang='lat' dir='ltr'>viderentur.</span> <span class='ocrx_word' id='word_1_203' title='bbox 2586 1316 2863 1369; x_wconf 69' lang='grc'><strong>111-11101105</strong></span> <span class='ocrx_word' id='word_1_204' title='bbox 2895 1331 3019 1370; x_wconf 76' lang='lat' dir='ltr'>vero</span> <span class='ocrx_word' id='word_1_205' title='bbox 3051 1334 3210 1387; x_wconf 87' lang='lat' dir='ltr'>quam</span> <span class='ocrx_word' id='word_1_206' title='bbox 3268 1334 3300 1371; x_wconf 88' lang='lat' dir='ltr'>a</span> <span class='ocrx_word' id='word_1_207' title='bbox 3341 1317 3565 1381; x_wconf 82' lang='lat' dir='ltr'>boreali,</span> <span class='ocrx_word' id='word_1_208' title='bbox 3600 1316 3668 1370; x_wconf 81' lang='lat' dir='ltr'>ab</span> 
     </span>
    </p>
   </div>
   <div class='ocr_carea' id='block_1_29' title="bbox 2071 1404 3666 1476">
    <p class='ocr_par' dir='ltr' id='par_1_29' title="bbox 2071 1404 3666 1476">
     <span class='ocr_line' id='line_1_29' title="bbox 2071 1404 3666 1476; baseline 0.003 -18"><span class='ocrx_word' id='word_1_209' title='bbox 2071 1404 2387 1458; x_wconf 76' lang='lat' dir='ltr'>occidentali</span> <span class='ocrx_word' id='word_1_210' title='bbox 2421 1412 2590 1471; x_wconf 64' lang='lat' dir='ltr'>portae</span> <span class='ocrx_word' id='word_1_211' title='bbox 2621 1404 2848 1457; x_wconf 86' lang='lat' dir='ltr'>civitatis</span> <span class='ocrx_word' id='word_1_212' title='bbox 2877 1405 3086 1476; x_wconf 82' lang='lat' dir='ltr'>ligneas</span> <span class='ocrx_word' id='word_1_213' title='bbox 3117 1406 3308 1460; x_wconf 90' lang='lat' dir='ltr'>domos</span> <span class='ocrx_word' id='word_1_214' title='bbox 3353 1407 3405 1460; x_wconf 89' lang='lat' dir='ltr'>in</span> <span class='ocrx_word' id='word_1_215' title='bbox 3463 1407 3666 1462; x_wconf 80' lang='lat' dir='ltr'>devexo</span> 
     </span>
    </p>
   </div>
   <div class='ocr_carea' id='block_1_30' title="bbox 2071 1492 3668 1565">
    <p class='ocr_par' dir='ltr' id='par_1_30' title="bbox 2071 1492 3668 1565">
     <span class='ocr_line' id='line_1_30' title="bbox 2071 1492 3668 1565; baseline 0 -17"><span class='ocrx_word' id='word_1_216' title='bbox 2071 1492 2270 1548; x_wconf 80' lang='lat' dir='ltr'>mOntis</span> <span class='ocrx_word' id='word_1_217' title='bbox 2327 1493 2491 1546; x_wconf 86' lang='lat' dir='ltr'>latere</span> <span class='ocrx_word' id='word_1_218' title='bbox 2548 1492 2833 1560; x_wconf 71' lang='lat' dir='ltr'>fabricatis,</span> <span class='ocrx_word' id='word_1_219' title='bbox 2892 1511 2982 1548; x_wconf 87' lang='lat' dir='ltr'>eas</span> <span class='ocrx_word' id='word_1_220' title='bbox 3033 1495 3102 1548; x_wconf 89' lang='lat' dir='ltr'>ad</span> <span class='ocrx_word' id='word_1_221' title='bbox 3147 1510 3284 1563; x_wconf 90' lang='lat' dir='ltr'>opus</span> <span class='ocrx_word' id='word_1_222' title='bbox 3332 1494 3668 1565; x_wconf 89' lang='lat' dir='ltr'>leprosorum</span> 
     </span>
    </p>
   </div>
   <div class='ocr_carea' id='block_1_31' title="bbox 2072 1581 3674 1651">
    <p class='ocr_par' dir='ltr' id='par_1_31' title="bbox 2072 1581 3674 1651">
     <span class='ocr_line' id='line_1_31' title="bbox 2072 1581 3674 1651; baseline 0.003 -16"><span class='ocrx_word' id='word_1_223' title='bbox 2072 1582 2370 1651; x_wconf 75' lang='lat' dir='ltr'>delegavit,</span> <span class='ocrx_word' id='word_1_224' title='bbox 2403 1581 2530 1635; x_wconf 80' lang='lat' dir='ltr'>viris</span> <span class='ocrx_word' id='word_1_225' title='bbox 2559 1581 2614 1635; x_wconf 88' lang='lat' dir='ltr'>in</span> <span class='ocrx_word' id='word_1_226' title='bbox 2657 1583 2788 1649; x_wconf 69' lang='lat' dir='ltr'>istis,</span> <span class='ocrx_word' id='word_1_227' title='bbox 2831 1584 3287 1651; x_wconf 83' lang='lat' dir='ltr'>quemadmodum</span> <span class='ocrx_word' id='word_1_228' title='bbox 3345 1585 3398 1636; x_wconf 90' lang='lat' dir='ltr'>in</span> <span class='ocrx_word' id='word_1_229' title='bbox 3439 1584 3580 1649; x_wconf 85' lang='lat' dir='ltr'>aliis,</span> <span class='ocrx_word' id='word_1_230' title='bbox 3643 1601 3674 1640; x_wconf 84' lang='lat' dir='ltr'>a</span> 
     </span>
    </p>
   </div>
   <div class='ocr_carea' id='block_1_32' title="bbox 2075 1671 3669 1742">
    <p class='ocr_par' dir='ltr' id='par_1_32' title="bbox 2075 1671 3669 1742">
     <span class='ocr_line' id='line_1_32' title="bbox 2075 1671 3669 1742; baseline 0.004 -19"><span class='ocrx_word' id='word_1_231' title='bbox 2075 1671 2394 1724; x_wconf 77' lang='lat' dir='ltr'>feminarum</span> <span class='ocrx_word' id='word_1_232' title='bbox 2428 1672 2682 1726; x_wconf 73' lang='lat' dir='ltr'>societate</span> <span class='ocrx_word' id='word_1_233' title='bbox 2716 1672 2986 1739; x_wconf 81' lang='lat' dir='ltr'>sejunctis.</span> <span class='ocrx_word' id='word_1_234' title='bbox 3039 1673 3134 1726; x_wconf 86' lang='lat' dir='ltr'>His</span> <span class='ocrx_word' id='word_1_235' title='bbox 3183 1673 3530 1727; x_wconf 64' lang='lat' dir='ltr'>nil‘iilominus</span> <span class='ocrx_word' id='word_1_236' title='bbox 3569 1690 3669 1742; x_wconf 86' lang='lat' dir='ltr'>pro</span> 
     </span>
    </p>
   </div>
   <div class='ocr_carea' id='block_1_33' title="bbox 372 1759 3670 1838">
    <p class='ocr_par' dir='ltr' id='par_1_33' title="bbox 372 1759 3670 1838">
     <span class='ocr_line' id='line_1_33' title="bbox 372 1759 3670 1838; baseline -0.001 -18"><span class='ocrx_word' id='word_1_237' title='bbox 372 1770 543 1832; x_wconf 81' lang='lat' dir='ltr'>daret,</span> <span class='ocrx_word' id='word_1_238' title='bbox 576 1775 624 1819; x_wconf 89' lang='lat' dir='ltr'>et</span> <span class='ocrx_word' id='word_1_239' title='bbox 662 1765 788 1817; x_wconf 87' lang='lat' dir='ltr'>nulli</span> <span class='ocrx_word' id='word_1_240' title='bbox 820 1763 904 1815; x_wconf 85' lang='lat' dir='ltr'>vel</span> <span class='ocrx_word' id='word_1_241' title='bbox 938 1763 1120 1815; x_wconf 90' lang='lat' dir='ltr'>datum</span> <span class='ocrx_word' id='word_1_242' title='bbox 1154 1761 1237 1812; x_wconf 84' lang='lat' dir='ltr'>vel</span> <span class='ocrx_word' id='word_1_243' title='bbox 1271 1760 1445 1811; x_wconf 82' lang='lat' dir='ltr'>dantis</span> <span class='ocrx_word' id='word_1_244' title='bbox 1467 1775 1752 1829; x_wconf 69' lang='lat' dir='ltr'>personam</span> <span class='ocrx_word' id='word_1_245' title='bbox 1793 1759 1961 1811; x_wconf 86' lang='lat' dir='ltr'>cuivis</span> <span class='ocrx_word' id='word_1_246' title='bbox 1989 1778 2044 1838; x_wconf 85' lang='lat' dir='ltr'>B</span> <span class='ocrx_word' id='word_1_247' title='bbox 2076 1761 2328 1828; x_wconf 87' lang='lat' dir='ltr'>quahtate</span> <span class='ocrx_word' id='word_1_248' title='bbox 2378 1764 2459 1812; x_wconf 80' lang='lat' dir='ltr'>sui</span> <span class='ocrx_word' id='word_1_249' title='bbox 2496 1760 2670 1814; x_wconf 89' lang='lat' dir='ltr'>morbi</span> <span class='ocrx_word' id='word_1_250' title='bbox 2719 1762 2902 1814; x_wconf 83' lang='lat' dir='ltr'>omnia</span> <span class='ocrx_word' id='word_1_251' title='bbox 2951 1761 3147 1829; x_wconf 80' lang='lat' dir='ltr'>quibus</span> <span class='ocrx_word' id='word_1_252' title='bbox 3194 1771 3416 1832; x_wconf 70' lang='lat' dir='ltr'>egerent</span> <span class='ocrx_word' id='word_1_253' title='bbox 3465 1763 3530 1816; x_wconf 90' lang='lat' dir='ltr'>de</span> <span class='ocrx_word' id='word_1_254' title='bbox 3562 1764 3670 1816; x_wconf 85' lang='lat' dir='ltr'>suis</span> 
     </span>
    </p>
   </div>
   <div class='ocr_carea' id='block_1_34' title="bbox 368 1848 1961 1917">
    <p class='ocr_par' dir='ltr' id='par_1_34' title="bbox 368 1848 1961 1917">
     <span class='ocr_line' id='line_1_34' title="bbox 368 1848 1961 1917; baseline -0.008 -5"><span class='ocrx_word' id='word_1_255' title='bbox 368 1856 609 1912; x_wconf 73' lang='lat' dir='ltr'>revelare</span> <span class='ocrx_word' id='word_1_256' title='bbox 642 1852 979 1907; x_wconf 70' lang='lat' dir='ltr'>concederet.</span> <span class='ocrx_word' id='word_1_257' title='bbox 1004 1851 1070 1903; x_wconf 75' lang='lat' dir='ltr'>Et</span> <span class='ocrx_word' id='word_1_258' title='bbox 1093 1853 1208 1903; x_wconf 65' lang='grc'><strong>11100</strong></span> <span class='ocrx_word' id='word_1_259' title='bbox 1239 1849 1453 1917; x_wconf 85' lang='lat' dir='ltr'>quidem</span> <span class='ocrx_word' id='word_1_260' title='bbox 1479 1849 1545 1899; x_wconf 92' lang='lat' dir='ltr'>de</span> <span class='ocrx_word' id='word_1_261' title='bbox 1577 1848 1749 1916; x_wconf 79' lang='lat' dir='ltr'>ipsius</span> <span class='ocrx_word' id='word_1_262' title='bbox 1773 1849 1961 1901; x_wconf 84' lang='lat' dir='ltr'>matris</span> 
     </span>
    </p>
   </div>
   <div class='ocr_carea' id='block_1_35' title="bbox 369 1938 1961 2007">
    <p class='ocr_par' dir='ltr' id='par_1_35' title="bbox 369 1938 1961 2007">
     <span class='ocr_line' id='line_1_35' title="bbox 369 1938 1961 2007; baseline -0.008 -7"><span class='ocrx_word' id='word_1_263' title='bbox 369 1946 611 2000; x_wconf 58' lang='lat' dir='ltr'>CCt‘lCSlﬂ&quot;</span> <span class='ocrx_word' id='word_1_264' title='bbox 645 1941 921 1996; x_wconf 82' lang='lat' dir='ltr'>monachis</span> <span class='ocrx_word' id='word_1_265' title='bbox 953 1940 1096 1993; x_wconf 78' lang='lat' dir='ltr'>dit-ta</span> <span class='ocrx_word' id='word_1_266' title='bbox 1127 1941 1250 1992; x_wconf 74' lang='lat' dir='ltr'>sint.</span> <span class='ocrx_word' id='word_1_267' title='bbox 1276 1941 1540 1992; x_wconf 14' lang='lat' dir='ltr'>Caeterum</span> <span class='ocrx_word' id='word_1_268' title='bbox 1577 1938 1695 2007; x_wconf 81' lang='lat' dir='ltr'>quis</span> <span class='ocrx_word' id='word_1_269' title='bbox 1727 1954 1961 2005; x_wconf 88' lang='lat' dir='ltr'>unquam</span> 
     </span>
    </p>
   </div>
   <div class='ocr_carea' id='block_1_36' title="bbox 368 2027 1962 2106">
    <p class='ocr_par' dir='ltr' id='par_1_36' title="bbox 368 2027 1962 2106">
     <span class='ocr_line' id='line_1_36' title="bbox 368 2027 1962 2106; baseline -0.008 -18"><span class='ocrx_word' id='word_1_270' title='bbox 368 2031 954 2106; x_wconf 86' lang='lat' dir='ltr'>pauperclamavitad</span> <span class='ocrx_word' id='word_1_271' title='bbox 989 2047 1130 2098; x_wconf 83' lang='lat' dir='ltr'>enin,</span> <span class='ocrx_word' id='word_1_272' title='bbox 1193 2036 1243 2082; x_wconf 85' lang='lat' dir='ltr'>et</span> <span class='ocrx_word' id='word_1_273' title='bbox 1301 2030 1586 2095; x_wconf 43' lang='lat' dir='ltr'>der-pectus</span> <span class='ocrx_word' id='word_1_274' title='bbox 1645 2029 1772 2080; x_wconf 75' lang='lat' dir='ltr'>est?</span> <span class='ocrx_word' id='word_1_275' title='bbox 1832 2027 1962 2092; x_wconf 76' lang='lat' dir='ltr'>Quis</span> 
     </span>
    </p>
   </div>
   <div class='ocr_carea' id='block_1_37' title="bbox 366 2114 1964 2196">
    <p class='ocr_par' dir='ltr' id='par_1_37' title="bbox 366 2114 1964 2196">
     <span class='ocr_line' id='line_1_37' title="bbox 366 2114 1964 2196; baseline -0.008 -18"><span class='ocrx_word' id='word_1_276' title='bbox 366 2123 775 2196; x_wconf 74' lang='lat' dir='ltr'>peregrinorum</span> <span class='ocrx_word' id='word_1_277' title='bbox 809 2120 875 2173; x_wconf 86' lang='lat' dir='ltr'>de.</span> <span class='ocrx_word' id='word_1_278' title='bbox 905 2133 1226 2188; x_wconf 87' lang='lat' dir='ltr'>quocunque.</span> <span class='ocrx_word' id='word_1_279' title='bbox 1258 2118 1446 2170; x_wconf 87' lang='lat' dir='ltr'>ordine</span> <span class='ocrx_word' id='word_1_280' title='bbox 1505 2114 1781 2168; x_wconf 84' lang='lat' dir='ltr'>hominum</span> <span class='ocrx_word' id='word_1_281' title='bbox 1811 2115 1964 2183; x_wconf 84' lang='lat' dir='ltr'>petiit</span> 
     </span>
    </p>
   </div>
   <div class='ocr_carea' id='block_1_38' title="bbox 369 2203 1962 2281">
    <p class='ocr_par' dir='ltr' id='par_1_38' title="bbox 369 2203 1962 2281">
     <span class='ocr_line' id='line_1_38' title="bbox 369 2203 1962 2281; baseline -0.008 -14"><span class='ocrx_word' id='word_1_282' title='bbox 369 2229 527 2281; x_wconf 87' lang='lat' dir='ltr'>opem</span> <span class='ocrx_word' id='word_1_283' title='bbox 559 2213 691 2278; x_wconf 81' lang='lat' dir='ltr'>ejus,</span> <span class='ocrx_word' id='word_1_284' title='bbox 728 2219 779 2264; x_wconf 87' lang='lat' dir='ltr'>et</span> <span class='ocrx_word' id='word_1_285' title='bbox 809 2224 928 2262; x_wconf 87' lang='lat' dir='ltr'>eam</span> <span class='ocrx_word' id='word_1_286' title='bbox 953 2215 1199 2260; x_wconf 80' lang='lat' dir='ltr'>assecuta</span> <span class='ocrx_word' id='word_1_287' title='bbox 1231 2222 1338 2258; x_wconf 89' lang='lat' dir='ltr'>non</span> <span class='ocrx_word' id='word_1_288' title='bbox 1372 2212 1452 2258; x_wconf 88' lang='lat' dir='ltr'>est</span> <span class='ocrx_word' id='word_1_289' title='bbox 1473 2205 1499 2255; x_wconf 57' lang='grc' dir='ltr'><em>εἶ</em></span> <span class='ocrx_word' id='word_1_290' title='bbox 1533 2203 1666 2270; x_wconf 65' lang='lat' dir='ltr'>Qua)</span> <span class='ocrx_word' id='word_1_291' title='bbox 1727 2219 1962 2273; x_wconf 83' lang='lat' dir='ltr'>congre-</span> 
     </span>
    </p>
   </div>
   <div class='ocr_carea' id='block_1_39' title="bbox 367 2292 1966 2371">
    <p class='ocr_par' dir='ltr' id='par_1_39' title="bbox 367 2292 1966 2371">
     <span class='ocr_line' id='line_1_39' title="bbox 367 2292 1966 2371; baseline -0.008 -16"><span class='ocrx_word' id='word_1_292' title='bbox 367 2303 515 2371; x_wconf 74' lang='lat' dir='ltr'>gatio</span> <span class='ocrx_word' id='word_1_293' title='bbox 559 2300 947 2354; x_wconf 86' lang='lat' dir='ltr'>monachorum</span> <span class='ocrx_word' id='word_1_294' title='bbox 998 2313 1089 2349; x_wconf 84' lang='lat' dir='ltr'>seu</span> <span class='ocrx_word' id='word_1_295' title='bbox 1130 2294 1448 2349; x_wconf 88' lang='lat' dir='ltr'>clericorum</span> <span class='ocrx_word' id='word_1_296' title='bbox 1506 2294 1575 2348; x_wconf 88' lang='lat' dir='ltr'>ad</span> <span class='ocrx_word' id='word_1_297' title='bbox 1635 2293 1812 2361; x_wconf 86' lang='lat' dir='ltr'>ipsum</span> <span class='ocrx_word' id='word_1_298' title='bbox 1871 2292 1966 2344; x_wconf 86' lang='lat' dir='ltr'>ali-</span> 
     </span>
    </p>
   </div>
   <div class='ocr_carea' id='block_1_40' title="bbox 373 2380 1966 2461">
    <p class='ocr_par' dir='ltr' id='par_1_40' title="bbox 373 2380 1966 2461">
     <span class='ocr_line' id='line_1_40' title="bbox 373 2380 1966 2461; baseline -0.008 -18"><span class='ocrx_word' id='word_1_299' title='bbox 373 2391 587 2461; x_wconf 86' lang='lat' dir='ltr'>quando</span> <span class='ocrx_word' id='word_1_300' title='bbox 618 2386 1080 2441; x_wconf 71' lang='lat' dir='ltr'>rnisitsubsidium</span> <span class='ocrx_word' id='word_1_301' title='bbox 1112 2393 1321 2453; x_wconf 86' lang='lat' dir='ltr'>petens,</span> <span class='ocrx_word' id='word_1_302' title='bbox 1355 2391 1404 2436; x_wconf 88' lang='lat' dir='ltr'>et</span> <span class='ocrx_word' id='word_1_303' title='bbox 1436 2383 1652 2452; x_wconf 84' lang='lat' dir='ltr'>e0piam</span> <span class='ocrx_word' id='word_1_304' title='bbox 1698 2380 1966 2451; x_wconf 79' lang='lat' dir='ltr'>largitatis</span> 
     </span>
    </p>
   </div>
   <div class='ocr_carea' id='block_1_41' title="bbox 372 2470 1967 2550">
    <p class='ocr_par' dir='ltr' id='par_1_41' title="bbox 372 2470 1967 2550">
     <span class='ocr_line' id='line_1_41' title="bbox 372 2470 1967 2550; baseline -0.008 -16"><span class='ocrx_word' id='word_1_305' title='bbox 372 2481 489 2550; x_wconf 89' lang='lat' dir='ltr'>ejus</span> <span class='ocrx_word' id='word_1_306' title='bbox 519 2480 657 2532; x_wconf 87' lang='lat' dir='ltr'>ultra</span> <span class='ocrx_word' id='word_1_307' title='bbox 691 2493 851 2546; x_wconf 89' lang='lat' dir='ltr'>quam</span> <span class='ocrx_word' id='word_1_308' title='bbox 883 2475 1202 2544; x_wconf 82' lang='lat' dir='ltr'>sperabatur</span> <span class='ocrx_word' id='word_1_309' title='bbox 1231 2481 1455 2543; x_wconf 84' lang='lat' dir='ltr'>experta</span> <span class='ocrx_word' id='word_1_310' title='bbox 1486 2488 1590 2525; x_wconf 90' lang='lat' dir='ltr'>non</span> <span class='ocrx_word' id='word_1_311' title='bbox 1625 2471 1749 2524; x_wconf 79' lang='lat' dir='ltr'>est?</span> <span class='ocrx_word' id='word_1_312' title='bbox 1797 2470 1967 2523; x_wconf 73' lang='lat' dir='ltr'>Testis</span> 
     </span>
    </p>
   </div>
   <div class='ocr_carea' id='block_1_42' title="bbox 371 2560 1964 2636">
    <p class='ocr_par' dir='ltr' id='par_1_42' title="bbox 371 2560 1964 2636">
     <span class='ocr_line' id='line_1_42' title="bbox 371 2560 1964 2636; baseline -0.008 -12"><span class='ocrx_word' id='word_1_313' title='bbox 371 2571 564 2624; x_wconf 88' lang='lat' dir='ltr'>horum</span> <span class='ocrx_word' id='word_1_314' title='bbox 623 2583 742 2636; x_wconf 68' lang='lat' dir='ltr'>quae</span> <span class='ocrx_word' id='word_1_315' title='bbox 801 2565 1029 2619; x_wconf 87' lang='lat' dir='ltr'>dicimus</span> <span class='ocrx_word' id='word_1_316' title='bbox 1085 2563 1257 2629; x_wconf 86' lang='lat' dir='ltr'>Italia,</span> <span class='ocrx_word' id='word_1_317' title='bbox 1303 2561 1496 2627; x_wconf 89' lang='lat' dir='ltr'>Gallia,</span> <span class='ocrx_word' id='word_1_318' title='bbox 1550 2560 1818 2613; x_wconf 86' lang='lat' dir='ltr'>Britannia</span> <span class='ocrx_word' id='word_1_319' title='bbox 1868 2568 1964 2628; x_wconf 76' lang='lat' dir='ltr'>est,</span> 
     </span>
    </p>
   </div>
   <div class='ocr_carea' id='block_1_43' title="bbox 373 2649 1967 2729">
    <p class='ocr_par' dir='ltr' id='par_1_43' title="bbox 373 2649 1967 2729">
     <span class='ocr_line' id='line_1_43' title="bbox 373 2649 1967 2729; baseline -0.008 -17"><span class='ocrx_word' id='word_1_320' title='bbox 373 2675 493 2729; x_wconf 53' lang='lat' dir='ltr'>qua),</span> <span class='ocrx_word' id='word_1_321' title='bbox 541 2673 709 2725; x_wconf 80' lang='lat' dir='ltr'>usque</span> <span class='ocrx_word' id='word_1_322' title='bbox 740 2655 902 2709; x_wconf 88' lang='lat' dir='ltr'>hodie</span> <span class='ocrx_word' id='word_1_323' title='bbox 959 2657 1186 2706; x_wconf 87' lang='lat' dir='ltr'>mortem</span> <span class='ocrx_word' id='word_1_324' title='bbox 1219 2650 1499 2704; x_wconf 83' lang='lat' dir='ltr'>Lanfranei</span> <span class='ocrx_word' id='word_1_325' title='bbox 1532 2649 1838 2702; x_wconf 73' lang='lat' dir='ltr'>miserarulo</span> <span class='ocrx_word' id='word_1_326' title='bbox 1871 2666 1967 2701; x_wconf 80' lang='lat' dir='ltr'>su-</span> 
     </span>
    </p>
   </div>
   <div class='ocr_carea' id='block_1_44' title="bbox 375 2737 1967 2816">
    <p class='ocr_par' dir='ltr' id='par_1_44' title="bbox 375 2737 1967 2816">
     <span class='ocr_line' id='line_1_44' title="bbox 375 2737 1967 2816; baseline -0.007 -16"><span class='ocrx_word' id='word_1_327' title='bbox 375 2744 791 2816; x_wconf 80' lang='lat' dir='ltr'>spiriOplangit.</span> <span class='ocrx_word' id='word_1_328' title='bbox 826 2742 965 2810; x_wconf 88' lang='lat' dir='ltr'>Quid</span> <span class='ocrx_word' id='word_1_329' title='bbox 998 2742 1228 2794; x_wconf 84' lang='lat' dir='ltr'>referam</span> <span class='ocrx_word' id='word_1_330' title='bbox 1281 2740 1347 2792; x_wconf 88' lang='lat' dir='ltr'>de</span> <span class='ocrx_word' id='word_1_331' title='bbox 1388 2738 1605 2791; x_wconf 88' lang='lat' dir='ltr'>abbatia</span> <span class='ocrx_word' id='word_1_332' title='bbox 1655 2737 1834 2790; x_wconf 87' lang='lat' dir='ltr'>Sancti</span> <span class='ocrx_word' id='word_1_333' title='bbox 1881 2737 1967 2790; x_wconf 80' lang='grc' dir='ltr'>Λι-</span> 
     </span>
    </p>
   </div>
   <div class='ocr_carea' id='block_1_45' title="bbox 373 2826 1967 2903">
    <p class='ocr_par' dir='ltr' id='par_1_45' title="bbox 373 2826 1967 2903">
     <span class='ocr_line' id='line_1_45' title="bbox 373 2826 1967 2903; baseline -0.008 -14"><span class='ocrx_word' id='word_1_334' title='bbox 373 2836 521 2902; x_wconf 88' lang='lat' dir='ltr'>bani,</span> <span class='ocrx_word' id='word_1_335' title='bbox 557 2850 717 2903; x_wconf 87' lang='lat' dir='ltr'>quam</span> <span class='ocrx_word' id='word_1_336' title='bbox 749 2833 888 2886; x_wconf 86' lang='lat' dir='ltr'>intus</span> <span class='ocrx_word' id='word_1_337' title='bbox 932 2840 981 2884; x_wconf 88' lang='lat' dir='ltr'>et</span> <span class='ocrx_word' id='word_1_338' title='bbox 1023 2837 1168 2883; x_wconf 78' lang='lat' dir='ltr'>extra</span> <span class='ocrx_word' id='word_1_339' title='bbox 1201 2830 1269 2881; x_wconf 85' lang='lat' dir='ltr'>ad</span> <span class='ocrx_word' id='word_1_340' title='bbox 1318 2827 1545 2880; x_wconf 85' lang='lat' dir='ltr'>nihilum</span> <span class='ocrx_word' id='word_1_341' title='bbox 1585 2826 1692 2879; x_wconf 88' lang='lat' dir='ltr'>fere</span> <span class='ocrx_word' id='word_1_342' title='bbox 1738 2826 1967 2879; x_wconf 78' lang='lat' dir='ltr'>devolu—</span> 
     </span>
    </p>
   </div>
   <div class='ocr_carea' id='block_1_46' title="bbox 379 2916 1968 2993">
    <p class='ocr_par' dir='ltr' id='par_1_46' title="bbox 379 2916 1968 2993">
     <span class='ocr_line' id='line_1_46' title="bbox 379 2916 1968 2993; baseline -0.007 -14"><span class='ocrx_word' id='word_1_343' title='bbox 379 2936 484 2980; x_wconf 88' lang='lat' dir='ltr'>tam</span> <span class='ocrx_word' id='word_1_344' title='bbox 523 2925 654 2993; x_wconf 77' lang='lat' dir='ltr'>ipse,</span> <span class='ocrx_word' id='word_1_345' title='bbox 688 2930 744 2974; x_wconf 89' lang='lat' dir='ltr'>ut</span> <span class='ocrx_word' id='word_1_346' title='bbox 776 2937 926 2973; x_wconf 83' lang='lat' dir='ltr'>suam</span> <span class='ocrx_word' id='word_1_347' title='bbox 957 2919 1090 2988; x_wconf 45' lang='lat'>(‘13),</span> <span class='ocrx_word' id='word_1_348' title='bbox 1133 2919 1370 2970; x_wconf 72' lang='lat' dir='ltr'>instituto</span> <span class='ocrx_word' id='word_1_349' title='bbox 1411 2917 1456 2968; x_wconf 90' lang='lat' dir='ltr'>ei</span> <span class='ocrx_word' id='word_1_350' title='bbox 1491 2916 1647 2969; x_wconf 70' lang='lat' dir='ltr'>bonze</span> <span class='ocrx_word' id='word_1_351' title='bbox 1693 2916 1968 2968; x_wconf 75' lang='lat' dir='ltr'>memorize</span> 
     </span>
    </p>
   </div>
   <div class='ocr_carea' id='block_1_47' title="bbox 374 3005 1970 3075">
    <p class='ocr_par' dir='ltr' id='par_1_47' title="bbox 374 3005 1970 3075">
     <span class='ocr_line' id='line_1_47' title="bbox 374 3005 1970 3075; baseline -0.009 -6"><span class='ocrx_word' id='word_1_352' title='bbox 374 3014 538 3069; x_wconf 84' lang='lat' dir='ltr'>Paulo</span> <span class='ocrx_word' id='word_1_353' title='bbox 589 3011 801 3075; x_wconf 85' lang='lat' dir='ltr'>abbate,</span> <span class='ocrx_word' id='word_1_354' title='bbox 849 3026 880 3063; x_wconf 90' lang='lat' dir='ltr'>a</span> <span class='ocrx_word' id='word_1_355' title='bbox 929 3007 1287 3062; x_wconf 58' lang='lat' dir='ltr'>fundan‘ientis</span> <span class='ocrx_word' id='word_1_356' title='bbox 1336 3005 1776 3070; x_wconf 55' lang='lat' dir='ltr'>retetiliticavitmt</span> <span class='ocrx_word' id='word_1_357' title='bbox 1832 3005 1970 3057; x_wconf 82' lang='lat' dir='ltr'>intus</span> 
     </span>
    </p>
   </div>
   <div class='ocr_carea' id='block_1_48' title="bbox 375 3093 1969 3174">
    <p class='ocr_par' dir='ltr' id='par_1_48' title="bbox 375 3093 1969 3174">
     <span class='ocr_line' id='line_1_48' title="bbox 375 3093 1969 3174; baseline -0.009 -17"><span class='ocrx_word' id='word_1_358' title='bbox 375 3120 576 3174; x_wconf 80' lang='lat' dir='ltr'>magna</span> <span class='ocrx_word' id='word_1_359' title='bbox 622 3100 883 3169; x_wconf 76' lang='lat' dir='ltr'>religione.</span> <span class='ocrx_word' id='word_1_360' title='bbox 932 3097 1061 3151; x_wconf 83' lang='lat' dir='ltr'>foris</span> <span class='ocrx_word' id='word_1_361' title='bbox 1109 3095 1394 3148; x_wconf 87' lang='lat' dir='ltr'>multarum</span> <span class='ocrx_word' id='word_1_362' title='bbox 1445 3111 1619 3147; x_wconf 82' lang='lat' dir='ltr'>rerum</span> <span class='ocrx_word' id='word_1_363' title='bbox 1681 3093 1969 3146; x_wconf 80' lang='lat' dir='ltr'>donatione</span> 
     </span>
    </p>
   </div>
   <div class='ocr_carea' id='block_1_49' title="bbox 376 3182 1970 3258">
    <p class='ocr_par' dir='ltr' id='par_1_49' title="bbox 376 3182 1970 3258">
     <span class='ocr_line' id='line_1_49' title="bbox 376 3182 1970 3258; baseline -0.009 -10"><span class='ocrx_word' id='word_1_364' title='bbox 376 3195 542 3258; x_wconf 74' lang='lat' dir='ltr'>auxit,</span> <span class='ocrx_word' id='word_1_365' title='bbox 578 3187 896 3256; x_wconf 69' lang='lat' dir='ltr'>honestavit,</span> <span class='ocrx_word' id='word_1_366' title='bbox 931 3186 1138 3240; x_wconf 85' lang='lat' dir='ltr'>ditavit.</span> <span class='ocrx_word' id='word_1_367' title='bbox 1173 3187 1231 3238; x_wconf 89' lang='lat' dir='ltr'>In</span> <span class='ocrx_word' id='word_1_368' title='bbox 1264 3185 1579 3254; x_wconf 77' lang='lat' dir='ltr'>episc0patu</span> <span class='ocrx_word' id='word_1_369' title='bbox 1610 3182 1842 3235; x_wconf 69' lang='lat' dir='ltr'>Ilotl&#39;eusi</span> <span class='ocrx_word' id='word_1_370' title='bbox 1864 3200 1970 3235; x_wconf 86' lang='lat' dir='ltr'>non</span> 
     </span>
    </p>
   </div>
   <div class='ocr_carea' id='block_1_50' title="bbox 378 3270 1972 3349">
    <p class='ocr_par' dir='ltr' id='par_1_50' title="bbox 378 3270 1972 3349">
     <span class='ocr_line' id='line_1_50' title="bbox 378 3270 1972 3349; baseline -0.008 -14"><span class='ocrx_word' id='word_1_371' title='bbox 378 3283 544 3335; x_wconf 89' lang='lat' dir='ltr'>multo</span> <span class='ocrx_word' id='word_1_372' title='bbox 603 3281 783 3349; x_wconf 84' lang='lat' dir='ltr'>plures</span> <span class='ocrx_word' id='word_1_373' title='bbox 841 3293 999 3346; x_wconf 85' lang='lat' dir='ltr'>quam</span> <span class='ocrx_word' id='word_1_374' title='bbox 1060 3281 1289 3344; x_wconf 86' lang='lat' dir='ltr'>quatuor</span> <span class='ocrx_word' id='word_1_375' title='bbox 1345 3272 1633 3326; x_wconf 87' lang='lat' dir='ltr'>eanouic0s</span> <span class='ocrx_word' id='word_1_376' title='bbox 1702 3279 1755 3324; x_wconf 86' lang='lat' dir='ltr'>et.</span> <span class='ocrx_word' id='word_1_377' title='bbox 1825 3270 1972 3340; x_wconf 73' lang='lat' dir='ltr'>ipsos</span> 
     </span>
    </p>
   </div>
   <div class='ocr_carea' id='block_1_51' title="bbox 380 3359 1972 3435">
    <p class='ocr_par' dir='ltr' id='par_1_51' title="bbox 380 3359 1972 3435">
     <span class='ocr_line' id='line_1_51' title="bbox 380 3359 1972 3435; baseline -0.008 -9"><span class='ocrx_word' id='word_1_378' title='bbox 380 3384 740 3426; x_wconf 40' lang='lat' dir='ltr'>aerumnosam</span> <span class='ocrx_word' id='word_1_379' title='bbox 799 3366 965 3420; x_wconf 87' lang='lat' dir='ltr'>vitam</span> <span class='ocrx_word' id='word_1_380' title='bbox 1008 3371 1228 3435; x_wconf 78' lang='lat' dir='ltr'>agentes</span> <span class='ocrx_word' id='word_1_381' title='bbox 1267 3362 1366 3415; x_wconf 87' lang='lat' dir='ltr'>sub</span> <span class='ocrx_word' id='word_1_382' title='bbox 1422 3361 1670 3415; x_wconf 76' lang='lat' dir='ltr'>Siwordo</span> <span class='ocrx_word' id='word_1_383' title='bbox 1713 3359 1972 3428; x_wconf 86' lang='lat' dir='ltr'>episcopo</span> 
     </span>
    </p>
   </div>
   <div class='ocr_carea' id='block_1_52' title="bbox 377 3447 1973 3530">
    <p class='ocr_par' dir='ltr' id='par_1_52' title="bbox 377 3447 1973 3530">
     <span class='ocr_line' id='line_1_52' title="bbox 377 3447 1973 3530; baseline -0.01 -14"><span class='ocrx_word' id='word_1_384' title='bbox 377 3460 594 3530; x_wconf 84' lang='lat' dir='ltr'>reperit.</span> <span class='ocrx_word' id='word_1_385' title='bbox 639 3456 742 3524; x_wconf 86' lang='lat' dir='ltr'>Qui</span> <span class='ocrx_word' id='word_1_386' title='bbox 783 3455 1068 3524; x_wconf 81' lang='lat' dir='ltr'>episcopus</span> <span class='ocrx_word' id='word_1_387' title='bbox 1124 3452 1216 3505; x_wconf 88' lang='lat' dir='ltr'>ubi</span> <span class='ocrx_word' id='word_1_388' title='bbox 1267 3468 1388 3505; x_wconf 86' lang='lat' dir='ltr'>eum</span> <span class='ocrx_word' id='word_1_389' title='bbox 1441 3451 1666 3504; x_wconf 83' lang='lat' dir='ltr'>Ernesto</span> <span class='ocrx_word' id='word_1_390' title='bbox 1724 3465 1883 3519; x_wconf 89' lang='lat' dir='ltr'>quem</span> <span class='ocrx_word' id='word_1_391' title='bbox 1924 3447 1973 3501; x_wconf 88' lang='lat' dir='ltr'>ei</span> 
     </span>
    </p>
   </div>
   <div class='ocr_carea' id='block_1_53' title="bbox 376 3538 1970 3608">
    <p class='ocr_par' dir='ltr' id='par_1_53' title="bbox 376 3538 1970 3608">
     <span class='ocr_line' id='line_1_53' title="bbox 376 3538 1970 3608; baseline -0.009 -3"><span class='ocrx_word' id='word_1_392' title='bbox 376 3563 736 3605; x_wconf 66' lang='lat' dir='ltr'>successorem</span> <span class='ocrx_word' id='word_1_393' title='bbox 797 3543 1132 3597; x_wconf 82' lang='lat' dir='ltr'>Lanfrancus</span> <span class='ocrx_word' id='word_1_394' title='bbox 1194 3548 1468 3607; x_wconf 74' lang='lat' dir='ltr'>statuerat,</span> <span class='ocrx_word' id='word_1_395' title='bbox 1529 3539 1778 3608; x_wconf 63' lang='lat' dir='ltr'>praesenti</span> <span class='ocrx_word' id='word_1_396' title='bbox 1847 3538 1970 3591; x_wconf 74' lang='lat' dir='ltr'>vita:</span> 
     </span>
    </p>
   </div>
   <div class='ocr_carea' id='block_1_54' title="bbox 375 3626 1968 3699">
    <p class='ocr_par' dir='ltr' id='par_1_54' title="bbox 375 3626 1968 3699">
     <span class='ocr_line' id='line_1_54' title="bbox 375 3626 1968 3699; baseline -0.01 -6"><span class='ocrx_word' id='word_1_397' title='bbox 375 3639 615 3694; x_wconf 82' lang='lat' dir='ltr'>sublatus</span> <span class='ocrx_word' id='word_1_398' title='bbox 690 3641 788 3699; x_wconf 72' lang='lat' dir='ltr'>est,</span> <span class='ocrx_word' id='word_1_399' title='bbox 866 3633 1163 3684; x_wconf 75' lang='lat' dir='ltr'>monachus</span> <span class='ocrx_word' id='word_1_400' title='bbox 1235 3629 1342 3698; x_wconf 59' lang='lat' dir='ltr'>pice</span> <span class='ocrx_word' id='word_1_401' title='bbox 1400 3627 1785 3681; x_wconf 87' lang='lat' dir='ltr'>recordationis</span> <span class='ocrx_word' id='word_1_402' title='bbox 1839 3626 1968 3693; x_wconf 68' lang='lat' dir='ltr'>(tt),</span> 
     </span>
    </p>
   </div>
   <div class='ocr_carea' id='block_1_55' title="bbox 377 3714 1974 3786">
    <p class='ocr_par' dir='ltr' id='par_1_55' title="bbox 377 3714 1974 3786">
     <span class='ocr_line' id='line_1_55' title="bbox 377 3714 1974 3786; baseline -0.009 -5"><span class='ocrx_word' id='word_1_403' title='bbox 377 3725 682 3781; x_wconf 85' lang='lat' dir='ltr'>Gunfuldus</span> <span class='ocrx_word' id='word_1_404' title='bbox 710 3719 947 3782; x_wconf 86' lang='lat' dir='ltr'>nomine,</span> <span class='ocrx_word' id='word_1_405' title='bbox 983 3719 1048 3772; x_wconf 90' lang='lat' dir='ltr'>ab</span> <span class='ocrx_word' id='word_1_406' title='bbox 1081 3719 1273 3771; x_wconf 86' lang='lat' dir='ltr'>eodem</span> <span class='ocrx_word' id='word_1_407' title='bbox 1305 3717 1377 3769; x_wconf 91' lang='lat' dir='ltr'>ibi</span> <span class='ocrx_word' id='word_1_408' title='bbox 1409 3717 1732 3786; x_wconf 79' lang='lat' dir='ltr'>subrogatus</span> <span class='ocrx_word' id='word_1_409' title='bbox 1762 3714 1974 3782; x_wconf 84' lang='lat' dir='ltr'>episeo-</span> 
     </span>
    </p>
   </div>
   <div class='ocr_carea' id='block_1_56' title="bbox 377 3803 1975 3888">
    <p class='ocr_par' dir='ltr' id='par_1_56' title="bbox 377 3803 1975 3888">
     <span class='ocr_line' id='line_1_56' title="bbox 377 3803 1975 3888; baseline -0.006 -24"><span class='ocrx_word' id='word_1_410' title='bbox 377 3834 479 3888; x_wconf 79' lang='lat' dir='ltr'>pns</span> <span class='ocrx_word' id='word_1_411' title='bbox 509 3821 604 3868; x_wconf 83' lang='lat' dir='ltr'>est.</span> <span class='ocrx_word' id='word_1_412' title='bbox 640 3813 740 3865; x_wconf 88' lang='lat' dir='ltr'>Per</span> <span class='ocrx_word' id='word_1_413' title='bbox 768 3812 908 3863; x_wconf 89' lang='lat' dir='ltr'>hunc</span> <span class='ocrx_word' id='word_1_414' title='bbox 963 3815 1226 3861; x_wconf 86' lang='lat' dir='ltr'>vetustam</span> <span class='ocrx_word' id='word_1_415' title='bbox 1292 3805 1576 3860; x_wconf 78' lang='lat' dir='ltr'>ecclesiam</span> <span class='ocrx_word' id='word_1_416' title='bbox 1635 3803 1975 3872; x_wconf 83' lang='lat' dir='ltr'>episeOpatus</span> 
     </span>
    </p>
   </div>
   <div class='ocr_carea' id='block_1_57' title="bbox 377 3895 1999 3968">
    <p class='ocr_par' dir='ltr' id='par_1_57' title="bbox 377 3895 1999 3968">
     <span class='ocr_line' id='line_1_57' title="bbox 377 3895 1999 3968; baseline -0.006 -12"><span class='ocrx_word' id='word_1_417' title='bbox 377 3920 501 3960; x_wconf 90' lang='lat' dir='ltr'>cum</span> <span class='ocrx_word' id='word_1_418' title='bbox 543 3901 750 3956; x_wconf 85' lang='lat' dir='ltr'>fabrica</span> <span class='ocrx_word' id='word_1_419' title='bbox 807 3898 1092 3966; x_wconf 85' lang='lat' dir='ltr'>adjacente</span> <span class='ocrx_word' id='word_1_420' title='bbox 1133 3895 1411 3959; x_wconf 84' lang='lat' dir='ltr'>subvertit,</span> <span class='ocrx_word' id='word_1_421' title='bbox 1463 3901 1514 3948; x_wconf 90' lang='lat' dir='ltr'>et</span> <span class='ocrx_word' id='word_1_422' title='bbox 1557 3907 1699 3948; x_wconf 82' lang='lat' dir='ltr'>nova</span> <span class='ocrx_word' id='word_1_423' title='bbox 1747 3909 1999 3968; x_wconf 65' lang='lat' dir='ltr'>qua)un</span> 
     </span>
    </p>
   </div>
   <div class='ocr_carea' id='block_1_58' title="bbox 382 3985 1972 4058">
    <p class='ocr_par' dir='ltr' id='par_1_58' title="bbox 382 3985 1972 4058">
     <span class='ocr_line' id='line_1_58' title="bbox 382 3985 1972 4058; baseline -0.004 -10"><span class='ocrx_word' id='word_1_424' title='bbox 382 3991 660 4049; x_wconf 64' lang='lat' dir='ltr'>exstruxit.</span> <span class='ocrx_word' id='word_1_425' title='bbox 724 3987 959 4042; x_wconf 82' lang='lat' dir='ltr'>Clericos</span> <span class='ocrx_word' id='word_1_426' title='bbox 1007 3985 1095 4054; x_wconf 92' lang='lat' dir='ltr'>qui</span> <span class='ocrx_word' id='word_1_427' title='bbox 1144 3985 1274 4052; x_wconf 85' lang='lat' dir='ltr'>illic,</span> <span class='ocrx_word' id='word_1_428' title='bbox 1326 3985 1460 4040; x_wconf 84' lang='lat' dir='ltr'>sicut</span> <span class='ocrx_word' id='word_1_429' title='bbox 1507 3987 1756 4058; x_wconf 76' lang='lat' dir='ltr'>diximus,</span> <span class='ocrx_word' id='word_1_430' title='bbox 1807 3990 1972 4042; x_wconf 90' lang='lat' dir='ltr'>vitam</span> 
     </span>
    </p>
   </div>
   <div class='ocr_carea' id='block_1_59' title="bbox 384 4074 1975 4153">
    <p class='ocr_par' dir='ltr' id='par_1_59' title="bbox 384 4074 1975 4153">
     <span class='ocr_line' id='line_1_59' title="bbox 384 4074 1975 4153; baseline -0.003 -17"><span class='ocrx_word' id='word_1_431' title='bbox 384 4082 633 4153; x_wconf 82' lang='lat' dir='ltr'>agebant,</span> <span class='ocrx_word' id='word_1_432' title='bbox 692 4084 782 4131; x_wconf 88' lang='lat' dir='ltr'>aut</span> <span class='ocrx_word' id='word_1_433' title='bbox 838 4077 892 4129; x_wconf 93' lang='lat' dir='ltr'>in</span> <span class='ocrx_word' id='word_1_434' title='bbox 949 4075 1138 4130; x_wconf 85' lang='lat' dir='ltr'>eodem</span> <span class='ocrx_word' id='word_1_435' title='bbox 1184 4074 1308 4129; x_wconf 89' lang='lat' dir='ltr'>loco</span> <span class='ocrx_word' id='word_1_436' title='bbox 1357 4076 1425 4128; x_wconf 85' lang='lat' dir='ltr'>ad</span> <span class='ocrx_word' id='word_1_437' title='bbox 1454 4077 1734 4148; x_wconf 75' lang='lat' dir='ltr'>religionis</span> <span class='ocrx_word' id='word_1_438' title='bbox 1763 4079 1975 4133; x_wconf 88' lang='lat' dir='ltr'>culmen</span> 
     </span>
    </p>
   </div>
   <div class='ocr_carea' id='block_1_60' title="bbox 378 4164 1974 4235">
    <p class='ocr_par' dir='ltr' id='par_1_60' title="bbox 378 4164 1974 4235">
     <span class='ocr_line' id='line_1_60' title="bbox 378 4164 1974 4235; baseline -0.004 -10"><span class='ocrx_word' id='word_1_439' title='bbox 378 4171 582 4234; x_wconf 74' lang='lat' dir='ltr'>erexit;</span> <span class='ocrx_word' id='word_1_440' title='bbox 635 4175 743 4233; x_wconf 92' lang='lat' dir='ltr'>aut,</span> <span class='ocrx_word' id='word_1_441' title='bbox 795 4165 931 4219; x_wconf 86' lang='lat' dir='ltr'>datis</span> <span class='ocrx_word' id='word_1_442' title='bbox 971 4164 1090 4217; x_wconf 87' lang='lat' dir='ltr'>aliis</span> <span class='ocrx_word' id='word_1_443' title='bbox 1137 4164 1312 4229; x_wconf 83' lang='lat' dir='ltr'>rebus,</span> <span class='ocrx_word' id='word_1_444' title='bbox 1349 4165 1415 4217; x_wconf 87' lang='lat' dir='ltr'>de</span> <span class='ocrx_word' id='word_1_445' title='bbox 1447 4167 1641 4235; x_wconf 79' lang='lat' dir='ltr'>quibus</span> <span class='ocrx_word' id='word_1_446' title='bbox 1688 4167 1974 4221; x_wconf 89' lang='lat' dir='ltr'>abundan-</span> 
     </span>
    </p>
   </div>
   <div class='ocr_carea' id='block_1_61' title="bbox 376 4253 1976 4320">
    <p class='ocr_par' dir='ltr' id='par_1_61' title="bbox 376 4253 1976 4320">
     <span class='ocr_line' id='line_1_61' title="bbox 376 4253 1976 4320; baseline -0.004 -5"><span class='ocrx_word' id='word_1_447' title='bbox 376 4262 482 4315; x_wconf 86' lang='lat' dir='ltr'>tius</span> <span class='ocrx_word' id='word_1_448' title='bbox 513 4257 669 4312; x_wconf 84' lang='lat' dir='ltr'>solito</span> <span class='ocrx_word' id='word_1_449' title='bbox 700 4257 898 4310; x_wconf 80' lang='lat' dir='ltr'>vietum</span> <span class='ocrx_word' id='word_1_450' title='bbox 932 4261 982 4306; x_wconf 87' lang='lat' dir='ltr'>et</span> <span class='ocrx_word' id='word_1_451' title='bbox 1011 4253 1259 4306; x_wconf 75' lang='lat' dir='ltr'>vestitum</span> <span class='ocrx_word' id='word_1_452' title='bbox 1291 4253 1570 4320; x_wconf 85' lang='lat' dir='ltr'>haberent,</span> <span class='ocrx_word' id='word_1_453' title='bbox 1615 4255 1665 4307; x_wconf 90' lang='lat' dir='ltr'>in</span> <span class='ocrx_word' id='word_1_454' title='bbox 1724 4255 1828 4308; x_wconf 85' lang='lat' dir='ltr'>alia</span> <span class='ocrx_word' id='word_1_455' title='bbox 1856 4255 1976 4308; x_wconf 72' lang='lat' dir='ltr'>lora</span> 
     </span>
    </p>
   </div>
   <div class='ocr_carea' id='block_1_62' title="bbox 375 4341 1973 4409">
    <p class='ocr_par' dir='ltr' id='par_1_62' title="bbox 375 4341 1973 4409">
     <span class='ocr_line' id='line_1_62' title="bbox 375 4341 1973 4409; baseline -0.004 -7"><span class='ocrx_word' id='word_1_456' title='bbox 375 4349 621 4403; x_wconf 89' lang='lat' dir='ltr'>mutavit.</span> <span class='ocrx_word' id='word_1_457' title='bbox 655 4346 849 4399; x_wconf 69' lang='lat' dir='ltr'>Sedeat</span> <span class='ocrx_word' id='word_1_458' title='bbox 881 4341 1077 4395; x_wconf 89' lang='lat' dir='ltr'>etenim</span> <span class='ocrx_word' id='word_1_459' title='bbox 1110 4342 1474 4409; x_wconf 58' lang='lat' dir='ltr'>episcopalen‘i</span> <span class='ocrx_word' id='word_1_460' title='bbox 1533 4343 1833 4397; x_wconf 87' lang='lat' dir='ltr'>monachici</span> <span class='ocrx_word' id='word_1_461' title='bbox 1879 4361 1973 4398; x_wconf 88' lang='lat' dir='ltr'>or—</span> 
     </span>
    </p>
   </div>
   <div class='ocr_carea' id='block_1_63' title="bbox 378 4429 1972 4503">
    <p class='ocr_par' dir='ltr' id='par_1_63' title="bbox 378 4429 1972 4503">
     <span class='ocr_line' id='line_1_63' title="bbox 378 4429 1972 4503; baseline -0.003 -12"><span class='ocrx_word' id='word_1_462' title='bbox 378 4438 517 4491; x_wconf 83' lang='lat' dir='ltr'>dinis</span> <span class='ocrx_word' id='word_1_463' title='bbox 546 4436 689 4490; x_wconf 89' lang='lat' dir='ltr'>cultu</span> <span class='ocrx_word' id='word_1_464' title='bbox 722 4431 965 4494; x_wconf 73' lang='lat' dir='ltr'>instituit,</span> <span class='ocrx_word' id='word_1_465' title='bbox 999 4446 1060 4484; x_wconf 85' lang='lat' dir='ltr'>ac</span> <span class='ocrx_word' id='word_1_466' title='bbox 1092 4429 1352 4497; x_wconf 63' lang='lat' dir='ltr'>delegatis</span> <span class='ocrx_word' id='word_1_467' title='bbox 1387 4431 1532 4484; x_wconf 86' lang='lat' dir='ltr'>terris</span> <span class='ocrx_word' id='word_1_468' title='bbox 1589 4440 1641 4486; x_wconf 89' lang='lat' dir='ltr'>et</span> <span class='ocrx_word' id='word_1_469' title='bbox 1697 4433 1813 4485; x_wconf 83' lang='lat' dir='ltr'>aliis</span> <span class='ocrx_word' id='word_1_470' title='bbox 1851 4451 1972 4503; x_wconf 77' lang='lat' dir='ltr'>qum</span> 
     </span>
    </p>
   </div>
   <div class='ocr_carea' id='block_1_64' title="bbox 352 4499 2053 4594">
    <p class='ocr_par' dir='ltr' id='par_1_64' title="bbox 352 4499 2053 4594">
     <span class='ocr_line' id='line_1_64' title="bbox 352 4499 2053 4594; baseline -0.003 -13"><span class='ocrx_word' id='word_1_471' title='bbox 352 4522 746 4581; x_wconf 67' lang='lat' dir='ltr'>snstentationi</span> <span class='ocrx_word' id='word_1_472' title='bbox 805 4521 916 4574; x_wconf 87' lang='lat' dir='ltr'>illic</span> <span class='ocrx_word' id='word_1_473' title='bbox 973 4518 1319 4571; x_wconf 87' lang='lat' dir='ltr'>servientium</span> <span class='ocrx_word' id='word_1_474' title='bbox 1391 4521 1498 4574; x_wconf 91' lang='lat' dir='ltr'>Deo</span> <span class='ocrx_word' id='word_1_475' title='bbox 1573 4523 1970 4594; x_wconf 83' lang='lat' dir='ltr'>competebant,</span> <span class='ocrx_word' id='word_1_476' title='bbox 2004 4499 2053 4560; x_wconf 86' lang='lat' dir='ltr'><strong>D</strong></span> 
     </span>
    </p>
   </div>
   <div class='ocr_carea' id='block_1_65' title="bbox 380 4606 1977 4676">
    <p class='ocr_par' dir='ltr' id='par_1_65' title="bbox 380 4606 1977 4676">
     <span class='ocr_line' id='line_1_65' title="bbox 380 4606 1977 4676; baseline -0.002 -8"><span class='ocrx_word' id='word_1_477' title='bbox 380 4616 600 4668; x_wconf 76' lang='lat' dir='ltr'>divitem</span> <span class='ocrx_word' id='word_1_478' title='bbox 659 4613 726 4664; x_wconf 88' lang='lat' dir='ltr'>de</span> <span class='ocrx_word' id='word_1_479' title='bbox 763 4623 1021 4676; x_wconf 87' lang='lat' dir='ltr'>paupere,</span> <span class='ocrx_word' id='word_1_480' title='bbox 1067 4606 1352 4661; x_wconf 78' lang='lat' dir='ltr'>sublimem</span> <span class='ocrx_word' id='word_1_481' title='bbox 1385 4608 1451 4661; x_wconf 90' lang='lat' dir='ltr'>de</span> <span class='ocrx_word' id='word_1_482' title='bbox 1500 4609 1706 4674; x_wconf 90' lang='lat' dir='ltr'>humili,</span> <span class='ocrx_word' id='word_1_483' title='bbox 1758 4612 1895 4664; x_wconf 72' lang='lat' dir='ltr'>sicut.</span> <span class='ocrx_word' id='word_1_484' title='bbox 1923 4613 1977 4665; x_wconf 89' lang='lat' dir='ltr'>in</span> 
     </span>
    </p>
   </div>
   <div class='ocr_carea' id='block_1_66' title="bbox 377 4694 1981 4775">
    <p class='ocr_par' dir='ltr' id='par_1_66' title="bbox 377 4694 1981 4775">
     <span class='ocr_line' id='line_1_66' title="bbox 377 4694 1981 4775; baseline 0.002 -24"><span class='ocrx_word' id='word_1_485' title='bbox 377 4699 630 4775; x_wconf 64' lang='lat' dir='ltr'>pl‘ﬁ.‘:€nll</span> <span class='ocrx_word' id='word_1_486' title='bbox 663 4697 906 4760; x_wconf 90' lang='lat' dir='ltr'>habetur,</span> <span class='ocrx_word' id='word_1_487' title='bbox 941 4694 1138 4748; x_wconf 72' lang='lat' dir='ltr'>tg-tTecit.</span> <span class='ocrx_word' id='word_1_488' title='bbox 1190 4695 1294 4749; x_wconf 85' lang='lat' dir='ltr'>Sed</span> <span class='ocrx_word' id='word_1_489' title='bbox 1328 4696 1471 4765; x_wconf 91' lang='lat' dir='ltr'>quod</span> <span class='ocrx_word' id='word_1_490' title='bbox 1529 4698 1593 4750; x_wconf 86' lang='lat' dir='ltr'>de.</span> <span class='ocrx_word' id='word_1_491' title='bbox 1650 4701 1981 4768; x_wconf 86' lang='lat' dir='ltr'>pauperibus</span> 
     </span>
    </p>
   </div>
   <div class='ocr_carea' id='block_1_67' title="bbox 382 4783 1983 4855">
    <p class='ocr_par' dir='ltr' id='par_1_67' title="bbox 382 4783 1983 4855">
     <span class='ocr_line' id='line_1_67' title="bbox 382 4783 1983 4855; baseline -0.002 -10"><span class='ocrx_word' id='word_1_492' title='bbox 382 4793 528 4845; x_wconf 87' lang='lat' dir='ltr'>foras</span> <span class='ocrx_word' id='word_1_493' title='bbox 559 4801 740 4840; x_wconf 83' lang='lat' dir='ltr'>muros</span> <span class='ocrx_word' id='word_1_494' title='bbox 780 4783 1010 4838; x_wconf 77' lang='lat' dir='ltr'>civitatis</span> <span class='ocrx_word' id='word_1_495' title='bbox 1041 4783 1345 4838; x_wconf 67' lang='lat' dir='ltr'>Cantuarite</span> <span class='ocrx_word' id='word_1_496' title='bbox 1390 4786 1536 4851; x_wconf 85' lang='lat' dir='ltr'>fecit,</span> <span class='ocrx_word' id='word_1_497' title='bbox 1574 4791 1983 4855; x_wconf 62' lang='lat' dir='ltr'>praetermitten-</span> 
     </span>
    </p>
   </div>
   <div class='ocr_carea' id='block_1_68' title="bbox 378 4872 1983 4941">
    <p class='ocr_par' dir='ltr' id='par_1_68' title="bbox 378 4872 1983 4941">
     <span class='ocr_line' id='line_1_68' title="bbox 378 4872 1983 4941; baseline -0.001 -7"><span class='ocrx_word' id='word_1_498' title='bbox 378 4881 507 4934; x_wconf 83' lang='lat' dir='ltr'>dum</span> <span class='ocrx_word' id='word_1_499' title='bbox 565 4875 701 4929; x_wconf 88' lang='lat' dir='ltr'>mihi</span> <span class='ocrx_word' id='word_1_500' title='bbox 749 4875 803 4927; x_wconf 88' lang='lat' dir='ltr'>in</span> <span class='ocrx_word' id='word_1_501' title='bbox 853 4874 955 4926; x_wconf 90' lang='lat' dir='ltr'>hoc</span> <span class='ocrx_word' id='word_1_502' title='bbox 1005 4889 1167 4941; x_wconf 85' lang='lat' dir='ltr'>opere</span> <span class='ocrx_word' id='word_1_503' title='bbox 1215 4872 1327 4927; x_wconf 80' lang='lat' dir='ltr'>fore</span> <span class='ocrx_word' id='word_1_504' title='bbox 1375 4890 1480 4928; x_wconf 92' lang='lat' dir='ltr'>non</span> <span class='ocrx_word' id='word_1_505' title='bbox 1526 4876 1773 4930; x_wconf 87' lang='lat' dir='ltr'>arbitror.</span> <span class='ocrx_word' id='word_1_506' title='bbox 1817 4879 1983 4933; x_wconf 75' lang='lat' dir='ltr'>Extra</span> 
     </span>
    </p>
   </div>
   <div class='ocr_carea' id='block_1_69' title="bbox 384 4961 1981 5038">
    <p class='ocr_par' dir='ltr' id='par_1_69' title="bbox 384 4961 1981 5038">
     <span class='ocr_line' id='line_1_69' title="bbox 384 4961 1981 5038; baseline -0.008 -10"><span class='ocrx_word' id='word_1_507' title='bbox 384 4966 744 5038; x_wconf 78' lang='lat' dir='ltr'>aquilonalem</span> <span class='ocrx_word' id='word_1_508' title='bbox 777 4961 1010 5030; x_wconf 74' lang='lat' dir='ltr'>denique</span> <span class='ocrx_word' id='word_1_509' title='bbox 1067 4970 1278 5031; x_wconf 82' lang='lat' dir='ltr'>portam</span> <span class='ocrx_word' id='word_1_510' title='bbox 1336 4964 1482 5016; x_wconf 86' lang='lat' dir='ltr'>urbis</span> <span class='ocrx_word' id='word_1_511' title='bbox 1539 4964 1679 5018; x_wconf 78' lang='lat' dir='ltr'>illitis</span> <span class='ocrx_word' id='word_1_512' title='bbox 1707 4965 1981 5035; x_wconf 86' lang='lat' dir='ltr'>lapideam</span> 
     </span>
    </p>
   </div>
   <div class='ocr_carea' id='block_1_70' title="bbox 383 5053 1979 5123">
    <p class='ocr_par' dir='ltr' id='par_1_70' title="bbox 383 5053 1979 5123">
     <span class='ocr_line' id='line_1_70' title="bbox 383 5053 1979 5123; baseline -0.002 -11"><span class='ocrx_word' id='word_1_513' title='bbox 383 5059 610 5112; x_wconf 87' lang='lat' dir='ltr'>domum</span> <span class='ocrx_word' id='word_1_514' title='bbox 641 5054 921 5108; x_wconf 82' lang='lat' dir='ltr'>decentem</span> <span class='ocrx_word' id='word_1_515' title='bbox 971 5059 1020 5103; x_wconf 85' lang='lat' dir='ltr'>et</span> <span class='ocrx_word' id='word_1_516' title='bbox 1073 5053 1309 5119; x_wconf 83' lang='lat' dir='ltr'>amplam</span> <span class='ocrx_word' id='word_1_517' title='bbox 1359 5053 1672 5121; x_wconf 62' lang='lat' dir='ltr'>construxit,</span> <span class='ocrx_word' id='word_1_518' title='bbox 1724 5064 1774 5108; x_wconf 90' lang='lat' dir='ltr'>et</span> <span class='ocrx_word' id='word_1_519' title='bbox 1805 5055 1850 5107; x_wconf 89' lang='lat' dir='ltr'>ei</span> <span class='ocrx_word' id='word_1_520' title='bbox 1881 5071 1979 5123; x_wconf 89' lang='lat' dir='ltr'>pro</span> 
     </span>
    </p>
   </div>
   <div class='ocr_carea' id='block_1_71' title="bbox 390 5140 1978 5200">
    <p class='ocr_par' dir='ltr' id='par_1_71' title="bbox 390 5140 1978 5200">
     <span class='ocr_line' id='line_1_71' title="bbox 390 5140 1978 5200; baseline -0.002 -1"><span class='ocrx_word' id='word_1_521' title='bbox 390 5144 616 5200; x_wconf 83' lang='lat' dir='ltr'>diversis</span> <span class='ocrx_word' id='word_1_522' title='bbox 652 5140 1132 5197; x_wconf 60' lang='lat' dir='ltr'>i&#39;iecessitudiuibus</span> <span class='ocrx_word' id='word_1_523' title='bbox 1164 5141 1443 5192; x_wconf 89' lang='lat' dir='ltr'>hominum</span> <span class='ocrx_word' id='word_1_524' title='bbox 1496 5149 1542 5194; x_wconf 89' lang='lat' dir='ltr'>et</span> <span class='ocrx_word' id='word_1_525' title='bbox 1576 5143 1978 5196; x_wconf 89' lang='lat' dir='ltr'>commoditati-</span> 
     </span>
    </p>
   </div>
   <div class='ocr_carea' id='block_1_72' title="bbox 382 5230 1976 5301">
    <p class='ocr_par' dir='ltr' id='par_1_72' title="bbox 382 5230 1976 5301">
     <span class='ocr_line' id='line_1_72' title="bbox 382 5230 1976 5301; baseline -0.001 -15"><span class='ocrx_word' id='word_1_526' title='bbox 382 5237 480 5292; x_wconf 73' lang='lat' dir='ltr'>bus</span> <span class='ocrx_word' id='word_1_527' title='bbox 523 5233 826 5288; x_wconf 85' lang='lat' dir='ltr'>habitacula</span> <span class='ocrx_word' id='word_1_528' title='bbox 891 5230 1044 5298; x_wconf 91' lang='lat' dir='ltr'>plura</span> <span class='ocrx_word' id='word_1_529' title='bbox 1091 5245 1212 5282; x_wconf 89' lang='lat' dir='ltr'>cum</span> <span class='ocrx_word' id='word_1_530' title='bbox 1266 5231 1500 5297; x_wconf 63' lang='lat' dir='ltr'>spz‘itiosa</span> <span class='ocrx_word' id='word_1_531' title='bbox 1557 5239 1703 5284; x_wconf 86' lang='lat' dir='ltr'>eurte</span> <span class='ocrx_word' id='word_1_532' title='bbox 1760 5232 1976 5301; x_wconf 78' lang='lat' dir='ltr'>adjecit.</span> 
     </span>
    </p>
   </div>
   <div class='ocr_carea' id='block_1_73' title="bbox 379 5317 1981 5394">
    <p class='ocr_par' dir='ltr' id='par_1_73' title="bbox 379 5317 1981 5394">
     <span class='ocr_line' id='line_1_73' title="bbox 379 5317 1981 5394; baseline 0.002 -22"><span class='ocrx_word' id='word_1_533' title='bbox 379 5328 492 5381; x_wconf 71' lang='lat' dir='ltr'>Hoc</span> <span class='ocrx_word' id='word_1_534' title='bbox 525 5324 784 5394; x_wconf 82' lang='lat' dir='ltr'>palatium</span> <span class='ocrx_word' id='word_1_535' title='bbox 832 5320 885 5372; x_wconf 90' lang='lat' dir='ltr'>in</span> <span class='ocrx_word' id='word_1_536' title='bbox 919 5319 1024 5370; x_wconf 87' lang='lat' dir='ltr'>duo</span> <span class='ocrx_word' id='word_1_537' title='bbox 1058 5317 1267 5374; x_wconf 67' lang='lat' dir='ltr'>tllVl&gt;lt3</span> <span class='ocrx_word' id='word_1_538' title='bbox 1322 5319 1463 5371; x_wconf 85' lang='lat' dir='ltr'>viros</span> <span class='ocrx_word' id='word_1_539' title='bbox 1514 5320 1762 5374; x_wconf 86' lang='lat' dir='ltr'>videlicet</span> <span class='ocrx_word' id='word_1_540' title='bbox 1819 5323 1981 5375; x_wconf 86' lang='lat' dir='ltr'>variis</span> 
     </span>
    </p>
   </div>
   <div class='ocr_carea' id='block_1_74' title="bbox 380 5406 1978 5496">
    <p class='ocr_par' dir='ltr' id='par_1_74' title="bbox 380 5406 1978 5496">
     <span class='ocr_line' id='line_1_74' title="bbox 380 5406 1978 5496; baseline -0.012 -27"><span class='ocrx_word' id='word_1_541' title='bbox 380 5415 753 5496; x_wconf 69' lang='lat' dir='ltr'>illlll‘llllltlllllll</span> <span class='ocrx_word' id='word_1_542' title='bbox 805 5406 1148 5477; x_wconf 85' lang='lat' dir='ltr'>qualitatibus</span> <span class='ocrx_word' id='word_1_543' title='bbox 1206 5423 1422 5474; x_wconf 65' lang='lat' dir='ltr'>pressos</span> <span class='ocrx_word' id='word_1_544' title='bbox 1481 5409 1592 5476; x_wconf 79' lang='lat' dir='ltr'>nni,</span> <span class='ocrx_word' id='word_1_545' title='bbox 1650 5411 1789 5479; x_wconf 55' lang='lat' dir='ltr'>pay-1i</span> <span class='ocrx_word' id='word_1_546' title='bbox 1846 5427 1978 5467; x_wconf 55' lang='grc' dir='ltr'>κ-(ιγο</span> 
     </span>
    </p>
   </div>
   <div class='ocr_carea' id='block_1_75' title="bbox 380 5503 1977 5567">
    <p class='ocr_par' dir='ltr' id='par_1_75' title="bbox 380 5503 1977 5567">
     <span class='ocr_line' id='line_1_75' title="bbox 380 5503 1977 5567; baseline -0.003 -1"><span class='ocrx_word' id='word_1_547' title='bbox 380 5511 533 5567; x_wconf 83' lang='lat' dir='ltr'>alteri</span> <span class='ocrx_word' id='word_1_548' title='bbox 556 5510 782 5564; x_wconf 82' lang='lat' dir='ltr'>feminas</span> <span class='ocrx_word' id='word_1_549' title='bbox 813 5521 871 5558; x_wconf 84' lang='lat' dir='ltr'>se</span> <span class='ocrx_word' id='word_1_550' title='bbox 899 5503 1042 5556; x_wconf 89' lang='lat' dir='ltr'>male</span> <span class='ocrx_word' id='word_1_551' title='bbox 1073 5503 1331 5558; x_wconf 85' lang='lat' dir='ltr'>habentes</span> <span class='ocrx_word' id='word_1_552' title='bbox 1380 5505 1674 5560; x_wconf 79' lang='lat' dir='ltr'>instituens.</span> <span class='ocrx_word' id='word_1_553' title='bbox 1737 5507 1977 5564; x_wconf 84' lang='lat' dir='ltr'>Ordina-</span> 
     </span>
    </p>
   </div>
   <div class='ocr_carea' id='block_1_76' title="bbox 381 5602 1974 5681">
    <p class='ocr_par' dir='ltr' id='par_1_76' title="bbox 381 5602 1974 5681">
     <span class='ocr_line' id='line_1_76' title="bbox 381 5602 1974 5681; baseline -0.001 -19"><span class='ocrx_word' id='word_1_554' title='bbox 381 5609 458 5681; x_wconf 58' lang='lat' dir='ltr'>yit</span> <span class='ocrx_word' id='word_1_555' title='bbox 489 5610 646 5664; x_wconf 88' lang='lat' dir='ltr'>etiam</span> <span class='ocrx_word' id='word_1_556' title='bbox 679 5607 757 5662; x_wconf 89' lang='lat' dir='ltr'>eis</span> <span class='ocrx_word' id='word_1_557' title='bbox 788 5604 852 5656; x_wconf 83' lang='lat' dir='ltr'>de</span> <span class='ocrx_word' id='word_1_558' title='bbox 884 5616 982 5656; x_wconf 90' lang='lat' dir='ltr'>suo</span> <span class='ocrx_word' id='word_1_559' title='bbox 1021 5602 1272 5660; x_wconf 65' lang='lat' dir='ltr'>vestitum</span> <span class='ocrx_word' id='word_1_560' title='bbox 1331 5610 1385 5662; x_wconf 86' lang='lat' dir='ltr'>et</span> <span class='ocrx_word' id='word_1_561' title='bbox 1441 5605 1639 5668; x_wconf 77' lang='lat' dir='ltr'>victum</span> <span class='ocrx_word' id='word_1_562' title='bbox 1701 5605 1974 5679; x_wconf 88' lang='lat' dir='ltr'>quotidia-</span> 
     </span>
    </p>
   </div>
   <div class='ocr_carea' id='block_1_77' title="bbox 2073 1849 3666 1923">
    <p class='ocr_par' dir='ltr' id='par_1_77' title="bbox 2073 1849 3666 1923">
     <span class='ocr_line' id='line_1_77' title="bbox 2073 1849 3666 1923; baseline 0.003 -21"><span class='ocrx_word' id='word_1_563' title='bbox 2073 1850 2360 1902; x_wconf 81' lang='lat' dir='ltr'>miuistrari</span> <span class='ocrx_word' id='word_1_564' title='bbox 2405 1849 2698 1916; x_wconf 84' lang='lat' dir='ltr'>constituit,</span> <span class='ocrx_word' id='word_1_565' title='bbox 2745 1849 3002 1904; x_wconf 87' lang='lat' dir='ltr'>institutis</span> <span class='ocrx_word' id='word_1_566' title='bbox 3051 1851 3116 1904; x_wconf 85' lang='lat' dir='ltr'>ad</span> <span class='ocrx_word' id='word_1_567' title='bbox 3162 1851 3263 1905; x_wconf 90' lang='lat' dir='ltr'>hoc</span> <span class='ocrx_word' id='word_1_568' title='bbox 3293 1853 3666 1923; x_wconf 56' lang='lat' dir='ltr'>pet-agt’éndum</span> 
     </span>
    </p>
   </div>
   <div class='ocr_carea' id='block_1_78' title="bbox 2073 1937 3667 2010">
    <p class='ocr_par' dir='ltr' id='par_1_78' title="bbox 2073 1937 3667 2010">
     <span class='ocr_line' id='line_1_78' title="bbox 2073 1937 3667 2010; baseline 0.002 -19"><span class='ocrx_word' id='word_1_569' title='bbox 2073 1937 2268 1991; x_wconf 89' lang='lat' dir='ltr'>talibus</span> <span class='ocrx_word' id='word_1_570' title='bbox 2335 1938 2483 2000; x_wconf 88' lang='lat' dir='ltr'>viris,</span> <span class='ocrx_word' id='word_1_571' title='bbox 2535 1938 2602 1991; x_wconf 88' lang='lat' dir='ltr'>de.</span> <span class='ocrx_word' id='word_1_572' title='bbox 2652 1955 2887 2009; x_wconf 90' lang='lat' dir='ltr'>quorum</span> <span class='ocrx_word' id='word_1_573' title='bbox 2933 1939 3168 2006; x_wconf 86' lang='lat' dir='ltr'>solertia,</span> <span class='ocrx_word' id='word_1_574' title='bbox 3218 1941 3552 2010; x_wconf 76' lang='lat' dir='ltr'>benignitate</span> <span class='ocrx_word' id='word_1_575' title='bbox 3602 1957 3667 1994; x_wconf 87' lang='lat' dir='ltr'>ac</span> 
     </span>
    </p>
   </div>
   <div class='ocr_carea' id='block_1_79' title="bbox 2071 2027 3667 2098">
    <p class='ocr_par' dir='ltr' id='par_1_79' title="bbox 2071 2027 3667 2098">
     <span class='ocr_line' id='line_1_79' title="bbox 2071 2027 3667 2098; baseline 0.004 -20"><span class='ocrx_word' id='word_1_576' title='bbox 2071 2027 2352 2098; x_wconf 85' lang='lat' dir='ltr'>patientia,</span> <span class='ocrx_word' id='word_1_577' title='bbox 2394 2036 2450 2080; x_wconf 89' lang='lat' dir='ltr'>ut</span> <span class='ocrx_word' id='word_1_578' title='bbox 2490 2028 2589 2080; x_wconf 88' lang='lat' dir='ltr'>sibi</span> <span class='ocrx_word' id='word_1_579' title='bbox 2630 2028 2847 2095; x_wconf 88' lang='lat' dir='ltr'>quidem</span> <span class='ocrx_word' id='word_1_580' title='bbox 2896 2029 3199 2092; x_wconf 86' lang='lat' dir='ltr'>videbatur,</span> <span class='ocrx_word' id='word_1_581' title='bbox 3258 2030 3462 2084; x_wconf 88' lang='lat' dir='ltr'>nomini</span> <span class='ocrx_word' id='word_1_582' title='bbox 3528 2030 3667 2085; x_wconf 83' lang='lat' dir='ltr'>foret</span> 
     </span>
    </p>
   </div>
   <div class='ocr_carea' id='block_1_80' title="bbox 2075 2117 3668 2187">
    <p class='ocr_par' dir='ltr' id='par_1_80' title="bbox 2075 2117 3668 2187">
     <span class='ocr_line' id='line_1_80' title="bbox 2075 2117 3668 2187; baseline 0 -17"><span class='ocrx_word' id='word_1_583' title='bbox 2075 2117 2481 2187; x_wconf 75' lang='lat' dir='ltr'>ambigendum.</span> <span class='ocrx_word' id='word_1_584' title='bbox 2534 2117 2707 2186; x_wconf 75' lang='lat' dir='ltr'>Super</span> <span class='ocrx_word' id='word_1_585' title='bbox 2754 2119 2889 2181; x_wconf 69' lang='lat' dir='ltr'>hzec,</span> <span class='ocrx_word' id='word_1_586' title='bbox 2940 2118 2992 2171; x_wconf 85' lang='lat' dir='ltr'>in</span> <span class='ocrx_word' id='word_1_587' title='bbox 3033 2117 3174 2172; x_wconf 84' lang='lat' dir='ltr'>villis</span> <span class='ocrx_word' id='word_1_588' title='bbox 3204 2119 3270 2170; x_wconf 86' lang='lat' dir='ltr'>ad</span> <span class='ocrx_word' id='word_1_589' title='bbox 3301 2117 3668 2187; x_wconf 81' lang='lat' dir='ltr'>pontificatum</span> 
     </span>
    </p>
   </div>
   <div class='ocr_carea' id='block_1_81' title="bbox 2073 2206 3676 2279">
    <p class='ocr_par' dir='ltr' id='par_1_81' title="bbox 2073 2206 3676 2279">
     <span class='ocr_line' id='line_1_81' title="bbox 2073 2206 3676 2279; baseline 0.005 -25"><span class='ocrx_word' id='word_1_590' title='bbox 2073 2206 2468 2279; x_wconf 82' lang='lat' dir='ltr'>pertinentibus</span> <span class='ocrx_word' id='word_1_591' title='bbox 2499 2207 2693 2261; x_wconf 86' lang='lat' dir='ltr'>domos</span> <span class='ocrx_word' id='word_1_592' title='bbox 2725 2208 2918 2260; x_wconf 87' lang='lat' dir='ltr'>multas</span> <span class='ocrx_word' id='word_1_593' title='bbox 2955 2214 3115 2276; x_wconf 90' lang='lat' dir='ltr'>atque</span> <span class='ocrx_word' id='word_1_594' title='bbox 3173 2207 3422 2261; x_wconf 85' lang='lat' dir='ltr'>honestas</span> <span class='ocrx_word' id='word_1_595' title='bbox 3476 2209 3676 2278; x_wconf 88' lang='lat' dir='ltr'>partim</span> 
     </span>
    </p>
   </div>
   <div class='ocr_carea' id='block_1_82' title="bbox 2079 2295 3676 2366">
    <p class='ocr_par' dir='ltr' id='par_1_82' title="bbox 2079 2295 3676 2366">
     <span class='ocr_line' id='line_1_82' title="bbox 2079 2295 3676 2366; baseline 0.001 -16"><span class='ocrx_word' id='word_1_596' title='bbox 2079 2297 2145 2350; x_wconf 90' lang='lat' dir='ltr'>de</span> <span class='ocrx_word' id='word_1_597' title='bbox 2194 2295 2397 2364; x_wconf 88' lang='lat' dir='ltr'>lapide,</span> <span class='ocrx_word' id='word_1_598' title='bbox 2451 2295 2646 2364; x_wconf 84' lang='lat' dir='ltr'>partim</span> <span class='ocrx_word' id='word_1_599' title='bbox 2699 2297 2766 2349; x_wconf 87' lang='lat' dir='ltr'>de</span> <span class='ocrx_word' id='word_1_600' title='bbox 2815 2296 2985 2366; x_wconf 78' lang='lat' dir='ltr'>ligno,</span> <span class='ocrx_word' id='word_1_601' title='bbox 3037 2296 3138 2350; x_wconf 81' lang='lat' dir='ltr'>sibi</span> <span class='ocrx_word' id='word_1_602' title='bbox 3178 2306 3229 2349; x_wconf 90' lang='lat' dir='ltr'>et</span> <span class='ocrx_word' id='word_1_603' title='bbox 3273 2298 3676 2352; x_wconf 61' lang='lat' dir='ltr'>SIICPCSSOI&#39;lbUS</span> 
     </span>
    </p>
   </div>
   <div class='ocr_carea' id='block_1_83' title="bbox 2075 2385 3675 2454">
    <p class='ocr_par' dir='ltr' id='par_1_83' title="bbox 2075 2385 3675 2454">
     <span class='ocr_line' id='line_1_83' title="bbox 2075 2385 3675 2454; baseline 0.001 -15"><span class='ocrx_word' id='word_1_604' title='bbox 2075 2388 2182 2439; x_wconf 81' lang='lat' dir='ltr'>suis</span> <span class='ocrx_word' id='word_1_605' title='bbox 2214 2385 2518 2438; x_wconf 73' lang='lat' dir='ltr'>:ediiiez&#39;tvit.</span> <span class='ocrx_word' id='word_1_606' title='bbox 2568 2386 2670 2437; x_wconf 81' lang='lat' dir='ltr'>Pro</span> <span class='ocrx_word' id='word_1_607' title='bbox 2702 2385 2967 2454; x_wconf 71' lang='lat' dir='ltr'>dignitate</span> <span class='ocrx_word' id='word_1_608' title='bbox 2997 2393 3175 2439; x_wconf 88' lang='lat' dir='ltr'>autem</span> <span class='ocrx_word' id='word_1_609' title='bbox 3224 2385 3481 2440; x_wconf 72' lang='lat' dir='ltr'>Ecclesite</span> <span class='ocrx_word' id='word_1_610' title='bbox 3531 2388 3675 2440; x_wconf 75' lang='lat' dir='ltr'>Cari-</span> 
     </span>
    </p>
   </div>
   <div class='ocr_carea' id='block_1_84' title="bbox 2075 2473 3678 2545">
    <p class='ocr_par' dir='ltr' id='par_1_84' title="bbox 2075 2473 3678 2545">
     <span class='ocr_line' id='line_1_84' title="bbox 2075 2473 3678 2545; baseline 0 -17"><span class='ocrx_word' id='word_1_611' title='bbox 2075 2474 2360 2528; x_wconf 82' lang='lat' dir='ltr'>tuariensis</span> <span class='ocrx_word' id='word_1_612' title='bbox 2392 2491 2552 2545; x_wconf 89' lang='lat' dir='ltr'>quam</span> <span class='ocrx_word' id='word_1_613' title='bbox 2609 2475 2828 2543; x_wconf 88' lang='lat' dir='ltr'>quidam</span> <span class='ocrx_word' id='word_1_614' title='bbox 2861 2475 2926 2528; x_wconf 87' lang='lat' dir='ltr'>de</span> <span class='ocrx_word' id='word_1_615' title='bbox 2958 2473 3251 2544; x_wconf 83' lang='lat' dir='ltr'>episcopis,</span> <span class='ocrx_word' id='word_1_616' title='bbox 3301 2475 3394 2528; x_wconf 88' lang='lat' dir='ltr'>sed</span> <span class='ocrx_word' id='word_1_617' title='bbox 3441 2476 3678 2530; x_wconf 73' lang='lat' dir='ltr'>maxime</span> 
     </span>
    </p>
   </div>
   <div class='ocr_carea' id='block_1_85' title="bbox 2077 2563 3677 2636">
    <p class='ocr_par' dir='ltr' id='par_1_85' title="bbox 2077 2563 3677 2636">
     <span class='ocr_line' id='line_1_85' title="bbox 2077 2563 3677 2636; baseline 0.002 -20"><span class='ocrx_word' id='word_1_618' title='bbox 2077 2564 2310 2617; x_wconf 83' lang='lat' dir='ltr'>Thomas</span> <span class='ocrx_word' id='word_1_619' title='bbox 2333 2563 2768 2632; x_wconf 76' lang='lat' dir='ltr'>archiepiscOpus</span> <span class='ocrx_word' id='word_1_620' title='bbox 2791 2564 3168 2631; x_wconf 84' lang='lat' dir='ltr'>Eboracensis,</span> <span class='ocrx_word' id='word_1_621' title='bbox 3197 2571 3255 2619; x_wconf 87' lang='lat' dir='ltr'>ut</span> <span class='ocrx_word' id='word_1_622' title='bbox 3274 2579 3442 2618; x_wconf 81' lang='lat' dir='ltr'>novus</span> <span class='ocrx_word' id='word_1_623' title='bbox 3465 2564 3677 2636; x_wconf 63' lang='lat' dir='ltr'>Anglia:</span> 
     </span>
    </p>
   </div>
   <div class='ocr_carea' id='block_1_86' title="bbox 2078 2651 3677 2718">
    <p class='ocr_par' dir='ltr' id='par_1_86' title="bbox 2078 2651 3677 2718">
     <span class='ocr_line' id='line_1_86' title="bbox 2078 2651 3677 2718; baseline 0 -11"><span class='ocrx_word' id='word_1_624' title='bbox 2078 2651 2230 2718; x_wconf 87' lang='lat' dir='ltr'>civis,</span> <span class='ocrx_word' id='word_1_625' title='bbox 2288 2652 2510 2706; x_wconf 88' lang='lat' dir='ltr'>nimium</span> <span class='ocrx_word' id='word_1_626' title='bbox 2569 2660 2791 2706; x_wconf 88' lang='lat' dir='ltr'>conatus</span> <span class='ocrx_word' id='word_1_627' title='bbox 2847 2662 2930 2706; x_wconf 88' lang='lat' dir='ltr'>est</span> <span class='ocrx_word' id='word_1_628' title='bbox 2995 2654 3063 2707; x_wconf 85' lang='lat' dir='ltr'>ad</span> <span class='ocrx_word' id='word_1_629' title='bbox 3129 2652 3512 2708; x_wconf 74' lang='lat' dir='ltr'>exultationem</span> <span class='ocrx_word' id='word_1_630' title='bbox 3561 2669 3677 2707; x_wconf 65' lang='lat' dir='ltr'>sua)</span> 
     </span>
    </p>
   </div>
   <div class='ocr_carea' id='block_1_87' title="bbox 2080 2739 3676 2811">
    <p class='ocr_par' dir='ltr' id='par_1_87' title="bbox 2080 2739 3676 2811">
     <span class='ocr_line' id='line_1_87' title="bbox 2080 2739 3676 2811; baseline 0.001 -17"><span class='ocrx_word' id='word_1_631' title='bbox 2080 2741 2336 2796; x_wconf 71' lang='lat' dir='ltr'>Ecclesia:</span> <span class='ocrx_word' id='word_1_632' title='bbox 2375 2739 2684 2809; x_wconf 83' lang='lat' dir='ltr'>humiliare,</span> <span class='ocrx_word' id='word_1_633' title='bbox 2725 2750 2956 2811; x_wconf 87' lang='lat' dir='ltr'>quantos</span> <span class='ocrx_word' id='word_1_634' title='bbox 2995 2742 3207 2796; x_wconf 87' lang='lat' dir='ltr'>labores</span> <span class='ocrx_word' id='word_1_635' title='bbox 3244 2758 3530 2811; x_wconf 80' lang='lat' dir='ltr'>perpessus</span> <span class='ocrx_word' id='word_1_636' title='bbox 3588 2742 3676 2809; x_wconf 81' lang='lat' dir='ltr'>sit,</span> 
     </span>
    </p>
   </div>
   <div class='ocr_carea' id='block_1_88' title="bbox 2078 2830 3678 2900">
    <p class='ocr_par' dir='ltr' id='par_1_88' title="bbox 2078 2830 3678 2900">
     <span class='ocr_line' id='line_1_88' title="bbox 2078 2830 3678 2900; baseline 0.001 -18"><span class='ocrx_word' id='word_1_637' title='bbox 2078 2837 2130 2883; x_wconf 90' lang='lat' dir='ltr'>et</span> <span class='ocrx_word' id='word_1_638' title='bbox 2191 2831 2653 2900; x_wconf 87' lang='lat' dir='ltr'>quemadmodum</span> <span class='ocrx_word' id='word_1_639' title='bbox 2716 2830 2894 2900; x_wconf 86' lang='lat' dir='ltr'>ipsum</span> <span class='ocrx_word' id='word_1_640' title='bbox 2945 2831 3211 2885; x_wconf 86' lang='lat' dir='ltr'>Thomam</span> <span class='ocrx_word' id='word_1_641' title='bbox 3251 2831 3322 2884; x_wconf 87' lang='lat' dir='ltr'>ad</span> <span class='ocrx_word' id='word_1_642' title='bbox 3369 2847 3678 2885; x_wconf 86' lang='lat' dir='ltr'>mensuram</span> 
     </span>
    </p>
   </div>
   <div class='ocr_carea' id='block_1_89' title="bbox 2080 2919 3683 2989">
    <p class='ocr_par' dir='ltr' id='par_1_89' title="bbox 2080 2919 3683 2989">
     <span class='ocr_line' id='line_1_89' title="bbox 2080 2919 3683 2989; baseline 0 -17"><span class='ocrx_word' id='word_1_643' title='bbox 2080 2921 2481 2973; x_wconf 85' lang='lat' dir='ltr'>antecessorum</span> <span class='ocrx_word' id='word_1_644' title='bbox 2531 2936 2747 2972; x_wconf 81' lang='lat' dir='ltr'>suorum</span> <span class='ocrx_word' id='word_1_645' title='bbox 2785 2919 3166 2985; x_wconf 87' lang='lat' dir='ltr'>humiliaverit,</span> <span class='ocrx_word' id='word_1_646' title='bbox 3221 2935 3683 2989; x_wconf 83' lang='lat' dir='ltr'>supervacaneum</span> 
     </span>
    </p>
   </div>
   <div class='ocr_carea' id='block_1_90' title="bbox 2079 3006 3681 3078">
    <p class='ocr_par' dir='ltr' id='par_1_90' title="bbox 2079 3006 3681 3078">
     <span class='ocr_line' id='line_1_90' title="bbox 2079 3006 3681 3078; baseline 0 -17"><span class='ocrx_word' id='word_1_647' title='bbox 2079 3016 2158 3061; x_wconf 78' lang='lat' dir='ltr'>est.</span> <span class='ocrx_word' id='word_1_648' title='bbox 2187 3016 2348 3076; x_wconf 85' lang='lat' dir='ltr'>atque</span> <span class='ocrx_word' id='word_1_649' title='bbox 2378 3008 2692 3076; x_wconf 84' lang='lat' dir='ltr'>dependens</span> <span class='ocrx_word' id='word_1_650' title='bbox 2721 3006 2809 3062; x_wconf 89' lang='lat' dir='ltr'>hic</span> <span class='ocrx_word' id='word_1_651' title='bbox 2839 3008 3044 3078; x_wconf 86' lang='lat' dir='ltr'>aliquid</span> <span class='ocrx_word' id='word_1_652' title='bbox 3082 3008 3317 3063; x_wconf 85' lang='lat' dir='ltr'>scribere</span> <span class='ocrx_word' id='word_1_653' title='bbox 3364 3010 3504 3078; x_wconf 65' lang='lat' dir='ltr'>(lii).</span> <span class='ocrx_word' id='word_1_654' title='bbox 3554 3011 3681 3078; x_wconf 84' lang='lat' dir='ltr'>Ipse</span> 
     </span>
    </p>
   </div>
   <div class='ocr_carea' id='block_1_91' title="bbox 2079 3096 3681 3169">
    <p class='ocr_par' dir='ltr' id='par_1_91' title="bbox 2079 3096 3681 3169">
     <span class='ocr_line' id='line_1_91' title="bbox 2079 3096 3681 3169; baseline 0.002 -18"><span class='ocrx_word' id='word_1_655' title='bbox 2079 3099 2274 3151; x_wconf 84' lang='lat' dir='ltr'>etenim</span> <span class='ocrx_word' id='word_1_656' title='bbox 2314 3096 2438 3149; x_wconf 86' lang='lat' dir='ltr'>inde</span> <span class='ocrx_word' id='word_1_657' title='bbox 2487 3097 2709 3151; x_wconf 82' lang='lat' dir='ltr'>veritate</span> <span class='ocrx_word' id='word_1_658' title='bbox 2752 3096 2914 3165; x_wconf 86' lang='lat' dir='ltr'>plena</span> <span class='ocrx_word' id='word_1_659' title='bbox 2963 3105 3013 3152; x_wconf 89' lang='lat' dir='ltr'>et</span> <span class='ocrx_word' id='word_1_660' title='bbox 3062 3098 3226 3152; x_wconf 88' lang='lat' dir='ltr'>totius</span> <span class='ocrx_word' id='word_1_661' title='bbox 3274 3099 3428 3169; x_wconf 77' lang='lat' dir='ltr'>regni</span> <span class='ocrx_word' id='word_1_662' title='bbox 3457 3114 3681 3154; x_wconf 86' lang='lat' dir='ltr'>assensu</span> 
     </span>
    </p>
   </div>
   <div class='ocr_carea' id='block_1_92' title="bbox 2079 3185 3680 3258">
    <p class='ocr_par' dir='ltr' id='par_1_92' title="bbox 2079 3185 3680 3258">
     <span class='ocr_line' id='line_1_92' title="bbox 2079 3185 3680 3258; baseline 0 -19"><span class='ocrx_word' id='word_1_663' title='bbox 2079 3185 2392 3240; x_wconf 78' lang='lat' dir='ltr'>confirmata</span> <span class='ocrx_word' id='word_1_664' title='bbox 2423 3185 2521 3238; x_wconf 81' lang='lat' dir='ltr'>sub</span> <span class='ocrx_word' id='word_1_665' title='bbox 2549 3186 2864 3240; x_wconf 68' lang='lat' dir='ltr'>testimonio</span> <span class='ocrx_word' id='word_1_666' title='bbox 2912 3185 3048 3258; x_wconf 74' lang='lat' dir='ltr'>regii</span> <span class='ocrx_word' id='word_1_667' title='bbox 3098 3186 3264 3258; x_wconf 81' lang='lat' dir='ltr'>sigilli</span> <span class='ocrx_word' id='word_1_668' title='bbox 3323 3188 3521 3255; x_wconf 86' lang='lat' dir='ltr'>scripta</span> <span class='ocrx_word' id='word_1_669' title='bbox 3549 3186 3680 3241; x_wconf 87' lang='lat' dir='ltr'>reli-</span> 
     </span>
    </p>
   </div>
   <div class='ocr_carea' id='block_1_93' title="bbox 2080 3273 3681 3346">
    <p class='ocr_par' dir='ltr' id='par_1_93' title="bbox 2080 3273 3681 3346">
     <span class='ocr_line' id='line_1_93' title="bbox 2080 3273 3681 3346; baseline 0 -18"><span class='ocrx_word' id='word_1_670' title='bbox 2080 3275 2217 3345; x_wconf 88' lang='lat' dir='ltr'>quit.</span> <span class='ocrx_word' id='word_1_671' title='bbox 2261 3273 2365 3342; x_wconf 90' lang='lat' dir='ltr'>Qui</span> <span class='ocrx_word' id='word_1_672' title='bbox 2399 3291 2462 3328; x_wconf 86' lang='lat' dir='ltr'>eo</span> <span class='ocrx_word' id='word_1_673' title='bbox 2493 3276 2712 3344; x_wconf 87' lang='lat' dir='ltr'>quidem</span> <span class='ocrx_word' id='word_1_674' title='bbox 2743 3275 2921 3346; x_wconf 81' lang='lat' dir='ltr'>magis</span> <span class='ocrx_word' id='word_1_675' title='bbox 2951 3275 3004 3328; x_wconf 90' lang='lat' dir='ltr'>in</span> <span class='ocrx_word' id='word_1_676' title='bbox 3053 3275 3164 3329; x_wconf 89' lang='lat' dir='ltr'>istis</span> <span class='ocrx_word' id='word_1_677' title='bbox 3221 3275 3504 3340; x_wconf 85' lang='lat' dir='ltr'>laboravit,</span> <span class='ocrx_word' id='word_1_678' title='bbox 3537 3274 3681 3345; x_wconf 90' lang='lat' dir='ltr'>quod</span> 
     </span>
    </p>
   </div>
   <div class='ocr_carea' id='block_1_94' title="bbox 2081 3363 3681 3435">
    <p class='ocr_par' dir='ltr' id='par_1_94' title="bbox 2081 3363 3681 3435">
     <span class='ocr_line' id='line_1_94' title="bbox 2081 3363 3681 3435; baseline 0 -18"><span class='ocrx_word' id='word_1_679' title='bbox 2081 3363 2298 3433; x_wconf 82' lang='lat' dir='ltr'>antiqua</span> <span class='ocrx_word' id='word_1_680' title='bbox 2333 3364 2499 3433; x_wconf 79' lang='lat' dir='ltr'>ipsius</span> <span class='ocrx_word' id='word_1_681' title='bbox 2533 3364 2794 3419; x_wconf 68' lang='lat' dir='ltr'>Ecclesia‘</span> <span class='ocrx_word' id='word_1_682' title='bbox 2827 3364 3107 3434; x_wconf 79' lang='lat' dir='ltr'>privilegia</span> <span class='ocrx_word' id='word_1_683' title='bbox 3154 3365 3210 3418; x_wconf 91' lang='lat' dir='ltr'>in</span> <span class='ocrx_word' id='word_1_684' title='bbox 3270 3381 3335 3420; x_wconf 88' lang='lat' dir='ltr'>ea</span> <span class='ocrx_word' id='word_1_685' title='bbox 3381 3367 3681 3435; x_wconf 79' lang='lat' dir='ltr'>conﬂagra-</span> 
     </span>
    </p>
   </div>
   <div class='ocr_carea' id='block_1_95' title="bbox 2083 3452 3682 3524">
    <p class='ocr_par' dir='ltr' id='par_1_95' title="bbox 2083 3452 3682 3524">
     <span class='ocr_line' id='line_1_95' title="bbox 2083 3452 3682 3524; baseline -0.001 -18"><span class='ocrx_word' id='word_1_686' title='bbox 2083 3453 2225 3506; x_wconf 84' lang='lat' dir='ltr'>tioue</span> <span class='ocrx_word' id='word_1_687' title='bbox 2257 3469 2376 3524; x_wconf 69' lang='lat' dir='ltr'>qua}</span> <span class='ocrx_word' id='word_1_688' title='bbox 2407 3453 2652 3507; x_wconf 82' lang='lat' dir='ltr'>eamdem</span> <span class='ocrx_word' id='word_1_689' title='bbox 2687 3453 2970 3508; x_wconf 86' lang='lat' dir='ltr'>ecclesiam</span> <span class='ocrx_word' id='word_1_690' title='bbox 3000 3453 3152 3508; x_wconf 88' lang='lat' dir='ltr'>tertio</span> <span class='ocrx_word' id='word_1_691' title='bbox 3184 3456 3308 3508; x_wconf 84' lang='lat' dir='ltr'>ante</span> <span class='ocrx_word' id='word_1_692' title='bbox 3357 3453 3438 3508; x_wconf 86' lang='lat' dir='ltr'>sui</span> <span class='ocrx_word' id='word_1_693' title='bbox 3486 3452 3682 3508; x_wconf 80' lang='lat' dir='ltr'>introi—</span> 
     </span>
    </p>
   </div>
   <div class='ocr_carea' id='block_1_96' title="bbox 2085 3542 3431 3611">
    <p class='ocr_par' dir='ltr' id='par_1_96' title="bbox 2085 3542 3431 3611">
     <span class='ocr_line' id='line_1_96' title="bbox 2085 3542 3431 3611; baseline 0.001 -18"><span class='ocrx_word' id='word_1_694' title='bbox 2085 3548 2167 3593; x_wconf 90' lang='lat' dir='ltr'>tus</span> <span class='ocrx_word' id='word_1_695' title='bbox 2199 3558 2338 3595; x_wconf 88' lang='lat' dir='ltr'>anno</span> <span class='ocrx_word' id='word_1_696' title='bbox 2371 3543 2722 3610; x_wconf 85' lang='lat' dir='ltr'>consumpsit,</span> <span class='ocrx_word' id='word_1_697' title='bbox 2755 3558 2894 3611; x_wconf 89' lang='lat' dir='ltr'>pene</span> <span class='ocrx_word' id='word_1_698' title='bbox 2927 3542 3107 3597; x_wconf 87' lang='lat' dir='ltr'>omnia</span> <span class='ocrx_word' id='word_1_699' title='bbox 3136 3542 3431 3611; x_wconf 85' lang='lat' dir='ltr'>perierant.</span> 
     </span>
    </p>
   </div>
   <div class='ocr_carea' id='block_1_97' title="bbox 2152 3630 3681 3702">
    <p class='ocr_par' dir='ltr' id='par_1_97' title="bbox 2152 3630 3681 3702">
     <span class='ocr_line' id='line_1_97' title="bbox 2152 3630 3681 3702; baseline 0.001 -18"><span class='ocrx_word' id='word_1_700' title='bbox 2152 3630 2298 3684; x_wconf 75' lang='lat' dir='ltr'>Alias</span> <span class='ocrx_word' id='word_1_701' title='bbox 2327 3646 2543 3700; x_wconf 87' lang='lat' dir='ltr'>qquue</span> <span class='ocrx_word' id='word_1_702' title='bbox 2586 3631 2997 3684; x_wconf 82' lang='lat' dir='ltr'>consuetudines</span> <span class='ocrx_word' id='word_1_703' title='bbox 3054 3646 3188 3702; x_wconf 87' lang='lat' dir='ltr'>quas</span> <span class='ocrx_word' id='word_1_704' title='bbox 3225 3631 3418 3701; x_wconf 86' lang='lat' dir='ltr'>priscis</span> <span class='ocrx_word' id='word_1_705' title='bbox 3468 3639 3681 3700; x_wconf 79' lang='lat' dir='ltr'>tempo-</span> 
     </span>
    </p>
   </div>
   <div class='ocr_carea' id='block_1_98' title="bbox 2082 3719 3682 3786">
    <p class='ocr_par' dir='ltr' id='par_1_98' title="bbox 2082 3719 3682 3786">
     <span class='ocr_line' id='line_1_98' title="bbox 2082 3719 3682 3786; baseline 0.001 -13"><span class='ocrx_word' id='word_1_706' title='bbox 2082 3719 2228 3773; x_wconf 86' lang='lat' dir='ltr'>ribus</span> <span class='ocrx_word' id='word_1_707' title='bbox 2251 3720 2502 3773; x_wconf 76' lang='lat' dir='ltr'>Ecclesiae</span> <span class='ocrx_word' id='word_1_708' title='bbox 2535 3719 2919 3786; x_wconf 84' lang='lat' dir='ltr'>Cantuariensi,</span> <span class='ocrx_word' id='word_1_709' title='bbox 2969 3728 3026 3773; x_wconf 88' lang='lat' dir='ltr'>ut</span> <span class='ocrx_word' id='word_1_710' title='bbox 3070 3720 3348 3775; x_wconf 85' lang='lat' dir='ltr'>liberrima</span> <span class='ocrx_word' id='word_1_711' title='bbox 3391 3719 3444 3774; x_wconf 88' lang='lat' dir='ltr'>in</span> <span class='ocrx_word' id='word_1_712' title='bbox 3476 3720 3682 3775; x_wconf 78' lang='lat' dir='ltr'>cunctis</span> 
     </span>
    </p>
   </div>
   <div class='ocr_carea' id='block_1_99' title="bbox 2084 3808 3683 3880">
    <p class='ocr_par' dir='ltr' id='par_1_99' title="bbox 2084 3808 3683 3880">
     <span class='ocr_line' id='line_1_99' title="bbox 2084 3808 3683 3880; baseline -0.001 -18"><span class='ocrx_word' id='word_1_713' title='bbox 2084 3808 2386 3874; x_wconf 69' lang='lat' dir='ltr'>exsisteret,</span> <span class='ocrx_word' id='word_1_714' title='bbox 2422 3824 2577 3880; x_wconf 81' lang='lat' dir='ltr'>reges</span> <span class='ocrx_word' id='word_1_715' title='bbox 2619 3809 2828 3878; x_wconf 71' lang='lat' dir='ltr'>Anglize</span> <span class='ocrx_word' id='word_1_716' title='bbox 2877 3825 2974 3863; x_wconf 87' lang='lat' dir='ltr'>sua</span> <span class='ocrx_word' id='word_1_717' title='bbox 3019 3809 3382 3865; x_wconf 80' lang='lat' dir='ltr'>muniﬁcentia</span> <span class='ocrx_word' id='word_1_718' title='bbox 3424 3809 3683 3865; x_wconf 86' lang='lat' dir='ltr'>contule-</span> 
     </span>
    </p>
   </div>
   <div class='ocr_carea' id='block_1_100' title="bbox 2083 3896 3683 3968">
    <p class='ocr_par' dir='ltr' id='par_1_100' title="bbox 2083 3896 3683 3968">
     <span class='ocr_line' id='line_1_100' title="bbox 2083 3896 3683 3968; baseline 0 -16"><span class='ocrx_word' id='word_1_719' title='bbox 2083 3905 2224 3961; x_wconf 88' lang='lat' dir='ltr'>runt,</span> <span class='ocrx_word' id='word_1_720' title='bbox 2258 3905 2307 3951; x_wconf 89' lang='lat' dir='ltr'>et</span> <span class='ocrx_word' id='word_1_721' title='bbox 2338 3898 2555 3952; x_wconf 82' lang='lat' dir='ltr'>stabiles</span> <span class='ocrx_word' id='word_1_722' title='bbox 2598 3896 2651 3952; x_wconf 89' lang='lat' dir='ltr'>in</span> <span class='ocrx_word' id='word_1_723' title='bbox 2701 3906 3022 3968; x_wconf 87' lang='lat' dir='ltr'>perpetuum</span> <span class='ocrx_word' id='word_1_724' title='bbox 3062 3914 3280 3954; x_wconf 89' lang='lat' dir='ltr'>manere</span> <span class='ocrx_word' id='word_1_725' title='bbox 3323 3898 3683 3952; x_wconf 85' lang='lat' dir='ltr'>sacratissima</span> 
     </span>
    </p>
   </div>
   <div class='ocr_carea' id='block_1_101' title="bbox 2084 3986 3683 4058">
    <p class='ocr_par' dir='ltr' id='par_1_101' title="bbox 2084 3986 3683 4058">
     <span class='ocr_line' id='line_1_101' title="bbox 2084 3986 3683 4058; baseline -0.001 -19"><span class='ocrx_word' id='word_1_726' title='bbox 2084 3987 2362 4040; x_wconf 84' lang='lat' dir='ltr'>sanctione</span> <span class='ocrx_word' id='word_1_727' title='bbox 2420 3987 2828 4053; x_wconf 85' lang='lat' dir='ltr'>constituerunt,</span> <span class='ocrx_word' id='word_1_728' title='bbox 2898 3988 3253 4058; x_wconf 86' lang='lat' dir='ltr'>quorumdam</span> <span class='ocrx_word' id='word_1_729' title='bbox 3321 3986 3683 4056; x_wconf 83' lang='lat' dir='ltr'>imprudentia</span> 
     </span>
    </p>
   </div>
   <div class='ocr_carea' id='block_1_102' title="bbox 2082 4075 3682 4147">
    <p class='ocr_par' dir='ltr' id='par_1_102' title="bbox 2082 4075 3682 4147">
     <span class='ocr_line' id='line_1_102' title="bbox 2082 4075 3682 4147; baseline -0.001 -19"><span class='ocrx_word' id='word_1_730' title='bbox 2082 4076 2342 4144; x_wconf 86' lang='lat' dir='ltr'>perditas,</span> <span class='ocrx_word' id='word_1_731' title='bbox 2377 4092 2468 4129; x_wconf 78' lang='lat' dir='ltr'>sua</span> <span class='ocrx_word' id='word_1_732' title='bbox 2499 4075 2786 4144; x_wconf 87' lang='lat' dir='ltr'>prudentia</span> <span class='ocrx_word' id='word_1_733' title='bbox 2830 4076 3191 4145; x_wconf 84' lang='lat' dir='ltr'>recuperavit.</span> <span class='ocrx_word' id='word_1_734' title='bbox 3243 4076 3362 4130; x_wconf 90' lang='lat' dir='ltr'>Odo</span> <span class='ocrx_word' id='word_1_735' title='bbox 3412 4076 3682 4147; x_wconf 89' lang='lat' dir='ltr'>siquidem</span> 
     </span>
    </p>
   </div>
   <div class='ocr_carea' id='block_1_103' title="bbox 2087 4163 3685 4234">
    <p class='ocr_par' dir='ltr' id='par_1_103' title="bbox 2087 4163 3685 4234">
     <span class='ocr_line' id='line_1_103' title="bbox 2087 4163 3685 4234; baseline -0.001 -17"><span class='ocrx_word' id='word_1_736' title='bbox 2087 4165 2376 4234; x_wconf 74' lang='lat' dir='ltr'>episeOpus</span> <span class='ocrx_word' id='word_1_737' title='bbox 2431 4163 2765 4233; x_wconf 82' lang='lat' dir='ltr'>Bajoeensis,</span> <span class='ocrx_word' id='word_1_738' title='bbox 2823 4172 2882 4218; x_wconf 91' lang='lat' dir='ltr'>nt</span> <span class='ocrx_word' id='word_1_739' title='bbox 2941 4165 3008 4219; x_wconf 85' lang='lat' dir='ltr'>de.</span> <span class='ocrx_word' id='word_1_740' title='bbox 3065 4164 3184 4218; x_wconf 85' lang='lat' dir='ltr'>aliis</span> <span class='ocrx_word' id='word_1_741' title='bbox 3236 4167 3466 4230; x_wconf 83' lang='lat' dir='ltr'>taceam,</span> <span class='ocrx_word' id='word_1_742' title='bbox 3518 4164 3685 4218; x_wconf 82' lang='lat' dir='ltr'>frater</span> 
     </span>
    </p>
   </div>
   <div class='ocr_carea' id='block_1_104' title="bbox 2083 4253 3683 4325">
    <p class='ocr_par' dir='ltr' id='par_1_104' title="bbox 2083 4253 3683 4325">
     <span class='ocr_line' id='line_1_104' title="bbox 2083 4253 3683 4325; baseline 0.003 -25"><span class='ocrx_word' id='word_1_743' title='bbox 2083 4254 2330 4322; x_wconf 68' lang='lat' dir='ltr'>praulicti</span> <span class='ocrx_word' id='word_1_744' title='bbox 2375 4253 2517 4322; x_wconf 65' lang='lat' dir='ltr'>regis</span> <span class='ocrx_word' id='word_1_745' title='bbox 2562 4253 2870 4307; x_wconf 72' lang='lat' dir='ltr'>\Villhelmi</span> <span class='ocrx_word' id='word_1_746' title='bbox 2915 4263 2964 4307; x_wconf 89' lang='lat' dir='ltr'>et</span> <span class='ocrx_word' id='word_1_747' title='bbox 3006 4254 3206 4308; x_wconf 67' lang='lat' dir='ltr'>Cantim</span> <span class='ocrx_word' id='word_1_748' title='bbox 3249 4269 3452 4319; x_wconf 79' lang='lat' dir='ltr'>comes,</span> <span class='ocrx_word' id='word_1_749' title='bbox 3493 4254 3683 4325; x_wconf 81' lang='lat' dir='ltr'>prius-</span> 
     </span>
    </p>
   </div>
   <div class='ocr_carea' id='block_1_105' title="bbox 2085 4342 3684 4413">
    <p class='ocr_par' dir='ltr' id='par_1_105' title="bbox 2085 4342 3684 4413">
     <span class='ocr_line' id='line_1_105' title="bbox 2085 4342 3684 4413; baseline 0.002 -22"><span class='ocrx_word' id='word_1_750' title='bbox 2085 4359 2242 4410; x_wconf 87' lang='lat' dir='ltr'>quam</span> <span class='ocrx_word' id='word_1_751' title='bbox 2314 4342 2643 4397; x_wconf 83' lang='lat' dir='ltr'>Lanfrancus</span> <span class='ocrx_word' id='word_1_752' title='bbox 2705 4343 2954 4413; x_wconf 78' lang='lat' dir='ltr'>Angliam</span> <span class='ocrx_word' id='word_1_753' title='bbox 3019 4343 3288 4409; x_wconf 88' lang='lat' dir='ltr'>intrasset,</span> <span class='ocrx_word' id='word_1_754' title='bbox 3353 4359 3584 4413; x_wconf 76' lang='lat' dir='ltr'>magnus</span> <span class='ocrx_word' id='word_1_755' title='bbox 3633 4351 3684 4395; x_wconf 89' lang='lat' dir='ltr'>et</span> 
     </span>
    </p>
   </div>
   <div class='ocr_carea' id='block_1_106' title="bbox 2082 4431 3683 4502">
    <p class='ocr_par' dir='ltr' id='par_1_106' title="bbox 2082 4431 3683 4502">
     <span class='ocr_line' id='line_1_106' title="bbox 2082 4431 3683 4502; baseline 0 -19"><span class='ocrx_word' id='word_1_756' title='bbox 2082 4439 2387 4499; x_wconf 59' lang='lat' dir='ltr'>prapotens</span> <span class='ocrx_word' id='word_1_757' title='bbox 2415 4447 2514 4500; x_wconf 88' lang='lat' dir='ltr'>per</span> <span class='ocrx_word' id='word_1_758' title='bbox 2543 4439 2711 4484; x_wconf 88' lang='lat' dir='ltr'>totum</span> <span class='ocrx_word' id='word_1_759' title='bbox 2751 4448 2978 4502; x_wconf 84' lang='lat' dir='ltr'>regnum</span> <span class='ocrx_word' id='word_1_760' title='bbox 3009 4432 3330 4486; x_wconf 88' lang='lat' dir='ltr'>habebatur.</span> <span class='ocrx_word' id='word_1_761' title='bbox 3370 4433 3471 4485; x_wconf 81' lang='lat' dir='ltr'>Hie</span> <span class='ocrx_word' id='word_1_762' title='bbox 3501 4431 3683 4487; x_wconf 89' lang='lat' dir='ltr'>domi-</span> 
     </span>
    </p>
   </div>
   <div class='ocr_carea' id='block_1_107' title="bbox 2089 4521 3682 4591">
    <p class='ocr_par' dir='ltr' id='par_1_107' title="bbox 2089 4521 3682 4591">
     <span class='ocr_line' id='line_1_107' title="bbox 2089 4521 3682 4591; baseline 0.001 -19"><span class='ocrx_word' id='word_1_763' title='bbox 2089 4523 2306 4574; x_wconf 87' lang='lat' dir='ltr'>natione</span> <span class='ocrx_word' id='word_1_764' title='bbox 2365 4538 2470 4591; x_wconf 86' lang='lat' dir='ltr'>qua</span> <span class='ocrx_word' id='word_1_765' title='bbox 2519 4521 2839 4574; x_wconf 80' lang='lat' dir='ltr'>immensum</span> <span class='ocrx_word' id='word_1_766' title='bbox 2905 4521 3301 4586; x_wconf 82' lang='lat' dir='ltr'>sustollebatur,</span> <span class='ocrx_word' id='word_1_767' title='bbox 3346 4537 3460 4574; x_wconf 89' lang='lat' dir='ltr'>non</span> <span class='ocrx_word' id='word_1_768' title='bbox 3519 4521 3682 4574; x_wconf 87' lang='lat' dir='ltr'>modo</span> 
     </span>
    </p>
   </div>
   <div class='ocr_carea' id='block_1_108' title="bbox 2091 4609 3681 4674">
    <p class='ocr_par' dir='ltr' id='par_1_108' title="bbox 2091 4609 3681 4674">
     <span class='ocr_line' id='line_1_108' title="bbox 2091 4609 3681 4674; baseline 0 -12"><span class='ocrx_word' id='word_1_769' title='bbox 2091 4617 2276 4674; x_wconf 84' lang='lat' dir='ltr'>terras,</span> <span class='ocrx_word' id='word_1_770' title='bbox 2310 4610 2400 4663; x_wconf 80' lang='lat' dir='ltr'>sed</span> <span class='ocrx_word' id='word_1_771' title='bbox 2433 4619 2485 4663; x_wconf 88' lang='lat' dir='ltr'>et</span> <span class='ocrx_word' id='word_1_772' title='bbox 2515 4609 2817 4664; x_wconf 87' lang='lat' dir='ltr'>libertatem</span> <span class='ocrx_word' id='word_1_773' title='bbox 2852 4610 3122 4664; x_wconf 86' lang='lat' dir='ltr'>nominate</span> <span class='ocrx_word' id='word_1_774' title='bbox 3170 4609 3427 4664; x_wconf 81' lang='lat' dir='ltr'>Ecclesiae</span> <span class='ocrx_word' id='word_1_775' title='bbox 3455 4609 3602 4664; x_wconf 89' lang='lat' dir='ltr'>nullo</span> <span class='ocrx_word' id='word_1_776' title='bbox 3632 4609 3681 4664; x_wconf 91' lang='lat' dir='ltr'>ei</span> 
     </span>
    </p>
   </div>
   <div class='ocr_carea' id='block_1_109' title="bbox 2090 4698 3685 4771">
    <p class='ocr_par' dir='ltr' id='par_1_109' title="bbox 2090 4698 3685 4771">
     <span class='ocr_line' id='line_1_109' title="bbox 2090 4698 3685 4771; baseline -0.001 -18"><span class='ocrx_word' id='word_1_777' title='bbox 2090 4699 2369 4753; x_wconf 83' lang='lat' dir='ltr'>resistente</span> <span class='ocrx_word' id='word_1_778' title='bbox 2419 4699 2788 4771; x_wconf 83' lang='lat' dir='ltr'>multipliciter</span> <span class='ocrx_word' id='word_1_779' title='bbox 2849 4698 3139 4766; x_wconf 79' lang='lat' dir='ltr'>invaserat,</span> <span class='ocrx_word' id='word_1_780' title='bbox 3192 4708 3560 4769; x_wconf 82' lang='lat' dir='ltr'>Oppresserat,</span> <span class='ocrx_word' id='word_1_781' title='bbox 3607 4707 3685 4751; x_wconf 87' lang='lat' dir='ltr'>te-</span> 
     </span>
    </p>
   </div>
   <div class='ocr_carea' id='block_1_110' title="bbox 2091 4786 3678 4857">
    <p class='ocr_par' dir='ltr' id='par_1_110' title="bbox 2091 4786 3678 4857">
     <span class='ocr_line' id='line_1_110' title="bbox 2091 4786 3678 4857; baseline -0.001 -16"><span class='ocrx_word' id='word_1_782' title='bbox 2091 4788 2270 4841; x_wconf 86' lang='lat' dir='ltr'>nebat.</span> <span class='ocrx_word' id='word_1_783' title='bbox 2303 4787 2438 4854; x_wconf 70' lang='lat' dir='ltr'>Quzge.</span> <span class='ocrx_word' id='word_1_784' title='bbox 2469 4788 2558 4840; x_wconf 87' lang='lat' dir='ltr'>ubi</span> <span class='ocrx_word' id='word_1_785' title='bbox 2589 4789 2940 4854; x_wconf 83' lang='lat' dir='ltr'>Lanfrancus,</span> <span class='ocrx_word' id='word_1_786' title='bbox 2975 4796 3032 4841; x_wconf 88' lang='lat' dir='ltr'>ut</span> <span class='ocrx_word' id='word_1_787' title='bbox 3060 4796 3228 4850; x_wconf 88' lang='lat' dir='ltr'>erant,</span> <span class='ocrx_word' id='word_1_788' title='bbox 3270 4789 3457 4842; x_wconf 89' lang='lat' dir='ltr'>didicit</span> <span class='ocrx_word' id='word_1_789' title='bbox 3483 4807 3493 4849; x_wconf 91' lang='lat'><strong>;</strong></span> <span class='ocrx_word' id='word_1_790' title='bbox 3537 4786 3678 4857; x_wconf 87' lang='lat' dir='ltr'>apud</span> 
     </span>
    </p>
   </div>
   <div class='ocr_carea' id='block_1_111' title="bbox 2089 4876 3681 4948">
    <p class='ocr_par' dir='ltr' id='par_1_111' title="bbox 2089 4876 3681 4948">
     <span class='ocr_line' id='line_1_111' title="bbox 2089 4876 3681 4948; baseline 0.001 -18"><span class='ocrx_word' id='word_1_791' title='bbox 2089 4894 2274 4947; x_wconf 78' lang='lat' dir='ltr'>regem</span> <span class='ocrx_word' id='word_1_792' title='bbox 2307 4877 2371 4930; x_wconf 87' lang='lat' dir='ltr'>de</span> <span class='ocrx_word' id='word_1_793' title='bbox 2402 4876 2503 4929; x_wconf 90' lang='lat' dir='ltr'>illis</span> <span class='ocrx_word' id='word_1_794' title='bbox 2533 4878 2640 4948; x_wconf 75' lang='lat' dir='ltr'>agit</span> <span class='ocrx_word' id='word_1_795' title='bbox 2674 4876 2815 4931; x_wconf 88' lang='lat' dir='ltr'>sicut</span> <span class='ocrx_word' id='word_1_796' title='bbox 2845 4885 3096 4947; x_wconf 83' lang='lat' dir='ltr'>oportere</span> <span class='ocrx_word' id='word_1_797' title='bbox 3125 4877 3347 4932; x_wconf 80' lang='lat' dir='ltr'>sciebat.</span> <span class='ocrx_word' id='word_1_798' title='bbox 3367 4878 3519 4932; x_wconf 91' lang='lat' dir='ltr'>Unde</span> <span class='ocrx_word' id='word_1_799' title='bbox 3537 4895 3681 4947; x_wconf 60' lang='lat' dir='ltr'>pne-</span> 
     </span>
    </p>
   </div>
   <div class='ocr_carea' id='block_1_112' title="bbox 2089 4966 3685 5035">
    <p class='ocr_par' dir='ltr' id='par_1_112' title="bbox 2089 4966 3685 5035">
     <span class='ocr_line' id='line_1_112' title="bbox 2089 4966 3685 5035; baseline 0.001 -16"><span class='ocrx_word' id='word_1_800' title='bbox 2089 4967 2231 5034; x_wconf 85' lang='lat' dir='ltr'>cepit</span> <span class='ocrx_word' id='word_1_801' title='bbox 2278 4982 2393 5030; x_wconf 77' lang='lat' dir='ltr'>rex,</span> <span class='ocrx_word' id='word_1_802' title='bbox 2447 4975 2706 5034; x_wconf 86' lang='lat' dir='ltr'>quatenus</span> <span class='ocrx_word' id='word_1_803' title='bbox 2751 4966 3000 5019; x_wconf 89' lang='lat' dir='ltr'>adunatis</span> <span class='ocrx_word' id='word_1_804' title='bbox 3040 4966 3366 5034; x_wconf 88' lang='lat' dir='ltr'>primoribus</span> <span class='ocrx_word' id='word_1_805' title='bbox 3410 4975 3461 5020; x_wconf 92' lang='lat' dir='ltr'>et</span> <span class='ocrx_word' id='word_1_806' title='bbox 3499 4966 3685 5035; x_wconf 85' lang='lat' dir='ltr'>probis</span> 
     </span>
    </p>
   </div>
   <div class='ocr_carea' id='block_1_113' title="bbox 2087 5054 3682 5123">
    <p class='ocr_par' dir='ltr' id='par_1_113' title="bbox 2087 5054 3682 5123">
     <span class='ocr_line' id='line_1_113' title="bbox 2087 5054 3682 5123; baseline 0.001 -16"><span class='ocrx_word' id='word_1_807' title='bbox 2087 5054 2216 5108; x_wconf 81' lang='lat' dir='ltr'>viris</span> <span class='ocrx_word' id='word_1_808' title='bbox 2248 5071 2354 5107; x_wconf 88' lang='lat' dir='ltr'>non</span> <span class='ocrx_word' id='word_1_809' title='bbox 2387 5054 2561 5108; x_wconf 89' lang='lat' dir='ltr'>solum</span> <span class='ocrx_word' id='word_1_810' title='bbox 2594 5056 2660 5108; x_wconf 89' lang='lat' dir='ltr'>de</span> <span class='ocrx_word' id='word_1_811' title='bbox 2690 5055 2943 5108; x_wconf 85' lang='lat' dir='ltr'>comitatu</span> <span class='ocrx_word' id='word_1_812' title='bbox 2976 5055 3197 5123; x_wconf 64' lang='lat' dir='ltr'>Canthe,</span> <span class='ocrx_word' id='word_1_813' title='bbox 3231 5057 3323 5110; x_wconf 83' lang='lat' dir='ltr'>sed</span> <span class='ocrx_word' id='word_1_814' title='bbox 3371 5064 3423 5110; x_wconf 89' lang='lat' dir='ltr'>et</span> <span class='ocrx_word' id='word_1_815' title='bbox 3467 5056 3534 5109; x_wconf 89' lang='lat' dir='ltr'>de.</span> <span class='ocrx_word' id='word_1_816' title='bbox 3564 5057 3682 5110; x_wconf 88' lang='lat' dir='ltr'>aliis</span> 
     </span>
    </p>
   </div>
   <div class='ocr_carea' id='block_1_114' title="bbox 2088 5143 3682 5215">
    <p class='ocr_par' dir='ltr' id='par_1_114' title="bbox 2088 5143 3682 5215">
     <span class='ocr_line' id='line_1_114' title="bbox 2088 5143 3682 5215; baseline 0.001 -19"><span class='ocrx_word' id='word_1_817' title='bbox 2088 5144 2431 5197; x_wconf 88' lang='lat' dir='ltr'>comitatibus</span> <span class='ocrx_word' id='word_1_818' title='bbox 2473 5143 2683 5215; x_wconf 68' lang='lat' dir='ltr'>Anglite</span> <span class='ocrx_word' id='word_1_819' title='bbox 2733 5145 2963 5212; x_wconf 62' lang='lat' dir='ltr'>querela‘</span> <span class='ocrx_word' id='word_1_820' title='bbox 3012 5145 3297 5199; x_wconf 84' lang='lat' dir='ltr'>Lanfranci</span> <span class='ocrx_word' id='word_1_821' title='bbox 3349 5145 3402 5197; x_wconf 93' lang='lat' dir='ltr'>in</span> <span class='ocrx_word' id='word_1_822' title='bbox 3441 5145 3682 5198; x_wconf 86' lang='lat' dir='ltr'>medium</span> 
     </span>
    </p>
   </div>
   <div class='ocr_carea' id='block_1_115' title="bbox 2089 5233 3678 5306">
    <p class='ocr_par' dir='ltr' id='par_1_115' title="bbox 2089 5233 3678 5306">
     <span class='ocr_line' id='line_1_115' title="bbox 2089 5233 3678 5306; baseline 0.003 -23"><span class='ocrx_word' id='word_1_823' title='bbox 2089 5233 2430 5299; x_wconf 84' lang='lat' dir='ltr'>dueereutur,</span> <span class='ocrx_word' id='word_1_824' title='bbox 2491 5233 2948 5301; x_wconf 82' lang='lat' dir='ltr'>examinarentur,</span> <span class='ocrx_word' id='word_1_825' title='bbox 3001 5233 3489 5288; x_wconf 73' lang='lat' dir='ltr'>detern‘iiuarentur</span> <span class='ocrx_word' id='word_1_826' title='bbox 3542 5234 3678 5306; x_wconf 72' lang='grc'>(16).</span> 
     </span>
    </p>
   </div>
   <div class='ocr_carea' id='block_1_116' title="bbox 2087 5322 3684 5393">
    <p class='ocr_par' dir='ltr' id='par_1_116' title="bbox 2087 5322 3684 5393">
     <span class='ocr_line' id='line_1_116' title="bbox 2087 5322 3684 5393; baseline 0.001 -19"><span class='ocrx_word' id='word_1_827' title='bbox 2087 5322 2361 5390; x_wconf 60' lang='lat' dir='ltr'>Disposito</span> <span class='ocrx_word' id='word_1_828' title='bbox 2401 5325 2578 5392; x_wconf 85' lang='lat' dir='ltr'>itaque</span> <span class='ocrx_word' id='word_1_829' title='bbox 2637 5323 2778 5393; x_wconf 81' lang='lat' dir='ltr'>apud</span> <span class='ocrx_word' id='word_1_830' title='bbox 2825 5323 3134 5378; x_wconf 77' lang='lat' dir='ltr'>I’innedene</span> <span class='ocrx_word' id='word_1_831' title='bbox 3189 5324 3492 5393; x_wconf 57' lang='grc'><strong>111111011111111</strong></span> <span class='ocrx_word' id='word_1_832' title='bbox 3553 5340 3684 5378; x_wconf 90' lang='lat' dir='ltr'>con-</span> 
     </span>
    </p>
   </div>
   <div class='ocr_carea' id='block_1_117' title="bbox 2086 5410 3682 5481">
    <p class='ocr_par' dir='ltr' id='par_1_117' title="bbox 2086 5410 3682 5481">
     <span class='ocr_line' id='line_1_117' title="bbox 2086 5410 3682 5481; baseline 0.003 -19"><span class='ocrx_word' id='word_1_833' title='bbox 2086 5419 2251 5465; x_wconf 79' lang='lat' dir='ltr'>ventu</span> <span class='ocrx_word' id='word_1_834' title='bbox 2311 5410 2581 5466; x_wconf 70' lang='lat' dir='ltr'>Gol‘fridus</span> <span class='ocrx_word' id='word_1_835' title='bbox 2638 5412 2926 5481; x_wconf 86' lang='lat' dir='ltr'>episcopus</span> <span class='ocrx_word' id='word_1_836' title='bbox 2978 5411 3417 5479; x_wconf 82' lang='lat' dir='ltr'>Constantiensis,</span> <span class='ocrx_word' id='word_1_837' title='bbox 3478 5413 3563 5466; x_wconf 88' lang='lat' dir='ltr'>vir</span> <span class='ocrx_word' id='word_1_838' title='bbox 3618 5431 3682 5466; x_wconf 88' lang='lat' dir='ltr'>ea</span> 
     </span>
    </p>
   </div>
   <div class='ocr_carea' id='block_1_118' title="bbox 2084 5507 3680 5581">
    <p class='ocr_par' dir='ltr' id='par_1_118' title="bbox 2084 5507 3680 5581">
     <span class='ocr_line' id='line_1_118' title="bbox 2084 5507 3680 5581; baseline 0.001 -18"><span class='ocrx_word' id='word_1_839' title='bbox 2084 5516 2404 5579; x_wconf 72' lang='lat' dir='ltr'>tempestate</span> <span class='ocrx_word' id='word_1_840' title='bbox 2433 5509 2703 5579; x_wconf 65' lang='lat' dir='ltr'>PI’ZIJVlthS</span> <span class='ocrx_word' id='word_1_841' title='bbox 2733 5509 2787 5562; x_wconf 90' lang='lat' dir='ltr'>in</span> <span class='ocrx_word' id='word_1_842' title='bbox 2817 5509 3028 5581; x_wconf 75' lang='lat' dir='ltr'>Anglia,</span> <span class='ocrx_word' id='word_1_843' title='bbox 3061 5507 3177 5565; x_wconf 76' lang='lat' dir='ltr'>vire</span> <span class='ocrx_word' id='word_1_844' title='bbox 3208 5509 3351 5581; x_wconf 70' lang='lat' dir='ltr'>regis</span> <span class='ocrx_word' id='word_1_845' title='bbox 3381 5510 3680 5564; x_wconf 78' lang='lat' dir='ltr'>Lanfraneo</span> 
     </span>
    </p>
   </div>
   <div class='ocr_carea' id='block_1_119' title="bbox 2081 5606 3685 5685">
    <p class='ocr_par' dir='ltr' id='par_1_119' title="bbox 2081 5606 3685 5685">
     <span class='ocr_line' id='line_1_119' title="bbox 2081 5606 3685 5685; baseline 0.002 -24"><span class='ocrx_word' id='word_1_846' title='bbox 2081 5607 2347 5683; x_wconf 81' lang='lat' dir='ltr'>justitiam</span> <span class='ocrx_word' id='word_1_847' title='bbox 2372 5609 2439 5663; x_wconf 82' lang='lat' dir='ltr'>de</span> <span class='ocrx_word' id='word_1_848' title='bbox 2469 5607 2577 5665; x_wconf 85' lang='lat' dir='ltr'>suis</span> <span class='ocrx_word' id='word_1_849' title='bbox 2608 5608 2840 5681; x_wconf 75' lang='lat' dir='ltr'>querelis</span> <span class='ocrx_word' id='word_1_850' title='bbox 2896 5606 3273 5666; x_wconf 84' lang='lat' dir='ltr'>strenuissime.</span> <span class='ocrx_word' id='word_1_851' title='bbox 3329 5608 3508 5666; x_wconf 83' lang='lat' dir='ltr'>facere</span> <span class='ocrx_word' id='word_1_852' title='bbox 3559 5609 3685 5685; x_wconf 56' lang='lat' dir='ltr'>jusq</span> 
     </span>
    </p>
   </div>
  </div>
