4036 6072
76 73 579 139 Ἶ-Γῖ

302 360 403 415 357

1470 357 1801 414 HISTORIA
1817 356 2183 427 NOVOR‘UM.
2218 390 2286 401 —
2316 361 2442 414 LIB.
2469 361 2509 415 Ι.

3496 373 3596 425 338

302 500 397 559 sus
431 484 584 540 fecit.
623 485 970 540 Lanfrancus
999 483 1142 539 enim
1167 482 1347 539 valida
1372 482 1580 539 ratione
1617 483 1897 550 subnixus,
1927 484 1985 546 Α
2015 483 2147 538 ordo
2177 501 2283 539 non
2313 484 2418 538 sibi
2447 485 2785 551 astrinxerat,
2819 487 2950 543 eniti
3001 499 3278 561 ceperunt
3337 501 3603 563 quatenus

306 590 372 629 ex
405 573 680 628 communi
720 574 961 629 omnium
1017 574 1393 644 astipulatione
1448 580 1503 627 et
1551 572 1773 642 judicio,
1828 572 1905 626 ibi

304 672 497 717 cuncta
526 663 867 734 recuperavit
896 679 1017 734 quae
1049 670 1266 718 ostensa
1295 670 1421 716 sunt
1481 661 1777 730 antiquitus
1831 659 1901 714 ad

298 751 423 820 jura
454 752 715 807 Ecclesia:
744 752 939 807 Christi
972 751 1378 807 Cantuariensis
1409 750 1757 819 pertinuisse,
1792 758 1899 804 tam

303 841 359 894 in
394 842 550 895 terris
580 857 743 911 quam
771 840 825 895 in
856 840 1085 895 diversis
1113 839 1614 896 consuetudinibus.

378 950 520 1004 Item
550 949 656 1004 alio
689 957 931 1019 tempore
962 948 1107 1004 idem
1156 948 1297 1015 Odo,
1347 948 1693 1018 permittente
1746 963 1899 1018 rege,

308 1038 569 1109 placitum
601 1037 828 1093 instituit
881 1046 1073 1094 contra
1127 1037 1439 1106 stepcfatam
1496 1036 1807 1101 ecclesiam,
1853 1044 1906 1090 et

309 1135 535 1182 tutorem
566 1126 687 1196 ejus
726 1128 938 1182 Patrem
992 1126 1377 1194 Lanfrancum,
1435 1134 1489 1181 et
1547 1125 1675 1179 illuc
1710 1140 1901 1180 omnes

305 1232 440 1288 quos
469 1216 751 1287 peritiores
780 1216 963 1287 legum
993 1224 1047 1270 et
1076 1231 1231 1271 usum
1278 1213 1492 1287 Anglici
1521 1214 1677 1285 regni
1727 1229 1902 1268 nove-

302 1313 406 1373 rat,
434 1320 638 1376 gnarus
660 1304 903 1359 adduxit.
937 1304 1072 1359 Cum
1124 1303 1291 1375 igitur
1344 1303 1415 1358 ad
1469 1302 1900 1358 eventilationem

303 1408 587 1450 causarum
618 1402 837 1449 ventum
866 1400 1029 1461 esset,
1063 1408 1252 1448 omnes
1278 1392 1369 1461 qui
1400 1392 1615 1447 tuendis
1644 1391 1902 1446 Ecclesia}

303 1482 484 1539 causis
512 1497 730 1553 quaque
760 1486 1129 1538 convenerant
1157 1481 1214 1535 in
1262 1480 1439 1551 primo
1496 1496 1788 1551 congressu
1826 1481 1904 1532 ita

305 1571 539 1627 convicti
571 1580 715 1639 sunt,
748 1575 810 1626 ut
837 1572 892 1625 in
923 1586 1031 1640 quo
1061 1585 1155 1626 eas
1184 1577 1463 1625 tuerentur
1489 1568 1648 1623 simul
1678 1568 1899 1622 amitte-

306 1667 444 1715 rent.
471 1659 581 1729 Ipsi
603 1675 840 1732 namque
899 1658 1230 1713 Lanfrancus
1277 1671 1383 1711 non
1423 1657 1699 1712 intererat.
1749 1654 1901 1710 Tali-

301 1748 407 1804 bus
435 1749 607 1813 enim,
637 1748 741 1802 nisi
773 1747 1069 1803 necessitas
1097 1761 1312 1801 summa
1342 1753 1581 1818 urgeret,
1643 1753 1697 1801 et
1749 1744 1895 1800 inte-

2001 572 2193 625 saltem
2225 574 2293 627 de
2320 574 2562 643 primatu
2595 575 2969 630 Cantuariensi
3002 583 3299 634 monachus
3356 583 3605 637 eradica-

2001 669 2137 721 rent,
2164 662 2503 717 intendentes
2532 680 2591 718 se
2624 665 2723 717 hoc
2756 665 2898 719 facto
2930 667 3186 724 facillime
3228 672 3295 724 ali
3342 700 3364 721 δ
3391 672 3607 728 aliunde

2002 750 2341 803 exclusuros.
2382 753 2462 804 De
2512 752 2618 805 illis
2667 754 2892 822 etenim,
2954 757 3270 824 potioribus,
3338 762 3473 814 sicut
3530 761 3606 814 eis

2000 838 2303 907 videbatur,
2332 840 2631 895 rationibus
2662 842 2728 895 ad
2777 843 2831 895 id
2886 845 3163 914 agendum
3211 848 3301 900 fult
3329 851 3598 915 iebantur,

2002 926 2197 995 partim
2230 927 2302 982 ob
2333 928 2719 1003 sublimitatem
2736 931 2979 999 primatis
3019 935 3181 1001 sedis,
3233 954 3354 1007 quae
3415 938 3605 1008 dispo-

2000 1014 2180 1068 sitioni
2213 1023 2263 1070 et
2295 1018 2616 1072 correctioni
2646 1020 3008 1075 Ecclesiarum
3042 1039 3139 1091 per
3158 1039 3285 1078 suas
3336 1042 3597 1095 personas

2000 1119 2213 1173 quaque
2244 1121 2341 1173 per
2395 1106 2647 1178 Angliam
2705 1107 2990 1179 invigilare
3035 1110 3218 1175 habet,
3277 1114 3468 1181 partim
3527 1118 3598 1171 ob

2001 1191 2137 1244 alias
2166 1192 2513 1263 .multiplices
2560 1210 2753 1250 causas
2808 1213 3037 1266 quarum
3095 1204 3389 1269 exsecutio,
3443 1203 3600 1272 juxta

2003 1279 2143 1349 quod
2176 1280 2275 1350 ipsi
2305 1282 2704 1353 contingebant,
2738 1285 2915 1356 magis
2945 1286 3260 1343 clericorum
3296 1308 3455 1361 quam
3484 1310 3603 1347 mo-

2000 1369 2298 1423 nachorum
2330 1370 2571 1425 ofﬁcium
2603 1379 2835 1443 spectat.
2868 1375 3142 1431 Deductus
3171 1387 3247 1432 est
3282 1380 3334 1433 in
3375 1389 3601 1437 senten-

2003 1456 2127 1510 tiam
2162 1456 2316 1512 istam
2347 1475 2442 1513 rex
2473 1466 2527 1514 et
2556 1461 2646 1514 alii
2679 1461 2952 1532 principes
2982 1465 3155 1535 regni,
3202 1466 3510 1524 Lanl'ranco
3550 1479 3607 1525 ut

1998 1543 2082 1598 sui
2113 1546 2277 1600 moris
2308 1556 2419 1601 erat
2452 1549 2575 1602 totis
2622 1549 2828 1605 viribus
2886 1552 3190 1620 obnitente,
3252 1564 3303 1610 et
3362 1559 3603 1613 omnium

2000 1633 2265 1688 molimini
2297 1652 2359 1689 ac
2388 1636 2610 1691 invidim
2640 1638 2862 1693 viriliter
2916 1642 3219 1697 resistente.
3280 1645 3361 1699 Ne
3422 1653 3602 1702 tamen

1999 1730 2124 1792 post
2152 1724 2357 1778 obitum
2389 1742 2550 1779 suum
2583 1725 2729 1781 ﬁeret
2761 1729 2905 1797 quod
2952 1748 3009 1783 se
3059 1736 3344 1800 superslih
3401 1735 3607 1791 sciebat

300 1854 449 1894 resse
480 1838 649 1893 moris
675 1852 781 1893 non
810 1844 951 1892 erat.
992 1836 1098 1905 [psi
1130 1850 1262 1907 ergo
1304 1835 1359 1890 in
1412 1813 1634 1890 Emme-ra
1682 1833 1903 1893 lectioni
1936 1840 1989 1899 B
2011 1828 2107 1881 per
2135 1813 2507 1907 auxilium‘Dei
2540 1831 2888 1907 nequaquam
2919 1820 3326 1888 perliciendum.
3357 1825 3608 1881 nesciens

300 1928 508 1983 divinae
538 1934 801 1998 occupato
830 1924 961 1997 quid
1005 1932 1216 1996 gestum
1278 1923 1437 1978 fuerit
1482 1924 1775 1978 nuntiatur.
1833 1926 1903 1978 At

298 2016 393 2073 ille
421 2017 499 2072 nil
544 2016 710 2072 corde
749 2014 1063 2085 perterritus
1108 2013 1255 2068 dicta
1310 2012 1736 2068 adversariorum
1791 2028 1902 2068 non

303 2114 450 2162 recte
481 2104 811 2176 processisse
840 2101 1086 2169 asseruit,
1118 2111 1173 2156 et
1204 2102 1329 2156 ideo
1358 2107 1550 2157 cuncta
1590 2101 1647 2155 in
1702 2102 1901 2157 crasti-

304 2211 433 2249 num
462 2191 727 2248 induciari
760 2191 1039 2263 praecepit.
1088 2189 1348 2261 Sequenti
1404 2198 1583 2259 nocte,
1643 2190 1797 2245 adest
1843 2192 1899 2244 in

303 2284 425 2341 visu
453 2282 681 2338 antistiti
726 2281 921 2337 beatus
964 2280 1295 2350 Dunstanus,
1352 2294 1581 2334 monens
1625 2295 1693 2333 ne
1747 2279 1899 2334 illum

306 2372 600 2429 multitudo
628 2369 942 2439 conturbet,
973 2369 1073 2425 sed
1099 2368 1169 2424 de
1199 2368 1493 2440 prementia
1547 2368 1630 2422 sui
1683 2384 1902 2423 securus

304 2462 565 2533 placitum
596 2475 758 2515 mane
790 2460 1020 2530 ipsemet
1049 2457 1231 2512 hilaris
1263 2456 1424 2512 intret
1451 2474 1464 2510 :
1500 2456 1643 2526 quod
1671 2464 1722 2512 et
1749 2456 1897 2513 fecit.

304 2550 444 2607 Suas
472 2551 655 2620 itaque
675 2564 860 2605 causas
888 2548 1125 2621 quodam
1163 2545 1386 2602 exordio
1442 2546 1596 2615 quasi
1652 2561 1687 2602 a
1741 2547 1901 2602 rebus

298 2656 425 2713 quae
451 2646 696 2695 tractatae
728 2639 942 2694 fuerant
968 2637 1056 2692 vel
1111 2634 1403 2692 tractanda:
1456 2635 1672 2706 penitus
1724 2636 1901 2692 alieno

301 2730 515 2790 cnnctis
553 2727 903 2799 stupentibus
932 2742 1105 2793 orsus,
1128 2725 1203 2780 ita
1231 2723 1495 2796 processit
1521 2732 1580 2779 ut
1634 2742 1758 2797 qua)
1815 2742 1903 2781 su-

308 2834 410 2891 per
436 2833 562 2874 eum
592 2816 771 2888 pridie
799 2814 943 2871 dicta
973 2814 1191 2871 fuerunt
1218 2814 1299 2869 sic
1340 2812 1655 2869 devinceret
1685 2820 1738 2868 et
1777 2814 1902 2869 ina-

298 2906 395 2962 nia
419 2922 542 2963 esse
572 2911 916 2972 monstraret,
956 2911 1013 2959 ut
1044 2904 1221 2959 donec
1247 2902 1373 2958 vitae
1401 2902 1661 2972 praesenti
1711 2918 1903 2974 super-

296 2994 424 3065 fuit,
455 2994 634 3051 nullus
662 3000 977 3065 exsurgeret
998 2991 1090 3064 qui
1119 2991 1246 3046 inde
1273 2997 1462 3047 contra
1489 3005 1614 3047 eum
1645 3005 1707 3046 os
1762 3006 1901 3062 ape-

294 3084 446 3141 riret.
482 3084 563 3139 De
592 3082 677 3137 his
706 3081 799 3138 ita.

2008 1900 2202 1955 mortis
2232 1917 2344 1957 suae
2373 1902 2518 1957 diem
2542 1905 2626 1958 vel
2658 1904 2871 1973 horam,
2905 1908 3017 1975 egit
3046 1911 3344 1980 sagacitate
3412 1921 3466 1968 et
3515 1915 3606 1968 in-

2011 1989 2235 2058 dustria,
2298 2008 2402 2062 qua
2456 1992 2717 2062 pollebat,
2772 2002 2830 2049 ut
2879 1998 3193 2053 auctoritate
3239 2002 3502 2057 iloinantn
3558 2014 3611 2060 et

2009 2078 2326 2148 apostolica}
2357 2080 2501 2135 sedis
2550 2085 2940 2139 monachorum
3000 2086 3258 2143 habitatio
3302 2090 3359 2143 in
3417 2093 3607 2147 eadem

2005 2167 2260 2222 Ecclesia
2294 2169 2729 2239 conﬁrmaretur,
2763 2181 2816 2226 et
2839 2174 3161 2229 inconvulsa
3191 2176 3318 2230 dum
3344 2180 3608 2234 surculum

2007 2256 2231 2311 duraret
2261 2257 2313 2311 in
2347 2268 2662 2328 perpetuum
2697 2261 3052 2319 stabiliretur.
3107 2264 3266 2332 Quod
3322 2268 3610 2340 privilegio

2011 2345 2102 2400 tali
2132 2362 2378 2401 summus
2408 2349 2721 2417 apostolicae
2752 2351 2977 2407 antistes
3005 2353 3315 2410 Alexander
3345 2358 3490 2411 sedis
3536 2358 3612 2413 ita

2007 2434 2212 2504 scripto
2242 2451 2342 2490 suo
2372 2436 2646 2493 roboravit
2676 2454 2687 2492 :

2085 2561 2109 2592 ι
2143 2541 2449 2598 Alexander
2503 2543 2810 2616 episcopus,
2870 2563 3064 2604 servus
3120 2565 3402 2606 servorum
3482 2554 3605 2620 Dei,

2008 2630 2463 2687 reverendissimo
2493 2632 2650 2688 fratri
2680 2635 2734 2688 in
2763 2635 2976 2692 Christo
3017 2639 3315 2694 Lanfranco
3376 2658 3605 2697 venera-

2009 2718 2104 2772 bili
2145 2718 2559 2776 Cantuariorum
2589 2723 3023 2797 archiepiscopo,
3056 2727 3277 2783 salutem
3306 2737 3358 2785 et
3387 2740 3612 2802 aposto-

2009 2807 2168 2862 licam
2198 2808 2651 2865 benedictionem.

2011 2987 2046 3041 d
2086 2919 2110 2945 α
2140 2897 2470 3040 chepimus
2500 2913 2533 2953 a
2563 2899 2910 2972 quibusdam,
2933 2927 2956 2953 η
2987 2913 3089 2961 etc.
3120 2906 3327 2963 Videin
3360 2909 3615 2968 Alexan-

2050 3002 2110 3041 ro
2207 3028 2219 3040 .

2050 3002 2110 3043 νο
2140 3002 2219 3040 ll.

2084 3074 2263 3138 Quam
2301 3093 2431 3133 vero
2455 3094 2644 3133 secura
2692 3080 2939 3137 libertate
2994 3092 3051 3139 et
3097 3085 3270 3142 libera
3333 3090 3614 3146 securitate

372 3186 549 3257 super
570 3186 691 3242 hac
717 3183 830 3240 suis
859 3198 1095 3257 quoque,
1126 3193 1182 3241 et
1219 3185 1423 3242 eisdem
1481 3186 1654 3242 ferme
1708 3184 1903 3241 diebus
1931 3200 1981 3267 Ο
2012 3180 2241 3264 quaeque
2269 3166 2336 3220 ad
2361 3167 2488 3267 jura
2519 3167 2789 3267 Ecclesiae
2828 3173 3233 3267 Cantuariensis
3290 3178 3613 3246 pertinentia

295 3292 492 3333 omnes
521 3275 742 3332 circiter
770 3275 862 3345 qui
903 3290 972 3328 ex
1027 3275 1269 3332 clericali
1324 3276 1512 3332 ordine
1566 3291 1664 3347 per
1715 3291 1903 3346 regem

298 3363 684 3421 Willhelmum
705 3364 764 3418 in
816 3363 1014 3437 Anglia
1058 3364 1340 3419 constituti
1392 3364 1683 3433 pontifices
1727 3371 1900 3431 erant,

296 3456 599 3511 monachos
628 3452 722 3523 qui
750 3452 807 3506 in
836 3452 1114 3509 nonnullis
1141 3453 1548 3524 episcopatibus
1572 3453 1781 3524 Anglice
1835 3453 1904 3507 ab

299 3543 527 3613 antiquo
556 3542 728 3597 vitam
756 3542 1014 3614 agebant,
1046 3541 1175 3595 inde
1231 3540 1512 3596 eliminare
1548 3541 1721 3597 moliti
1760 3549 1902 3612 sunt,

297 3640 356 3687 et
381 3647 570 3705 regem
602 3631 781 3701 ipsum
813 3631 867 3683 in
896 3628 1006 3686 hoc
1064 3630 1168 3684 sibi
1220 3639 1646 3686 consentaneum
1702 3630 1904 3687 eﬂ‘ece—

296 3727 450 3781 runt;
488 3719 543 3773 in
565 3733 676 3792 quo
705 3727 890 3773 tamen
920 3733 978 3773 se
1006 3717 1199 3775 effectu
1223 3721 1493 3790 petituros
1538 3720 1670 3775 certi
1729 3721 1907 3775 exsti-

301 3817 499 3875 terant,
559 3815 619 3861 ut
666 3806 1042 3863 Walchelinus
1100 3807 1386 3879 cpiscopus
1442 3808 1705 3864 adunatos
1768 3825 1909 3880 pene

300 3896 669 3969 quadraginta
698 3896 950 3964 clericos,
984 3896 1365 3952 canonicorum
1395 3913 1565 3965 more,
1588 3905 1818 3954 tonsura
1847 3914 1912 3953 ac

301 3995 459 4042 veste
502 3985 787 4041 redimitos
842 3984 1091 4053 haberet,
1151 4000 1309 4055 quos,
1350 3985 1545 4055 ejectis
1602 3987 1907 4056 monachis,

304 4076 609 4131 Wentanaa
642 4074 909 4131 Ecclesia:
928 4075 1014 4129 cui
1044 4074 1395 4143 praesidebat,
1426 4090 1555 4130 mox
1594 4076 1911 4132 intromitte-

300 4172 403 4218 ret.
434 4163 564 4219 Sola
592 4177 748 4218 mora
776 4163 893 4217 haec
920 4162 1240 4233 peragendi,
1273 4162 1511 4217 nondum
1541 4163 1803 4233 requisita
1841 4163 1911 4218 ab

298 4252 719 4323 archiepiscopo
776 4250 1074 4305 Lanfranco
1130 4249 1342 4305 licentia
1396 4251 1521 4308 fuit.
1591 4253 1659 4307 Ut
1731 4259 1911 4307 autem

302 4357 425 4398 eam
477 4341 626 4396 dicto
683 4355 900 4411 quoque
958 4340 1117 4395 citius
1166 4339 1498 4410 impetraret,
1547 4340 1698 4395 nulla
1744 4340 1915 4396 menti

298 4430 425 4500 ejus
462 4429 732 4484 dubitatio
764 4429 932 4483 inerat
964 4428 1102 4492 :sed
1141 4427 1300 4483 aliter
1345 4443 1408 4482 ac
1454 4428 1558 4482 sibi
1615 4444 1771 4484 mens
1817 4445 1915 4484 sua

308 4519 690 4590 spoponderat
718 4517 889 4573 exitus
946 4516 1027 4572 rei
1085 4516 1360 4587 provenit.
1412 4517 1551 4571 Nam
1608 4517 1702 4571 ubi
1766 4518 1913 4589 quod

314 4607 607 4679 episcopus
663 4606 945 4662 moliretur
995 4605 1240 4661 insonuit
1276 4605 1497 4659 auribus
1550 4604 1691 4674 ejus,
1764 4605 1911 4661 illico

310 4697 522 4752 facinus
550 4694 851 4762 exhorruit,
883 4709 986 4751 nec
1015 4710 1070 4749 se
1101 4694 1231 4748 dum
1279 4694 1487 4751 viveret
1546 4701 1603 4749 ut
1657 4692 1910 4749 aﬂectum

305 4801 522 4857 quoque
553 4782 716 4840 modo
773 4784 896 4838 talis
947 4782 1244 4839 voluntatis
1300 4782 1563 4837 obtineret
1609 4798 1909 4837 consensu-

303 4890 427 4930 rum
466 4873 727 4930 asseruit.
786 4873 869 4927 Ita
923 4886 1055 4944 ergo
1097 4877 1151 4925 et
1206 4870 1411 4937 clerici,
1479 4872 1569 4943 qui
1622 4871 1912 4928 succedere

305 4963 598 5020 monachis
629 4962 973 5032 fuerantper
1027 4959 1429 5016 Walchelinum
1472 4960 1706 5027 collecti,
1755 4970 1808 5015 et
1858 4961 1914 5015 in

303 5068 404 5108 sua
432 5051 644 5106 dimissi
672 5057 820 5117 sunt,
852 5056 907 5105 et
934 5049 1192 5105 monachi
1227 5049 1315 5119 qui
1346 5049 1549 5105 cedere
1594 5049 1913 5105 clericorum

298 5139 621 5214 praejudicio
651 5138 883 5211 quodam
914 5138 1168 5192 damnati
1194 5142 1367 5203 erant,
1401 5137 1576 5209 gratia
1607 5138 1706 5192 Dei
1750 5146 1803 5193 et
1859 5139 1916 5192 in

301 5230 507 5285 stantia
560 5228 689 5283 boni
742 5226 1034 5283 Lanfranci
1087 5226 1326 5296 pristinae
1386 5228 1818 5283 conversationis
1862 5227 1919 5281 in

302 5335 406 5375 sua
432 5316 679 5374 Ecclesia
722 5323 1001 5387 compotes
1047 5314 1226 5372 effecti
1280 5324 1431 5370 sunt.
1502 5317 1617 5371 Nec
1673 5315 1776 5370 ista
1820 5331 1917 5387 pro

300 5407 562 5464 sedandis
591 5404 951 5478 quorumdam
983 5404 1437 5472 animositatibus,
1468 5420 1607 5478 quas
1634 5405 1705 5459 ad
1759 5406 1919 5475 deje-

300 5497 539 5553 ctionem
582 5496 971 5551 monachorum
1021 5500 1404 5564 conceperant,
1460 5492 1715 5548 sufﬁcere
1769 5502 1922 5564 pote-

296 5593 443 5643 rant.
483 5584 734 5656 Namque
761 5582 880 5655 pari
908 5591 1056 5653 voto,
1082 5583 1243 5638 simili
1274 5582 1584 5649 conamine,
1618 5599 1725 5639 uno
1779 5598 1919 5639 con-

303 5690 491 5751 sensu,
532 5672 793 5732 concordi
832 5671 1015 5729 animo
1066 5668 1373 5749 pontifices,
1437 5686 1571 5751 quos
1626 5670 1918 5747 religionis

1940 4564 1994 4625 D

2010 3254 2191 3324 potiri,
2219 3265 2371 3325 saepe
2403 3256 2545 3310 fatus
2575 3258 2735 3313 Pater
2768 3260 3100 3316 Lanfrancus
3128 3263 3440 3335 intenderit,
3472 3275 3527 3321 et
3549 3284 3614 3323 ex

2013 3342 2096 3395 his
2122 3359 2243 3414 quae
2263 3344 2451 3413 paucis
2480 3345 2904 3417 designavimus,
2948 3357 2999 3403 et
3038 3366 3106 3405 ex
3160 3352 3393 3421 epistola
3450 3372 3612 3424 quam

2011 3447 2137 3487 ecce
2166 3432 2574 3488 subscribemus
2604 3436 2772 3490 cuivis
2819 3438 2955 3492 scire
2994 3439 3198 3494 volenti
3256 3450 3441 3511 patere
3480 3444 3612 3499 satis

2011 3521 2113 3575 erit
2145 3537 2157 3574 :
2192 3537 2352 3591 quam
2378 3522 2661 3593 epistolam
2693 3528 2762 3579 de
2828 3527 3011 3581 causis
3048 3528 3426 3586 ecclesiasticis
3471 3532 3614 3586 scri-

2013 3617 2162 3680 ptam
2193 3626 2258 3665 ea
2286 3626 2346 3666 re
2372 3612 2611 3667 maxime
2666 3613 2869 3684 placuit
2926 3616 3051 3669 aliis
3098 3618 3316 3673 omissis
3361 3621 3616 3689 praesenti

2013 3699 2167 3768 Operi
2199 3701 2569 3757 commiscere.
2603 3701 2884 3770 Quatenus
2914 3704 2968 3757 hi
2996 3704 3084 3774 qui
3114 3707 3402 3763 scientiam
3452 3709 3617 3764 talem

2014 3789 2357 3861 negotiorum
2389 3805 2499 3846 non
2518 3791 3011 3862 omninoexpertes
3060 3803 3205 3864 sunt,
3267 3813 3331 3850 ex
3390 3813 3620 3854 consue-

2019 3877 2297 3933 tudinibus
2334 3879 2562 3933 aliarum
2620 3880 2987 3936 Ecclesiarum
3044 3884 3479 3941 animadvertant
3511 3903 3621 3959 qua

2017 3966 2280 4038 dignitate
2308 3968 2485 4039 ipsam
2517 3970 2815 4024 Ecclesiam
2844 3972 2986 4026 inter
3013 3971 3152 4028 alias
3206 3984 3420 4032 constet
3474 3978 3618 4031 emi-

2017 4071 2171 4110 nere.
2210 4056 2451 4127 Epistota
2481 4056 2647 4127 igitur
2675 4058 2775 4113 ista
2796 4068 2876 4114 est
2908 4077 2920 4114 :

2095 4181 2117 4208 (ι
2152 4161 2495 4217 Lanfrancus
2524 4161 2700 4232 gratia
2728 4164 2827 4218 Dei
2859 4166 3322 4241 archiepiscopus,
3374 4170 3621 4227 dilectis-

2020 4248 2160 4304 simo
2192 4249 2345 4303 fratri
2377 4248 2643 4319 Stigando
2674 4251 2993 4307 Cicestrensi
3036 4256 3309 4327 episcopo,
3370 4259 3614 4315 salutem.

2098 4361 2120 4387 ‹‹
2154 4338 2346 4394 Clerici
2374 4338 2622 4393 villarum
2652 4348 2955 4395 nostrarum
2989 4345 3081 4413 qui
3109 4346 3163 4399 in
3195 4356 3370 4401 vestra
3396 4349 3621 4406 dioecesi

2022 4426 2300 4493 exsistunt,
2337 4428 2513 4497 questi
2543 4428 2699 4483 nobis
2729 4438 2850 4483 sunt
2881 4432 3022 4501 quod
3044 4433 3205 4488 vestri
3229 4437 3616 4508 archidiaconi,

2021 4517 2250 4587 repertis
2279 4517 2680 4585 occasionibus,
2712 4520 2970 4588 pecunias
2992 4521 3058 4574 ab
3093 4522 3171 4575 eis
3215 4526 3518 4596 exquirunt,
3566 4536 3619 4585 et

2022 4623 2055 4661 a
2084 4605 2412 4676 quibusdam
2448 4606 2558 4674 jam
2585 4616 2931 4677 acceperunt.
2964 4610 3271 4677 Meminisse
3301 4614 3460 4669 debet
3510 4616 3621 4670 fra-

2024 4695 2249 4750 ternitas
2305 4704 2490 4749 vestra
2531 4695 2657 4764 quia
2710 4705 2897 4752 contra
2955 4714 3159 4754 morem
3207 4710 3619 4762 antecessorum

2016 4792 2327 4839 nostrorum
2360 4791 2412 4838 et
2439 4792 2743 4839 vestrorum
2775 4786 2930 4840 vobis
2984 4790 3372 4858 concessimus,
3432 4795 3621 4867 eisque

2019 4873 2403 4942 impcravimus
2431 4880 2704 4941 quatenus
2735 4873 2803 4928 ad
2832 4883 3037 4931 vestras
3066 4879 3304 4948 synodos
3352 4883 3509 4949 irent,
3569 4892 3621 4942 et

2020 4975 2085 5015 ea
2117 4977 2236 5032 qua)
2267 4961 2337 5015 ad
2366 4961 2685 5017 Christiana)
2722 4962 3003 5035 religionis
3054 4968 3302 5023 notitiam
3360 4973 3619 5041 prodesse

2020 5057 2263 5121 possunt,
2295 5050 2410 5104 sine
2439 5048 2872 5121 interpellatione
2904 5053 2988 5109 vel
3044 5054 3386 5113 discussione
3442 5061 3624 5132 aliqua

2022 5155 2053 5193 a
2082 5138 2238 5193 vobis
2266 5138 2533 5193 audirent.
2567 5139 2624 5195 Si
2653 5159 2775 5212 quae
2798 5141 2851 5194 in
2901 5142 3033 5211 ipsis
3088 5147 3263 5217 culpa:
3313 5149 3617 5207 inveniren-

2026 5235 2127 5292 tur,
2162 5242 2425 5298 suspensa
2452 5227 2667 5281 interim
2700 5230 2955 5296 vindicta,
2989 5232 3058 5287 ad
3090 5243 3332 5290 nostrum
3394 5254 3624 5297 examen

2026 5324 2370 5372 servarentur
2400 5324 2451 5371 et
2482 5317 2639 5371 nobis
2662 5317 2745 5372 vel
2776 5318 2831 5373 in
2871 5319 3181 5377 niisercndo
3231 5326 3312 5379 vel
3372 5327 3432 5382 in
3491 5331 3628 5385 ulci-

2027 5405 2247 5474 scendo,
2282 5407 2662 5477 sicutsemper
2709 5411 3043 5465 consuetudo
3094 5413 3212 5478 fuit,
3264 5415 3483 5471 obnoxii
3537 5428 3625 5474 tc-

2027 5500 2305 5550 nerentur.
2334 5495 2657 5551 Mandamus
2688 5497 2875 5570 itaque
2905 5499 3064 5554 vobis
3102 5509 3161 5555 ut
3206 5503 3347 5557 male
3406 5517 3627 5576 accepta.

2027 5584 2144 5641 sine
2173 5584 2431 5639 dilatione
2459 5584 2615 5640 reddi
2640 5586 2894 5656 jubeatis,
2923 5595 2973 5641 et
3026 5589 3284 5645 ministris
3326 5593 3509 5647 vestris
3556 5613 3627 5657 ne

2026 5672 2256 5732 ulterius
2277 5672 2333 5727 id
2353 5678 2710 5746 praesumant,
2743 5677 3027 5731 servandae
3086 5679 3363 5737 charitatis
3423 5685 3622 5763 studio,
