4036 6072
387 226 488 278 339

1429 205 1750 265 EADMERI
1780 203 2340 265 CANTUARIENSIS
2368 207 2685 266 MONACHI

3611 212 3713 266 360

398 342 757 418 prohibeatis.
782 342 896 397 Nos
922 353 1053 396 vero
1092 336 1430 410 presbyteris
1463 334 1663 391 nostris
1709 333 1799 404 qui
1857 339 2009 388 extra
2036 335 2089 394 A
2120 333 2300 389 debat.
2342 334 2441 390 Hic
2472 335 2563 390 toti
2593 334 3007 392 Northmannia
3027 343 3187 409 atque
3206 335 3581 408 Francia,pro
3598 353 3717 393 sua

404 435 648 491 Cantiam
671 430 942 487 constituti
970 436 1095 484 sunt
1130 426 1353 482 omnino
1406 423 1760 495 pracipimus
1814 438 1883 477 ne
1936 421 2005 475 ad

403 531 641 580 vestram
698 519 780 576 vel
837 518 1068 587 alicujus
1111 514 1363 586 episcopi
1430 513 1692 583 synodum
1768 509 2007 581 amplius

404 620 550 680 eant,
581 626 684 665 nec
714 608 869 664 vobis
898 621 1002 661 nec
1031 603 1310 676 aliquibus
1346 602 1613 656 ministris
1669 600 1862 655 vestris
1906 614 2007 669 pro

406 700 648 772 qualibet
677 697 839 766 culpa
870 693 1262 764 respondeant.
1305 691 1413 747 Nos
1434 689 1577 745 enim
1601 704 1726 745 cum
1754 688 1825 742 ad
1853 687 2011 772 villas

400 758 615 845 nostras
638 785 967 849 venerimus,
993 781 1188 854 quales
1217 780 1322 851 ipsi
1370 779 1459 835 vel
1516 780 1573 832 in
1628 777 1876 832 moribus
1920 758 2010 830 vel

401 877 458 932 in
506 876 615 931 suis
645 873 855 931 ordinis
917 870 1144 927 scientia
1187 869 1312 935 sint,
1371 865 1634 939 pastorali
1691 866 2009 922 auctoritate

404 965 675 1037 vestigare
718 962 981 1017 debemus
1038 958 1183 1030 (t7).
1249 957 1495 1013 Chrisma
1549 963 1727 1010 tamen
1769 969 1803 1009 a
1855 952 2012 1010 vobis

404 1053 698 1125 accipiant,
729 1059 781 1108 et
829 1066 894 1106 ea
952 1063 1073 1119 qua
1129 1046 1425 1117 antiquitus
1481 1045 1726 1098 instituta
1779 1051 1902 1098 sunt
1954 1042 2011 1097 in

402 1140 719 1199 chrismatis
750 1137 1067 1208 acceptione
1094 1134 1426 1205 persolvant.
1460 1133 1610 1190 Sicut
1652 1146 1889 1203 namque
1945 1145 2013 1186 ea

404 1243 526 1298 qua
558 1222 853 1294 antiquitus
880 1236 1054 1292 usque
1075 1219 1143 1274 ad
1172 1226 1357 1276 nostra
1403 1225 1649 1288 tempora
1688 1224 2009 1271 antecesso-

403 1332 491 1370 res
519 1313 686 1370 nostri
716 1311 1021 1366 habuerunt
1049 1306 1236 1363 solerti
1264 1306 1557 1379 vigilantia
1592 1305 1842 1375 cupimus
1892 1302 2009 1358 illi-

406 1404 535 1459 bata
564 1400 835 1458 custodire
872 1416 885 1462 ;
931 1398 1003 1453 ita
1030 1395 1150 1451 aliis
1178 1395 1361 1451 debita
1388 1394 1594 1466 aliqua,
1636 1392 1781 1465 quod
1824 1392 1965 1448 absit
1993 1391 2006 1446 l

405 1490 760 1563 usurpatione
792 1489 1073 1560 denegare
1102 1485 1379 1541 nolumus.
1418 1506 1440 1533 ι»

476 1581 558 1636 Ad
587 1581 705 1635 hac
734 1592 842 1650 qua
880 1574 1175 1648 sagacitate
1204 1575 1330 1643 (hoc
1358 1572 1502 1628 enim
1530 1571 1690 1643 paulo
1712 1578 1835 1625 ante
1888 1586 2009 1626 me-

2115 423 2426 479 excellentis
2452 424 2746 480 sanctitatis
2774 424 2986 491 merito,
3011 433 3190 493 notus,
3217 427 3412 481 charus
3456 433 3510 481 et
3556 442 3720 482 accc-

2114 520 2258 582 ptus,
2289 528 2506 585 magna
2535 514 2697 568 fama
2737 528 2953 584 qquue
2982 513 3036 568 in
3066 514 3266 585 Anglia
3294 513 3611 582 habebatur,
3656 530 3722 571 ac

2117 601 2235 673 regi
2263 602 2517 671 prafato.
2549 618 2718 657 necne
2758 600 3057 659 Lanfranco
3115 603 3529 673 archiepiscopo
3586 619 3720 658 san-

2118 689 2356 745 ctissima
2385 689 2753 745 familiaritate
2780 690 3152 760 copulabatur.
3187 691 3286 746 Hic
3342 708 3465 746 cum
3504 707 3723 747 nonun-

2118 794 2282 849 quam
2313 794 2411 848 pro
2445 778 2674 834 diversis
2705 778 2962 835 Ecclesia
2984 787 3039 834 et
3079 778 3315 835 aliorum
3367 779 3599 851 negotiis
3650 781 3721 834 ad

2118 866 2327 922 curiam
2356 867 2506 940 regis
2535 867 2768 935 veniret,
2800 884 2895 922 rex
2924 868 3065 937 ipse,
3090 868 3337 938 deposita
3365 867 3726 941 feritate,qua

2117 954 2303 1009 multis
2322 955 2610 1011 videbatur
2636 971 2815 1011 savus
2836 964 2890 1012 et
2917 955 3296 1022 formidabilis,
3328 956 3404 1011 ita
3442 954 3607 1012 ﬁebat
3642 957 3722 1011 in-

2118 1043 2296 1099 clinus
2324 1051 2379 1099 et
2406 1044 2656 1111 affabilis,
2688 1052 2765 1113 ut,
2794 1045 2912 1115 ipso
2941 1053 3232 1116 prasente,
3277 1043 3501 1100 omnino
3557 1061 3720 1116 quam

2119 1148 2241 1188 esse
2270 1131 2504 1200 solebat,
2535 1133 2872 1204 stupentibus
2900 1132 3128 1199 cunctis,
3161 1132 3316 1188 ﬁeret
3346 1133 3505 1188 alius.
3562 1134 3721 1189 Hunc

2118 1220 2300 1291 itaque
2321 1229 2376 1276 et
2402 1221 2764 1277 Lant‘rancum
2795 1220 3049 1277 videlicet
3067 1222 3218 1278 viros
3254 1221 3441 1277 divina
3471 1222 3634 1277 simul
3662 1230 3719 1278 et

2119 1308 2355 1365 humana
2381 1310 2669 1382 prudentia
2697 1311 2875 1379 fultos,
2910 1327 3024 1381 pra
3052 1326 3111 1366 se
3140 1311 3326 1384 magni
3354 1326 3572 1383 semper
3613 1313 3716 1365 ha—

2119 1397 2302 1466 bebat,
2342 1406 2396 1453 et
2414 1413 2509 1454 eos
2537 1399 2592 1452 in
2620 1398 2873 1454 omnibus
2902 1416 3025 1471 qua
3054 1398 3179 1475 sibi,
3240 1406 3499 1469 quantum
3555 1398 3717 1455 oﬁicii

2120 1503 2313 1543 eorum
2342 1487 2635 1554 referebat,
2666 1488 2885 1560 agenda
2912 1496 3084 1557 erant,
3117 1488 3341 1545 dulciori
3372 1505 3483 1561 pra
3502 1488 3719 1545 caeteris

2122 1576 2301 1633 studio
2334 1576 2605 1632 audiebat.
2639 1577 2796 1632 Unde
2834 1584 2889 1633 et
2917 1576 3147 1633 consilio
3189 1593 3377 1633 eorum
3433 1577 3503 1633 ab
3551 1578 3720 1632 animi

407 1676 680 1727 moratum
711 1665 897 1739 paucis
933 1663 1195 1735 replicare
1226 1662 1421 1718 absere
1454 1677 1561 1717 non
1584 1676 1701 1717 esse
1716 1662 2007 1731 putamus),
2038 1690 2092 1749 Β
2121 1667 2206 1721 sui
2237 1667 2527 1721 severitate
2555 1665 2612 1720 in
2640 1665 2904 1738 quosdam
2936 1665 3228 1738 plurimum
3260 1671 3317 1722 et
3343 1681 3490 1738 sape
3505 1667 3725 1723 descen-

411 1776 537 1832 qua,
570 1759 816 1827 inquam,
874 1753 1172 1826 sagacitate
1223 1749 1594 1807 memorabilis
1648 1750 1810 1805 Pater
1863 1749 2012 1803 Lan-

419 1850 643 1906 francus
671 1843 814 1916 apud
845 1858 1034 1916 regem
1063 1840 1443 1897 Willhelmum
1474 1838 1649 1911 egerit
1677 1845 1735 1893 ut
1777 1853 1878 1907 per
1931 1837 2018 1891 in-

406 1935 753 2010 spirationem
810 1931 1001 2005 gratia
1058 1930 1158 1985 Dei
1180 1929 1250 1985 ad
1278 1930 1401 1995 hoc,
1434 1943 1499 1983 eo
1527 1927 1863 1993 imminente,
1897 1941 2019 1996 per-

411 2026 720 2092 duceretur,
752 2029 811 2076 ut
838 2019 1189 2093 quamplures
1221 2025 1392 2073 terras
1420 2016 1711 2072 nominata
1751 2013 2020 2071 Ecclesia

412 2111 788 2171 Cantuariensi
819 2108 1053 2165 diversis
1084 2106 1265 2164 causis
1290 2120 1356 2162 ac
1384 2104 1686 2161 ’violentiis
1742 2104 2021 2159 hominum

414 2202 649 2268 ablatas,
671 2214 771 2270 pro
801 2196 1183 2267 redemptione
1212 2195 1414 2251 anima
1443 2210 1556 2249 sua
1586 2193 1907 2259 restitueret,
1968 2200 2023 2247 et

413 2291 622 2348 referre
651 2289 876 2360 longum
904 2294 959 2341 et
986 2283 1247 2341 astimavi
1301 2298 1413 2340 non
1466 2282 1859 2339 necessarium.
1918 2282 2019 2337 Ea-

414 2379 666 2436 rumdem
722 2376 871 2432 enim
928 2382 1192 2430 terrarum
1242 2380 1296 2428 et
1338 2387 1597 2428 numerus
1666 2378 1719 2427 et
1795 2370 2020 2426 nomina

414 2469 595 2525 eidem
641 2465 908 2523 Ecclesia
937 2461 1216 2518 notissima
1245 2467 1372 2516 sunt
1398 2475 1411 2527 ;
1443 2468 1496 2516 et
1523 2458 1766 2516 redditus
1804 2459 2019 2515 illarum

416 2574 482 2614 ex
513 2556 710 2629 quibus
734 2553 789 2608 hi
818 2552 910 2625 qui
960 2551 1061 2606 sub
1116 2548 1337 2606 domino
1382 2548 1484 2620 ipsi
1535 2549 1657 2605 loco
1713 2548 2019 2605 deserviunt

416 2651 814 2710 sustentantur,
848 2655 949 2712 pro
995 2646 1203 2696 aterna
1260 2636 1380 2707 ejus
1435 2636 1628 2704 salute,
1687 2635 1855 2692 oculis
1889 2636 2019 2707 justi

415 2732 633 2805 judicis,
669 2730 758 2786 die
785 2736 1057 2799 noctuque
1085 2724 1482 2781 consideranda
1514 2725 1584 2779 ab
1627 2724 1833 2780 eisdem
1890 2724 2020 2795 ipsis

416 2826 845 2895 prasentantur.
884 2815 1029 2885 Quid
1057 2815 1247 2884 itaque
1276 2813 1343 2869 de
1372 2814 1492 2868 aliis
1543 2812 1710 2884 ipsius
1755 2812 2017 2869 Ecclesia

417 2909 578 2966 terris
598 2923 719 2979 qua
750 2906 807 2960 in
836 2903 1029 2960 eadem
1054 2918 1157 2975 qua
1183 2901 1313 2958 olim
1343 2901 1536 2957 ablata
1588 2909 1713 2956 sunt
1752 2900 2017 2973 direptio-

417 2997 502 3053 nis
532 2994 733 3066 injuria
760 2998 1099 3064 permanent,
1119 2989 1520 3045 successoribus
1548 2988 1681 3043 tanti
1711 2988 2017 3059 provisoris

416 3100 702 3143 servorum
730 3082 830 3138 Dei
859 3079 1172 3137 faciendum
1201 3078 1290 3147 sit,
1324 3076 1524 3133 fructus
1579 3094 1741 3150 quem
1790 3077 1890 3133 iste
1945 3093 2018 3134 ex

422 3175 506 3230 his
534 3190 654 3245 qua
674 3169 903 3228 restituit
933 3174 1257 3225 consecutus
1285 3174 1368 3221 est
1423 3165 1640 3222 docebit
1694 3181 1810 3235 eos,
1862 3166 2020 3237 juxta

420 3264 566 3338 quod
595 3262 675 3317 sui
708 3276 889 3317 curam
920 3257 1217 3313 habebunt.
1252 3256 1329 3311 Re
1369 3255 1567 3311 etenim
1612 3270 1740 3311 vera
1795 3259 1851 3311 et
1894 3256 2019 3312 illas

425 3351 769 3419 restituisset,
803 3348 849 3404 si
891 3348 1026 3402 ultra
1056 3362 1218 3417 quam
1274 3344 1409 3399 vixit
1456 3343 1730 3417 aliquanto
1779 3353 2023 3416 tempore

424 3439 834 3514 supervixisset.
862 3438 924 3490 In
951 3437 1056 3490 hoc
1076 3434 1276 3507 quippe
1322 3433 1485 3488 illum
1542 3448 1717 3506 gnara
1762 3433 2022 3506 principis

426 3530 719 3588 Lanfranci
749 3525 1037 3599 prudentia
1067 3526 1318 3591 duxerat,
1341 3532 1393 3579 et
1420 3523 1648 3596 praﬁxo
1679 3525 1911 3582 termino
1965 3525 2023 3581 id

424 3637 485 3676 se
542 3621 808 3674 facturum
863 3614 1248 3686 sp0ponderat.
1290 3613 1488 3668 Verum
1545 3614 1675 3667 dum
1712 3614 2024 3684 sponsionis

418 3724 541 3764 sua
573 3705 767 3761 eﬁectu
798 3703 955 3774 potiri
985 3717 1093 3756 non
1124 3700 1339 3769 meruit,
1397 3709 1599 3773 quanto
1650 3702 1825 3757 studio
1882 3702 2019 3774 quis,

423 3796 553 3852 dum
584 3799 775 3865 potest,
810 3782 972 3847 bonis
1002 3790 1249 3844 insistere
1278 3788 1492 3857 debeat,
1516 3790 1772 3861 exemplo
1791 3791 1870 3845 sui
1883 3807 2022 3862 pra-

420 3884 649 3942 monuit.
682 3882 812 3937 Hac
870 3887 922 3935 et
980 3877 1313 3948 hujusmodi,
1365 3894 1486 3949 qua
1539 3877 1810 3950 gloriosus
1862 3880 2025 3935 Pater

424 3972 756 4029 Lanfrancus
792 3966 1083 4042 magniﬁce
1112 3974 1363 4039 operatus
1391 3973 1489 4035 est,
1512 3966 1557 4022 si
1604 3967 1890 4040 quisquam
1946 3968 2023 4024 uti

421 4069 545 4119 sunt
583 4058 890 4116 describere
919 4056 1083 4124 volet,
1115 4055 1341 4126 copiosa
1362 4055 1589 4111 materia
1616 4063 1716 4125 est,
1762 4057 1833 4112 ad
1889 4073 2024 4130 opus

422 4150 631 4224 grande
662 4146 949 4204 sufﬁciens.
984 4146 1102 4217 Ego
1131 4152 1310 4199 autem
1345 4145 1473 4216 quia
1491 4144 1759 4215 probabili
1780 4153 1833 4201 et
1869 4145 2025 4204 ﬁrma

420 4238 660 4306 ratione,
692 4237 829 4293 sicut
851 4234 993 4306 cepi,
1024 4234 1076 4288 in
1109 4233 1217 4288 alia
1248 4233 1455 4297 ducor;
1489 4241 1696 4289 tantum
1725 4235 1901 4289 adhuc
1955 4235 2025 4292 de

422 4343 490 4384 eo
519 4325 757 4382 breviter
787 4324 931 4391 dico,
964 4322 1143 4394 ipsum
1174 4338 1365 4379 revera
1392 4338 1650 4393 magnum
1705 4330 1758 4378 et
1812 4323 2029 4395 insupe-

2046 3039 2096 3104 C

2127 1754 2309 1823 debat,
2339 1762 2390 1810 et
2419 1762 2683 1827 quatenus
2710 1756 2765 1809 in
2787 1770 2887 1809 sua
2917 1754 3287 1812 dominatione
3323 1755 3392 1810 ad
3421 1756 3727 1811 observan-

2128 1843 2254 1898 tiam
2282 1842 2561 1916 religionis
2589 1843 2921 1899 monasteria
2949 1852 3257 1916 surgerent,
3289 1844 3532 1900 studiose
3585 1860 3724 1915 ope-

2128 1948 2244 1987 ram
2274 1932 2458 1987 dabat.
2483 1930 2617 2000 Qua
2647 1931 2839 2004 religio
2870 1947 2937 1987 ne
2957 1940 3084 1987 nata
3103 1931 3376 2001 deﬁceret,
3401 1933 3731 2003 procurabat

2127 2020 2497 2077 Ecclesiarum
2526 2035 2720 2092 pacem
2764 2034 2979 2092 quaque
3008 2020 3193 2084 tueri;
3254 2028 3308 2076 et
3362 2021 3441 2075 eis
3497 2038 3619 2091 qua
3673 2022 3732 2076 in

2128 2125 2257 2164 usus
2277 2108 2628 2165 servientium
2653 2110 2767 2164 Deo
2786 2107 3134 2179 proﬁcerent,
3170 2108 3225 2163 in
3282 2108 3464 2178 terris,
3509 2108 3565 2163 in
3624 2108 3733 2164 de-

2127 2197 2300 2263 cimis,
2333 2197 2387 2252 in
2413 2197 2542 2252 aliis
2565 2196 2884 2262 redditibus,
2918 2212 2982 2252 ex
3012 2213 3116 2253 suo
3138 2196 3349 2271 largiri.
3388 2198 3504 2253 Hac
3550 2205 3733 2254 tamen

2127 2286 2507 2343 benevolentia
2545 2302 2709 2358 super
2737 2285 3017 2342 Ecclesias
3068 2285 3482 2341 Northmannia
3528 2287 3731 2358 respi-

2126 2375 2333 2432 ciebat.

2196 2464 2298 2521 Hic
2326 2481 2458 2538 ergo
2473 2464 2830 2521 Willhelmus
2848 2465 2927 2536 (a)
2948 2480 3073 2521 cum
3098 2463 3357 2521 vicesimo
3376 2463 3556 2536 primo
3568 2465 3728 2536 regni

2125 2553 2207 2608 sui
2239 2569 2380 2609 anno
2426 2553 2739 2609 inﬁrmitate
2782 2569 2888 2624 qua
2944 2557 2999 2610 et
3044 2561 3288 2609 mortuus
3327 2560 3427 2620 est,
3473 2553 3729 2609 detentus

2126 2642 2270 2713 apud
2299 2643 2702 2715 Rothomagum
2732 2642 2952 2711 fuisset,
2984 2650 3037 2699 et
3063 2659 3121 2698 se
3150 2642 3357 2698 meritis
3376 2657 3438 2697 ac
3463 2641 3727 2698 interces-

2126 2731 2369 2786 sionibus
2398 2731 2641 2786 Anselmi
2668 2731 3000 2787 omnimodis
3028 2731 3412 2787 commendare
3432 2729 3732 2818 disposuis-

2126 2828 2225 2890 set,
2259 2835 2383 2875 eum
2411 2820 2482 2876 ad
2511 2836 2571 2875 se
2591 2819 2661 2875 de
2690 2822 2862 2877 Becco
2892 2820 3079 2876 venire
3107 2828 3159 2875 et
3189 2835 3299 2875 non
3351 2820 3518 2892 longe
3572 2834 3607 2874 a
3661 2835 3724 2875 se

2128 2908 2256 2963 fecit
2274 2908 2560 2978 hospitari.
2595 2908 2793 2964 Verum
2816 2924 2936 2963 cum
2967 2908 3017 2963 ei
3041 2909 3111 2963 de
3138 2907 3311 2963 salute
3367 2907 3562 2963 anima
3616 2922 3729 2963 sua

2124 2996 2271 3069 loqui
2306 2996 2570 3065 differret,
2603 3012 2667 3053 eo
2716 2997 2860 3069 quod
2905 2994 3276 3052 inﬁrmitatem
3315 3011 3466 3051 suam
3504 2996 3730 3066 paulum

2125 3085 2350 3158 levigari
2404 3086 2649 3155 sentiret,
2705 3085 2931 3157 contigit
2977 3085 3149 3156 ipsius
3202 3084 3463 3156 principis
3532 3100 3732 3155 corpus

2126 3182 2273 3231 tanta
2301 3175 2659 3231 invalitudine
2688 3174 2944 3246 deprimi,
2998 3183 3057 3230 ut
3106 3174 3268 3230 curia
3326 3172 3731 3244 inquietudines

2125 3265 2283 3320 nullo
2316 3264 2589 3320 sustinere
2613 3268 2779 3334 pacto
2822 3262 3045 3321 valeret.
3104 3262 3356 3318 Transito
3410 3261 3577 3334 igitur
3626 3260 3733 3317 Se-

2128 3369 2325 3424 quana,
2358 3351 2621 3408 decubuit
2649 3352 2793 3408 lecto
2814 3352 2870 3406 in
2899 3350 3279 3407 Ermentrudis
3296 3349 3423 3405 villa
3472 3350 3567 3420 (b),
3611 3364 3732 3420 qua

2127 3449 2205 3497 est
2237 3448 2420 3497 contra
2448 3441 2856 3513 Rothomagum
2915 3440 2972 3494 in
3027 3439 3195 3496 altera
3250 3438 3492 3494 ﬂuminis
3546 3444 3723 3508 parte.

2129 3530 2408 3600 Quidquid
2434 3537 2549 3584 tum
2579 3529 2896 3585 deliciarum
2925 3528 3042 3601 regi
3084 3527 3299 3583 inﬁrmo
3353 3526 3720 3593 deferebatur,

2129 3619 2199 3673 ab
2215 3634 2281 3674 eo
2310 3617 2527 3673 illarum
2576 3618 2841 3673 medietas
2881 3616 3139 3672 Anselmo
3195 3614 3489 3670 inﬁrmanti
3533 3615 3723 3670 mitte-

2127 3705 2305 3761 batur.
2344 3707 2729 3762 Verumtamen
2758 3722 2860 3761 nec
2888 3722 3015 3761 eum
3061 3704 3295 3776 amplius
3349 3704 3404 3758 in
3459 3707 3563 3758 hac
3615 3702 3723 3757 vita

2129 3796 2339 3865 videre,
2367 3811 2468 3851 nec
2496 3795 2546 3851 ei
2577 3804 2633 3850 ut
2675 3802 3041 3866 proposuerat
3079 3793 3373 3866 quidquam
3407 3792 3474 3847 de
3541 3793 3727 3847 anima

2093 3935 2099 3941 .
2131 3899 2226 3939 sua
2243 3884 2391 3956 loqui
2421 3884 2738 3955 promeruit.
2768 3885 2938 3939 Tanta
2966 3883 3111 3939 enim
3142 3881 3427 3937 inﬁrmitas
3443 3879 3729 3952 occupavit

2127 3979 2441 4045 utrumque,
2472 3979 2530 4027 ut
2552 3988 2653 4028 nec
2680 3972 2972 4028 Anselmus
3001 3972 3070 4026 ad
3098 3986 3285 4043 regem
3315 3968 3723 4036 Willhelmum,

2129 4076 2234 4117 nec
2262 4060 2611 4117 Willhelmus
2638 4069 2822 4132 posset
2849 4060 3131 4133 pervenire
3158 4060 3229 4114 ad
3248 4058 3500 4115 abbatem
3527 4057 3728 4113 Ansel-

2132 4164 2299 4204 mum.
2322 4150 2392 4205 Et
2417 4149 2634 4220 quidem
2663 4149 3009 4206 Willhelmus
3055 4148 3132 4203 ita
3185 4155 3427 4204 mortuus
3461 4154 3561 4213 est,
3618 4161 3731 4201 non

2130 4245 2314 4293 tamen
2376 4246 2433 4293 ut
2460 4238 2676 4306 dicitur,
2729 4236 3071 4294 inconfessus
3100 4236 3193 4308 (c);
3241 4245 3400 4307 atque
3444 4234 3729 4291 Anselmus

2133 4326 2404 4399 evestigio
2434 4329 2517 4383 est
2545 4326 2617 4381 ab
2671 4324 2986 4381 inﬁrmitate
3031 4326 3319 4392 relevatus,
3366 4324 3731 4396 pristinaque

425 4417 662 4474 rabilem
692 4413 955 4471 Ecclesiae
986 4410 1183 4466 Christi
1211 4409 1560 4466 defensorem
1591 4416 1645 4465 et
1673 4411 1822 4481 pium
1860 4412 2022 4468 totius
2048 4400 2101 4462 D
2128 4414 2290 4470 saluti
2320 4423 2446 4485 post
2498 4414 2773 4471 modicum
2816 4415 3131 4470 redonatus.
3190 4412 3295 4482 Qui
3349 4420 3528 4468 autem
3573 4411 3726 4482 regio

426 4505 639 4579 Anglia
668 4502 989 4574 principem,
1023 4515 1087 4557 ac
1112 4498 1167 4554 in
1197 4506 1452 4570 quantum
1482 4498 1589 4553 sibi
1619 4498 1765 4554 licuit
1808 4500 2020 4556 bonum

425 4603 710 4667 pastorem
738 4591 945 4647 cunctis
968 4589 1022 4644 in
1078 4603 1141 4645 ea
1187 4587 1623 4655 consistentibus,
1682 4588 1813 4643 dum
1867 4589 2019 4656 vixit,

424 4683 614 4740 fuisse.

501 4771 605 4827 Per
630 4767 776 4824 idem
804 4776 1015 4840 tempus
1044 4775 1162 4824 erat
1181 4766 1395 4839 quidam
1409 4766 1579 4822 abbas
1592 4766 1749 4824 Becci
1804 4768 2024 4825 nomine

428 4857 737 4925 Anselmus,
770 4856 858 4911 vir
884 4856 1135 4929 equidem
1164 4855 1341 4912 bonus
1369 4864 1423 4912 et
1449 4856 1679 4911 scientia
1732 4856 2023 4913 litterarum

431 4945 721 5020 magniﬁce
740 4945 976 5016 pollens.
1000 4943 1443 5016 Contemplativa
1488 4943 1610 5001 vita
1658 4951 1798 5001 totus
1842 4946 2022 5001 inten-

2131 4503 2308 4558 funeri
2334 4502 2699 4570 interfuerint,
2731 4519 2907 4575 quave
2934 4517 3137 4574 pompa
3163 4516 3358 4572 corpus
3388 4501 3503 4570 ejus
3542 4498 3724 4555 Cado-

2127 4608 2279 4647 mum
2305 4592 2543 4648 delatum
2569 4592 2640 4647 sit
2670 4610 2683 4659 ;
2709 4608 2981 4664 quamque
3007 4591 3197 4656 libera,
3228 4589 3339 4646 imo
3360 4605 3520 4660 quam
3542 4586 3727 4643 servili

2127 4679 2398 4736 calumnia
2425 4680 2481 4736 in
2507 4679 2736 4736 ecclesia
2766 4678 2913 4734 beati
2944 4676 3205 4750 Stephani
3232 4677 3505 4749 sepultum
3533 4675 3618 4743 sit,
3669 4683 3725 4731 et

2129 4768 2262 4825 dicti
2278 4768 2570 4840 lugendum
2599 4776 2652 4823 et
2679 4767 2863 4823 auditu
2895 4768 3128 4822 fatemur
3176 4781 3296 4822 esse
3334 4764 3720 4821 miserendum.

2130 4855 2262 4926 Quae
2292 4856 2435 4912 enim
2471 4855 2710 4913 conditio
2743 4856 2900 4911 sortis
2935 4855 3186 4912 humana
3226 4869 3334 4910 non
3378 4861 3595 4911 moveat
3650 4852 3722 4908 ad

2129 4945 2404 5017 pietatem,
2435 4960 2559 5002 cum
2587 4944 2826 5000 auditum
2867 4943 3027 5000 fuerit
3054 4959 3241 5015 regem
3268 4942 3431 4998 istum
3451 4942 3542 5013 qui
3561 4948 3725 4998 tanta

1703 5034 2133 5091 llENSCHENII
2176 5033 2426 5090 NOTE'.

502 5132 579 5205 (α)
601 5129 919 5205 Willelmus
935 5129 1156 5186 obtenta
1164 5128 1244 5205 _de
1254 5127 1493 5205 lIaroldo
1505 5128 1729 5186 victoria
1739 5139 2028 5205 coronatus

432 5200 522 5261 est
542 5200 768 5259 Londini
792 5202 859 5256 ad
876 5201 1034 5257 ﬁnem
1053 5200 1178 5254 anni
1202 5204 1337 5256 1066
1358 5207 1411 5256 et
1426 5209 1667 5256 mortuus
1683 5218 1823 5257 anno
1866 5203 2023 5257 1087.

490 5277 562 5347 (b)
578 5277 651 5331 Ea
665 5290 808 5330 nunc
822 5272 1121 5331 Sottcville
1133 5280 1489 5343 nuncupatur,
1522 5272 1675 5343 quasi
1694 5274 1833 5329 villa
1868 5275 1989 5346 infe
2002 5304 2025 5314 -

429 5365 568 5407 mor.

506 5420 577 5491 (ο)
607 5413 1226 5491 SimeonDunelmensis
1253 5413 1348 5482 ait,
1380 5413 1525 5491 quod
1567 5414 1950 5491 Willhelmus_
1975 5418 2020 5481 Ι,

433 5484 533 5547 rei
557 5484 788 5562 'Anglia,
811 5509 835 5562 «_
874 5484 1076 5543 calesti
1095 5484 1290 5542 viatico
1312 5555 1323 5562 _
1345 5484 1585 5540 munitus
1617 5508 1638 5534 η
1682 5486 2021 5562 excesserit;

434 5555 792 5621 interim'tam
824 5558 937 5629 ipse
969 5572 1130 5628 quam
1163 5555 1326 5615 ceteri
1383 5571 1573 5627 regem
1618 5557 1867 5626 punitum
1907 5557 2027 5613 insi-

2136 5132 2728 5204 nuant,quod,oppido
2758 5131 2994 5204 quodam
3050 5133 3107 5188 in
3163 5131 3385 5187 Francia
3441 5128 3726 5200 occupatio

2134 5219 2324 5260 omnes
2354 5204 2614 5260 ecclesias
2634 5204 2691 5258 in
2710 5220 2777 5259 ea
2808 5204 2958 5273 sitas,
2990 5211 3043 5259 et
3071 5219 3191 5260 cum
3220 5204 3305 5258 his
3332 5204 3471 5258 duos
3510 5205 3727 5257 sanctos

2133 5275 2369 5330 reclusos
2396 5276 2809 5331 combussisset.

2206 5346 2493 5417 ‘Historia,
2535 5348 2834 5413 Novorum,
2868 5363 2900 5401 a
2951 5352 3106 5417 parte
3151 5344 3442 5417 posteriori
3499 5344 3623 5400 libri
3656 5359 3726 5417 ﬁt,

2132 5423 2305 5489 exstat
2358 5416 2503 5489 apud
2552 5418 2823 5489 Bolland.,
2883 5416 3045 5489 Asta
3083 5416 3418 5489 sanctorum,
3480 5416 3724 5489 tom.ll,

2132 5486 2328 5557 April.,
2357 5486 2413 5557 p'.
2441 5488 2633 5555 893,in
2655 5492 2946 5556 ANSELMO,
2970 5488 3072 5542 sub
3088 5488 3243 5544 titulo
3277 5508 3289 5544 :
3331 5489 3455 5545 Vita
3504 5492 3557 5544 S.
3604 5487 3728 5542 An-

2135 5558 2300 5614 selmi
2328 5558 2381 5612 in
2413 5558 2749 5629 pontiﬁcatu.
2791 5560 2960 5616 Notas
3005 5559 3133 5616 inde
3152 5566 3480 5617 mutuamur.
3535 5558 3723 5614 Entrs.
