4036 6072
334 235 435 301 361

1444 243 1775 310 HISTORIA
1813 246 2183 312 NOVORUM.
2226 287 2292 296 —
2333 242 2441 313 Lm
2480 258 2529 314 Ι.

3540 276 3642 331 362

337 373 596 445 potentia:
624 374 696 469 Ain
741 375 858 432 vita
900 390 999 431 sua
1048 374 1276 444 exstitit,
1325 384 1381 432 ut
1411 377 1464 432 in
1495 386 1607 434 tota
1637 379 1850 452 Anglia,
1882 379 1936 433 in
1968 379 2024 439 Α
2055 385 2346 452 taxatoque
2378 383 2519 439 victu
2541 384 2932 444 monachorum
2964 386 3096 446 inibi
3126 392 3240 448 Deo
3270 395 3641 469 servientium,

342 467 459 518 tota
481 462 898 531 Northmannia,
930 466 988 519 in
1024 472 1133 520 tota
1146 466 1552 522 Cenomanensi
1570 467 1942 537 patria,nemo

333 556 525 607 contra
555 553 852 623 imperium
885 554 1003 623 ejus
1022 569 1242 609 manum
1286 570 1507 611 movere
1535 557 1778 626 auderet,
1810 572 1940 612 mox

334 648 394 696 ut
445 641 503 695 in
563 648 765 696 terram
826 642 1082 713 spiritum
1120 643 1471 699 exhalaturus
1498 646 1709 715 positus
1739 653 1843 710 est,
1874 644 1943 698 ab

335 735 484 786 omni
516 730 757 799 homine,
791 731 928 785 sicut
969 732 1308 802 accepimus,
1357 749 1464 788 uno
1522 733 1639 789 solo
1687 724 1943 789 duntaxat

334 818 608 875 serviente
639 828 886 891 excepto,
948 819 1265 876 derelictum
1323 822 1590 878 cadavere
1650 821 1773 892 ejus
1827 823 1943 877 sine

340 908 487 963 omni
518 922 721 979 pompa
778 925 875 979 per
905 910 1215 979 Sequanam
1269 911 1520 966 naueella
1576 911 1839 978 delatum,
1891 919 1943 966 et

337 1013 460 1054 cum
490 997 704 1068 sepeliri
736 996 986 1065 deberet,
1018 998 1195 1069 ipsam
1223 1007 1420 1054 terram
1454 1000 1748 1071 sepulturae
1797 1000 1944 1055 illius

336 1102 365 1140 a
401 1086 639 1157 quodam
695 1086 901 1141 rustico
941 1086 1326 1142 calumniatam
1368 1087 1460 1159 qui
1518 1080 1642 1143 eum
1701 1089 1937 1144 haeredi-

337 1175 472 1230 tario
499 1174 623 1244 jure
651 1174 959 1230 reclamans
989 1186 1315 1245 conquestus
1356 1184 1436 1231 est
1464 1176 1609 1231 illam
1672 1177 1775 1232 sibi
1826 1178 1938 1247 jam

332 1263 467 1319 olim
501 1263 570 1318 ab
601 1263 793 1319 eodem
829 1263 1028 1333 injuria
1061 1264 1228 1319 fuisse
1255 1265 1490 1320 ablatam
1523 1266 1600 1335 (a)
1632 1266 1660 1318 ‘l
1691 1264 1937 1333 Quantus

338 1363 517 1408 autem
551 1369 753 1407 mceror
768 1352 1132 1408 Lanl'raneum
1166 1370 1232 1407 ex
1269 1363 1445 1410 morte
1484 1357 1599 1422 ejus
1629 1355 1935 1426 perculerit,

344 1441 472 1513 quis
501 1440 678 1495 dicere
737 1441 927 1512 possit,
963 1441 1556 1514 quandonosquicirea
1572 1443 1723 1497 illum
1741 1443 1938 1498 nuncia

335 1538 513 1586 morte
545 1529 691 1583 illius
721 1530 1157 1597 eramus,statim
1198 1547 1320 1585 eum
1339 1547 1454 1601 prae
1484 1531 1661 1587 cordis
1690 1532 1937 1602 angustia

343 1619 479 1673 mori
513 1619 829 1673 timeremus
855 1620 884 1674 7

2050 469 2260 540 reliqua
2294 471 2395 527 sub
2420 488 2588 529 censu
2618 483 2778 546 atque
2816 477 2871 531 in
2901 495 3061 534 suum
3112 480 3412 539 dominium
3468 486 3645 561 redigi

2044 558 2225 627 jussit.
2261 561 2409 615 Fecit
2436 578 2567 635 ergo
2589 564 2888 621 Ecclesiam
2920 567 3125 624 Christi
3153 572 3403 628 venalem
3434 593 3450 642 ;
3478 575 3567 645 jus
3588 558 3645 632 in

2052 664 2113 702 ea
2134 648 2452 705 dominandi
2482 668 2599 723 prae
2627 656 2834 710 caeteris
2862 655 2942 710 illi
2999 658 3242 715 tribuens
3294 662 3386 734 qui
3414 663 3485 719 ad
3535 665 3643 722 de-

2052 735 2359 791 trimentum
2392 739 2509 808 ejus
2541 740 2596 795 in
2624 742 2802 798 dando
2832 746 3060 816 pretium
3094 748 3262 804 alium
3320 753 3635 822 superabat.

2052 825 2207 881 Unde
2253 827 2460 883 misera
2518 832 2861 888 successione
2917 835 3144 908 singulis
3194 840 3347 894 annis
3404 844 3643 912 pretium

2051 914 2433 970 renovabatur.
2488 917 2708 974 Nullam
2769 920 3036 991 siquidem
3069 928 3486 985 conventionem
3543 948 3643 988 rex

2050 1001 2299 1057 stabilem
2359 1020 2478 1060 esse
2535 1008 2763 1077 sinebat,
2825 1011 2920 1066 sed
2962 1012 3050 1082 qui
3109 1015 3260 1084 plura
3289 1019 3642 1087 promittebat

2049 1090 2370 1146 exeludebat
2417 1094 2594 1149 minus
2649 1096 2892 1166 dantem,
2942 1100 3042 1155 nisi
3097 1101 3235 1159 forte
3288 1105 3439 1161 adid
3495 1110 3639 1178 quod

2048 1179 2316 1247 posterior
2333 1179 2621 1249 oli‘erebat,
2652 1184 2828 1254 prima
2850 1189 3207 1245 conventione
3237 1196 3638 1267 vacuata,prior

2047 1276 2393 1338 assurgeret.
2434 1271 2662 1326 Videres
2693 1273 2919 1345 insuper
2949 1278 3208 1347 quotidie,
3240 1285 3422 1352 spreta
3451 1298 3637 1342 servo-

2045 1371 2164 1409 rum
2200 1357 2294 1411 Dei
2320 1358 2608 1430 religione,
2640 1377 2887 1434 quosque
2911 1365 3334 1423 nefandissimos
3352 1370 3634 1429 hominum

2042 1444 2223 1516 regias
2251 1447 2511 1516 pecunias
2538 1449 2822 1521 exigentes
2878 1456 2977 1524 per
3024 1454 3263 1511 claustra
3319 1462 3637 1521 monasterii

2043 1541 2199 1589 torvo
2229 1542 2282 1589 et
2311 1535 2513 1592 minaci
2543 1538 2691 1593 vultu
2732 1543 3054 1612 procedere,
3112 1545 3236 1601 hinc
3264 1547 3391 1603 inde
3436 1551 3633 1621 princi-

2041 1637 2193 1692 pere,
2224 1624 2396 1678 minas
2426 1625 2705 1696 intentare,
2751 1630 3175 1689 dominationem
3233 1637 3636 1710 potentiamque

410 1708 676 1762 Defuncto
716 1707 896 1777 itaque
935 1723 1067 1779 rege
1091 1706 1434 1773 Willhelmo,
1489 1710 1753 1765 successit
1800 1708 1932 1765 etin
1963 1733 2014 1794 B
2046 1726 2196 1765 suam
2230 1712 2282 1767 in
2314 1713 2635 1770 immensum
2659 1726 2949 1775 ostentare.
2986 1721 3105 1790 Qua
3147 1724 3219 1779 de
3247 1740 3309 1780 re
3365 1743 3487 1798 quae
3544 1706 3634 1785 vel

330 1813 570 1868 regnum
599 1796 953 1851 Willhelmus
984 1795 1125 1851 ﬁlius
1155 1798 1294 1866 ejus,
1325 1798 1414 1867 qui
1442 1814 1560 1854 cum
1591 1799 1744 1871 regni
1778 1798 1930 1853 lasti-

327 1886 415 1957 gia
477 1885 625 1939 fratri
683 1900 783 1940 suo
836 1884 1075 1940 Roberto
1118 1885 1194 1956 (b)
1224 1886 1513 1957 praeripere
1568 1888 1838 1958 gestiret;
1877 1894 1929 1941 et

323 1973 705 2042 Lanl'raneum,
739 1973 858 2028 sine
887 1972 1050 2043 cujus
1080 1989 1304 2029 assensu
1333 1974 1386 2027 in
1436 1991 1667 2047 regnum
1724 1975 1921 2031 ascisci

327 2061 642 2117 nullatenus
672 2065 908 2132 poterat,
942 2062 1043 2116 sibi
1073 2062 1128 2117 in
1158 2064 1261 2119 hoc
1286 2063 1354 2118 ad
1403 2064 1773 2134 expletionem
1827 2064 1928 2119 de—

319 2151 507 2206 siderii
563 2151 646 2205 sui
704 2167 813 2205 non
874 2151 1094 2206 omnino
1125 2160 1551 2207 consentaneum
1607 2152 1916 2221 inveniret;

317 2255 517 2295 verens
542 2256 612 2294 ne
641 2239 827 2296 dilatio
856 2256 971 2294 suae
1000 2240 1421 2295 consecrationis
1459 2241 1680 2297 inferret
1726 2241 1775 2297 ei
1795 2242 1914 2296 dis-

325 2329 585 2400 pendium
613 2328 776 2399 cupiti
806 2328 1052 2395 honoris,
1112 2328 1276 2398 cmpit
1332 2337 1441 2383 tam
1490 2345 1585 2400 per
1643 2346 1702 2385 se
1758 2346 1923 2400 quam

322 2433 419 2487 per
457 2433 651 2472 omnes
699 2433 834 2489 quos
864 2425 1094 2488 poterat,
1125 2414 1231 2473 fide
1260 2426 1717 2489 sacramentoque
1776 2419 1926 2472 Lan-

318 2505 514 2563 franco
544 2506 863 2577 promittere
888 2506 1183 2575 justitiam,
1215 2506 1526 2576 aequitatem
1589 2516 1640 2561 et
1703 2507 1920 2561 miseri-

331 2595 572 2650 cordiam
632 2611 691 2650 se
748 2612 847 2667 per
895 2602 1064 2650 totum
1122 2611 1375 2667 regnum,
1436 2594 1483 2649 si
1539 2611 1634 2650 rex
1673 2597 1830 2664 foret,
1864 2597 1922 2650 in

319 2685 466 2739 omni
507 2684 729 2754 negotio
765 2691 1139 2743 servaturum;
1171 2698 1384 2754 pacem,
1445 2684 1777 2751 libertatem,
1830 2701 1924 2740 se—

316 2773 601 2828 curitatem
632 2773 995 2828 Ecclesiarum
1053 2781 1243 2828 contra
1299 2788 1491 2829 omnes
1550 2773 1919 2843 defensurum,

317 2878 495 2918 necne
526 2864 823 2933 praeceptis
852 2871 1012 2933 atque
1042 2861 1286 2917 consiliis
1340 2863 1458 2932 ejus
1490 2879 1586 2934 per
1631 2862 1811 2917 omnia
1866 2870 1922 2919 ct

309 2949 367 3006 in
401 2951 655 3006 omnibus
680 2952 1205 3022 obtemperaturum.
1248 2951 1354 3005 Sed
1412 2967 1533 3007 cum
1585 2953 1814 3022 posthac
1865 2952 1917 3006 in

305 3055 485 3112 regno
516 3039 703 3095 fuisset
749 3038 1122 3104 continuatus,
1171 3040 1472 3111 postposita
1520 3041 1911 3111 pollicitatione

301 3144 430 3197 sua,
456 3130 509 3183 in
540 3128 803 3183 contraria
830 3127 1081 3199 dilapsus
1122 3136 1231 3183 est.
1300 3129 1477 3197 Super
1536 3144 1643 3199 quo
1699 3145 1819 3184 cum
1878 3144 1911 3183 a

300 3216 607 3273 Lanl'ranco
660 3217 908 3272 modeste
961 3216 1399 3289 redargueretur,
1461 3224 1513 3272 et
1564 3219 1613 3273 ei
1671 3217 1899 3287 sponsio

302 3305 431 3361 ﬁdei
465 3321 572 3360 non
629 3313 861 3361 servatae
892 3313 1282 3377 opponeretur,
1316 3304 1499 3360 furore
1554 3322 1847 3362 succensus
1876 3323 1892 3365 :

308 3417 334 3443 ι.
372 3394 526 3463 Quis,
559 3395 656 3463 ait,
691 3402 786 3463 est,
822 3394 913 3466 qui
956 3402 1150 3450 cuneta
1191 3409 1312 3466 quae
1365 3394 1625 3466 promittit
1669 3395 1902 3466 implere

310 3484 484 3554 possit
513 3484 542 3537 7
576 3506 599 3532 »
636 3484 719 3538 Ex
751 3484 852 3539 hoc
886 3484 1053 3556 igitur
1082 3499 1191 3538 non
1210 3482 1372 3539 rectis
1391 3483 1562 3538 oculis
1593 3499 1753 3554 super
1768 3498 1909 3553 pon-

302 3571 511 3628 tifieem
539 3572 822 3628 intendere
852 3572 1086 3636 valebat,
1134 3571 1263 3627 licet
1289 3588 1319 3626 a
1349 3572 1627 3626 nonnullis
1657 3572 1727 3626 ad
1782 3588 1900 3642 quae

302 3661 457 3715 illum
480 3662 729 3717 voluntas
750 3676 847 3716 sua
877 3660 1142 3729 trahebat,
1177 3661 1344 3731 ipsius
1391 3668 1664 3732 reSpectu,
1723 3676 1791 3715 eo
1814 3677 1900 3715 su-

301 3752 556 3822 perstite,
589 3750 1005 3820 temperaverit.
1036 3750 1162 3803 Erat
1191 3749 1332 3805 enim
1358 3749 1691 3805 Lanfrancus
1731 3750 1900 3818 idem,

305 3839 395 3893 vir
425 3838 621 3896 divina
650 3837 810 3892 simul
842 3839 1163 3893 ethumanze
1194 3837 1333 3909 legis
1350 3837 1728 3907 peritissimus,
1750 3844 1910 3906 atque

301 3927 371 3982 ad
396 3936 582 3983 nutum
615 3926 778 3995 illius,
811 3927 972 3982 totius
1006 3925 1161 3999 regni
1190 3926 1466 3995 spectabat
1509 3925 1758 3980 intuitus.
1797 3925 1901 3994 Qui

297 4032 424 4072 cum
452 4016 522 4072 de
551 4016 656 4073 hac
686 4016 792 4071 vita
822 4016 1107 4071 translatus
1144 4015 1336 4069 fuisset
1364 4015 1457 4085 (ε),
1491 4031 1653 4086 quam
1711 4014 1897 4086 gravis

295 4105 580 4162 calamitas
611 4119 683 4161 ex
714 4104 863 4160 obitu
889 4104 1040 4159 illius
1070 4103 1347 4160 Ecclesias
1378 4103 1598 4175 Anglia?
1628 4103 1888 4158 devasta-

310 4195 474 4264 verit,
506 4193 676 4249 multa
704 4192 1168 4265 praetermittendo
1197 4193 1386 4264 paucis
1433 4192 1723 4247 ostendere
1780 4191 1904 4263 pla—

310 4282 444 4337 cuit.
496 4281 798 4337 Gonlestim
831 4282 976 4337 enim
998 4297 1096 4336 rex
1129 4280 1275 4336 foras
1332 4280 1602 4352 expressit
1646 4280 1790 4351 quod
1847 4280 1900 4334 in

306 4385 408 4425 suo
435 4378 681 4442 pectore,
714 4370 810 4425 illo
865 4370 1105 4436 vivente,
1164 4368 1442 4425 confotum
1499 4369 1704 4423 habuit.
1759 4370 1896 4424 Nam

2045 1808 2175 1870 quot
2256 1803 2532 1867 scandala.
2597 1805 2989 1877 dissensiones,
3041 1811 3466 1871 in'ordinationes
3504 1826 3637 1874 orta

2043 1889 2170 1957 sint,
2202 1890 2475 1946 reminisci
2507 1893 2677 1965 piget.
2712 1895 2888 1965 Super
2918 1899 3052 1968 haec,
3087 1902 3307 1971 quidam
3363 1904 3467 1975 ipsi
3524 1907 3636 1967 Ec-

2040 1977 2224 2033 clesiae
2254 1980 2529 2051 monachi,
2551 1983 2708 2037 malis
2734 1984 3110 2056 ingruentibus
3127 1989 3358 2061 dispersi
3389 2008 3451 2049 ac
3482 1995 3635 2051 missi

2040 2074 2162 2121 sunt
2184 2067 2252 2122 ad
2284 2068 2386 2122 alia
2414 2072 2743 2126 monasteria
2777 2091 2790 2137 ;
2826 2081 2878 2129 et
2907 2076 2998 2146 qui
3016 2076 3189 2133 relicti
3237 2080 3435 2135 multas
3485 2085 3637 2152 passi

2042 2155 2417 2212 tribulationes
2448 2167 2500 2213 et
2531 2160 2887 2232 improperia.
2916 2163 3061 2232 Quid
3080 2165 3150 2220 de
3198 2168 3505 2226 hominibus
3528 2172 3635 2227 Ec-

2039 2243 2221 2299 clesia:
2244 2245 2442 2313 dicam,
2479 2248 2565 2317 qui
2599 2257 2707 2304 tam
2739 2258 2897 2305 vasta
2929 2253 3160 2321 miseria,
3192 2255 3499 2330 miseraque
3535 2276 3636 2315 va-

2036 2333 2267 2389 statione
2299 2343 2424 2389 sunt
2453 2339 2639 2403 attriti,
2672 2343 2735 2393 ut
2765 2340 3095 2408 dubitarem,
3127 2344 3170 2397 si
3201 2348 3637 2416 sequentiamala

2035 2436 2145 2475 non
2166 2431 2365 2490 essent,
2397 2441 2464 2478 an
2497 2425 2647 2480 salva
2679 2427 2793 2482 vita
2834 2429 3053 2485 illorum
3113 2442 3333 2503 possent
3385 2435 3634 2493 miserius

2035 2511 2215 2565 atteri.
2251 2511 2366 2567 Nec
2396 2512 2496 2568 ista
2526 2531 2646 2584 qua:
2674 2515 2902 2571 dicimus
2929 2519 2983 2572 in
3033 2518 3153 2575 sola
3208 2522 3453 2579 Ecclesia
3482 2525 3632 2581 Can—

2035 2599 2294 2654 tuariensi
2325 2599 2464 2656 facta
2492 2610 2637 2657 sunt.
2671 2604 2911 2660 Desaevit
2947 2606 3257 2665 immanitas
3312 2611 3419 2667 ista
3473 2615 3633 2671 etiam

2032 2687 2086 2741 in
2119 2688 2326 2743 cunctis
2356 2706 2456 2758 per
2482 2690 2735 2761 Angliam
2759 2695 3064 2749 constitutis
3087 2695 3304 2753 ﬁliabus
3345 2700 3483 2771 ejus,
3512 2720 3635 2773 qua:

2033 2775 2166 2831 viris
2195 2778 2327 2845 suis,
2360 2778 2636 2851 episcopis
2667 2781 2875 2837 scilicet
2898 2800 2993 2839 seu
3024 2785 3317 2842 abbatibus
3354 2789 3633 2848 deceden-

2034 2863 2193 2933 tibus,
2268 2867 2321 2919 in
2379 2867 2696 2924 viduitatem
2745 2886 2810 2925 ea
2859 2879 3176 2944 tempestate
3250 2878 3541 2937 cadebant.
3567 2883 3635 2938 Et

2031 2954 2250 3025 quidem
2282 2955 2400 3026 ipse
2429 2956 2647 3027 primus
2676 2958 2817 3014 hanc
2856 2959 3156 3018 luctuosam
3214 2969 3630 3038 oppressionem

2032 3042 2291 3097 Ecclesiis
2326 3044 2424 3098 Dei
2455 3045 2675 3112 indixit,
2737 3047 3047 3106 nullatenus
3105 3068 3226 3108 eam
3284 3071 3352 3110 ex
3398 3066 3632 3128 paterna

2029 3131 2320 3187 traditione
2355 3133 2654 3205 excipiens.
2688 3136 2989 3193 Destitutas
3016 3154 3156 3212 ergo
3183 3143 3455 3201 Eeclesias
3482 3148 3629 3204 solus

2025 3219 2079 3272 in
2101 3219 2342 3275 dominio
2370 3237 2467 3276 suo
2498 3223 2739 3278 tenebat.
2774 3225 2908 3279 Nam
2940 3226 3109 3282 allam
3132 3230 3402 3287 neminem
3433 3244 3629 3305 praeter

2023 3323 2080 3360 se
2109 3308 2428 3364 substituere
2458 3311 2694 3376 volebat,
2730 3314 2966 3381 quandiu
3026 3331 3127 3384 per
3174 3334 3303 3374 suos
3351 3322 3624 3380 ministros

2024 3394 2228 3467 aliquid
2258 3397 2409 3468 quod
2442 3398 2684 3468 cujusvis
2712 3402 2869 3470 pretii
2900 3402 3148 3471 duceret,
3210 3406 3281 3461 ab
3311 3408 3391 3463 eis
3442 3420 3625 3468 extra-

2026 3486 2151 3539 here
2182 3492 2419 3556 poterat.
2461 3487 2647 3558 Itaque
2677 3489 2901 3557 planum
2945 3499 3057 3546 erat
3086 3492 3286 3564 ubique
3340 3498 3621 3556 miseriam

2022 3572 2235 3630 videre.
2276 3574 2500 3630 Duravit
2530 3582 2709 3631 autem
2743 3577 2856 3633 fere
2871 3595 2971 3649 per
3000 3581 3234 3652 quinque
3256 3600 3430 3641 annos
3460 3589 3621 3658 (utde

2020 3662 2143 3717 aliis
2175 3664 2405 3731 taceam)
2436 3679 2600 3734 super
2654 3665 2953 3721 Ecclesiam
3010 3668 3455 3730 Cantuariensem
3503 3679 3623 3736 haec

2018 3752 2147 3821 ipsa
2176 3753 2394 3807 miseria
2424 3767 2638 3824 semper
2668 3753 2721 3807 in
2751 3755 2904 3825 pejus
2933 3757 3245 3828 proﬁciens,
3276 3762 3486 3836 sibique
3517 3767 3617 3838 ipsi

2018 3840 2277 3895 miserior
2306 3840 2653 3913 deteriorque
2681 3858 3035 3901 succrescens
3053 3850 3156 3918 (ά).

2090 3927 2292 3996 Quarto
2315 3928 2457 3983 inter
2484 3930 2601 3985 hac
2630 3945 2774 3986 anno
2804 3933 2879 4003 (θ)
2909 3934 3069 4006 Hugo
3089 3951 3276 3995 comes
3293 3942 3615 4015 Castrensis,

2014 4016 2205 4072 volens
2226 4017 2279 4070 in
2309 4033 2411 4072 sua
2442 4017 2679 4088 quadam
2729 4021 2959 4076 ecclesia
3000 4028 3385 4084 monachorum
3441 4033 3613 4089 abba-

2016 4104 2145 4159 tiam
2177 4104 2471 4170 instruere,
2507 4106 2686 4160 missis
2716 4108 2954 4164 Beecum
2986 4113 3205 4179 nuntiis,
3263 4120 3483 4189 rogavit
3504 4121 3609 4176 ab-

2013 4193 2194 4246 batem
2224 4192 2537 4246 Anselmum
2570 4194 2821 4266 Angliam
2846 4196 3050 4262 venire,
3090 4201 3274 4256 locum
3322 4205 3604 4279 inspicere,

2009 4297 2240 4353 cumque
2270 4295 2368 4351 per
2395 4282 2694 4337 monachos
2716 4298 2845 4339 suos
2896 4287 3136 4359 regulari
3191 4296 3605 4353 conversatione

2011 4370 2328 4425 informare.
2362 4370 2563 4424 Renuit
2592 4371 2729 4441 ipse,
2762 4387 2864 4429 nec
2882 4375 3072 4431 venire
3095 4378 3288 4437 voluit.
3320 4382 3437 4437 Jam
3460 4387 3605 4443 enim

296 4432 452 4529 mox,
481 4467 539 4513 ut
559 4432 677 4514 alia,
696 4475 818 4531 quae
844 4432 1131 4530 perperam
1177 4457 1347 4530 gessit
1396 4457 1663 4524 omittam,
1721 4457 1894 4529 ipsam
1928 4432 1978 4494 D
2015 4458 2252 4530 quodam
2285 4456 2436 4529 quasi
2464 4432 2742 4531 praesagio
2763 4470 2973 4517 mentes
3000 4432 3602 4547 quorumdammtang'e:

291 4549 404 4619 (18)
434 4546 598 4604 totius
628 4546 866 4619 Anglize,
901 4547 1097 4603 Scotiae
1127 4554 1180 4602 et
1208 4546 1487 4601 Hiberniae
1530 4561 1699 4601 necne
1730 4546 1888 4617 adja—

289 4637 532 4692 centium
558 4636 855 4691 insularum
882 4642 1131 4703 matrem,
1164 4635 1473 4691 Ecclesium
1502 4634 1711 4690 scilicet
1742 4636 1880 4691 Can-

299 4725 650 4792 tuariensem,
711 4723 945 4794 invasit;
977 4731 1171 4779 cuncta
1227 4740 1346 4794 quae
1388 4724 1523 4792 juris
1571 4723 1712 4778 illius
1741 4728 1898 4780 erant

238 4839 248 4847 ο
287 4812 435 4869 intus
466 4819 522 4870 et
545 4821 707 4870 extra
732 4829 834 4885 per
864 4812 1089 4869 clientes
1119 4827 1244 4868 suos
1284 4812 1518 4868 describi
1576 4814 1832 4885 praecepit
1868 4829 1882 4883 ;

2008 4547 2227 4615 bantur,
2260 4550 2315 4601 et
2343 4546 2473 4602 licet
2493 4547 2740 4604 clanculo
2772 4551 3011 4606 nonnulli
3041 4554 3109 4608 ad
3140 4554 3373 4614 invicem
3403 4546 3602 4635 loque-

2006 4635 2203 4690 bantur
2222 4650 2369 4701 eum,
2394 4635 2439 4689 si
2471 4636 2721 4702 Angliam
2780 4638 2900 4707 iret,
2943 4641 3415 4719 archiepiscopum
3465 4654 3600 4708 Can-

2007 4726 2335 4779 tuariensem
2369 4723 2509 4779 fore.
2552 4722 2710 4792 Quod
2754 4728 3003 4797 quamvis
3057 4733 3281 4790 omnino
3330 4744 3599 4797 remotum

2007 4819 2152 4869 esset
2181 4828 2211 4867 a
2240 4813 2518 4868 voluntate
2570 4812 2709 4881 ejus,
2743 4822 2795 4869 et
2834 4814 3058 4873 ﬁrmitas
3104 4825 3369 4895 propositi
3398 4828 3483 4884 sui
3537 4846 3596 4888 se

1596 4964 2024 5023 HENSCHENII
2062 4964 2291 5023 ΝΟΤιΕ.

359 5093 436 5162 (a)
467 5092 707 5148 Joannes
736 5091 995 5148 Bromton
1024 5091 1079 5147 in
1117 5090 1389 5147 Chronico
1433 5089 1568 5147 satis
1616 5090 1885 5162 pathetice

288 5180 407 5220 rem
463 5164 721 5220 describit
767 5163 1024 5235 additque
1068 5186 1089 5211 α
1133 5164 1277 5233 quod
1332 5162 1422 5217 illa
1474 5163 1696 5232 querela
1750 5163 1886 5218 adeo

279 5249 473 5291 omnes
503 5235 692 5306 movit,
725 5244 784 5290 ut
825 5234 975 5306 prius
1025 5235 1149 5289 viro
1195 5234 1550 5305 conquerenti
1609 5248 1707 5304 pro
1756 5238 1887 5306 voto

278 5306 673 5431 satisfacerent
703 5315 760 5361 ut
815 5305 880 5363 ac
931 5305 1129 5361 deinde
1159 5306 1450 5376 exsequias
1483 5312 1702 5360 mortuo
1722 5305 1883 5359 adim-

280 5390 318 5431 n
347 5386 522 5431 arent.
563 5402 585 5424 π

347 5386 522 5434 arent.
563 5402 585 5424 π

278 5390 544 5519 Ριῗὲῗῐὲίι
562 5402 932 5518 dispositione
950 5455 1175 5519 paterna
1206 5447 1259 5502 id
1288 5447 1488 5503 factum
1520 5446 1884 5519 scribuntcte-

276 5519 419 5589 teri;
445 5535 519 5592 eo_
543 5520 691 5592 quod
713 5518 994 5592 Robertus
1022 5520 1440 5592 primogenitus,
1498 5518 1569 5573 ob
1615 5532 1725 5592 non
1763 5518 1885 5592 reli;

275 5588 427 5647 ctam
456 5588 754 5646 sibi'libere
780 5588 1174 5647 Normanniam
1211 5588 1507 5648 'rebellans
1550 5588 1713 5662 patri,
1744 5589 1886 5663 apud

356 5687 640 5757 Pas-non.
676 5684 895 5752 CLIX.

1998 5090 2302 5165 Philippum
2326 5088 2567 5165 Francia:
2596 5102 2784 5165 regem
2815 5102 3020 5165 ageret.

2070 5163 2140 5231 (ε)
2172 5163 2416 5237 Mortuus
2446 5170 2525 5216 est
2546 5163 2887 5237 Lanfrancus
2916 5180 3058 5222 anno
3107 5170 3265 5237 1089,
3309 5171 3585 5236 Guillelmi

1996 5234 2044 5288 ΙΙ
2074 5248 2215 5287 anno
2246 5248 2304 5298 ιι,
2329 5231 2532 5303 quinto,
2567 5234 2689 5287 aliis
2717 5250 2862 5291 nono
2891 5238 3161 5296 Kalendas
3191 5231 3340 5299 Maii.

2066 5304 2144 5371 (ά)
2174 5305 2328 5358 Anno
2357 5304 2555 5359 Christi
2586 5306 2742 5362 1082.

2070 5375 2140 5443 (e)
2160 5375 2536 5449 Hugoeomes
2565 5376 2893 5449 Crestrensis
2937 5395 3107 5449 nepos
3150 5380 3434 5443 Willielmi
3466 5391 3488 5444 1
3518 5407 3586 5447 ex

1995 5460 2204 5530 serere,
2239 5445 2565 5530 vixitnus'que
2596 5447 2665 5501 ad
2696 5463 2897 5530 annum
2922 5445 3079 5530 “96,
3104 5460 3237 5512 teste
3260 5445 3587 5530 Knyghtono

1996 5516 2094 5574 lib.
2128 5532 2186 5587 ιι,
2213 5531 2342 5590 cap.
2372 5521 2423 5585 8,
2455 5517 2534 5574 De
2554 5519 2836 5576 eventibus
2865 5516 3100 5595 Anglia.

3373 5700 3449 5767 12
