4036 6072
427 253 532 312 363

1429 231 1743 297 EADMERI
1781 227 2345 292 CANTUARIENSIS
2383 225 2714 288 MONACHI

3599 224 3704 283 36$

429 390 712 451 nunquam
739 373 848 430 hoc
867 384 1005 429 onus
1032 367 1357 434 subiturum,
1389 363 1765 422 certitudinem
1791 360 2024 433 promit-
2053 357 2112 422 Α
2140 355 3089 451 multiplicium‘rationecausamm,
3122 369 3242 426 quae
3271 352 3416 451 illius
3463 351 3728 451 adventus

430 449 578 526 teret
595 463 779 520 animo
805 461 921 531 ejus
952 477 968 527 ;
1001 467 1180 514 tamen
1207 455 1337 528 quia
1366 455 1470 510 hoc
1496 468 1607 509 non
1637 466 1827 508 omnes
1856 449 2022 505 intel-

435 555 682 630 ligebant
709 547 1067 625 (providendo
1109 546 1254 601 bona
1295 559 1404 599 non
1432 549 1645 598 tantum
1673 555 1859 630 coram
1889 539 2024 606 Deo,

437 628 540 704 sed
553 644 714 704 etiam
732 654 916 698 coram
944 633 1198 694 omnibus
1213 629 1543 701 hominibus)
1558 628 1814 702 Angliam
1826 629 2031 683 intrare

432 733 623 801 noluit,
653 746 721 785 ne
759 743 823 784 se
864 726 1024 796 hujus
1079 722 1156 780 rei
1213 721 1397 793 gratia
1450 720 1685 775 intrasse
1739 716 2027 789 quisquam

435 822 819 893 suspicaretur.
852 811 1095 886 Contigit
1149 811 1356 867 interea
1385 807 1645 865 comitem
1699 806 1877 877 ipsum
1919 802 2030 860 acri

434 911 696 982 languore
749 902 987 980 gravari.
1021 899 1182 970 Quod
1235 913 1373 955 mox
1427 897 1688 954 Anselmo
1741 893 2030 960 mandans,

432 1010 772 1072 magnopere
801 998 1056 1066 precatus
1083 996 1164 1046 est
1191 996 1479 1062 quatenus,
1510 985 1730 1058 antiqua
1785 982 2031 1072 familia-

431 1070 592 1146 ritate
621 1083 981 1150 considerata,
1013 1078 1084 1136 ad
1113 1075 1510 1134 consulendum
1538 1075 1734 1130 animae
1762 1087 1876 1129 suae
1913 1070 2032 1126 sine

436 1192 592 1235 mora
619 1174 845 1232 veniret.
868 1171 934 1226 Et
962 1168 1009 1224 si
1036 1168 1211 1235 timor,
1243 1166 1435 1236 inquit,
1466 1161 1796 1235 suscipiendi
1851 1159 2034 1216 archi-

447 1266 818 1340 episcopatus,
874 1275 945 1315 ne
975 1258 1180 1325 veniat,
1214 1271 1338 1312 eum
1366 1254 1592 1319 detinet,
1620 1252 1809 1340 fateor,
1840 1249 2032 1340 inquit,

443 1337 499 1411 in
553 1353 660 1410 fide
714 1365 856 1417 mea,
916 1345 1171 1419 quoniam
1227 1344 1283 1398 id
1313 1342 1459 1415 quod
1501 1355 1688 1396 rumor
1713 1339 1842 1394 inde
1865 1337 2038 1407 jactat

435 1444 570 1501 nihil
601 1448 683 1498 est
715 1455 729 1511 ;
769 1454 834 1495 ac
862 1453 960 1510 per
986 1436 1092 1492 hoc
1117 1433 1376 1490 indecens
1423 1431 1541 1501 ejus
1593 1427 1865 1485 sanctitati
1919 1441 2036 1481 esse

437 1534 592 1600 sciat,
624 1530 669 1585 si
699 1527 867 1584 nihilo
900 1531 1076 1580 tentus
1103 1538 1319 1594 magnae
1347 1536 1484 1576 mese
1503 1517 1810 1575 necessitati
1840 1515 2036 1571 subve-

435 1624 558 1679 nire
585 1620 868 1675 detrectat.
894 1616 1106 1669 Perstat
1124 1612 1216 1668 ille
1254 1611 1307 1665 in
1339 1624 1448 1665 non
1503 1606 1795 1674 veniendo,
1827 1611 1879 1660 et
1934 1618 2034 1660 co-

2130 461 2292 503 causa
2322 461 2432 501 non
2459 443 2710 513 interior,
2739 443 2876 500 sicut
2904 443 3158 511 diximus,
3178 450 3310 497 erat.
3343 442 3546 515 Sicque
3563 440 3728 510 hujus

2132 535 2389 606 temporis
2405 533 2640 604 spatium
2671 532 2901 600 transiit,
2927 539 2986 587 ut
3014 531 3082 587 de
3116 531 3428 603 pontiﬁcatu
3485 529 3729 585 Cantua-

2135 622 2297 679 riensi
2318 623 2456 677 nihil
2484 621 2552 677 ad
2581 637 2705 676 eum
2735 619 2822 676 vel
2865 621 2935 676 de
2960 635 3026 677 eo
3081 620 3286 676 dictum
3341 627 3591 676 actumve
3636 618 3730 687 sit,

2136 712 2364 784 ipseque
2393 711 2472 766 sui
2518 709 2745 781 periculi
2782 717 2835 764 et
2865 709 3074 781 antiqui
3099 708 3314 764 timoris
3343 723 3565 764 securus
3594 705 3732 763 eﬁ'e—

2138 809 2253 856 ctus
2283 800 2463 856 fuerit.
2499 800 2626 856 Post
2647 800 2764 856 haec
2788 799 2844 853 in
2871 798 3325 854 Northmanniam
3384 795 3597 868 regredi
3629 811 3736 852 vo-

2134 888 2275 958 lens,
2307 896 2502 961 negata
2531 904 2562 944 a
2589 903 2720 960 rege
2745 887 2964 944 licentia
2990 887 3204 959 copiam
3225 885 3280 941 id
3308 885 3506 959 agendi
3532 884 3736 940 habere

2139 993 2248 1034 non
2267 977 2464 1047 potuit.

2212 1066 2360 1121 Inter
2388 1067 2506 1121 haec
2534 1081 2658 1120 cum
2678 1064 2850 1138 gratia
2879 1064 3179 1122 Dominicae
3198 1061 3522 1132 Nativitatis,
3538 1076 3738 1119 omnes

2141 1154 2296 1226 regni
2326 1154 2590 1224 primores
2612 1153 2679 1208 ad
2709 1153 2914 1209 curiam
2946 1153 3094 1224 regis
3122 1168 3221 1225 pro
3253 1169 3409 1208 more
3437 1151 3736 1218 venissent,

2141 1241 2371 1316 contigit
2401 1251 2459 1297 ut
2487 1257 2673 1298 eorum
2702 1241 2890 1313 optimi
2919 1241 3161 1315 quinque
3175 1257 3282 1297 uno
3312 1257 3577 1298 consensu
3599 1240 3740 1296 inter

2142 1347 2203 1387 se
2231 1330 2300 1386 de
2320 1331 2599 1387 communi
2633 1334 2813 1386 matre
2842 1330 3000 1402 regni
3055 1337 3414 1402 quererentur
3471 1329 3616 1402 quod
3659 1327 3739 1384 vi-

2141 1421 2304 1478 duata
2333 1435 2428 1476 suo
2457 1428 2671 1491 pastore
2699 1427 2808 1475 tam
2837 1419 2928 1474 diu
2944 1423 2998 1474 et
3015 1427 3124 1474 tam
3176 1419 3415 1475 inaudita
3449 1419 3738 1475 vexatione

2143 1509 2566 1582 opprimeretur.
2593 1508 2918 1578 Hujusmodi
2947 1523 3078 1579 ergo
3108 1507 3178 1563 de
3207 1509 3314 1564 hoc
3341 1508 3409 1562 ab
3440 1507 3520 1564 eis
3548 1506 3738 1564 consi-

2144 1599 2274 1653 lium
2303 1606 2574 1669 sumptum
2596 1606 2695 1665 est,
2729 1606 2787 1652 ut
2815 1596 3043 1668 supplici
3066 1612 3227 1667 prece
3267 1596 3549 1652 dominum
3579 1611 3740 1652 suum

435 1726 552 1768 mes
580 1723 736 1780 atque
758 1709 1048 1779 permanet
1098 1701 1153 1756 in
1209 1697 1552 1771 requirendo.
1612 1695 1792 1751 Tertio
1849 1695 2035 1765 itaque
2062 1711 2121 1776 Β
2148 1704 2332 1760 regem
2363 1686 2734 1754 convenirent,
2766 1696 3030 1757 quatenus
3075 1691 3368 1752 orationes,
3428 1685 3574 1756 quod
3630 1701 3737 1756 po-

441 1799 663 1857 mandat
692 1795 772 1853 illi
798 1796 917 1850 haec
948 1810 961 1846 :
989 1814 1010 1839 «
1048 1790 1104 1846 Si
1147 1805 1261 1845 non
1291 1787 1528 1854 veneris,
1577 1799 1770 1840 revera
1823 1781 2039 1838 noveris

441 1889 571 1964 quia
600 1900 876 1956 nunquam
907 1883 962 1937 in
992 1880 1104 1936 vita
1151 1886 1354 1935 aeterna
1404 1876 1460 1930 in
1488 1882 1637 1930 tanta
1665 1871 1853 1944 requie
1889 1870 2034 1964 Aeris,

441 1958 572 2055 quin
601 1981 864 2050 perpetuo
891 1969 1079 2026 doleas
1099 1972 1152 2022 te
1171 1965 1243 2022 ad
1273 1981 1367 2022 me
1394 1979 1504 2055 non
1544 1963 1782 2055 venisse.
1821 1958 2037 2055 anuod

438 2049 535 2126 ille
565 2049 798 2124 audiens
831 2079 843 2116 :
881 2083 905 2109 α
939 2057 1240 2130 Angustise,
1274 2055 1370 2121 ait,
1427 2052 1559 2108 mihi
1588 2055 1714 2108 sunt
1758 2049 2025 2120 undique.

448 2159 506 2216 Si
536 2154 794 2228 Angliam
824 2150 996 2218 ivero,
1028 2161 1225 2204 vereor
1249 2159 1317 2200 ne
1346 2143 1430 2200 cui
1459 2157 1558 2213 per
1608 2143 1714 2197 hoc
1743 2153 1909 2228 prava
1935 2153 2037 2228 su-

447 2246 625 2320 spicio
637 2226 930 2312 subrepat,
962 2243 1016 2294 et
1043 2251 1132 2292 me
1159 2248 1324 2290 causa
1353 2229 1722 2320 consequendi
1762 2226 2036 2320 archiepi-

434 2315 693 2408 scopatus
720 2330 852 2385 illuc
880 2327 958 2383 ire
987 2324 1288 2381 existimet.
1328 2320 1386 2376 Si
1414 2335 1521 2375 non
1552 2318 1723 2384 ivero,
1783 2315 2035 2408 fraternae

439 2404 724 2484 charitatis
776 2416 1018 2473 violator
1073 2428 1186 2480 ero,
1238 2425 1398 2483 quam
1438 2407 1657 2482 quidem
1704 2421 1814 2462 non
1857 2404 2034 2460 solum

439 2513 641 2581 amico,
676 2523 870 2566 verum
901 2503 1157 2560 exhibere
1188 2500 1448 2571 jubemur
1493 2506 1546 2554 et
1601 2496 1842 2551 inimico.
1899 2493 2035 2563 Quae

439 2603 673 2672 denique
703 2597 748 2653 si
779 2611 908 2668 erga
938 2591 1216 2648 inimicum
1239 2589 1436 2646 violata
1465 2593 1743 2656 peccatum
1776 2592 1878 2649 est,
1900 2597 2036 2655 erga

441 2691 678 2749 amicum
709 2684 839 2758 quid
869 2690 952 2738 est
981 2682 1009 2734 ‘i
1038 2681 1108 2735 Et
1131 2686 1279 2735 certe
1308 2677 1514 2732 amicus
1542 2690 1693 2729 meus
1750 2672 2036 2727 familiaris

441 2781 512 2838 ab
561 2777 782 2848 antiquo
830 2787 1017 2829 comes
1065 2765 1362 2823 Cestrensis
1434 2765 1596 2836 Hugo
1637 2763 1758 2830 fuit,
1793 2762 1883 2832 qui
1929 2759 2036 2815 mei

443 2883 612 2931 nunc,
641 2873 701 2921 ut
729 2861 879 2928 dicit,
909 2858 1146 2930 indiget.
1175 2857 1234 2910 1n
1259 2854 1578 2910 necessitate
1607 2851 1866 2922 probatur
1896 2851 2040 2905 ami-

441 2975 563 3016 cus.
601 2955 659 3012 Si
688 2967 823 3024 ergo
851 2955 1075 3022 propter
1101 2944 1400 3016 obliquam,
1432 2957 1591 3012 quam
1648 2941 1703 2995 in
1734 2957 1820 2995 me
1850 2940 2035 2996 forsan

2147 1777 2308 1833 steris
2337 1776 2532 1830 mirum
2564 1776 2710 1832 dictu
2740 1773 2975 1830 fortasse
3005 1774 3294 1843 videbitur,
3326 1791 3423 1846 per
3467 1773 3738 1830 Ecclesias

2142 1865 2352 1938 Anglia:
2382 1863 2496 1919 ﬁeri
2526 1864 2597 1919 ad
2630 1864 2918 1920 Dominum
2948 1864 3301 1934 permitteret,
3361 1871 3418 1918 ut
3473 1863 3589 1935 ipse
3640 1878 3738 1918 sua

2143 1955 2346 2027 pietate
2366 1954 2483 2027 regi
2513 1952 2814 2025 inspiraret
2845 1957 3108 2023 quatenus
3153 1952 3391 2009 instituto
3444 1952 3521 2007 illi
3568 1952 3738 2024 digno

2144 2052 2383 2116 pastore,
2411 2059 2442 2098 a
2471 2050 2617 2099 tanta
2641 2058 2761 2098 eam
2793 2042 2967 2111 clade,
3002 2050 3056 2097 et
3091 2042 3227 2098 alias
3281 2059 3382 2112 per
3426 2059 3545 2098 eam
3603 2043 3740 2098 rele-

2145 2141 2314 2189 varet.
2349 2130 2506 2201 Quod
2555 2148 2676 2187 cum
2725 2130 2806 2186 illi
2849 2147 2958 2186 una
3004 2131 3424 2204 suggessissent,
3445 2131 3563 2203 ipse
3609 2131 3740 2188 licet

2143 2221 2389 2277 nonnihil
2445 2219 2642 2276 exinde
2687 2219 3026 2291 indignatus,
3058 2228 3238 2276 tamen
3256 2220 3370 2276 fieri
3403 2219 3546 2291 quod
3589 2228 3737 2293 pete-

2143 2311 2303 2367 batur
2319 2310 2585 2382 permisit,
2611 2310 2798 2366 dicens
2845 2310 2990 2381 quod
3019 2309 3280 2380 quidquid
3338 2309 3581 2366 Ecclesia
3634 2327 3740 2382 pe-

2144 2409 2302 2469 teret,
2353 2399 2473 2470 ipse
2529 2398 2650 2454 sine
2692 2397 2858 2454 dubio
2895 2415 2997 2469 pro
3053 2399 3200 2455 nullo
3257 2399 3552 2455 dimitteret
3608 2399 3739 2470 quin

2143 2489 2345 2545 faceret
2375 2504 2536 2544 omne
2566 2487 2710 2560 quod
2733 2487 2914 2542 vellet.
2955 2488 3073 2544 Hoc
3103 2489 3173 2542 ita
3204 2503 3462 2560 responso
3491 2497 3738 2561 accepto,

2141 2578 2386 2652 episc0pi
2427 2577 2496 2633 ad
2525 2576 2671 2648 quod
2726 2575 2830 2633 ista
2888 2577 3124 2632 maxime
3171 2576 3509 2648 pertinebant
3551 2579 3743 2635 Ansel-

2142 2684 2291 2724 mum
2323 2682 2489 2738 super
2515 2666 2698 2737 reipsa
2725 2665 3132 2722 consuluerunt.
3169 2667 3238 2721 Et
3258 2666 3402 2738 quod
3429 2667 3548 2738 ipse
3601 2683 3737 2724 ora-

2146 2757 2305 2812 tionis
2357 2755 2590 2827 agendae
2625 2754 2846 2810 modum
2904 2762 2957 2809 et
3011 2770 3280 2810 summam
3310 2755 3605 2826 ordinaret,
3643 2757 3738 2813 vix

2145 2845 2387 2901 obtinere
2415 2843 2529 2898 suis
2560 2843 2812 2915 precibus
2869 2842 2939 2898 ab
2970 2859 3035 2898 eo
3087 2852 3388 2914 potuerant.
3444 2844 3738 2916 Episcopis

2143 2934 2288 2988 enim
2343 2932 2583 3004 praeferri
2641 2933 2698 2987 in
2755 2933 2851 2987 tali
2883 2936 3081 2988 statuto
3115 2933 3232 3004 ipse
3263 2932 3430 2988 abbas
3461 2933 3727 3006 fugiebat.

440 3046 692 3104 homines
722 3021 924 3096 habere
953 3041 1183 3108 possunt
1211 3031 1540 3104 opinionem,
1600 3030 1776 3085 amico
1833 3044 1956 3084 meo
1978 3029 2032 3083 in
2061 3064 2114 3132 Ο
2143 3022 2375 3132 Euctus
2402 3022 2607 3132 itaque,
2635 3021 2788 3132 juiita
2820 3021 2964 3091 quod
2982 3021 3163 3132 magis
3179 3021 3440 3120 Ecclesia:
3454 3023 3738 3132 lzeiexpe-

441 3151 542 3193 sua
570 3130 890 3190 necessitate
919 3141 1027 3181 non
1086 3137 1340 3178 SUCCUI‘I‘O
1372 3139 1387 3188 ς
1420 3135 1602 3176 meum
1659 3126 1886 3187 certum,
1935 3133 2033 3190 pro

440 3224 607 3281 dubio
669 3221 919 3285 aliorum,
974 3220 1260 3286 peccatum
1315 3212 1558 3264 incurro.
1633 3208 2032 3264 Commendans

446 3313 611 3387 igitur
639 3325 745 3378 me,
778 3316 938 3377 atque
957 3317 1134 3358 meam
1167 3298 1557 3356 conscientiam
1615 3297 1684 3352 ab
1714 3297 1864 3352 omni
1919 3304 2032 3351 ter-

434 3402 550 3460 reni
581 3397 806 3456 honoris
822 3393 1119 3450 ambitione
1148 3403 1396 3455 vacuam,
1428 3388 1543 3442 Deo
1562 3401 1809 3458 pergam,
1841 3400 2031 3456 ωερε..

433 3501 526 3550 ctu
554 3487 726 3545 sancti
754 3483 957 3540 amoris
987 3481 1124 3551 ejus,
1157 3492 1366 3533 morem
1397 3491 1586 3546 gerere
1637 3474 1814 3530 amico
1870 3488 2020 3529 meo.

434 3582 645 3638 Caetera
684 3576 804 3647 ipse
859 3573 1007 3627 Deus
1036 3575 1182 3640 agat,
1216 3573 1270 3621 et
1314 3579 1403 3620 me
1431 3563 1579 3620 salva
1634 3562 1809 3635 gratia
1849 3561 2030 3616 suaab

435 3668 586 3727 omni
615 3661 900 3722 saecularis
929 3656 1138 3729 negotii
1168 3654 1558 3726 impedimento
1587 3666 1684 3723 pro
1715 3667 1815 3705 sua
1870 3651 2032 3705 mise-

435 3754 676 3812 ricordia
731 3751 1026 3806 immunem
1082 3743 1368 3800 custodiat.
1433 3763 1456 3791 ιι
1510 3739 1818 3810 Exigebant
1871 3738 2030 3794 etiam

434 3853 549 3901 tum
573 3839 833 3912 temporis
851 3833 1117 3892 Ecclesiae
1138 3846 1252 3888 suae
1282 3829 1533 3902 quaedam
1551 3827 1710 3883 valde
1764 3842 2027 3884 necessa-

432 3933 528 3991 riae
557 3945 739 3989 causae
767 3934 826 3983 ut
853 3923 1109 3997 Angliam
1137 3925 1393 3992 pergeret
1424 3936 1438 3985 ;
1472 3917 1575 3972 sed
1620 3915 1850 3988 praefato
1876 3914 2025 3970 illum

431 4021 718 4080 cohibente
746 4029 971 4087 pavore,
1002 4010 1156 4066 nullo
1185 4022 1285 4079 pro
1321 4007 1398 4062 eis
1439 4012 1602 4075 pacto
1658 4002 1871 4060 volebat
1921 4004 2025 4058 iter

429 4110 689 4182 arripere.
723 4101 965 4174 Contigit
993 4099 1200 4155 interea
1217 4103 1276 4151 ut
1303 4093 1590 4151 comitissae
1620 4092 1729 4147 Idae
1757 4092 1840 4163 (a)
1867 4092 2021 4182 locu-

433 4181 590 4256 turus
672 4191 977 4250 Bononiam
1037 4187 1155 4255 iret,
1208 4184 1301 4240 ubi
1356 4199 1479 4240 cum
1535 4198 1636 4253 per
1670 4182 1789 4237 dies
1822 4181 2026 4252 aliquot

430 4285 744 4344 necessario
775 4282 1028 4338 detentus
1079 4280 1402 4343 moraretur,
1460 4271 1782 4327 mandatum
1833 4277 1913 4324 est
1941 4267 2022 4323 illi

427 4394 462 4434 a
491 4370 858 4433 Beccensibus
913 4383 1004 4434 ne,
1037 4365 1082 4420 si
1137 4370 1366 4436 peccato
1420 4359 1801 4416 inobedientiae
1845 4357 2018 4414 notari

439 4467 610 4532 volet,
642 4463 781 4518 ultra
809 4455 1199 4514 monasterium
1231 4457 1517 4521 repeteret,
1575 4447 1748 4504 donec
1801 4447 2023 4504 transito

433 4554 576 4613 mari
625 4551 739 4607 suis
793 4549 850 4604 in
905 4543 1102 4617 Anglia
1129 4541 1293 4597 rebus
1348 4537 1678 4593 subveniret.
1737 4535 2020 4592 Profectus

431 4646 618 4717 igitur,
650 4653 800 4694 mare
829 4634 1061 4700 transiit,
1092 4639 1145 4687 et
1185 4627 1368 4685 Dofris
1418 4624 1681 4717 appulsus
1733 4632 1830 4717 est.
1865 4623 2020 4717 inde

431 4713 595 4791 citato
625 4743 821 4802 gressu
851 4724 921 4779 ad
949 4722 1204 4778 comitem
1234 4717 1398 4784 venit,
1432 4716 1718 4787 ipsumque
1773 4714 1843 4769 ab
1863 4713 2021 4769 intir-

429 4819 746 4887 mitatejam
779 4811 1124 4872 convaluisse
1153 4808 1376 4864 invenit.
1408 4807 1667 4862 Detentus
1709 4811 1788 4859 est
1841 4812 2023 4859 tamen

423 4912 480 4968 in
507 4907 703 4980 Anglia
762 4904 877 4960 fere
930 4899 1208 4956 mensibus
1257 4895 1513 4968 quinque,
1571 4894 1845 4949 detinente
1900 4909 2022 4948 eum

425 5015 538 5058 non
594 4996 771 5053 solum
827 4989 1042 5048 abbatia
1071 5003 1236 5061 quam
1267 4985 1554 5057 disponere
1581 4992 1826 5054 venerat,
1858 4983 1953 5039 sed
1970 4994 2024 5042 et

2141 3111 2260 3166 dire
2290 3110 2579 3179 sciebatur,
2613 3110 2840 3165 modum
2891 3110 3087 3166 orandi
3143 3110 3350 3165 cunctis
3390 3111 3734 3166 audientibus

2140 3199 2331 3267 edidit,
2362 3207 2413 3254 et
2442 3199 2662 3254 laudato
2691 3215 2852 3254 sensu
2907 3214 2971 3253 ac
3023 3198 3353 3270 perspicacia
3400 3198 3565 3254 animi
3595 3199 3731 3270 ejus,

2138 3297 2251 3368 tota
2309 3305 2429 3359 quze
2477 3295 2802 3344 convenerat
2831 3287 3084 3343 nobilitas
3107 3289 3283 3361 regni,
3329 3289 3504 3344 soluta
3560 3289 3730 3360 curia,

2139 3378 2193 3433 in
2243 3393 2343 3433 sua
2394 3377 2671 3433 discessit.
2713 3376 2978 3432 lnstitutae
3006 3377 3176 3449 igitur
3228 3392 3424 3448 preces
3454 3376 3585 3433 fiunt
3635 3394 3736 3449 per

2138 3465 2438 3540 Anglorum
2471 3465 2746 3522 Ecclesias
2767 3481 2974 3521 omnes.

2209 3557 2340 3612 Haec
2369 3555 2510 3612 inter
2536 3555 2716 3611 evenit
2745 3561 2802 3609 ut
2831 3553 2918 3609 die
2947 3553 3183 3625 quadam
3202 3570 3346 3610 unus
3377 3555 3446 3612 de
3475 3554 3734 3627 principi-

2137 3645 2240 3700 bus
2288 3653 2449 3700 terras
2497 3659 2621 3700 cum
2664 3659 2797 3715 rege
2840 3642 3182 3698 familiariter
3210 3659 3378 3714 agens
3405 3646 3732 3715 promeanti-

2138 3733 2241 3788 bus
2270 3732 2523 3790 verbisin
2557 3733 2680 3800 hoc,
2703 3739 2761 3786 ut
2788 3731 2867 3786 sic
2895 3730 2973 3800 ﬁt,
3005 3731 3083 3787 sic
3111 3731 3160 3786 ei
3183 3731 3320 3787 inter
3347 3732 3457 3788 alia
3478 3733 3682 3789 diceret
3713 3752 3727 3790 :

2137 3822 2423 3878 Hominem
2448 3826 2609 3877 tantae
2635 3819 2934 3876 sanctitatis
2960 3819 3174 3875 nullum
3199 3821 3470 3892 novimus,
3516 3831 3732 3894 quantae

2135 3915 2237 3979 est,
2269 3918 2326 3966 ut
2355 3925 2481 3966 vere
2510 3909 2822 3981 probamus,
2856 3908 3025 3964 abbas
3083 3909 3368 3965 Beccensis
3420 3911 3728 3968 Anselmus.

2132 4001 2278 4056 Nihil
2310 4000 2512 4056 etenim
2533 4007 2678 4054 amat
2706 4007 2907 4069 praeter
2935 3999 3132 4067 Deum,
3195 3998 3328 4053 nihil
3387 4001 3466 4070 (ut
3491 4000 3548 4055 in
3577 4000 3728 4055 omni

2131 4090 2309 4145 studio
2337 4089 2454 4159 ejus
2481 4087 2672 4159 claret)
2702 4087 2850 4158 cupit
2881 4086 3266 4142 transitorium.

2202 4178 2288 4232 Ad
2312 4178 2459 4249 quod
2487 4193 2584 4232 rex
2615 4177 2958 4232 subsannans
2989 4193 3001 4230 :
3043 4199 3064 4222 α
3099 4177 3240 4245 Non,
3279 4176 3471 4248 inquit,
3503 4193 3603 4234 nec
3632 4194 3727 4233 ar-

2131 4266 2601 4339 chiepiscopatum
2659 4265 3126 4321 Cantuariensem.
3173 4287 3193 4314 ιι
3257 4265 3358 4320 Cui
3413 4282 3538 4322 cum
3591 4267 3731 4323 alter

2134 4357 2366 4413 referret
2397 4374 2408 4411 :
2448 4380 2469 4404 ιι
2498 4357 2614 4412 Nec
2652 4354 2803 4409 illum
2835 4353 3051 4424 quidem
3107 4354 3367 4422 maxime,
3399 4356 3538 4411 sicut
3584 4371 3727 4424 mea,

2134 4445 2538 4516 multorumque
2561 4443 2660 4498 fert
2689 4441 2897 4513 Opinio.
2923 4463 2944 4490 υ
2969 4440 3283 4497 Obtestatus
3317 4449 3402 4497 est
3451 4459 3551 4499 rex
3583 4443 3729 4516 quod

2129 4531 2382 4588 manibus
2423 4547 2487 4587 ac
2553 4529 2782 4602 pedibus
2829 4528 3095 4598 plaudens
3141 4528 3196 4582 in
3253 4529 3562 4601 amplexum
3616 4533 3733 4601 ejus

2131 4628 2458 4689 accurreret,
2519 4618 2562 4672 si
2608 4617 2779 4673 ullam
2826 4615 3083 4672 ﬁduciam
3140 4617 3367 4673 liaderet
3393 4635 3452 4674 se
3480 4619 3550 4675 ad
3577 4619 3729 4675 illum

2130 4726 2292 4782 posse
2323 4709 2597 4765 ullatenus
2627 4706 2894 4778 aspirare.
2916 4705 2986 4759 Et
3002 4705 3204 4776 adjecit
3235 4726 3247 4762 :
3287 4728 3309 4756 «
3343 4707 3450 4762 Sed
3481 4724 3580 4779 per
3604 4724 3731 4763 san-

2131 4809 2278 4858 ctum
2295 4799 2501 4858 vultum
2515 4797 2581 4853 de
2594 4797 2734 4852 Luca
2747 4794 2844 4866 (b),
2864 4793 2967 4864 (sic
2979 4793 3123 4849 enim
3137 4794 3326 4864 jurare
3345 4797 3727 4868 consueverat)

2132 4906 2234 4946 nec
2264 4889 2382 4961 ipse
2412 4888 2518 4944 hoc
2549 4894 2792 4956 tempore
2832 4898 2937 4938 nec
2977 4882 3114 4937 alius
3144 4883 3263 4954 quis
3291 4884 3728 4957 archiepiscOpus

2133 4981 2347 5051 erit,me
2363 4984 2609 5050 excepto.
2631 4998 2652 5023 η
2668 4975 2797 5030 Ilaec
2815 4973 2967 5028 illum
2982 4971 3254 5029 dicentem
3269 4974 3531 5048 evestigio
3544 4974 3724 5032 valida

1716 5113 2148 5173 HENSCHENII
2180 5109 2410 5171 ΝΟΤΕ.

486 5250 566 5324 (α)
594 5248 695 5324 Est
711 5247 835 5324 haec.
854 5244 914 5299 Β.
937 5239 1067 5324 χάει,
1092 5245 1263 5324 mater
1292 5237 1587 5324 godefrid'i‘
1605 5237 1866 5324 Bullonis,
1885 5236 2013 5324 dein

415 5308 564 5397 regis
594 5313 1064 5398 iljerosolymita_ni
1086 5331 1098 5366 ε
1115 5310 1259 5392 illius
1297 5309 1499 5398 vitae};
1518 5308 1922 5398 illustravimus
1940 5308 2012 5398 ac

416 5379 563 5477 diem
595 5392 661 5475 l3
687 5379 915 5462 Aprilis.
957 5383 1148 5439 Plures
1197 5383 1247 5438 ei
1279 5379 1538 5452 epistolas
1597 5381 1661 5437 S.
1723 5381 2012 5437 Anselmus

415 5471 785 5613 “gitana:
815 5532 1054 5589 sanctus
1081 5525 1147 5583 de
1173 5525 1326 5582 Luca
1342 5521 1626 5597 estimago
1643 5521 1868 5581 Domini
1887 5537 2010 5581 cru-

2122 5237 2286 5304 ciﬁxi,
2321 5250 2443 5309 quae
2497 5229 2735 5309 creditur
2763 5243 2796 5309 a
2821 5223 3124 5309 Ni‘codemlo
3179 5222 3443 5309 sculpta,‘
3471 5225 3527 5281 et
3559 5223 3719 5309 'circa

2120 5295 2324 5365 annum
2339 5295 2457 5362 ’702
2491 5319 2522 5360 e
2575 5301 2729 5372 Syria
2774 5299 2853 5372 in_
2884 5295 3190 5372 Hetruriam
3220 5295 3500 5372 translata.
3527 5295 3720 5372 iucg

2119 5379 2338 5436 collitur
2393 5366 2667 5430 miraculis
2719 5368 3077 5446 celeberrima
3131 5384 3171 5446 ξ.
3204 5367 3272 5421 de
3309 5383 3434 5446 _qu_a
3488 5366 3711 5446 videndi

2120 5435 2367 5507 historici
2390 5449 2694 5512 Lucenses,
2726 5451 2776 5499 et
2805 5448 2930 5514 post
2967 5437 3101 5495 alios
3128 5435 3466 5500 Franciottus
3486 5437 3555 5494 de
3582 5452 3714 5496 εω-
3817 5509 3823 5512 ξ

2115 5522 2226 5581 etis
2251 5517 2608 5589 Lucensibus,
2627 5530 2759 5589 pag.
2779 5515 2898 5570 155.
