4036 6072
470 282 574 348 367

1466 274 1780 341 EADMERI
1827 270 2383 340 CANTUARIENSIS
2434 274 2766 340 MONACHI

3661 286 3767 344 368

476 415 621 475 ditis.
657 433 681 467 ι
715 412 950 486 Rapiunt
976 410 1140 487 igitur
1155 410 1430 467 hominem
1460 408 1529 465 ad
1556 424 1742 481 regem
1789 417 2078 482 aegrotum,
2110 406 2165 468 A
2201 415 2395 464 tentus.
2440 408 2786 466 Acclamante
2828 419 3009 467 autem
3038 411 3399 482 multitudine,
3455 416 3603 472 vivat
3658 420 3784 493 epi-

477 513 532 561 et
549 502 913 577 pervicaciam
942 500 1059 571 ejus
1076 503 1374 571 exponunt.
1422 497 1777 555 Contristatus
1830 506 1913 554 est
1955 513 2073 568 rex,

478 609 619 666 pene
635 592 706 649 ad
726 590 1077 647 suffusionem
1106 588 1408 656 oculorum,
1465 595 1519 643 et
1573 586 1708 643 dixit
1764 586 1833 642 ad
1887 602 2009 642 eum
2057 604 2070 640 :

482 703 507 733 α
539 681 587 739 Ο
616 680 884 747 Anselme,
914 677 1043 749 quid
1072 678 1191 750 agis
1217 678 1247 731 ?
1277 677 1384 733 Cur
1410 693 1499 732 me
1526 676 1701 748 poenis
1729 675 1945 731 aeternis
1958 692 2074 731 cru-

473 769 729 827 ciandum
760 767 930 823 tradis
954 767 985 821 ‘f
1012 766 1336 835 Recordare,
1370 781 1549 836 quaeso
1578 763 1755 821 ﬁdelis
1798 763 2071 831 amicitiae,

462 872 633 931 quam
659 864 815 929 pater
840 871 995 912 meus
1023 863 1076 912 et
1095 863 1268 911 mater
1285 870 1405 910 mea
1434 869 1568 926 erga
1597 863 1649 911 te
1666 862 1720 909 et
1746 862 1800 909 tu
1847 869 2067 923 semper

469 962 602 1014 erga
629 961 724 1003 eos
752 943 1008 1013 habuisti,
1039 952 1092 1000 et
1120 959 1219 1016 per
1248 942 1423 1014 ipsam
1461 942 1686 998 obsecro
1716 957 1786 997 ne
1845 941 2071 1012 patiaris

468 1034 639 1091 ﬁlium
663 1050 849 1092 eorum
880 1050 968 1090 me
997 1032 1053 1088 in
1081 1048 1307 1105 corpore
1335 1039 1388 1087 et
1438 1032 1616 1087 anima
1664 1029 1826 1086 simul
1865 1031 2065 1101 perire.

466 1125 655 1182 Certus
682 1139 802 1178 sum
833 1122 976 1178 enim
1006 1121 1152 1193 quod
1180 1120 1390 1193 peribo,
1440 1120 1484 1175 si
1541 1119 2065 1192 archiepiscopatum

463 1216 522 1269 in
551 1228 677 1269 meo
708 1210 950 1268 dominio
982 1217 1167 1265 tenens
1194 1209 1363 1267 vitam
1382 1207 1589 1265 ﬁniero.
1613 1208 1874 1265 Succurre
1903 1208 2067 1281 igitur

464 1301 621 1372 mihi,
666 1314 917 1356 succurre
973 1297 1194 1354 domine
1250 1297 1431 1366 Pater,
1477 1303 1529 1353 et
1582 1297 1792 1367 suscipe
1844 1295 2064 1367 pontiﬁ-

460 1398 644 1447 catum
671 1404 772 1461 pro
789 1386 943 1458 cujus
958 1386 1257 1443 retentione
1286 1385 1446 1440 nimis
1488 1385 1814 1454 confundar,
1864 1394 1917 1441 et
1970 1401 2059 1441 ve-

461 1494 586 1536 reor
611 1494 681 1534 ne
708 1477 764 1532 in
806 1484 1069 1533 aeternum
1123 1475 1246 1547 plus
1293 1474 1615 1532 confundar.
1655 1498 1676 1523 -
1736 1474 2057 1544 Compuncti

456 1575 581 1625 sunt
608 1582 675 1624 ex
706 1566 789 1621 his
815 1564 999 1621 verbis
1027 1564 1227 1635 quique
1255 1563 1637 1633 assistentium,
1656 1571 1711 1619 et
1738 1562 2056 1619 Auselmum

463 1672 523 1713 se
550 1662 921 1722 excusantem,
975 1661 1030 1710 et
1085 1661 1290 1708 tantum
1320 1668 1456 1708 onus
1497 1668 1597 1708 nec
1653 1660 1779 1708 tunc
1836 1651 2055 1722 quidem

2185 511 2404 568 scopus,
2450 496 2636 553 vivant
2690 498 2932 571 episcopi
2980 515 3105 557 cum
3161 501 3328 571 clero,
3377 504 3591 560 sublimi
3650 525 3784 567 voce

2185 584 2445 657 hymnum
2506 588 2574 644 Te
2620 588 2799 645 Deum
2845 589 3145 646 laudamus
3194 591 3480 648 decantare
3543 612 3780 669 accpere,

2184 673 2523 748 electumque
2574 684 2928 747 portaverunt
2971 677 3281 749 pontiﬁcem
3353 682 3535 750 potius
3616 702 3785 757 quam

2184 761 2452 818 duxerunt
2481 764 2537 818 in
2565 764 2799 822 vicinam
2832 766 3137 822 Ecclesium
3171 786 3185 833 ;
3220 768 3337 840 ipso
3368 771 3546 825 modis
3588 775 3787 844 quibus

2179 858 2391 920 poterat
2419 852 2722 923 resistente,
2756 862 2915 926 atque
2932 853 3146 911 dicente
3180 873 3192 910 :
3230 880 3252 906 ε
3293 858 3441 913 Nihil
3498 869 3578 917 est
3632 865 3782 934 quod

2181 938 2376 1009 facitis,
2400 941 2533 996 nihil
2562 951 2641 997 est
2671 943 2817 1013 quod
2850 942 3045 999 facitis.
3083 967 3104 993 ι
3140 943 3322 1001 Gestis
3362 962 3492 1003 vero
3549 968 3672 1021 quae
3724 954 3780 1007 in

2180 1027 2270 1081 tali
2301 1045 2465 1084 causa
2496 1030 2610 1103 regi
2640 1031 2695 1085 in
2726 1031 2970 1087 Ecclesia
3018 1048 3137 1088 mos
3191 1041 3292 1101 est,
3350 1038 3634 1094 revertitur
3669 1044 3779 1097 An-

2174 1115 2376 1172 selmus
2405 1119 2475 1173 ad
2505 1134 2712 1191 regem,
2738 1120 2923 1175 dicens
2953 1120 3030 1176 illi
3069 1139 3080 1175 :
3120 1145 3140 1169 ιι
3199 1123 3332 1179 Dico
3379 1124 3493 1190 tibi,
3555 1127 3776 1187 domine

2173 1219 2290 1275 rex,
2324 1207 2449 1278 quia
2480 1224 2545 1263 ex
2576 1209 2678 1264 hac
2708 1217 2797 1264 tua
2827 1207 3139 1265 inﬁrmitate
3168 1227 3273 1267 non
3304 1214 3550 1270 morieris
3569 1232 3632 1273 ac
3672 1234 3772 1289 pro

2173 1291 2275 1347 hoc
2299 1294 2425 1350 volo
2454 1297 2671 1352 noveris
2690 1313 2853 1369 quam
2884 1297 3025 1354 bene
3053 1299 3329 1371 corrigere
3366 1303 3568 1374 poteris
3623 1306 3773 1378 quod

2172 1380 2241 1436 de
2269 1397 2356 1437 me
2384 1399 2526 1439 nunc
2556 1393 2732 1440 actum
2754 1394 2851 1455 est,
2885 1386 3010 1456 quia
3053 1403 3154 1445 nec
3183 1391 3425 1446 concessi
3481 1408 3581 1448 nec
3632 1410 3771 1450 con-

2168 1471 2325 1537 cedo,
2378 1480 2437 1527 ut
2481 1481 2654 1528 ratum
2685 1474 2773 1528 sit.
2805 1495 2828 1526 ι
2887 1475 2981 1529 His
3038 1476 3215 1547 dictis,
3293 1479 3497 1536 reﬂexo
3558 1497 3768 1554 gressu,

2166 1556 2425 1616 discessit
2443 1561 2511 1617 ad
2535 1562 3049 1620 eo.Deducentibus
3070 1574 3248 1621 autem
3295 1583 3421 1624 eum
3470 1570 3769 1643 episcopis,

2164 1663 2287 1703 cum
2320 1656 2430 1704 tota
2457 1650 2612 1722 regni
2656 1650 2958 1722 nobilitate,
3008 1653 3257 1711 cubiculo
3310 1658 3565 1714 excessit.
3631 1659 3772 1716 Con-

458 1743 948 1811 subirevolentem,
979 1740 1257 1810 invadunt,
1288 1740 1416 1797 talia
1472 1756 1594 1795 cum
1643 1739 1877 1812 quadam
1920 1740 2056 1795 indi-
2086 1760 2141 1822 Β
2168 1752 2462 1810 ve'susque
2492 1739 2563 1793 ad
2612 1753 2728 1809 eos,
2780 1740 2833 1794 in
2887 1742 3003 1797 haec
3061 1743 3227 1798 verba
3280 1745 3583 1802 sciscitatus
3639 1758 3768 1805 est:

458 1833 717 1907 gnatione
743 1839 795 1888 et
823 1829 1237 1889 conturbatione
1293 1829 1393 1901 ipsi
1451 1830 1803 1902 ingerentes:
1841 1853 1864 1878 α
1925 1827 2059 1898 Quae

455 1921 733 1981 dementia
761 1919 1048 1991 occupavit
1073 1926 1312 1975 mentem
1348 1926 1494 1974 tuam
1522 1918 1551 1972 τ
1592 1919 1799 1990 Regem
1852 1917 2055 1989 turbas,

452 2010 725 2067 turbatum
752 2009 967 2081 penitus
992 2024 1171 2076 necas,
1202 2007 1421 2079 quando
1478 2006 1699 2079 quidem
1753 2005 1906 2061 illum
1938 2005 2055 2076 jam

447 2098 765 2156 morientem
817 2097 1105 2155 obstinatia
1161 2104 1251 2152 tua
1277 2095 1604 2151 exacerbare
1630 2110 1738 2151 non
1768 2094 2051 2150 formidas.

447 2188 604 2244 Hunc
630 2186 801 2261 igitur
828 2185 967 2242 scias
992 2185 1119 2257 quia
1147 2199 1335 2241 omnes
1364 2182 1813 2257 perturbationes,
1862 2199 2054 2239 omnes

440 2275 861 2349 ’oppressiones,
893 2274 1076 2331 omnia
1104 2272 1331 2329 crimina
1361 2289 1483 2344 qua:
1511 2273 1768 2343 deinceps
1798 2270 2051 2345 Angliam

442 2373 717 2438 prement,
750 2364 849 2421 tibi
878 2362 1303 2436 imputabuntur,
1326 2362 1370 2417 si
1400 2370 1455 2418 tu
1484 2361 1649 2418 hodie
1705 2378 1805 2433 per
1858 2376 2048 2416 susce-

447 2454 689 2527 ptionem
720 2468 869 2511 curae
892 2450 1183 2523 pastoralis
1210 2451 1289 2508 eis
1316 2467 1422 2507 non
1457 2449 1782 2507 obviaveris.
1838 2472 1860 2499 »
1907 2451 2051 2505 [nter

441 2543 541 2598 has
568 2542 851 2616 angustias
880 2541 1090 2612 positus
1116 2539 1415 2607 Anselmus,
1475 2540 1634 2595 vertit
1679 2555 1737 2594 se
1784 2538 1853 2594 ad
1911 2539 2047 2594 duos

443 2631 761 2698 monachos,
794 2629 885 2701 qui
914 2644 1099 2684 secum
1128 2636 1300 2697 erant,
1333 2627 1654 2683 Balduinum
1684 2627 1937 2684 videlicet
1992 2634 2046 2682 et

441 2717 819 2785 Eustachium,
851 2717 1096 2789 dixitque
1125 2716 1233 2770 illis
1264 2732 1278 2768 :
1316 2736 1339 2768 ι
1374 2716 1487 2770 Ah!
1523 2716 1716 2771 fratres
1770 2715 1899 2784 mei,
1949 2732 2044 2771 cur

438 2805 574 2861 mihi
593 2822 704 2862 non
723 2804 1025 2861 subvenitis
1053 2805 1083 2858 Ἰ
1116 2826 1138 2852 η
1174 2803 1324 2858 Dixit
1350 2803 1454 2859 hoc
1483 2804 1632 2874 (ecce
1661 2819 1847 2859 coram
1899 2805 2037 2873 Deo,

440 2895 571 2968 quia
600 2910 709 2951 non
737 2892 989 2965 mentior)
1015 2892 1068 2947 in
1099 2899 1265 2961 tanta,
1297 2891 1436 2947 sicut
1481 2890 1756 2948 afﬁrmare
1810 2892 2033 2964 solebat,

439 2984 716 3040 anxietate
738 2980 1077 3051 constitutus,
1108 2988 1167 3036 ut
1208 2980 1251 3035 si
1310 2980 1360 3037 ei
1416 2987 1543 3037 tunc
1589 2981 1737 3053 optio
1791 2981 2034 3051 daretur,

437 3072 608 3129 multo
638 3071 814 3127 laetius
868 3070 1019 3127 salva
1065 3069 1365 3126 reverentia
1420 3067 1711 3126 voluntatis
1752 3070 1850 3126 Dei
1897 3071 2033 3127 mori

439 3161 693 3233 eligeret,
712 3175 874 3230 quam
913 3158 1408 3230 archiepiscopatus
1436 3158 1701 3232 dignitate
1729 3159 2031 3215 sublimari.

438 3248 737 3322 Respondit
764 3247 946 3319 itaque
972 3247 1308 3302 Balduinus:
1348 3268 1371 3299 ι
1424 3246 1480 3304 Si
1510 3248 1764 3305 voluntas
1821 3249 1918 3304 Dei
1962 3257 2042 3305 est

436 3338 586 3394 utita
615 3336 731 3405 flat,
760 3352 862 3392 nos
891 3335 981 3409 qui
1012 3336 1287 3392 voluntate
1314 3335 1416 3392 Dei
1475 3337 1905 3393 contradicamus
1932 3340 1961 3393 ‘I
2012 3361 2034 3386 η

437 3425 577 3497 Qum
604 3425 773 3482 verba
802 3425 1077 3497 lacrymae,
1109 3433 1162 3480 et
1218 3424 1485 3497 lacrymas
1538 3425 1760 3497 sanguis
1804 3425 2038 3481 ubertim

435 3529 615 3571 moxe
657 3512 878 3569 naribus
920 3512 1063 3567 illius
1111 3513 1386 3583 profluens
1440 3520 1652 3568 secutus
1708 3521 1806 3581 est,
1858 3514 2037 3584 palam

434 3602 643 3658 cunctis
674 3601 962 3658 ostendens
990 3616 1057 3656 ex
1088 3617 1192 3671 qua
1221 3600 1401 3657 cordis
1429 3601 1765 3678 contritione,
1798 3618 1917 3657 cum
1962 3603 2039 3657 la-

434 3688 636 3760 crymis
663 3688 830 3746 verba
858 3687 1185 3758 prodierint.
1219 3688 1415 3744 Audito
1434 3689 1739 3757 hujusmodi
1757 3705 2035 3759 responso,

438 3776 728 3835 Anselmus
760 3792 772 3829 :
812 3799 835 3825 ·
871 3776 987 3845 Vae,
1021 3790 1184 3848 quam
1214 3777 1341 3846 cito,
1400 3777 1596 3850 inquit,
1647 3777 1873 3833 baculus
1917 3787 2038 3834 tuus

439 3866 745 3924 confractus
774 3872 872 3921 est.
910 3886 932 3913 ιι
968 3864 1214 3920 Sentiens
1241 3880 1372 3938 ergo
1411 3882 1510 3921 rex
1566 3867 1712 3938 quod
1768 3866 2037 3922 incassum

435 3954 595 4012 labor
621 3953 865 4010 omnium
895 3951 1324 4024 expendebatur,
1359 3954 1616 4026 praecepit
1643 3954 1720 4009 eis
1747 3962 1805 4010 ut
1851 3972 2038 4011 omnes

430 4044 502 4100 ad
530 4042 697 4117 pedes
723 4042 981 4100 caderent
1009 4042 1053 4096 si
1082 4042 1221 4097 forte
1250 4043 1334 4099 vel
1365 4043 1439 4098 ita
1493 4043 1562 4099 ad
1592 4043 2037 4100 consentiendum

432 4132 566 4188 illici
580 4140 782 4204 posset.
815 4130 925 4187 Sed
946 4130 1080 4202 quid
1114 4132 1127 4186 ι
1154 4130 1480 4187 Cadentibus
1509 4131 1635 4202 illis,
1672 4134 1866 4188 cecidit
1922 4133 2037 4203 ipse

433 4236 616 4279 coram
632 4222 768 4292 ejus,
803 4234 901 4276 nec
919 4235 950 4275 a
978 4219 1153 4291 prima
1181 4220 1445 4276 sententia
1466 4236 1563 4275 sua
1592 4221 1787 4277 cadere
1842 4223 2032 4277 voluit.

435 4313 507 4367 At
525 4309 625 4379 illi,
658 4308 881 4364 animati
913 4308 967 4363 in
992 4324 1136 4378 eum,
1169 4324 1331 4380 seque
1360 4308 1646 4381 ipsos,pro
1678 4324 1830 4365 mora
1875 4327 2036 4380 quam

437 4398 838 4470 objectionibus
868 4396 1036 4468 ipsius
1064 4396 1393 4451 intendendo
1415 4397 1556 4467 passi
1604 4406 1744 4465 sunt,
1804 4398 2037 4471 ignaviae

2066 3116 2117 3180 C

2175 1848 2198 1872 α
2237 1826 2544 1899 lntelligitis
2572 1828 2702 1899 quid
2724 1828 2988 1884 molimini
3011 1832 3040 1885 ?
3067 1831 3395 1889 Indomitum
3426 1842 3657 1906 taurum,
3716 1846 3771 1893 et

2168 1914 2405 1969 vetulam
2436 1931 2498 1971 ac
2518 1916 2755 1972 debilem
2784 1931 2945 1973 ovem
2975 1918 3031 1972 in
3060 1927 3241 1976 aratro
3261 1923 3617 1995 conjungere,
3663 1925 3770 1981 sub

2165 2001 2447 2076 unojugo,
2479 2003 2783 2075 disponitis.
2816 2007 2886 2061 Et
2916 2006 3046 2078 quid
3075 2008 3203 2064 inde
3237 2013 3520 2080 proveniet
3547 2013 3577 2066 ?
3603 2014 3767 2071 Indo-

2163 2090 2380 2146 mabilis
2408 2091 2592 2164 utique
2620 2092 2804 2149 feritas
2835 2095 2969 2150 tauri
2997 2096 3080 2153 sic
3132 2111 3290 2153 ovem
3322 2098 3463 2157 lanas
3514 2110 3566 2157 et
3610 2102 3768 2159 lactis

2161 2186 2215 2234 et
2242 2195 2507 2251 agnorum
2537 2181 2771 2238 fertilem
2800 2199 2900 2256 per
2954 2185 3141 2255 spinas
3196 2194 3250 2242 et
3305 2188 3529 2245 tribulos
3562 2191 3666 2247 hac
3712 2202 3766 2249 et

2159 2267 2287 2324 illac
2318 2277 2552 2340 raptam,
2584 2270 2629 2325 si
2649 2271 2786 2343 jugo
2807 2288 2866 2329 se
2895 2289 3006 2329 non
3062 2276 3378 2346 excusserit,
3419 2277 3760 2350 dilacerabit,

2157 2364 2215 2411 ut
2244 2371 2346 2414 nec
2375 2357 2495 2430 ipsa
2524 2358 2629 2414 sibi
2653 2376 2755 2415 nec
2785 2360 2966 2428 alicui,
3000 2362 3128 2417 dum
3159 2364 3294 2418 nihil
3352 2366 3541 2422 horum
3590 2369 3758 2425 mini-

2155 2451 2324 2502 strare
2354 2446 2577 2517 valebit,
2597 2447 2743 2503 utilis
2772 2449 2991 2506 existat.
3030 2449 3173 2520 Quid
3202 2453 3279 2507 ita
3309 2454 3337 2507 ?
3357 2454 3762 2515 Inconsiderate

2153 2548 2313 2590 ovem
2346 2544 2498 2592 tauro
2530 2537 2843 2609 cOpulastis.
2882 2542 3135 2595 Aratrum
3174 2541 3469 2599 Ecclesium
3525 2562 3761 2619 perpen-

2153 2622 2283 2692 dite,
2328 2625 2480 2694 juxta
2516 2627 2832 2697 Apostolum
2863 2627 3132 2684 dicentem
3172 2647 3185 2684 :
3231 2632 3333 2688 Dei
3378 2634 3755 2705 agricultura,

2149 2712 2250 2768 Dei
2274 2714 2575 2782 (edi/icath
2595 2715 2730 2770 estis
2760 2716 2808 2784 (1
2838 2714 2965 2773 Cor.
2997 2732 3081 2784 ιιι,
3115 2717 3191 2789 9).
3235 2720 3351 2775 Hoc
3406 2730 3643 2778 aratrum
3700 2724 3758 2778 in

2147 2800 2351 2873 Anglia
2379 2802 2499 2857 Duo
2529 2802 2703 2858 boves
2730 2805 2943 2860 caeteris
2974 2806 3349 2878 praecellentes
3381 2813 3623 2884 regendo
3653 2821 3761 2867 tra-

2146 2887 2299 2958 hunt,
2333 2898 2387 2945 et
2416 2890 2683 2948 trahendo
2712 2902 2926 2964 regunt,
2958 2910 3052 2950 rex
3071 2895 3326 2953 videlicet
3389 2908 3443 2954 et
3485 2900 3759 2972 archiepi-

2145 2992 2343 3049 scopus
2372 2978 2804 3036 Cantuariensis.
2840 2982 2944 3038 Iste
2962 2984 3207 3041 saeculari
3229 2985 3433 3055 justitia
3476 2998 3528 3045 et
3574 2990 3754 3061 impe-

2146 3066 2228 3122 rio
2263 3085 2277 3133 ;
2309 3068 2401 3123 ille
2430 3068 2615 3125 divina
2630 3069 2881 3126 doctrina
2904 3080 2956 3126 et
2972 3073 3305 3145 magisterio.
3342 3076 3547 3133 Horum
3587 3077 3755 3135 boum

2150 3171 2305 3223 unus,
2329 3156 2532 3213 scilicet
2562 3158 2893 3214 Lanfrancus
2913 3161 3353 3233 archiepiscopus
3379 3174 3620 3223 mortuus
3636 3175 3750 3231 est;

2148 3252 2198 3299 et
2229 3244 2367 3299 alius
2398 3245 2731 3301 ferocitatem
2762 3247 3113 3305 indomabilis
3143 3252 3276 3306 tauri
3334 3253 3584 3311 obtinens
3630 3256 3754 3325 jam

2146 3333 2420 3390 invenitur
2447 3343 2630 3390 aratro
2664 3336 2936 3406 praelatus,
2972 3346 3025 3393 et
3053 3354 3151 3395 vos
3194 3340 3313 3396 loco
3344 3345 3538 3398 mortui
3588 3345 3754 3401 bovis

2146 3438 2234 3478 me
2263 3423 2498 3479 vetulam
2530 3439 2593 3479 ac
2624 3423 2860 3480 debilem
2904 3441 3064 3482 ovem
3123 3444 3245 3483 cum
3291 3430 3556 3490 indomito
3597 3443 3752 3492 tauro

2146 3511 2480 3584 conjungere
2509 3512 2672 3569 vultis
2699 3514 2729 3567 ‘I
2759 3513 2894 3581 Quae
2927 3515 3071 3584 dico,
3131 3518 3263 3573 satis
3320 3519 3637 3594 intelligitis,
3697 3516 3766 3583 et.

2145 3615 2211 3656 ea
2240 3617 2297 3656 re
2320 3601 2449 3673 quid
2499 3601 2583 3656 cui
2641 3601 2823 3657 velitis
2874 3604 3143 3661 associaro
3200 3606 3393 3662 vellem
3442 3612 3753 3669 considera-

2144 3688 2296 3759 retis,
2330 3690 2735 3746 considerantes
2785 3690 2855 3745 ab
2900 3692 3142 3764 incmpto
3192 3695 3545 3756 desisteretis.
3591 3700 3753 3771 Quod

2144 3777 2189 3831 si
2221 3793 2327 3833 non
2360 3777 2632 3847 desistitis,
2666 3795 2732 3834 en
2762 3781 3002 3851 prmdico
3034 3782 3188 3839 vobis
3218 3786 3346 3857 quia
3376 3804 3483 3856 me,
3517 3790 3586 3846 de
3641 3807 3751 3862 quo

2143 3863 2325 3920 lanam
2358 3875 2409 3922 et
2435 3865 2520 3923 lac
2550 3867 2699 3923 verbi
2731 3868 2849 3937 Dei,
2873 3877 2927 3924 et
2972 3884 3145 3942 agnos
3180 3872 3236 3926 in
3277 3876 3551 3932 servitium
3608 3879 3747 3949 ejus,

2143 3954 2385 4009 nonnulli
2404 3964 2622 4027 possent
2650 3956 2850 4012 habere
2873 3957 3050 4027 (extra
3078 3975 3243 4030 quam
3302 3963 3464 4020 modo
3521 3967 3746 4037 putetis)

2142 4044 2297 4115 regia
2325 4044 2512 4100 feritas
2539 4044 2768 4100 diversis
2789 4046 2820 4102 ξι
2850 4061 2909 4101 se
2939 4046 3219 4119 fatigatum
3238 4049 3447 4122 injuriis
3475 4056 3751 4126 opprimet

2143 4139 2195 4188 et
2222 4132 2504 4206 gaudium,
2538 4133 2684 4205 quod
2714 4134 2935 4190 nuncde
2948 4151 3035 4191 me
3054 4138 3206 4207 quasi
3251 4155 3349 4211 pro
3399 4142 3750 4201 relevationis

2142 4230 2334 4279 vestrae
2361 4237 2457 4293 spe
2486 4237 2581 4278 vos
2612 4229 2757 4278 tenet
2785 4222 2983 4279 multos
2999 4224 3143 4295 (cum
3177 4227 3310 4282 nihil
3337 4233 3577 4288 consueti
3604 4248 3744 4291 con-

2142 4309 2246 4364 silii
2278 4318 2370 4365 aut
2398 4310 2599 4380 sperati
2620 4310 2804 4366 auxilii
2819 4328 2917 4383 per
2943 4328 3031 4369 me
3062 4314 3266 4372 habere
3281 4320 3578 4394 potuerint)
3623 4338 3744 4379 ver-

2141 4415 2261 4453 sum
2297 4398 2352 4453 in
2400 4398 2709 4455 maestitiam
2770 4400 3014 4457 dolentes
3059 4400 3278 4459 efﬁciet.
3340 4406 3527 4479 quue
3581 4412 3747 4482 proﬁ-

436 4487 842 4559 redarguentes,
875 4485 1087 4556 virgam
1116 4485 1224 4540 huc
1252 4484 1600 4556 pastoralem,
1646 4486 1877 4559 virgam,
1929 4489 2035 4544 cla-
2062 4471 2117 4534 D
2146 4488 2299 4545 cietis
2324 4496 2383 4543 ut
2412 4488 2708 4545 Ecclesiam
2737 4505 2899 4560 quam
2929 4490 3175 4547 revelare
3206 4508 3239 4547 a
3292 4471 3599 4568 viduitate,-
3627 4507 3747 4555 tan-

439 4576 653 4642 mitant,
685 4573 1033 4646 pastoralem.
1067 4572 1134 4627 Et
1162 4579 1375 4644 arrepto
1405 4573 1631 4630 brachio
1652 4574 1770 4645 ejus
1820 4576 2031 4646 dextro,

436 4663 532 4719 alii
548 4662 874 4717 renitentem
904 4661 1135 4728 trahere,
1160 4660 1251 4715 alii
1306 4661 1607 4733 impellere,
1656 4663 1904 4736 lectoque
1951 4665 2035 4736 ja-

429 4749 600 4807 centis
628 4757 906 4821 cmperunt
934 4747 1229 4819 applicare.
1266 4750 1416 4823 Rege
1459 4760 1636 4808 autem
1677 4752 1726 4806 ei
1781 4752 2033 4810 baculum

368 4830 375 4839 ’
429 4840 763 4911 porrigente,
796 4853 1015 4893 manum
1046 4846 1235 4894 contra
1258 4840 1453 4896 clausit
1483 4848 1535 4895 et
1585 4857 1705 4896 eum
1763 4842 2035 4913 suscipere

430 4943 777 5001 nequaquam
819 4926 1107 4984 consensit.
1153 4928 1405 5000 Episcopi
1462 4944 1590 4985 vero
1660 4930 1867 5003 digitos
1918 4931 2036 5001 ejus

432 5016 663 5072 strictim
681 5015 821 5073 vola:
843 5014 1038 5072 inﬁxos
1055 5017 1267 5089 erigere
1284 5017 1462 5072 conati
1492 5025 1633 5086 sunt,
1669 5033 1775 5088 quo
1823 5019 1909 5075 vel
1958 5020 2036 5074 sic

434 5104 619 5160 manui
636 5104 757 5175 ejus
768 5104 991 5161 baculus
1009 5106 1346 5178 ingereretur
1364 5122 1376 5159 :
1396 5121 1582 5163 verum
1605 5120 1727 5162 cum
1746 5106 1799 5160 in
1830 5108 1933 5164 hoc
1945 5122 2035 5163 co-

430 5210 618 5259 natum
637 5218 795 5257 suum
825 5202 1139 5274 aliquandiu
1159 5203 1360 5257 frustra
1376 5203 1768 5275 expenderent,
1811 5213 1863 5260 et
1917 5206 2035 5277 ipse

427 5315 529 5373 pro
541 5316 660 5369 sua,
681 5316 841 5372 quam
860 5298 1137 5370 patiebatu
1150 5315 1195 5367 r,
1219 5298 1438 5354 laesione
1454 5300 1622 5356 verba
1632 5300 1865 5357 dolentis
1880 5303 2034 5358 aede-

427 5406 530 5468 ret,
563 5398 802 5466 tandem,
834 5396 1010 5451 indice
1041 5396 1237 5463 levato,
1257 5397 1349 5451 sed
1367 5397 1608 5467 protinus
1625 5398 1693 5453 ab
1711 5415 1775 5455 eo
1806 5400 2032 5468 reﬂexo,

428 5491 631 5549 clausa:
648 5491 829 5547 manui
846 5491 962 5560 ejus
991 5489 1217 5547 baculus
1245 5493 1524 5564 appositus
1550 5502 1650 5563 est,
1709 5504 1762 5551 et
1817 5497 2036 5569 episco-

420 5602 619 5668 porum
631 5586 878 5644 manibus
893 5602 1017 5645 cum
1034 5587 1226 5645 eadem
1243 5605 1404 5647 manu
1420 5605 1761 5666 compressus
1776 5599 1938 5668 atque
1953 5610 2036 5652 re-

2143 4585 2329 4649 topere
2360 4577 2624 4649 satagitis,
2665 4577 2835 4632 relabi
2884 4578 2939 4632 in
2967 4577 3283 4636 viduitatem
3312 4583 3477 4639 etiam
3528 4587 3748 4646 vivente

2142 4674 2357 4738 pastore
2384 4683 2504 4735 suo,
2549 4667 2695 4738 quod
2753 4667 2908 4738 pejus
2964 4676 3065 4736 est,
3114 4670 3440 4743 quandoque
3488 4679 3742 4733 cernatis.

2141 4756 2210 4811 Et
2240 4757 2357 4812 haec
2385 4755 2548 4822 mala,
2582 4754 2778 4825 quibus
2828 4754 3254 4827 imputabuntur,
3301 4761 3403 4815 nisi
3457 4764 3613 4820 vobis
3649 4768 3742 4839 qui

2145 4853 2254 4900 tam
2284 4843 2683 4899 inconsiderate
2699 4844 2843 4915 regis
2872 4843 3140 4901 feritatem
3160 4855 3213 4902 et
3253 4862 3431 4905 meam
3487 4851 3743 4911 imbecil-

2142 4933 2349 4987 litatem
2410 4931 2757 5002 conjunxistis
2791 4933 2820 4986 ?
2877 4932 3011 4988 Cum
3070 4933 3253 5007 igitur,
3295 4952 3384 4995 me
3456 4956 3739 5016 oppresso,

2143 5021 2324 5077 nullus
2376 5035 2440 5075 ex
2492 5021 2648 5077 vobis
2696 5020 2874 5089 fuerit,
2926 5023 3017 5095 qui
3074 5023 3124 5078 ei
3173 5025 3227 5079 in
3286 5027 3469 5100 aliquo
3543 5033 3742 5090 audeat

2141 5110 2382 5179 obviare,
2418 5125 2516 5166 vos
2556 5125 2772 5181 quoque
2795 5111 2983 5183 procul
3012 5110 3179 5168 dubio
3199 5129 3299 5184 pro
3315 5113 3470 5172 libitu
3498 5133 3603 5176 suo
3631 5138 3741 5179 non

2142 5208 2413 5265 dubitabit
2464 5208 2703 5280 undique
2744 5207 3083 5265 conculcare.
3136 5232 3158 5258 ιι
3218 5211 3349 5268 Haec
3403 5214 3610 5287 dicens,
3675 5236 3741 5279 ac

2143 5306 2549 5379 erumpentibus
2590 5306 2845 5379 lacrymis
2898 5304 3143 5362 dolorem
3224 5310 3405 5366 cordis
3484 5313 3741 5375 simulare

2145 5422 2257 5462 non
2300 5405 2503 5474 valens,
2552 5404 2622 5460 ad
2696 5404 2987 5476 hospitium
3031 5418 3209 5477 suum,
3280 5407 3509 5468 dimissa
3557 5415 3730 5487 curia,

2148 5494 2318 5553 vadit.

2215 5594 2365 5651 Acta
2391 5600 2515 5650 sunt
2530 5594 2642 5649 hac
2668 5606 2813 5649 anno
2839 5589 3234 5649 Incarnationis
3272 5594 3574 5655 Dominicis
3616 5596 3737 5654 mil-
