  <div class='ocr_page' id='page_1' title='image "/cluster/home/n/w/nwhite01/storage/ocr_20150623/159/hvd.32044054760178/190.png"; bbox 0 0 4036 6072; ppageno 0'>
   <div class='ocr_carea' id='block_1_1' title="bbox 282 334 382 390">
    <p class='ocr_par' dir='ltr' id='par_1_1' title="bbox 282 334 382 390">
     <span class='ocr_line' id='line_1_1' title="bbox 282 334 382 390; baseline 0.04 -3"><span class='ocrx_word' id='word_1_1' title='bbox 282 334 382 390; x_wconf 81' lang='lat'><strong>369</strong></span> 
     </span>
    </p>
   </div>
   <div class='ocr_carea' id='block_1_2' title="bbox 1368 328 2478 390">
    <p class='ocr_par' dir='ltr' id='par_1_2' title="bbox 1368 328 2478 390">
     <span class='ocr_line' id='line_1_2' title="bbox 1368 328 2478 390; baseline -0.003 -1"><span class='ocrx_word' id='word_1_2' title='bbox 1368 332 1697 390; x_wconf 79' lang='lat' dir='ltr'><strong>HISTORIA</strong></span> <span class='ocrx_word' id='word_1_3' title='bbox 1732 328 2109 389; x_wconf 79' lang='lat' dir='ltr'><strong>NOVORUM.</strong></span> <span class='ocrx_word' id='word_1_4' title='bbox 2156 359 2225 372; x_wconf 94' lang='lat'><strong>--</strong></span> <span class='ocrx_word' id='word_1_5' title='bbox 2264 330 2392 388; x_wconf 78' lang='lat' dir='ltr'><strong>LIB.</strong></span> <span class='ocrx_word' id='word_1_6' title='bbox 2433 334 2478 387; x_wconf 87' lang='lat' dir='ltr'><strong>I.</strong></span> 
     </span>
    </p>
   </div>
   <div class='ocr_carea' id='block_1_3' title="bbox 3474 333 3577 389">
    <p class='ocr_par' dir='ltr' id='par_1_3' title="bbox 3474 333 3577 389">
     <span class='ocr_line' id='line_1_3' title="bbox 3474 333 3577 389; baseline 0.01 -1"><span class='ocrx_word' id='word_1_7' title='bbox 3474 333 3577 389; x_wconf 86' lang='lat'><strong>370</strong></span> 
     </span>
    </p>
   </div>
   <div class='ocr_carea' id='block_1_4' title="bbox 275 454 3575 532">
    <p class='ocr_par' dir='ltr' id='par_1_4' title="bbox 275 454 3575 532">
     <span class='ocr_line' id='line_1_4' title="bbox 275 454 3575 532; baseline 0 -20"><span class='ocrx_word' id='word_1_8' title='bbox 275 455 463 514; x_wconf 82' lang='lat' dir='ltr'><strong>lesimo</strong></span> <span class='ocrx_word' id='word_1_9' title='bbox 490 458 846 532; x_wconf 81' lang='lat' dir='ltr'><strong>nonagesimo</strong></span> <span class='ocrx_word' id='word_1_10' title='bbox 878 458 1055 524; x_wconf 80' lang='lat' dir='ltr'><strong>tertio.</strong></span> <span class='ocrx_word' id='word_1_11' title='bbox 1085 458 1263 531; x_wconf 87' lang='lat' dir='ltr'><strong>pridie</strong></span> <span class='ocrx_word' id='word_1_12' title='bbox 1277 460 1463 515; x_wconf 81' lang='lat' dir='ltr'><strong>Nonas</strong></span> <span class='ocrx_word' id='word_1_13' title='bbox 1480 458 1679 529; x_wconf 81' lang='lat' dir='ltr'><strong>Martii,</strong></span> <span class='ocrx_word' id='word_1_14' title='bbox 1702 458 1878 529; x_wconf 86' lang='lat' dir='ltr'><strong>prima</strong></span> <span class='ocrx_word' id='word_1_15' title='bbox 1904 457 1963 519; x_wconf 83' lang='lat' dir='ltr'><strong>A</strong></span> <span class='ocrx_word' id='word_1_16' title='bbox 2060 454 2184 511; x_wconf 72' lang='lat' dir='ltr'><strong>Istae</strong></span> <span class='ocrx_word' id='word_1_17' title='bbox 2213 455 2405 512; x_wconf 75' lang='lat' dir='ltr'><strong>litterae</strong></span> <span class='ocrx_word' id='word_1_18' title='bbox 2436 471 2559 512; x_wconf 91' lang='lat' dir='ltr'><strong>cum</strong></span> <span class='ocrx_word' id='word_1_19' title='bbox 2587 455 2710 513; x_wconf 88' lang='lat' dir='ltr'><strong>aliis</strong></span> <span class='ocrx_word' id='word_1_20' title='bbox 2737 457 2997 516; x_wconf 80' lang='lat' dir='ltr'><strong>Anselmo</strong></span> <span class='ocrx_word' id='word_1_21' title='bbox 3028 457 3267 516; x_wconf 89' lang='lat' dir='ltr'><strong>directus</strong></span> <span class='ocrx_word' id='word_1_22' title='bbox 3295 456 3443 531; x_wconf 89' lang='lat' dir='ltr'><strong>prius</strong></span> <span class='ocrx_word' id='word_1_23' title='bbox 3470 458 3575 530; x_wconf 84' lang='lat' dir='ltr'><strong>ipsi</strong></span> 
     </span>
    </p>
   </div>
   <div class='ocr_carea' id='block_1_5' title="bbox 274 545 1873 620">
    <p class='ocr_par' dir='ltr' id='par_1_5' title="bbox 274 545 1873 620">
     <span class='ocr_line' id='line_1_5' title="bbox 274 545 1873 620; baseline 0.001 -19"><span class='ocrx_word' id='word_1_24' title='bbox 274 545 556 603; x_wconf 88' lang='lat' dir='ltr'><strong>Dominica</strong></span> <span class='ocrx_word' id='word_1_25' title='bbox 586 547 1037 620; x_wconf 71' lang='lat' dir='ltr'><strong>Quadragesimae</strong></span> <span class='ocrx_word' id='word_1_26' title='bbox 1065 548 1172 619; x_wconf 78' lang='grc' dir='ltr'><strong>(α).</strong></span> <span class='ocrx_word' id='word_1_27' title='bbox 1212 548 1462 619; x_wconf 75' lang='lat' dir='ltr'><strong>Praecipit</strong></span> <span class='ocrx_word' id='word_1_28' title='bbox 1490 549 1670 619; x_wconf 90' lang='lat' dir='ltr'><strong>itaque</strong></span> <span class='ocrx_word' id='word_1_29' title='bbox 1692 564 1788 603; x_wconf 80' lang='lat' dir='ltr'><strong>rex</strong></span> <span class='ocrx_word' id='word_1_30' title='bbox 1815 555 1873 603; x_wconf 93' lang='lat' dir='ltr'><strong>ut</strong></span> 
     </span>
    </p>
   </div>
   <div class='ocr_carea' id='block_1_6' title="bbox 273 635 1871 694">
    <p class='ocr_par' dir='ltr' id='par_1_6' title="bbox 273 635 1871 694">
     <span class='ocr_line' id='line_1_6' title="bbox 273 635 1871 694; baseline 0.001 -5"><span class='ocrx_word' id='word_1_31' title='bbox 273 635 389 691; x_wconf 85' lang='lat' dir='ltr'><strong>sine</strong></span> <span class='ocrx_word' id='word_1_32' title='bbox 418 636 676 692; x_wconf 72' lang='lat' dir='ltr'><strong>dilatione</strong></span> <span class='ocrx_word' id='word_1_33' title='bbox 705 654 767 692; x_wconf 90' lang='lat' dir='ltr'><strong>ac</strong></span> <span class='ocrx_word' id='word_1_34' title='bbox 797 637 1158 694; x_wconf 79' lang='lat' dir='ltr'><strong>diminutione</strong></span> <span class='ocrx_word' id='word_1_35' title='bbox 1187 637 1528 693; x_wconf 88' lang='lat' dir='ltr'><strong>investiretur</strong></span> <span class='ocrx_word' id='word_1_36' title='bbox 1580 639 1649 693; x_wconf 89' lang='lat' dir='ltr'><strong>de</strong></span> <span class='ocrx_word' id='word_1_37' title='bbox 1686 637 1871 692; x_wconf 87' lang='lat' dir='ltr'><strong>omni-</strong></span> 
     </span>
    </p>
   </div>
   <div class='ocr_carea' id='block_1_7' title="bbox 270 724 1873 797">
    <p class='ocr_par' dir='ltr' id='par_1_7' title="bbox 270 724 1873 797">
     <span class='ocr_line' id='line_1_7' title="bbox 270 724 1873 797; baseline 0.001 -19"><span class='ocrx_word' id='word_1_38' title='bbox 270 724 371 779; x_wconf 87' lang='lat' dir='ltr'><strong>bus</strong></span> <span class='ocrx_word' id='word_1_39' title='bbox 432 725 505 779; x_wconf 90' lang='lat' dir='ltr'><strong>ad</strong></span> <span class='ocrx_word' id='word_1_40' title='bbox 567 725 1099 796; x_wconf 82' lang='lat' dir='ltr'><strong>archiepiscopatum</strong></span> <span class='ocrx_word' id='word_1_41' title='bbox 1165 726 1560 797; x_wconf 78' lang='lat' dir='ltr'><strong>pertinentibus</strong></span> <span class='ocrx_word' id='word_1_42' title='bbox 1615 725 1756 781; x_wconf 87' lang='lat' dir='ltr'><strong>intus</strong></span> <span class='ocrx_word' id='word_1_43' title='bbox 1819 733 1873 781; x_wconf 87' lang='lat' dir='ltr'><strong>et</strong></span> 
     </span>
    </p>
   </div>
   <div class='ocr_carea' id='block_1_8' title="bbox 270 813 1873 887">
    <p class='ocr_par' dir='ltr' id='par_1_8' title="bbox 270 813 1873 887">
     <span class='ocr_line' id='line_1_8' title="bbox 270 813 1873 887; baseline 0.001 -20"><span class='ocrx_word' id='word_1_44' title='bbox 270 820 446 879; x_wconf 82' lang='lat' dir='ltr'><strong>extra,</strong></span> <span class='ocrx_word' id='word_1_45' title='bbox 479 821 638 885; x_wconf 87' lang='lat' dir='ltr'><strong>atque</strong></span> <span class='ocrx_word' id='word_1_46' title='bbox 668 822 725 868; x_wconf 90' lang='lat' dir='ltr'><strong>ut</strong></span> <span class='ocrx_word' id='word_1_47' title='bbox 754 813 942 869; x_wconf 79' lang='lat' dir='ltr'><strong>civitas</strong></span> <span class='ocrx_word' id='word_1_48' title='bbox 971 815 1264 870; x_wconf 88' lang='lat' dir='ltr'><strong>Cantuaria</strong></span> <span class='ocrx_word' id='word_1_49' title='bbox 1320 831 1485 887; x_wconf 85' lang='lat' dir='ltr'><strong>quam</strong></span> <span class='ocrx_word' id='word_1_50' title='bbox 1541 813 1873 870; x_wconf 83' lang='lat' dir='ltr'><strong>Lanfrancus</strong></span> 
     </span>
    </p>
   </div>
   <div class='ocr_carea' id='block_1_9' title="bbox 265 901 1873 976">
    <p class='ocr_par' dir='ltr' id='par_1_9' title="bbox 265 901 1873 976">
     <span class='ocr_line' id='line_1_9' title="bbox 265 901 1873 976; baseline 0.001 -20"><span class='ocrx_word' id='word_1_51' title='bbox 265 916 367 956; x_wconf 89' lang='lat' dir='ltr'><strong>suo</strong></span> <span class='ocrx_word' id='word_1_52' title='bbox 402 908 639 972; x_wconf 90' lang='lat' dir='ltr'><strong>tempore</strong></span> <span class='ocrx_word' id='word_1_53' title='bbox 668 901 723 956; x_wconf 92' lang='lat' dir='ltr'><strong>in</strong></span> <span class='ocrx_word' id='word_1_54' title='bbox 754 901 1015 960; x_wconf 81' lang='lat' dir='ltr'><strong>beneficio</strong></span> <span class='ocrx_word' id='word_1_55' title='bbox 1045 920 1078 958; x_wconf 91' lang='lat' dir='ltr'><strong>a</strong></span> <span class='ocrx_word' id='word_1_56' title='bbox 1105 920 1235 976; x_wconf 86' lang='lat' dir='ltr'><strong>rege</strong></span> <span class='ocrx_word' id='word_1_57' title='bbox 1266 903 1503 972; x_wconf 88' lang='lat' dir='ltr'><strong>tenebat,</strong></span> <span class='ocrx_word' id='word_1_58' title='bbox 1555 911 1608 959; x_wconf 89' lang='lat' dir='ltr'><strong>et</strong></span> <span class='ocrx_word' id='word_1_59' title='bbox 1652 902 1873 959; x_wconf 86' lang='lat' dir='ltr'><strong>abbatia</strong></span> 
     </span>
    </p>
   </div>
   <div class='ocr_carea' id='block_1_10' title="bbox 265 989 1872 1063">
    <p class='ocr_par' dir='ltr' id='par_1_10' title="bbox 265 989 1872 1063">
     <span class='ocr_line' id='line_1_10' title="bbox 265 989 1872 1063; baseline 0.001 -20"><span class='ocrx_word' id='word_1_60' title='bbox 265 990 437 1044; x_wconf 80' lang='lat' dir='ltr'><strong>sancti</strong></span> <span class='ocrx_word' id='word_1_61' title='bbox 464 989 655 1045; x_wconf 81' lang='lat' dir='ltr'><strong>Albani</strong></span> <span class='ocrx_word' id='word_1_62' title='bbox 687 991 763 1063; x_wconf 74' lang='grc' dir='ltr'><strong>(ὁ)</strong></span> <span class='ocrx_word' id='word_1_63' title='bbox 792 1007 956 1062; x_wconf 89' lang='lat' dir='ltr'><strong>quam</strong></span> <span class='ocrx_word' id='word_1_64' title='bbox 987 1008 1094 1047; x_wconf 92' lang='lat' dir='ltr'><strong>non</strong></span> <span class='ocrx_word' id='word_1_65' title='bbox 1124 993 1303 1048; x_wconf 89' lang='lat' dir='ltr'><strong>solum</strong></span> <span class='ocrx_word' id='word_1_66' title='bbox 1334 992 1666 1048; x_wconf 87' lang='lat' dir='ltr'><strong>Lanfrancus</strong></span> <span class='ocrx_word' id='word_1_67' title='bbox 1693 991 1788 1048; x_wconf 86' lang='lat' dir='ltr'><strong>sed</strong></span> <span class='ocrx_word' id='word_1_68' title='bbox 1819 998 1872 1047; x_wconf 90' lang='lat' dir='ltr'><strong>et</strong></span> 
     </span>
    </p>
   </div>
   <div class='ocr_carea' id='block_1_11' title="bbox 266 1080 1871 1151">
    <p class='ocr_par' dir='ltr' id='par_1_11' title="bbox 266 1080 1871 1151">
     <span class='ocr_line' id='line_1_11' title="bbox 266 1080 1871 1151; baseline 0.002 -19"><span class='ocrx_word' id='word_1_69' title='bbox 266 1085 650 1133; x_wconf 86' lang='lat' dir='ltr'><strong>antecessores</strong></span> <span class='ocrx_word' id='word_1_70' title='bbox 689 1080 808 1150; x_wconf 88' lang='lat' dir='ltr'><strong>ejus</strong></span> <span class='ocrx_word' id='word_1_71' title='bbox 848 1080 1104 1137; x_wconf 84' lang='lat' dir='ltr'><strong>habuisse</strong></span> <span class='ocrx_word' id='word_1_72' title='bbox 1152 1090 1461 1148; x_wconf 87' lang='lat' dir='ltr'><strong>noscuntur,</strong></span> <span class='ocrx_word' id='word_1_73' title='bbox 1514 1082 1569 1135; x_wconf 92' lang='lat' dir='ltr'><strong>in</strong></span> <span class='ocrx_word' id='word_1_74' title='bbox 1620 1080 1696 1151; x_wconf 76' lang='grc' dir='ltr'><strong>(ο)</strong></span> <span class='ocrx_word' id='word_1_75' title='bbox 1750 1081 1871 1135; x_wconf 89' lang='lat' dir='ltr'><strong>alo-</strong></span> 
     </span>
    </p>
   </div>
   <div class='ocr_carea' id='block_1_12' title="bbox 265 1166 1867 1241">
    <p class='ocr_par' dir='ltr' id='par_1_12' title="bbox 265 1166 1867 1241">
     <span class='ocr_line' id='line_1_12' title="bbox 265 1166 1867 1241; baseline 0.001 -20"><span class='ocrx_word' id='word_1_76' title='bbox 265 1166 415 1221; x_wconf 89' lang='lat' dir='ltr'><strong>dium</strong></span> <span class='ocrx_word' id='word_1_77' title='bbox 441 1167 553 1237; x_wconf 82' lang='grc'><strong>(19)</strong></span> <span class='ocrx_word' id='word_1_78' title='bbox 584 1168 840 1224; x_wconf 72' lang='lat' dir='ltr'><strong>Ecclesia:</strong></span> <span class='ocrx_word' id='word_1_79' title='bbox 863 1169 1059 1224; x_wconf 84' lang='lat' dir='ltr'><strong>Christi</strong></span> <span class='ocrx_word' id='word_1_80' title='bbox 1090 1170 1491 1225; x_wconf 89' lang='lat' dir='ltr'><strong>Cantuariensis</strong></span> <span class='ocrx_word' id='word_1_81' title='bbox 1519 1186 1615 1241; x_wconf 91' lang='lat' dir='ltr'><strong>pro</strong></span> <span class='ocrx_word' id='word_1_82' title='bbox 1646 1171 1867 1226; x_wconf 84' lang='lat' dir='ltr'><strong>redem-</strong></span> 
     </span>
    </p>
   </div>
   <div class='ocr_carea' id='block_1_13' title="bbox 264 1255 1627 1329">
    <p class='ocr_par' dir='ltr' id='par_1_13' title="bbox 264 1255 1627 1329">
     <span class='ocr_line' id='line_1_13' title="bbox 264 1255 1627 1329; baseline 0.003 -20"><span class='ocrx_word' id='word_1_83' title='bbox 264 1255 450 1327; x_wconf 90' lang='lat' dir='ltr'><strong>ptione</strong></span> <span class='ocrx_word' id='word_1_84' title='bbox 479 1257 672 1311; x_wconf 66' lang='lat' dir='ltr'><strong>animae</strong></span> <span class='ocrx_word' id='word_1_85' title='bbox 704 1274 836 1323; x_wconf 66' lang='lat' dir='ltr'><strong>suae,</strong></span> <span class='ocrx_word' id='word_1_86' title='bbox 864 1265 1125 1329; x_wconf 89' lang='lat' dir='ltr'><strong>perpetuo</strong></span> <span class='ocrx_word' id='word_1_87' title='bbox 1150 1259 1290 1329; x_wconf 86' lang='lat' dir='ltr'><strong>jure,</strong></span> <span class='ocrx_word' id='word_1_88' title='bbox 1323 1258 1627 1315; x_wconf 85' lang='lat' dir='ltr'><strong>transirent.</strong></span> 
     </span>
    </p>
   </div>
   <div class='ocr_carea' id='block_1_14' title="bbox 341 1345 1867 1419">
    <p class='ocr_par' dir='ltr' id='par_1_14' title="bbox 341 1345 1867 1419">
     <span class='ocr_line' id='line_1_14' title="bbox 341 1345 1867 1419; baseline 0.002 -20"><span class='ocrx_word' id='word_1_89' title='bbox 341 1345 624 1400; x_wconf 80' lang='lat' dir='ltr'><strong>Anselmus</strong></span> <span class='ocrx_word' id='word_1_90' title='bbox 652 1353 833 1400; x_wconf 89' lang='lat' dir='ltr'><strong>autem</strong></span> <span class='ocrx_word' id='word_1_91' title='bbox 866 1353 989 1417; x_wconf 91' lang='lat' dir='ltr'><strong>post</strong></span> <span class='ocrx_word' id='word_1_92' title='bbox 1030 1347 1147 1402; x_wconf 82' lang='lat' dir='ltr'><strong>haec</strong></span> <span class='ocrx_word' id='word_1_93' title='bbox 1193 1346 1247 1400; x_wconf 90' lang='lat' dir='ltr'><strong>in</strong></span> <span class='ocrx_word' id='word_1_94' title='bbox 1293 1346 1438 1402; x_wconf 80' lang='lat' dir='ltr'><strong>villis</strong></span> <span class='ocrx_word' id='word_1_95' title='bbox 1481 1348 1554 1403; x_wconf 89' lang='lat' dir='ltr'><strong>ad</strong></span> <span class='ocrx_word' id='word_1_96' title='bbox 1596 1347 1867 1419; x_wconf 87' lang='lat' dir='ltr'><strong>archiepi-</strong></span> 
     </span>
    </p>
   </div>
   <div class='ocr_carea' id='block_1_15' title="bbox 262 1434 1870 1508">
    <p class='ocr_par' dir='ltr' id='par_1_15' title="bbox 262 1434 1870 1508">
     <span class='ocr_line' id='line_1_15' title="bbox 262 1434 1870 1508; baseline 0.003 -21"><span class='ocrx_word' id='word_1_97' title='bbox 262 1442 551 1505; x_wconf 87' lang='lat' dir='ltr'><strong>scopatum</strong></span> <span class='ocrx_word' id='word_1_98' title='bbox 582 1434 968 1505; x_wconf 83' lang='lat' dir='ltr'><strong>pertinentibus</strong></span> <span class='ocrx_word' id='word_1_99' title='bbox 996 1450 1062 1490; x_wconf 83' lang='lat' dir='ltr'><strong>ex</strong></span> <span class='ocrx_word' id='word_1_100' title='bbox 1091 1444 1363 1506; x_wconf 77' lang='lat' dir='ltr'><strong>praecepto</strong></span> <span class='ocrx_word' id='word_1_101' title='bbox 1420 1435 1567 1508; x_wconf 84' lang='lat' dir='ltr'><strong>regis</strong></span> <span class='ocrx_word' id='word_1_102' title='bbox 1612 1437 1870 1492; x_wconf 88' lang='lat' dir='ltr'><strong>moraba-</strong></span> 
     </span>
    </p>
   </div>
   <div class='ocr_carea' id='block_1_16' title="bbox 263 1523 1871 1590">
    <p class='ocr_par' dir='ltr' id='par_1_16' title="bbox 263 1523 1871 1590">
     <span class='ocr_line' id='line_1_16' title="bbox 263 1523 1871 1590; baseline 0.002 -13"><span class='ocrx_word' id='word_1_103' title='bbox 263 1531 375 1590; x_wconf 88' lang='lat' dir='ltr'><strong>tur,</strong></span> <span class='ocrx_word' id='word_1_104' title='bbox 415 1532 768 1578; x_wconf 85' lang='lat' dir='ltr'><strong>conversante</strong></span> <span class='ocrx_word' id='word_1_105' title='bbox 806 1538 994 1579; x_wconf 87' lang='lat' dir='ltr'><strong>secum</strong></span> <span class='ocrx_word' id='word_1_106' title='bbox 1033 1538 1098 1579; x_wconf 87' lang='lat' dir='ltr'><strong>ac</strong></span> <span class='ocrx_word' id='word_1_107' title='bbox 1135 1523 1302 1579; x_wconf 86' lang='lat' dir='ltr'><strong>victui</strong></span> <span class='ocrx_word' id='word_1_108' title='bbox 1328 1540 1425 1579; x_wconf 89' lang='lat' dir='ltr'><strong>suo</strong></span> <span class='ocrx_word' id='word_1_109' title='bbox 1454 1524 1657 1580; x_wconf 84' lang='lat' dir='ltr'><strong>exinde</strong></span> <span class='ocrx_word' id='word_1_110' title='bbox 1676 1540 1871 1580; x_wconf 85' lang='lat' dir='ltr'><strong>neces-</strong></span> 
     </span>
    </p>
   </div>
   <div class='ocr_carea' id='block_1_17' title="bbox 261 1611 1871 1684">
    <p class='ocr_par' dir='ltr' id='par_1_17' title="bbox 261 1611 1871 1684">
     <span class='ocr_line' id='line_1_17' title="bbox 261 1611 1871 1684; baseline 0.002 -19"><span class='ocrx_word' id='word_1_111' title='bbox 261 1611 407 1665; x_wconf 84' lang='lat' dir='ltr'><strong>saria</strong></span> <span class='ocrx_word' id='word_1_112' title='bbox 437 1627 668 1684; x_wconf 65' lang='lat' dir='ltr'><strong>qua:an</strong></span> <span class='ocrx_word' id='word_1_113' title='bbox 698 1620 1019 1682; x_wconf 83' lang='lat' dir='ltr'><strong>prccuranle</strong></span> <span class='ocrx_word' id='word_1_114' title='bbox 1048 1612 1351 1668; x_wconf 80' lang='lat' dir='ltr'><strong>venerabili</strong></span> <span class='ocrx_word' id='word_1_115' title='bbox 1380 1612 1710 1684; x_wconf 87' lang='lat' dir='ltr'><strong>Gundulpho</strong></span> <span class='ocrx_word' id='word_1_116' title='bbox 1732 1614 1871 1669; x_wconf 79' lang='lat' dir='ltr'><strong>Rof-</strong></span> 
     </span>
    </p>
   </div>
   <div class='ocr_carea' id='block_1_18' title="bbox 262 1700 822 1771">
    <p class='ocr_par' dir='ltr' id='par_1_18' title="bbox 262 1700 822 1771">
     <span class='ocr_line' id='line_1_18' title="bbox 262 1700 822 1771; baseline -0.002 -17"><span class='ocrx_word' id='word_1_117' title='bbox 262 1700 411 1755; x_wconf 84' lang='lat' dir='ltr'><strong>fensi</strong></span> <span class='ocrx_word' id='word_1_118' title='bbox 444 1700 697 1771; x_wconf 88' lang='lat' dir='ltr'><strong>episcopo</strong></span> <span class='ocrx_word' id='word_1_119' title='bbox 723 1701 822 1771; x_wconf 80' lang='grc' dir='ltr'><strong>(ά).</strong></span> 
     </span>
    </p>
   </div>
   <div class='ocr_carea' id='block_1_19' title="bbox 1980 543 3583 620">
    <p class='ocr_par' dir='ltr' id='par_1_19' title="bbox 1980 543 3583 620">
     <span class='ocr_line' id='line_1_19' title="bbox 1980 543 3583 620; baseline 0.003 -22"><span class='ocrx_word' id='word_1_120' title='bbox 1980 559 2141 615; x_wconf 90' lang='lat' dir='ltr'><strong>quam</strong></span> <span class='ocrx_word' id='word_1_121' title='bbox 2173 543 2291 617; x_wconf 86' lang='lat' dir='ltr'><strong>regi</strong></span> <span class='ocrx_word' id='word_1_122' title='bbox 2316 561 2427 602; x_wconf 67' lang='lat' dir='ltr'><strong>sua:</strong></span> <span class='ocrx_word' id='word_1_123' title='bbox 2456 554 2581 601; x_wconf 90' lang='lat' dir='ltr'><strong>sunt</strong></span> <span class='ocrx_word' id='word_1_124' title='bbox 2608 545 2801 603; x_wconf 71' lang='lat' dir='ltr'><strong>allatze.</strong></span> <span class='ocrx_word' id='word_1_125' title='bbox 2836 548 2978 603; x_wconf 90' lang='lat' dir='ltr'><strong>Inter</strong></span> <span class='ocrx_word' id='word_1_126' title='bbox 3032 549 3168 618; x_wconf 75' lang='lat' dir='ltr'><strong>haec,</strong></span> <span class='ocrx_word' id='word_1_127' title='bbox 3223 549 3382 620; x_wconf 83' lang='lat' dir='ltr'><strong>juxta</strong></span> <span class='ocrx_word' id='word_1_128' title='bbox 3435 547 3583 618; x_wconf 89' lang='lat' dir='ltr'><strong>quod</strong></span> 
     </span>
    </p>
   </div>
   <div class='ocr_carea' id='block_1_20' title="bbox 1978 634 3576 705">
    <p class='ocr_par' dir='ltr' id='par_1_20' title="bbox 1978 634 3576 705">
     <span class='ocr_line' id='line_1_20' title="bbox 1978 634 3576 705; baseline 0.003 -18"><span class='ocrx_word' id='word_1_129' title='bbox 1978 634 2268 688; x_wconf 80' lang='lat' dir='ltr'><strong>Anselmus</strong></span> <span class='ocrx_word' id='word_1_130' title='bbox 2297 634 2648 705; x_wconf 72' lang='lat' dir='ltr'><strong>praedixerat,</strong></span> <span class='ocrx_word' id='word_1_131' title='bbox 2683 651 2779 690; x_wconf 85' lang='lat' dir='ltr'><strong>rex</strong></span> <span class='ocrx_word' id='word_1_132' title='bbox 2810 636 2878 692; x_wconf 89' lang='lat' dir='ltr'><strong>ab</strong></span> <span class='ocrx_word' id='word_1_133' title='bbox 2909 636 3221 693; x_wconf 79' lang='lat' dir='ltr'><strong>infirmitate</strong></span> <span class='ocrx_word' id='word_1_134' title='bbox 3277 636 3576 694; x_wconf 88' lang='lat' dir='ltr'><strong>convaluit.</strong></span> 
     </span>
    </p>
   </div>
   <div class='ocr_carea' id='block_1_21' title="bbox 1980 721 3579 798">
    <p class='ocr_par' dir='ltr' id='par_1_21' title="bbox 1980 721 3579 798">
     <span class='ocr_line' id='line_1_21' title="bbox 1980 721 3579 798; baseline 0.004 -23"><span class='ocrx_word' id='word_1_135' title='bbox 1980 722 2105 775; x_wconf 82' lang='lat' dir='ltr'><strong>Mox</strong></span> <span class='ocrx_word' id='word_1_136' title='bbox 2169 721 2335 794; x_wconf 82' lang='lat' dir='ltr'><strong>igitur</strong></span> <span class='ocrx_word' id='word_1_137' title='bbox 2396 732 2591 780; x_wconf 88' lang='lat' dir='ltr'><strong>cuncta</strong></span> <span class='ocrx_word' id='word_1_138' title='bbox 2654 740 2778 798; x_wconf 69' lang='lat' dir='ltr'><strong>quae</strong></span> <span class='ocrx_word' id='word_1_139' title='bbox 2841 723 3087 780; x_wconf 85' lang='lat' dir='ltr'><strong>inﬁrmus</strong></span> <span class='ocrx_word' id='word_1_140' title='bbox 3143 733 3404 781; x_wconf 88' lang='lat' dir='ltr'><strong>statuerat</strong></span> <span class='ocrx_word' id='word_1_141' title='bbox 3430 724 3579 795; x_wconf 86' lang='lat' dir='ltr'><strong>boni,</strong></span> 
     </span>
    </p>
   </div>
   <div class='ocr_carea' id='block_1_22' title="bbox 1980 810 3579 886">
    <p class='ocr_par' dir='ltr' id='par_1_22' title="bbox 1980 810 3579 886">
     <span class='ocr_line' id='line_1_22' title="bbox 1980 810 3579 886; baseline 0.003 -22"><span class='ocrx_word' id='word_1_142' title='bbox 1980 810 2250 879; x_wconf 85' lang='lat' dir='ltr'><strong>dissolvit,</strong></span> <span class='ocrx_word' id='word_1_143' title='bbox 2291 820 2345 866; x_wconf 91' lang='lat' dir='ltr'><strong>et</strong></span> <span class='ocrx_word' id='word_1_144' title='bbox 2381 811 2529 867; x_wconf 90' lang='lat' dir='ltr'><strong>irrita</strong></span> <span class='ocrx_word' id='word_1_145' title='bbox 2565 828 2685 868; x_wconf 84' lang='lat' dir='ltr'><strong>esse</strong></span> <span class='ocrx_word' id='word_1_146' title='bbox 2735 813 3012 885; x_wconf 69' lang='lat' dir='ltr'><strong>praecepit.</strong></span> <span class='ocrx_word' id='word_1_147' title='bbox 3082 815 3293 885; x_wconf 85' lang='lat' dir='ltr'><strong>Captivi</strong></span> <span class='ocrx_word' id='word_1_148' title='bbox 3358 831 3579 886; x_wconf 90' lang='lat' dir='ltr'><strong>nempe,</strong></span> 
     </span>
    </p>
   </div>
   <div class='ocr_carea' id='block_1_23' title="bbox 1981 897 3581 973">
    <p class='ocr_par' dir='ltr' id='par_1_23' title="bbox 1981 897 3581 973">
     <span class='ocr_line' id='line_1_23' title="bbox 1981 897 3581 973; baseline 0.002 -19"><span class='ocrx_word' id='word_1_149' title='bbox 1981 897 2070 970; x_wconf 86' lang='lat' dir='ltr'><strong>qui</strong></span> <span class='ocrx_word' id='word_1_150' title='bbox 2098 899 2339 955; x_wconf 89' lang='lat' dir='ltr'><strong>nondum</strong></span> <span class='ocrx_word' id='word_1_151' title='bbox 2368 899 2581 956; x_wconf 79' lang='lat' dir='ltr'><strong>fuerant</strong></span> <span class='ocrx_word' id='word_1_152' title='bbox 2607 900 2840 971; x_wconf 86' lang='lat' dir='ltr'><strong>dimissi,</strong></span> <span class='ocrx_word' id='word_1_153' title='bbox 2867 902 3025 973; x_wconf 89' lang='lat' dir='ltr'><strong>jussit</strong></span> <span class='ocrx_word' id='word_1_154' title='bbox 3078 911 3137 958; x_wconf 87' lang='lat' dir='ltr'><strong>ut</strong></span> <span class='ocrx_word' id='word_1_155' title='bbox 3189 902 3388 960; x_wconf 83' lang='lat' dir='ltr'><strong>arctius</strong></span> <span class='ocrx_word' id='word_1_156' title='bbox 3419 901 3581 958; x_wconf 89' lang='lat' dir='ltr'><strong>solito</strong></span> 
     </span>
    </p>
   </div>
   <div class='ocr_carea' id='block_1_24' title="bbox 1979 988 3583 1062">
    <p class='ocr_par' dir='ltr' id='par_1_24' title="bbox 1979 988 3583 1062">
     <span class='ocr_line' id='line_1_24' title="bbox 1979 988 3583 1062; baseline 0.001 -19"><span class='ocrx_word' id='word_1_157' title='bbox 1979 988 2409 1051; x_wconf 88' lang='lat' dir='ltr'><strong>custodirentur;</strong></span> <span class='ocrx_word' id='word_1_158' title='bbox 2443 989 2676 1057; x_wconf 90' lang='lat' dir='ltr'><strong>dimissi,</strong></span> <span class='ocrx_word' id='word_1_159' title='bbox 2709 990 2757 1045; x_wconf 89' lang='lat' dir='ltr'><strong>si</strong></span> <span class='ocrx_word' id='word_1_160' title='bbox 2788 990 2908 1061; x_wconf 90' lang='lat' dir='ltr'><strong>capi</strong></span> <span class='ocrx_word' id='word_1_161' title='bbox 2938 999 3178 1062; x_wconf 89' lang='lat' dir='ltr'><strong>possent,</strong></span> <span class='ocrx_word' id='word_1_162' title='bbox 3235 990 3583 1047; x_wconf 85' lang='lat' dir='ltr'><strong>recluderen—</strong></span> 
     </span>
    </p>
   </div>
   <div class='ocr_carea' id='block_1_25' title="bbox 1979 1078 3587 1153">
    <p class='ocr_par' dir='ltr' id='par_1_25' title="bbox 1979 1078 3587 1153">
     <span class='ocr_line' id='line_1_25' title="bbox 1979 1078 3587 1153; baseline 0.002 -21"><span class='ocrx_word' id='word_1_163' title='bbox 1979 1085 2086 1146; x_wconf 87' lang='lat' dir='ltr'><strong>tur,</strong></span> <span class='ocrx_word' id='word_1_164' title='bbox 2119 1078 2341 1150; x_wconf 88' lang='lat' dir='ltr'><strong>antiqua</strong></span> <span class='ocrx_word' id='word_1_165' title='bbox 2366 1078 2594 1151; x_wconf 85' lang='lat' dir='ltr'><strong>jamque</strong></span> <span class='ocrx_word' id='word_1_166' title='bbox 2625 1079 2825 1134; x_wconf 86' lang='lat' dir='ltr'><strong>donata</strong></span> <span class='ocrx_word' id='word_1_167' title='bbox 2853 1079 3038 1135; x_wconf 88' lang='lat' dir='ltr'><strong>debita</strong></span> <span class='ocrx_word' id='word_1_168' title='bbox 3062 1078 3116 1135; x_wconf 89' lang='lat' dir='ltr'><strong>in</strong></span> <span class='ocrx_word' id='word_1_169' title='bbox 3160 1080 3435 1153; x_wconf 85' lang='lat' dir='ltr'><strong>integrum</strong></span> <span class='ocrx_word' id='word_1_170' title='bbox 3464 1079 3587 1135; x_wconf 81' lang='lat' dir='ltr'><strong>exi-</strong></span> 
     </span>
    </p>
   </div>
   <div class='ocr_carea' id='block_1_26' title="bbox 1978 1165 3585 1240">
    <p class='ocr_par' dir='ltr' id='par_1_26' title="bbox 1978 1165 3585 1240">
     <span class='ocr_line' id='line_1_26' title="bbox 1978 1165 3585 1240; baseline 0.001 -19"><span class='ocrx_word' id='word_1_171' title='bbox 1978 1173 2270 1237; x_wconf 77' lang='lat' dir='ltr'><strong>gerentur;</strong></span> <span class='ocrx_word' id='word_1_172' title='bbox 2304 1165 2498 1238; x_wconf 86' lang='lat' dir='ltr'><strong>placita</strong></span> <span class='ocrx_word' id='word_1_173' title='bbox 2527 1174 2583 1223; x_wconf 89' lang='lat' dir='ltr'><strong>et</strong></span> <span class='ocrx_word' id='word_1_174' title='bbox 2608 1166 2934 1224; x_wconf 76' lang='lat' dir='ltr'><strong>offensiones</strong></span> <span class='ocrx_word' id='word_1_175' title='bbox 2964 1168 3017 1223; x_wconf 92' lang='lat' dir='ltr'><strong>in</strong></span> <span class='ocrx_word' id='word_1_176' title='bbox 3046 1169 3329 1240; x_wconf 89' lang='lat' dir='ltr'><strong>pristinum</strong></span> <span class='ocrx_word' id='word_1_177' title='bbox 3383 1172 3585 1224; x_wconf 86' lang='lat' dir='ltr'><strong>statum</strong></span> 
     </span>
    </p>
   </div>
   <div class='ocr_carea' id='block_1_27' title="bbox 1979 1255 3583 1328">
    <p class='ocr_par' dir='ltr' id='par_1_27' title="bbox 1979 1255 3583 1328">
     <span class='ocr_line' id='line_1_27' title="bbox 1979 1255 3583 1328; baseline 0.001 -18"><span class='ocrx_word' id='word_1_178' title='bbox 1979 1263 2405 1325; x_wconf 85' lang='lat' dir='ltr'><strong>revocarentur;</strong></span> <span class='ocrx_word' id='word_1_179' title='bbox 2438 1255 2761 1327; x_wconf 90' lang='lat' dir='ltr'><strong>illorumque</strong></span> <span class='ocrx_word' id='word_1_180' title='bbox 2782 1256 3016 1326; x_wconf 89' lang='lat' dir='ltr'><strong>judicio,</strong></span> <span class='ocrx_word' id='word_1_181' title='bbox 3047 1256 3143 1328; x_wconf 88' lang='lat' dir='ltr'><strong>qui</strong></span> <span class='ocrx_word' id='word_1_182' title='bbox 3165 1257 3426 1328; x_wconf 85' lang='lat' dir='ltr'><strong>justitiam</strong></span> <span class='ocrx_word' id='word_1_183' title='bbox 3448 1256 3583 1312; x_wconf 90' lang='lat' dir='ltr'><strong>sub-</strong></span> 
     </span>
    </p>
   </div>
   <div class='ocr_carea' id='block_1_28' title="bbox 1978 1344 3583 1417">
    <p class='ocr_par' dir='ltr' id='par_1_28' title="bbox 1978 1344 3583 1417">
     <span class='ocr_line' id='line_1_28' title="bbox 1978 1344 3583 1417; baseline 0.002 -20"><span class='ocrx_word' id='word_1_184' title='bbox 1978 1348 2197 1399; x_wconf 85' lang='lat' dir='ltr'><strong>vertere</strong></span> <span class='ocrx_word' id='word_1_185' title='bbox 2252 1345 2426 1417; x_wconf 89' lang='lat' dir='ltr'><strong>magis</strong></span> <span class='ocrx_word' id='word_1_186' title='bbox 2478 1361 2643 1417; x_wconf 90' lang='lat' dir='ltr'><strong>quam</strong></span> <span class='ocrx_word' id='word_1_187' title='bbox 2698 1345 2834 1401; x_wconf 89' lang='lat' dir='ltr'><strong>tueri</strong></span> <span class='ocrx_word' id='word_1_188' title='bbox 2891 1344 3250 1403; x_wconf 86' lang='lat' dir='ltr'><strong>defendereve</strong></span> <span class='ocrx_word' id='word_1_189' title='bbox 3302 1345 3583 1414; x_wconf 85' lang='lat' dir='ltr'><strong>curabant,</strong></span> 
     </span>
    </p>
   </div>
   <div class='ocr_carea' id='block_1_29' title="bbox 1981 1433 3581 1507">
    <p class='ocr_par' dir='ltr' id='par_1_29' title="bbox 1981 1433 3581 1507">
     <span class='ocr_line' id='line_1_29' title="bbox 1981 1433 3581 1507; baseline 0.001 -20"><span class='ocrx_word' id='word_1_190' title='bbox 1981 1440 2338 1489; x_wconf 87' lang='lat' dir='ltr'><strong>tractarentur</strong></span> <span class='ocrx_word' id='word_1_191' title='bbox 2363 1441 2417 1489; x_wconf 91' lang='lat' dir='ltr'><strong>et</strong></span> <span class='ocrx_word' id='word_1_192' title='bbox 2444 1433 2900 1503; x_wconf 83' lang='lat' dir='ltr'><strong>examinarentur,</strong></span> <span class='ocrx_word' id='word_1_193' title='bbox 2933 1435 3004 1490; x_wconf 91' lang='lat' dir='ltr'><strong>ad</strong></span> <span class='ocrx_word' id='word_1_194' title='bbox 3035 1435 3364 1491; x_wconf 83' lang='lat' dir='ltr'><strong>miserorum</strong></span> <span class='ocrx_word' id='word_1_195' title='bbox 3391 1433 3581 1507; x_wconf 91' lang='lat' dir='ltr'><strong>utique</strong></span> 
     </span>
    </p>
   </div>
   <div class='ocr_carea' id='block_1_30' title="bbox 1977 1521 3577 1594">
    <p class='ocr_par' dir='ltr' id='par_1_30' title="bbox 1977 1521 3577 1594">
     <span class='ocr_line' id='line_1_30' title="bbox 1977 1521 3577 1594; baseline 0 -17"><span class='ocrx_word' id='word_1_196' title='bbox 1977 1521 2386 1592; x_wconf 85' lang='lat' dir='ltr'><strong>Oppressionem</strong></span> <span class='ocrx_word' id='word_1_197' title='bbox 2416 1529 2470 1577; x_wconf 90' lang='lat' dir='ltr'><strong>et</strong></span> <span class='ocrx_word' id='word_1_198' title='bbox 2494 1521 2745 1593; x_wconf 68' lang='lat' dir='ltr'><strong>pecunim</strong></span> <span class='ocrx_word' id='word_1_199' title='bbox 2771 1522 3130 1579; x_wconf 87' lang='lat' dir='ltr'><strong>directionem</strong></span> <span class='ocrx_word' id='word_1_200' title='bbox 3186 1522 3371 1594; x_wconf 88' lang='lat' dir='ltr'><strong>potius</strong></span> <span class='ocrx_word' id='word_1_201' title='bbox 3411 1536 3577 1594; x_wconf 86' lang='lat' dir='ltr'><strong>quam</strong></span> 
     </span>
    </p>
   </div>
   <div class='ocr_carea' id='block_1_31' title="bbox 1977 1610 3585 1683">
    <p class='ocr_par' dir='ltr' id='par_1_31' title="bbox 1977 1610 3585 1683">
     <span class='ocr_line' id='line_1_31' title="bbox 1977 1610 3585 1683; baseline 0.001 -19"><span class='ocrx_word' id='word_1_202' title='bbox 1977 1610 2045 1665; x_wconf 86' lang='lat' dir='ltr'><strong>ad</strong></span> <span class='ocrx_word' id='word_1_203' title='bbox 2074 1610 2308 1680; x_wconf 88' lang='lat' dir='ltr'><strong>alicujus</strong></span> <span class='ocrx_word' id='word_1_204' title='bbox 2338 1611 2545 1682; x_wconf 88' lang='lat' dir='ltr'><strong>peccati</strong></span> <span class='ocrx_word' id='word_1_205' title='bbox 2575 1610 2987 1667; x_wconf 86' lang='lat' dir='ltr'><strong>correctionem.</strong></span> <span class='ocrx_word' id='word_1_206' title='bbox 3022 1611 3154 1667; x_wconf 91' lang='lat' dir='ltr'><strong>Orta</strong></span> <span class='ocrx_word' id='word_1_207' title='bbox 3179 1619 3261 1667; x_wconf 90' lang='lat' dir='ltr'><strong>est</strong></span> <span class='ocrx_word' id='word_1_208' title='bbox 3287 1626 3422 1683; x_wconf 88' lang='lat' dir='ltr'><strong>ergo</strong></span> <span class='ocrx_word' id='word_1_209' title='bbox 3470 1618 3585 1666; x_wconf 87' lang='lat' dir='ltr'><strong>tam</strong></span> 
     </span>
    </p>
   </div>
   <div class='ocr_carea' id='block_1_32' title="bbox 1975 1698 3583 1773">
    <p class='ocr_par' dir='ltr' id='par_1_32' title="bbox 1975 1698 3583 1773">
     <span class='ocr_line' id='line_1_32' title="bbox 1975 1698 3583 1773; baseline 0.001 -20"><span class='ocrx_word' id='word_1_210' title='bbox 1975 1707 2130 1754; x_wconf 90' lang='lat' dir='ltr'><strong>vasta</strong></span> <span class='ocrx_word' id='word_1_211' title='bbox 2160 1698 2379 1754; x_wconf 90' lang='lat' dir='ltr'><strong>miseria</strong></span> <span class='ocrx_word' id='word_1_212' title='bbox 2406 1699 2715 1772; x_wconf 88' lang='lat' dir='ltr'><strong>miseraque</strong></span> <span class='ocrx_word' id='word_1_213' title='bbox 2743 1700 2970 1756; x_wconf 84' lang='lat' dir='ltr'><strong>vastatio</strong></span> <span class='ocrx_word' id='word_1_214' title='bbox 3000 1716 3100 1772; x_wconf 90' lang='lat' dir='ltr'><strong>per</strong></span> <span class='ocrx_word' id='word_1_215' title='bbox 3128 1708 3298 1756; x_wconf 91' lang='lat' dir='ltr'><strong>totum</strong></span> <span class='ocrx_word' id='word_1_216' title='bbox 3329 1715 3583 1773; x_wconf 81' lang='lat' dir='ltr'><strong>regnum,</strong></span> 
     </span>
    </p>
   </div>
   <div class='ocr_carea' id='block_1_33' title="bbox 340 1786 3588 1875">
    <p class='ocr_par' dir='ltr' id='par_1_33' title="bbox 340 1786 3588 1875">
     <span class='ocr_line' id='line_1_33' title="bbox 340 1786 3588 1875; baseline 0 -33"><span class='ocrx_word' id='word_1_217' title='bbox 340 1790 552 1844; x_wconf 85' lang='lat' dir='ltr'><strong>Interea</strong></span> <span class='ocrx_word' id='word_1_218' title='bbox 583 1788 737 1843; x_wconf 88' lang='lat' dir='ltr'><strong>missi</strong></span> <span class='ocrx_word' id='word_1_219' title='bbox 767 1796 894 1844; x_wconf 87' lang='lat' dir='ltr'><strong>sunt</strong></span> <span class='ocrx_word' id='word_1_220' title='bbox 924 1805 955 1844; x_wconf 90' lang='lat' dir='ltr'><strong>a</strong></span> <span class='ocrx_word' id='word_1_221' title='bbox 986 1805 1117 1862; x_wconf 86' lang='lat' dir='ltr'><strong>rege</strong></span> <span class='ocrx_word' id='word_1_222' title='bbox 1174 1790 1344 1845; x_wconf 90' lang='lat' dir='ltr'><strong>nuntii</strong></span> <span class='ocrx_word' id='word_1_223' title='bbox 1400 1807 1523 1846; x_wconf 92' lang='lat' dir='ltr'><strong>cum</strong></span> <span class='ocrx_word' id='word_1_224' title='bbox 1578 1790 1768 1846; x_wconf 88' lang='lat' dir='ltr'><strong>litteris</strong></span> <span class='ocrx_word' id='word_1_225' title='bbox 1815 1790 1868 1845; x_wconf 92' lang='lat' dir='ltr'><strong>in</strong></span> <span class='ocrx_word' id='word_1_226' title='bbox 1898 1811 1955 1875; x_wconf 82' lang='grc' dir='ltr'>Β</span> <span class='ocrx_word' id='word_1_227' title='bbox 1980 1795 2035 1842; x_wconf 92' lang='lat' dir='ltr'><strong>ut</strong></span> <span class='ocrx_word' id='word_1_228' title='bbox 2064 1786 2157 1859; x_wconf 91' lang='lat' dir='ltr'><strong>qui</strong></span> <span class='ocrx_word' id='word_1_229' title='bbox 2187 1787 2331 1843; x_wconf 90' lang='lat' dir='ltr'><strong>illius</strong></span> <span class='ocrx_word' id='word_1_230' title='bbox 2358 1788 2677 1843; x_wconf 90' lang='lat' dir='ltr'><strong>recordatur</strong></span> <span class='ocrx_word' id='word_1_231' title='bbox 2704 1803 2889 1859; x_wconf 89' lang='lat' dir='ltr'><strong>parem</strong></span> <span class='ocrx_word' id='word_1_232' title='bbox 2919 1804 2980 1845; x_wconf 87' lang='lat' dir='ltr'><strong>se</strong></span> <span class='ocrx_word' id='word_1_233' title='bbox 3016 1787 3068 1844; x_wconf 90' lang='lat' dir='ltr'><strong>ei</strong></span> <span class='ocrx_word' id='word_1_234' title='bbox 3124 1797 3249 1845; x_wconf 87' lang='lat' dir='ltr'><strong>ante</strong></span> <span class='ocrx_word' id='word_1_235' title='bbox 3306 1788 3450 1845; x_wconf 87' lang='lat' dir='ltr'><strong>hanc</strong></span> <span class='ocrx_word' id='word_1_236' title='bbox 3504 1788 3588 1844; x_wconf 82' lang='lat' dir='ltr'><strong>vi-</strong></span> 
     </span>
    </p>
   </div>
   <div class='ocr_carea' id='block_1_34' title="bbox 258 1877 1870 1949">
    <p class='ocr_par' dir='ltr' id='par_1_34' title="bbox 258 1877 1870 1949">
     <span class='ocr_line' id='line_1_34' title="bbox 258 1877 1870 1949; baseline 0.001 -16"><span class='ocrx_word' id='word_1_237' title='bbox 258 1877 718 1933; x_wconf 83' lang='lat' dir='ltr'><strong>Northmanniam</strong></span> <span class='ocrx_word' id='word_1_238' title='bbox 752 1877 819 1932; x_wconf 90' lang='lat' dir='ltr'><strong>ad</strong></span> <span class='ocrx_word' id='word_1_239' title='bbox 850 1877 1126 1946; x_wconf 88' lang='lat' dir='ltr'><strong>comitem,</strong></span> <span class='ocrx_word' id='word_1_240' title='bbox 1184 1880 1253 1933; x_wconf 92' lang='lat' dir='ltr'><strong>ad</strong></span> <span class='ocrx_word' id='word_1_241' title='bbox 1303 1878 1611 1949; x_wconf 85' lang='lat' dir='ltr'><strong>pontificem</strong></span> <span class='ocrx_word' id='word_1_242' title='bbox 1660 1881 1870 1936; x_wconf 84' lang='lat' dir='ltr'><strong>Rotho-</strong></span> 
     </span>
    </p>
   </div>
   <div class='ocr_carea' id='block_1_35' title="bbox 260 1966 1873 2039">
    <p class='ocr_par' dir='ltr' id='par_1_35' title="bbox 260 1966 1873 2039">
     <span class='ocr_line' id='line_1_35' title="bbox 260 1966 1873 2039; baseline 0.003 -20"><span class='ocrx_word' id='word_1_243' title='bbox 260 1982 610 2037; x_wconf 87' lang='lat' dir='ltr'><strong>magensem,</strong></span> <span class='ocrx_word' id='word_1_244' title='bbox 653 1966 723 2021; x_wconf 89' lang='lat' dir='ltr'><strong>ad</strong></span> <span class='ocrx_word' id='word_1_245' title='bbox 761 1968 1065 2021; x_wconf 85' lang='lat' dir='ltr'><strong>monachos</strong></span> <span class='ocrx_word' id='word_1_246' title='bbox 1104 1967 1419 2036; x_wconf 86' lang='lat' dir='ltr'><strong>Beccenses,</strong></span> <span class='ocrx_word' id='word_1_247' title='bbox 1476 1976 1739 2039; x_wconf 86' lang='lat' dir='ltr'><strong>quatenus</strong></span> <span class='ocrx_word' id='word_1_248' title='bbox 1788 1969 1873 2024; x_wconf 92' lang='lat' dir='ltr'><strong>his</strong></span> 
     </span>
    </p>
   </div>
   <div class='ocr_carea' id='block_1_36' title="bbox 258 2054 1870 2130">
    <p class='ocr_par' dir='ltr' id='par_1_36' title="bbox 258 2054 1870 2130">
     <span class='ocr_line' id='line_1_36' title="bbox 258 2054 1870 2130; baseline 0.003 -23"><span class='ocrx_word' id='word_1_249' title='bbox 258 2071 386 2126; x_wconf 68' lang='lat' dir='ltr'><strong>qua)</strong></span> <span class='ocrx_word' id='word_1_250' title='bbox 445 2054 500 2108; x_wconf 84' lang='lat' dir='ltr'><strong>in</strong></span> <span class='ocrx_word' id='word_1_251' title='bbox 552 2054 748 2126; x_wconf 82' lang='lat' dir='ltr'><strong>Anglia</strong></span> <span class='ocrx_word' id='word_1_252' title='bbox 803 2054 870 2109; x_wconf 89' lang='lat' dir='ltr'><strong>de</strong></span> <span class='ocrx_word' id='word_1_253' title='bbox 927 2054 1124 2110; x_wconf 87' lang='lat' dir='ltr'><strong>abbate</strong></span> <span class='ocrx_word' id='word_1_254' title='bbox 1172 2056 1423 2111; x_wconf 81' lang='lat' dir='ltr'><strong>Beccensi</strong></span> <span class='ocrx_word' id='word_1_255' title='bbox 1453 2061 1607 2130; x_wconf 87' lang='lat' dir='ltr'><strong>gesta</strong></span> <span class='ocrx_word' id='word_1_256' title='bbox 1636 2056 1870 2125; x_wconf 83' lang='lat' dir='ltr'><strong>fuerant,</strong></span> 
     </span>
    </p>
   </div>
   <div class='ocr_carea' id='block_1_37' title="bbox 258 2141 1870 2215">
    <p class='ocr_par' dir='ltr' id='par_1_37' title="bbox 258 2141 1870 2215">
     <span class='ocr_line' id='line_1_37' title="bbox 258 2141 1870 2215; baseline 0.003 -19"><span class='ocrx_word' id='word_1_257' title='bbox 258 2141 467 2214; x_wconf 80' lang='lat' dir='ltr'><strong>singuli</strong></span> <span class='ocrx_word' id='word_1_258' title='bbox 501 2150 755 2213; x_wconf 88' lang='lat' dir='ltr'><strong>quantum</strong></span> <span class='ocrx_word' id='word_1_259' title='bbox 788 2157 885 2196; x_wconf 91' lang='lat' dir='ltr'><strong>sua</strong></span> <span class='ocrx_word' id='word_1_260' title='bbox 915 2143 1168 2198; x_wconf 87' lang='lat' dir='ltr'><strong>intererat</strong></span> <span class='ocrx_word' id='word_1_261' title='bbox 1220 2159 1495 2200; x_wconf 90' lang='lat' dir='ltr'><strong>assensum</strong></span> <span class='ocrx_word' id='word_1_262' title='bbox 1545 2145 1870 2215; x_wconf 56' lang='lat' dir='ltr'><strong>praeberent.</strong></span> 
     </span>
    </p>
   </div>
   <div class='ocr_carea' id='block_1_38' title="bbox 260 2232 1874 2305">
    <p class='ocr_par' dir='ltr' id='par_1_38' title="bbox 260 2232 1874 2305">
     <span class='ocr_line' id='line_1_38' title="bbox 260 2232 1874 2305; baseline 0.001 -18"><span class='ocrx_word' id='word_1_263' title='bbox 260 2232 375 2287; x_wconf 88' lang='lat' dir='ltr'><strong>Sed</strong></span> <span class='ocrx_word' id='word_1_264' title='bbox 404 2232 576 2302; x_wconf 76' lang='lat' dir='ltr'><strong>quid?</strong></span> <span class='ocrx_word' id='word_1_265' title='bbox 610 2232 841 2286; x_wconf 88' lang='lat' dir='ltr'><strong>Plurima</strong></span> <span class='ocrx_word' id='word_1_266' title='bbox 872 2232 926 2285; x_wconf 88' lang='lat' dir='ltr'><strong>in</strong></span> <span class='ocrx_word' id='word_1_267' title='bbox 967 2233 1107 2288; x_wconf 90' lang='lat' dir='ltr'><strong>hunc</strong></span> <span class='ocrx_word' id='word_1_268' title='bbox 1135 2233 1353 2288; x_wconf 84' lang='lat' dir='ltr'><strong>modum</strong></span> <span class='ocrx_word' id='word_1_269' title='bbox 1400 2242 1520 2289; x_wconf 88' lang='lat' dir='ltr'><strong>acta</strong></span> <span class='ocrx_word' id='word_1_270' title='bbox 1567 2234 1701 2288; x_wconf 92' lang='lat' dir='ltr'><strong>nihil</strong></span> <span class='ocrx_word' id='word_1_271' title='bbox 1728 2235 1874 2305; x_wconf 89' lang='lat' dir='ltr'><strong>apud</strong></span> 
     </span>
    </p>
   </div>
   <div class='ocr_carea' id='block_1_39' title="bbox 260 2320 1875 2392">
    <p class='ocr_par' dir='ltr' id='par_1_39' title="bbox 260 2320 1875 2392">
     <span class='ocr_line' id='line_1_39' title="bbox 260 2320 1875 2392; baseline 0.002 -17"><span class='ocrx_word' id='word_1_272' title='bbox 260 2336 366 2375; x_wconf 88' lang='lat' dir='ltr'><strong>eos</strong></span> <span class='ocrx_word' id='word_1_273' title='bbox 393 2320 754 2391; x_wconf 77' lang='lat' dir='ltr'><strong>profecerunt,</strong></span> <span class='ocrx_word' id='word_1_274' title='bbox 787 2321 1033 2374; x_wconf 86' lang='lat' dir='ltr'><strong>Tandem</strong></span> <span class='ocrx_word' id='word_1_275' title='bbox 1064 2329 1245 2375; x_wconf 89' lang='lat' dir='ltr'><strong>tamen</strong></span> <span class='ocrx_word' id='word_1_276' title='bbox 1301 2322 1613 2392; x_wconf 88' lang='lat' dir='ltr'><strong>importuna</strong></span> <span class='ocrx_word' id='word_1_277' title='bbox 1664 2323 1875 2379; x_wconf 87' lang='lat' dir='ltr'><strong>ratione</strong></span> 
     </span>
    </p>
   </div>
   <div class='ocr_carea' id='block_1_40' title="bbox 261 2408 1872 2479">
    <p class='ocr_par' dir='ltr' id='par_1_40' title="bbox 261 2408 1872 2479">
     <span class='ocr_line' id='line_1_40' title="bbox 261 2408 1872 2479; baseline 0.001 -15"><span class='ocrx_word' id='word_1_278' title='bbox 261 2424 331 2464; x_wconf 86' lang='lat' dir='ltr'><strong>ac</strong></span> <span class='ocrx_word' id='word_1_279' title='bbox 356 2408 659 2463; x_wconf 86' lang='lat' dir='ltr'><strong>rationabili</strong></span> <span class='ocrx_word' id='word_1_280' title='bbox 695 2409 1118 2479; x_wconf 88' lang='lat' dir='ltr'><strong>importunitate.</strong></span> <span class='ocrx_word' id='word_1_281' title='bbox 1143 2410 1258 2464; x_wconf 90' lang='lat' dir='ltr'><strong>Deo</strong></span> <span class='ocrx_word' id='word_1_282' title='bbox 1280 2410 1618 2479; x_wconf 86' lang='lat' dir='ltr'><strong>disponente,</strong></span> <span class='ocrx_word' id='word_1_283' title='bbox 1655 2410 1872 2479; x_wconf 89' lang='lat' dir='ltr'><strong>devicti,</strong></span> 
     </span>
    </p>
   </div>
   <div class='ocr_carea' id='block_1_41' title="bbox 260 2497 1872 2570">
    <p class='ocr_par' dir='ltr' id='par_1_41' title="bbox 260 2497 1872 2570">
     <span class='ocr_line' id='line_1_41' title="bbox 260 2497 1872 2570; baseline 0.001 -19"><span class='ocrx_word' id='word_1_284' title='bbox 260 2514 388 2570; x_wconf 67' lang='lat' dir='ltr'><strong>quae</strong></span> <span class='ocrx_word' id='word_1_285' title='bbox 420 2498 489 2552; x_wconf 91' lang='lat' dir='ltr'><strong>de</strong></span> <span class='ocrx_word' id='word_1_286' title='bbox 513 2497 788 2566; x_wconf 84' lang='lat' dir='ltr'><strong>Anselmo,</strong></span> <span class='ocrx_word' id='word_1_287' title='bbox 821 2504 1000 2568; x_wconf 70' lang='lat' dir='ltr'><strong>empta</strong></span> <span class='ocrx_word' id='word_1_288' title='bbox 1029 2505 1206 2567; x_wconf 86' lang='lat' dir='ltr'><strong>erant,</strong></span> <span class='ocrx_word' id='word_1_289' title='bbox 1237 2497 1419 2569; x_wconf 82' lang='lat' dir='ltr'><strong>perﬁci</strong></span> <span class='ocrx_word' id='word_1_290' title='bbox 1473 2507 1872 2567; x_wconf 90' lang='lat' dir='ltr'><strong>concesserunt,</strong></span> 
     </span>
    </p>
   </div>
   <div class='ocr_carea' id='block_1_42' title="bbox 260 2585 1875 2658">
    <p class='ocr_par' dir='ltr' id='par_1_42' title="bbox 260 2585 1875 2658">
     <span class='ocr_line' id='line_1_42' title="bbox 260 2585 1875 2658; baseline 0 -17"><span class='ocrx_word' id='word_1_291' title='bbox 260 2596 313 2641; x_wconf 89' lang='lat' dir='ltr'><strong>et</strong></span> <span class='ocrx_word' id='word_1_292' title='bbox 349 2603 418 2642; x_wconf 89' lang='lat' dir='ltr'><strong>ne</strong></span> <span class='ocrx_word' id='word_1_293' title='bbox 448 2602 586 2641; x_wconf 86' lang='lat' dir='ltr'><strong>onus</strong></span> <span class='ocrx_word' id='word_1_294' title='bbox 615 2586 932 2657; x_wconf 90' lang='lat' dir='ltr'><strong>impositum</strong></span> <span class='ocrx_word' id='word_1_295' title='bbox 962 2585 1377 2658; x_wconf 84' lang='lat' dir='ltr'><strong>subterfugerct,</strong></span> <span class='ocrx_word' id='word_1_296' title='bbox 1410 2586 1458 2641; x_wconf 92' lang='lat' dir='ltr'><strong>ei</strong></span> <span class='ocrx_word' id='word_1_297' title='bbox 1490 2603 1588 2657; x_wconf 91' lang='lat' dir='ltr'><strong>per</strong></span> <span class='ocrx_word' id='word_1_298' title='bbox 1616 2586 1875 2643; x_wconf 90' lang='lat' dir='ltr'><strong>obedien-</strong></span> 
     </span>
    </p>
   </div>
   <div class='ocr_carea' id='block_1_43' title="bbox 259 2674 1877 2748">
    <p class='ocr_par' dir='ltr' id='par_1_43' title="bbox 259 2674 1877 2748">
     <span class='ocr_line' id='line_1_43' title="bbox 259 2674 1877 2748; baseline 0.002 -20"><span class='ocrx_word' id='word_1_299' title='bbox 259 2676 393 2729; x_wconf 88' lang='lat' dir='ltr'><strong>tiam</strong></span> <span class='ocrx_word' id='word_1_300' title='bbox 424 2676 799 2746; x_wconf 82' lang='lat' dir='ltr'><strong>injunxerunt.</strong></span> <span class='ocrx_word' id='word_1_301' title='bbox 832 2674 989 2730; x_wconf 87' lang='lat' dir='ltr'><strong>Unde</strong></span> <span class='ocrx_word' id='word_1_302' title='bbox 1019 2682 1070 2729; x_wconf 90' lang='lat' dir='ltr'><strong>et</strong></span> <span class='ocrx_word' id='word_1_303' title='bbox 1100 2674 1298 2729; x_wconf 70' lang='lat' dir='ltr'><strong>litterae</strong></span> <span class='ocrx_word' id='word_1_304' title='bbox 1327 2691 1360 2729; x_wconf 88' lang='lat' dir='ltr'><strong>a</strong></span> <span class='ocrx_word' id='word_1_305' title='bbox 1388 2674 1619 2747; x_wconf 79' lang='lat' dir='ltr'><strong>singulis</strong></span> <span class='ocrx_word' id='word_1_306' title='bbox 1649 2675 1877 2748; x_wconf 68' lang='lat' dir='ltr'><strong>singula:</strong></span> 
     </span>
    </p>
   </div>
   <div class='ocr_carea' id='block_1_44' title="bbox 257 2762 1877 2836">
    <p class='ocr_par' dir='ltr' id='par_1_44' title="bbox 257 2762 1877 2836">
     <span class='ocr_line' id='line_1_44' title="bbox 257 2762 1877 2836; baseline 0 -16"><span class='ocrx_word' id='word_1_307' title='bbox 257 2766 484 2836; x_wconf 77' lang='lat' dir='ltr'><strong>scriptae</strong></span> <span class='ocrx_word' id='word_1_308' title='bbox 513 2772 632 2817; x_wconf 90' lang='lat' dir='ltr'><strong>sunt</strong></span> <span class='ocrx_word' id='word_1_309' title='bbox 654 2764 748 2833; x_wconf 80' lang='grc' dir='ltr'><strong>(ε),</strong></span> <span class='ocrx_word' id='word_1_310' title='bbox 774 2778 895 2833; x_wconf 72' lang='lat' dir='ltr'><strong>quae</strong></span> <span class='ocrx_word' id='word_1_311' title='bbox 926 2762 978 2817; x_wconf 92' lang='lat' dir='ltr'><strong>in</strong></span> <span class='ocrx_word' id='word_1_312' title='bbox 1012 2777 1118 2817; x_wconf 90' lang='lat' dir='ltr'><strong>uno</strong></span> <span class='ocrx_word' id='word_1_313' title='bbox 1147 2762 1451 2834; x_wconf 87' lang='lat' dir='ltr'><strong>eodemque</strong></span> <span class='ocrx_word' id='word_1_314' title='bbox 1472 2763 1877 2820; x_wconf 90' lang='lat' dir='ltr'><strong>concordantes</strong></span> 
     </span>
    </p>
   </div>
   <div class='ocr_carea' id='block_1_45' title="bbox 254 2852 1877 2925">
    <p class='ocr_par' dir='ltr' id='par_1_45' title="bbox 254 2852 1877 2925">
     <span class='ocr_line' id='line_1_45' title="bbox 254 2852 1877 2925; baseline 0.001 -17"><span class='ocrx_word' id='word_1_315' title='bbox 254 2871 363 2925; x_wconf 88' lang='lat' dir='ltr'><strong>per</strong></span> <span class='ocrx_word' id='word_1_316' title='bbox 390 2852 605 2907; x_wconf 90' lang='lat' dir='ltr'><strong>nuntius</strong></span> <span class='ocrx_word' id='word_1_317' title='bbox 634 2852 890 2906; x_wconf 79' lang='lat' dir='ltr'><strong>Anselmo</strong></span> <span class='ocrx_word' id='word_1_318' title='bbox 948 2859 999 2906; x_wconf 90' lang='lat' dir='ltr'><strong>et</strong></span> <span class='ocrx_word' id='word_1_319' title='bbox 1056 2855 1171 2923; x_wconf 87' lang='lat' dir='ltr'><strong>regi</strong></span> <span class='ocrx_word' id='word_1_320' title='bbox 1230 2860 1355 2907; x_wconf 91' lang='lat' dir='ltr'><strong>sunt</strong></span> <span class='ocrx_word' id='word_1_321' title='bbox 1408 2853 1762 2921; x_wconf 64' lang='lat' dir='ltr'><strong>transmissae,</strong></span> <span class='ocrx_word' id='word_1_322' title='bbox 1807 2854 1877 2909; x_wconf 89' lang='lat' dir='ltr'><strong>de</strong></span> 
     </span>
    </p>
   </div>
   <div class='ocr_carea' id='block_1_46' title="bbox 256 2940 1876 3014">
    <p class='ocr_par' dir='ltr' id='par_1_46' title="bbox 256 2940 1876 3014">
     <span class='ocr_line' id='line_1_46' title="bbox 256 2940 1876 3014; baseline -0.001 -17"><span class='ocrx_word' id='word_1_323' title='bbox 256 2942 464 3014; x_wconf 89' lang='lat' dir='ltr'><strong>quibus</strong></span> <span class='ocrx_word' id='word_1_324' title='bbox 489 2941 769 3008; x_wconf 89' lang='lat' dir='ltr'><strong>omnibus,</strong></span> <span class='ocrx_word' id='word_1_325' title='bbox 800 2956 946 2995; x_wconf 88' lang='lat' dir='ltr'><strong>unas</strong></span> <span class='ocrx_word' id='word_1_326' title='bbox 978 2940 1103 2995; x_wconf 87' lang='lat' dir='ltr'><strong>huic</strong></span> <span class='ocrx_word' id='word_1_327' title='bbox 1132 2940 1397 3011; x_wconf 90' lang='lat' dir='ltr'><strong>opusculo</strong></span> <span class='ocrx_word' id='word_1_328' title='bbox 1425 2940 1661 2996; x_wconf 86' lang='lat' dir='ltr'><strong>inseram</strong></span> <span class='ocrx_word' id='word_1_329' title='bbox 1694 2950 1876 3012; x_wconf 74' lang='lat' dir='ltr'><strong>quate‘</strong></span> 
     </span>
    </p>
   </div>
   <div class='ocr_carea' id='block_1_47' title="bbox 256 3026 1874 3101">
    <p class='ocr_par' dir='ltr' id='par_1_47' title="bbox 256 3026 1874 3101">
     <span class='ocr_line' id='line_1_47' title="bbox 256 3026 1874 3101; baseline -0.001 -15"><span class='ocrx_word' id='word_1_330' title='bbox 256 3048 364 3086; x_wconf 88' lang='lat' dir='ltr'><strong>nus</strong></span> <span class='ocrx_word' id='word_1_331' title='bbox 394 3030 449 3085; x_wconf 92' lang='lat' dir='ltr'><strong>in</strong></span> <span class='ocrx_word' id='word_1_332' title='bbox 480 3028 608 3101; x_wconf 91' lang='lat' dir='ltr'><strong>ipsis</strong></span> <span class='ocrx_word' id='word_1_333' title='bbox 640 3037 692 3083; x_wconf 90' lang='lat' dir='ltr'><strong>et</strong></span> <span class='ocrx_word' id='word_1_334' title='bbox 721 3026 952 3082; x_wconf 89' lang='lat' dir='ltr'><strong>aliarum</strong></span> <span class='ocrx_word' id='word_1_335' title='bbox 997 3044 1190 3083; x_wconf 88' lang='lat' dir='ltr'><strong>sensus</strong></span> <span class='ocrx_word' id='word_1_336' title='bbox 1234 3028 1462 3083; x_wconf 86' lang='lat' dir='ltr'><strong>eluceat.</strong></span> <span class='ocrx_word' id='word_1_337' title='bbox 1523 3028 1640 3083; x_wconf 89' lang='lat' dir='ltr'><strong>Sint</strong></span> <span class='ocrx_word' id='word_1_338' title='bbox 1690 3029 1874 3101; x_wconf 68' lang='lat' dir='ltr'><strong>igitur’</strong></span> 
     </span>
    </p>
   </div>
   <div class='ocr_carea' id='block_1_48' title="bbox 1981 1875 3584 1950">
    <p class='ocr_par' dir='ltr' id='par_1_48' title="bbox 1981 1875 3584 1950">
     <span class='ocr_line' id='line_1_48' title="bbox 1981 1875 3584 1950; baseline 0.002 -19"><span class='ocrx_word' id='word_1_339' title='bbox 1981 1876 2124 1932; x_wconf 87' lang='lat' dir='ltr'><strong>disse</strong></span> <span class='ocrx_word' id='word_1_340' title='bbox 2152 1876 2209 1931; x_wconf 93' lang='lat' dir='ltr'><strong>in</strong></span> <span class='ocrx_word' id='word_1_341' title='bbox 2234 1875 2453 1950; x_wconf 84' lang='lat' dir='ltr'><strong>Anglia,</strong></span> <span class='ocrx_word' id='word_1_342' title='bbox 2486 1875 2626 1932; x_wconf 86' lang='lat' dir='ltr'><strong>sicut</strong></span> <span class='ocrx_word' id='word_1_343' title='bbox 2653 1876 2884 1944; x_wconf 75' lang='lat' dir='ltr'><strong>aestimo,</strong></span> <span class='ocrx_word' id='word_1_344' title='bbox 2941 1892 3053 1934; x_wconf 88' lang='lat' dir='ltr'><strong>non</strong></span> <span class='ocrx_word' id='word_1_345' title='bbox 3107 1878 3445 1935; x_wconf 88' lang='lat' dir='ltr'><strong>recordetur.</strong></span> <span class='ocrx_word' id='word_1_346' title='bbox 3490 1876 3584 1934; x_wconf 93' lang='lat' dir='ltr'><strong>Si-</strong></span> 
     </span>
    </p>
   </div>
   <div class='ocr_carea' id='block_1_49' title="bbox 1982 1964 3588 2037">
    <p class='ocr_par' dir='ltr' id='par_1_49' title="bbox 1982 1964 3588 2037">
     <span class='ocr_line' id='line_1_49' title="bbox 1982 1964 3588 2037; baseline 0.002 -19"><span class='ocrx_word' id='word_1_347' title='bbox 1982 1964 2199 2036; x_wconf 89' lang='lat' dir='ltr'><strong>quidem</strong></span> <span class='ocrx_word' id='word_1_348' title='bbox 2231 1980 2396 2021; x_wconf 90' lang='lat' dir='ltr'><strong>omne</strong></span> <span class='ocrx_word' id='word_1_349' title='bbox 2424 1965 2629 2021; x_wconf 90' lang='lat' dir='ltr'><strong>molum</strong></span> <span class='ocrx_word' id='word_1_350' title='bbox 2659 1965 2803 2036; x_wconf 88' lang='lat' dir='ltr'><strong>quod</strong></span> <span class='ocrx_word' id='word_1_351' title='bbox 2832 1982 2929 2022; x_wconf 84' lang='lat' dir='ltr'><strong>rex</strong></span> <span class='ocrx_word' id='word_1_352' title='bbox 2987 1966 3213 2036; x_wconf 82' lang='lat' dir='ltr'><strong>fecerat,</strong></span> <span class='ocrx_word' id='word_1_353' title='bbox 3269 1966 3588 2037; x_wconf 89' lang='lat' dir='ltr'><strong>priusquam</strong></span> 
     </span>
    </p>
   </div>
   <div class='ocr_carea' id='block_1_50' title="bbox 1984 2052 3589 2127">
    <p class='ocr_par' dir='ltr' id='par_1_50' title="bbox 1984 2052 3589 2127">
     <span class='ocr_line' id='line_1_50' title="bbox 1984 2052 3589 2127; baseline 0.002 -19"><span class='ocrx_word' id='word_1_354' title='bbox 1984 2052 2158 2109; x_wconf 88' lang='lat' dir='ltr'><strong>fuerat</strong></span> <span class='ocrx_word' id='word_1_355' title='bbox 2184 2053 2508 2122; x_wconf 86' lang='lat' dir='ltr'><strong>inﬁrmatus,</strong></span> <span class='ocrx_word' id='word_1_356' title='bbox 2551 2054 2751 2110; x_wconf 91' lang='lat' dir='ltr'><strong>bonum</strong></span> <span class='ocrx_word' id='word_1_357' title='bbox 2781 2055 2962 2110; x_wconf 87' lang='lat' dir='ltr'><strong>visum</strong></span> <span class='ocrx_word' id='word_1_358' title='bbox 3017 2065 3121 2123; x_wconf 87' lang='lat' dir='ltr'><strong>est,</strong></span> <span class='ocrx_word' id='word_1_359' title='bbox 3180 2055 3589 2127; x_wconf 87' lang='lat' dir='ltr'><strong>comparatione</strong></span> 
     </span>
    </p>
   </div>
   <div class='ocr_carea' id='block_1_51' title="bbox 1983 2141 3586 2212">
    <p class='ocr_par' dir='ltr' id='par_1_51' title="bbox 1983 2141 3586 2212">
     <span class='ocr_line' id='line_1_51' title="bbox 1983 2141 3586 2212; baseline 0.002 -15"><span class='ocrx_word' id='word_1_360' title='bbox 1983 2142 2243 2198; x_wconf 88' lang='lat' dir='ltr'><strong>malorum</strong></span> <span class='ocrx_word' id='word_1_361' title='bbox 2275 2158 2397 2212; x_wconf 70' lang='lat' dir='ltr'><strong>qua:</strong></span> <span class='ocrx_word' id='word_1_362' title='bbox 2425 2141 2552 2198; x_wconf 87' lang='lat' dir='ltr'><strong>fecit</strong></span> <span class='ocrx_word' id='word_1_363' title='bbox 2579 2142 2671 2199; x_wconf 92' lang='lat' dir='ltr'><strong>ubi</strong></span> <span class='ocrx_word' id='word_1_364' title='bbox 2693 2150 2774 2199; x_wconf 88' lang='lat' dir='ltr'><strong>est</strong></span> <span class='ocrx_word' id='word_1_365' title='bbox 2803 2142 3018 2199; x_wconf 87' lang='lat' dir='ltr'><strong>sanitati</strong></span> <span class='ocrx_word' id='word_1_366' title='bbox 3072 2143 3393 2200; x_wconf 88' lang='lat' dir='ltr'><strong>redonatus.</strong></span> <span class='ocrx_word' id='word_1_367' title='bbox 3450 2142 3586 2212; x_wconf 71' lang='lat' dir='ltr'><strong>Qua:</strong></span> 
     </span>
    </p>
   </div>
   <div class='ocr_carea' id='block_1_52' title="bbox 1983 2231 3589 2303">
    <p class='ocr_par' dir='ltr' id='par_1_52' title="bbox 1983 2231 3589 2303">
     <span class='ocr_line' id='line_1_52' title="bbox 1983 2231 3589 2303; baseline 0.002 -18"><span class='ocrx_word' id='word_1_368' title='bbox 1983 2231 2029 2285; x_wconf 92' lang='lat' dir='ltr'><strong>si</strong></span> <span class='ocrx_word' id='word_1_369' title='bbox 2058 2231 2152 2302; x_wconf 92' lang='lat' dir='ltr'><strong>qui</strong></span> <span class='ocrx_word' id='word_1_370' title='bbox 2181 2231 2322 2286; x_wconf 88' lang='lat' dir='ltr'><strong>scire</strong></span> <span class='ocrx_word' id='word_1_371' title='bbox 2353 2231 2520 2288; x_wconf 84' lang='lat' dir='ltr'><strong>velint</strong></span> <span class='ocrx_word' id='word_1_372' title='bbox 2549 2231 2618 2287; x_wconf 92' lang='lat' dir='ltr'><strong>de</strong></span> <span class='ocrx_word' id='word_1_373' title='bbox 2647 2247 2756 2303; x_wconf 90' lang='lat' dir='ltr'><strong>quo</strong></span> <span class='ocrx_word' id='word_1_374' title='bbox 2786 2232 2937 2288; x_wconf 87' lang='lat' dir='ltr'><strong>fonte</strong></span> <span class='ocrx_word' id='word_1_375' title='bbox 2965 2231 3327 2301; x_wconf 86' lang='lat' dir='ltr'><strong>manaverint,</strong></span> <span class='ocrx_word' id='word_1_376' title='bbox 3381 2248 3452 2288; x_wconf 84' lang='lat' dir='ltr'><strong>ex</strong></span> <span class='ocrx_word' id='word_1_377' title='bbox 3497 2247 3589 2289; x_wconf 85' lang='lat' dir='ltr'><strong>co-</strong></span> 
     </span>
    </p>
   </div>
   <div class='ocr_carea' id='block_1_53' title="bbox 1981 2312 3589 2392">
    <p class='ocr_par' dir='ltr' id='par_1_53' title="bbox 1981 2312 3589 2392">
     <span class='ocr_line' id='line_1_53' title="bbox 1981 2312 3589 2392; baseline 0.001 -17"><span class='ocrx_word' id='word_1_378' title='bbox 1981 2319 2321 2391; x_wconf 90' lang='lat' dir='ltr'><strong>perpendere</strong></span> <span class='ocrx_word' id='word_1_379' title='bbox 2347 2327 2579 2390; x_wconf 90' lang='lat' dir='ltr'><strong>possunt</strong></span> <span class='ocrx_word' id='word_1_380' title='bbox 2606 2320 2751 2392; x_wconf 89' lang='lat' dir='ltr'><strong>quod</strong></span> <span class='ocrx_word' id='word_1_381' title='bbox 2781 2312 2899 2391; x_wconf 82' lang='lat' dir='ltr'><strong>ipse</strong></span> <span class='ocrx_word' id='word_1_382' title='bbox 2928 2320 3192 2392; x_wconf 73' lang='lat' dir='ltr'><strong>pmdicto</strong></span> <span class='ocrx_word' id='word_1_383' title='bbox 3220 2319 3589 2392; x_wconf 79' lang='lat' dir='ltr'><strong>Roﬂ&#39;ensiepi-</strong></span> 
     </span>
    </p>
   </div>
   <div class='ocr_carea' id='block_1_54' title="bbox 1983 2408 3591 2480">
    <p class='ocr_par' dir='ltr' id='par_1_54' title="bbox 1983 2408 3591 2480">
     <span class='ocr_line' id='line_1_54' title="bbox 1983 2408 3591 2480; baseline 0.001 -16"><span class='ocrx_word' id='word_1_384' title='bbox 1983 2424 2173 2479; x_wconf 89' lang='lat' dir='ltr'><strong>scopo,</strong></span> <span class='ocrx_word' id='word_1_385' title='bbox 2192 2424 2312 2464; x_wconf 89' lang='lat' dir='ltr'><strong>cum</strong></span> <span class='ocrx_word' id='word_1_386' title='bbox 2330 2408 2501 2476; x_wconf 92' lang='lat' dir='ltr'><strong>illum,</strong></span> <span class='ocrx_word' id='word_1_387' title='bbox 2522 2415 2842 2480; x_wconf 89' lang='lat' dir='ltr'><strong>recuperata</strong></span> <span class='ocrx_word' id='word_1_388' title='bbox 2867 2408 3100 2465; x_wconf 87' lang='lat' dir='ltr'><strong>sanitate</strong></span> <span class='ocrx_word' id='word_1_389' title='bbox 3129 2409 3384 2465; x_wconf 84' lang='lat' dir='ltr'><strong>familiari</strong></span> <span class='ocrx_word' id='word_1_390' title='bbox 3426 2408 3591 2466; x_wconf 72' lang='lat' dir='ltr'><strong>aifatu</strong></span> 
     </span>
    </p>
   </div>
   <div class='ocr_carea' id='block_1_55' title="bbox 1984 2496 3587 2569">
    <p class='ocr_par' dir='ltr' id='par_1_55' title="bbox 1984 2496 3587 2569">
     <span class='ocr_line' id='line_1_55' title="bbox 1984 2496 3587 2569; baseline 0.001 -17"><span class='ocrx_word' id='word_1_391' title='bbox 1984 2504 2248 2565; x_wconf 90' lang='lat' dir='ltr'><strong>moneret,</strong></span> <span class='ocrx_word' id='word_1_392' title='bbox 2309 2504 2364 2553; x_wconf 89' lang='lat' dir='ltr'><strong>ut</strong></span> <span class='ocrx_word' id='word_1_393' title='bbox 2418 2512 2481 2552; x_wconf 90' lang='lat' dir='ltr'><strong>se</strong></span> <span class='ocrx_word' id='word_1_394' title='bbox 2535 2496 2773 2567; x_wconf 89' lang='lat' dir='ltr'><strong>amplius</strong></span> <span class='ocrx_word' id='word_1_395' title='bbox 2833 2497 3223 2569; x_wconf 89' lang='lat' dir='ltr'><strong>circumspecte</strong></span> <span class='ocrx_word' id='word_1_396' title='bbox 3285 2497 3587 2555; x_wconf 85' lang='lat' dir='ltr'><strong>secundum</strong></span> 
     </span>
    </p>
   </div>
   <div class='ocr_carea' id='block_1_56' title="bbox 1986 2584 3590 2657">
    <p class='ocr_par' dir='ltr' id='par_1_56' title="bbox 1986 2584 3590 2657">
     <span class='ocr_line' id='line_1_56' title="bbox 1986 2584 3590 2657; baseline 0.001 -15"><span class='ocrx_word' id='word_1_397' title='bbox 1986 2588 2155 2642; x_wconf 91' lang='lat' dir='ltr'><strong>Deum</strong></span> <span class='ocrx_word' id='word_1_398' title='bbox 2195 2585 2250 2641; x_wconf 91' lang='lat' dir='ltr'><strong>in</strong></span> <span class='ocrx_word' id='word_1_399' title='bbox 2289 2585 2541 2642; x_wconf 90' lang='lat' dir='ltr'><strong>omnibus</strong></span> <span class='ocrx_word' id='word_1_400' title='bbox 2577 2584 2823 2653; x_wconf 89' lang='lat' dir='ltr'><strong>haberet,</strong></span> <span class='ocrx_word' id='word_1_401' title='bbox 2863 2585 3146 2657; x_wconf 81' lang='lat' dir='ltr'><strong>respondit</strong></span> <span class='ocrx_word' id='word_1_402' title='bbox 3203 2604 3216 2641; x_wconf 91' lang='lat'>:</span> <span class='ocrx_word' id='word_1_403' title='bbox 3278 2608 3300 2635; x_wconf 77' lang='grc' dir='ltr'><strong><em>α</em></strong></span> <span class='ocrx_word' id='word_1_404' title='bbox 3336 2585 3510 2652; x_wconf 86' lang='lat' dir='ltr'><strong>Scias,</strong></span> <span class='ocrx_word' id='word_1_405' title='bbox 3553 2600 3590 2643; x_wconf 88' lang='grc' dir='ltr'><strong>ο</strong></span> 
     </span>
    </p>
   </div>
   <div class='ocr_carea' id='block_1_57' title="bbox 1984 2673 3592 2747">
    <p class='ocr_par' dir='ltr' id='par_1_57' title="bbox 1984 2673 3592 2747">
     <span class='ocr_line' id='line_1_57' title="bbox 1984 2673 3592 2747; baseline -0.001 -16"><span class='ocrx_word' id='word_1_406' title='bbox 1984 2676 2257 2747; x_wconf 86' lang='lat' dir='ltr'><strong>episcope,</strong></span> <span class='ocrx_word' id='word_1_407' title='bbox 2292 2674 2437 2745; x_wconf 91' lang='lat' dir='ltr'><strong>quod</strong></span> <span class='ocrx_word' id='word_1_408' title='bbox 2464 2690 2564 2745; x_wconf 90' lang='lat' dir='ltr'><strong>per</strong></span> <span class='ocrx_word' id='word_1_409' title='bbox 2587 2682 2834 2731; x_wconf 90' lang='lat' dir='ltr'><strong>sanctum</strong></span> <span class='ocrx_word' id='word_1_410' title='bbox 2864 2674 3078 2731; x_wconf 85' lang='lat' dir='ltr'><strong>vultum</strong></span> <span class='ocrx_word' id='word_1_411' title='bbox 3134 2673 3202 2730; x_wconf 92' lang='lat' dir='ltr'><strong>de</strong></span> <span class='ocrx_word' id='word_1_412' title='bbox 3256 2675 3424 2743; x_wconf 82' lang='lat' dir='ltr'><strong>Luca,</strong></span> <span class='ocrx_word' id='word_1_413' title='bbox 3454 2690 3592 2730; x_wconf 90' lang='lat' dir='ltr'><strong>nun-</strong></span> 
     </span>
    </p>
   </div>
   <div class='ocr_carea' id='block_1_58' title="bbox 1987 2762 3589 2836">
    <p class='ocr_par' dir='ltr' id='par_1_58' title="bbox 1987 2762 3589 2836">
     <span class='ocr_line' id='line_1_58' title="bbox 1987 2762 3589 2836; baseline 0.002 -17"><span class='ocrx_word' id='word_1_414' title='bbox 1987 2780 2151 2835; x_wconf 89' lang='lat' dir='ltr'><strong>quam</strong></span> <span class='ocrx_word' id='word_1_415' title='bbox 2182 2779 2270 2819; x_wconf 89' lang='lat' dir='ltr'><strong>me</strong></span> <span class='ocrx_word' id='word_1_416' title='bbox 2296 2764 2445 2819; x_wconf 90' lang='lat' dir='ltr'><strong>Deus</strong></span> <span class='ocrx_word' id='word_1_417' title='bbox 2473 2764 2676 2820; x_wconf 89' lang='lat' dir='ltr'><strong>bonum</strong></span> <span class='ocrx_word' id='word_1_418' title='bbox 2708 2762 2930 2820; x_wconf 89' lang='lat' dir='ltr'><strong>habebit</strong></span> <span class='ocrx_word' id='word_1_419' title='bbox 2955 2779 3055 2836; x_wconf 90' lang='lat' dir='ltr'><strong>pro</strong></span> <span class='ocrx_word' id='word_1_420' title='bbox 3084 2763 3231 2820; x_wconf 90' lang='lat' dir='ltr'><strong>malo</strong></span> <span class='ocrx_word' id='word_1_421' title='bbox 3261 2764 3407 2836; x_wconf 88' lang='lat' dir='ltr'><strong>quod</strong></span> <span class='ocrx_word' id='word_1_422' title='bbox 3452 2763 3589 2823; x_wconf 87' lang='lat' dir='ltr'><strong>mihi</strong></span> 
     </span>
    </p>
   </div>
   <div class='ocr_carea' id='block_1_59' title="bbox 1986 2852 3591 2925">
    <p class='ocr_par' dir='ltr' id='par_1_59' title="bbox 1986 2852 3591 2925">
     <span class='ocr_line' id='line_1_59' title="bbox 1986 2852 3591 2925; baseline 0.001 -17"><span class='ocrx_word' id='word_1_423' title='bbox 1986 2852 2240 2909; x_wconf 88' lang='lat' dir='ltr'><strong>intulerit.</strong></span> <span class='ocrx_word' id='word_1_424' title='bbox 2278 2875 2299 2900; x_wconf 83' lang='lat'><strong><em>-</em></strong></span> <span class='ocrx_word' id='word_1_425' title='bbox 2332 2852 2462 2908; x_wconf 65' lang='lat' dir='ltr'><strong>Haec</strong></span> <span class='ocrx_word' id='word_1_426' title='bbox 2490 2852 2557 2909; x_wconf 92' lang='lat' dir='ltr'><strong>de</strong></span> <span class='ocrx_word' id='word_1_427' title='bbox 2587 2868 2721 2925; x_wconf 83' lang='lat' dir='ltr'><strong>rege</strong></span> <span class='ocrx_word' id='word_1_428' title='bbox 2775 2853 2846 2908; x_wconf 89' lang='lat' dir='ltr'><strong>ad</strong></span> <span class='ocrx_word' id='word_1_429' title='bbox 2874 2868 3121 2924; x_wconf 63' lang='lat' dir='ltr'><strong>praesens</strong></span> <span class='ocrx_word' id='word_1_430' title='bbox 3149 2852 3417 2910; x_wconf 86' lang='lat' dir='ltr'><strong>succincte</strong></span> <span class='ocrx_word' id='word_1_431' title='bbox 3470 2868 3591 2909; x_wconf 78' lang='grc' dir='ltr'><strong>ηιθ-</strong></span> 
     </span>
    </p>
   </div>
   <div class='ocr_carea' id='block_1_60' title="bbox 1988 2939 3590 3013">
    <p class='ocr_par' dir='ltr' id='par_1_60' title="bbox 1988 2939 3590 3013">
     <span class='ocr_line' id='line_1_60' title="bbox 1988 2939 3590 3013; baseline 0 -16"><span class='ocrx_word' id='word_1_432' title='bbox 1988 2957 2230 2998; x_wconf 89' lang='lat' dir='ltr'><strong>morasse</strong></span> <span class='ocrx_word' id='word_1_433' title='bbox 2258 2940 2503 3010; x_wconf 76' lang='lat' dir='ltr'><strong>sufﬁciat,</strong></span> <span class='ocrx_word' id='word_1_434' title='bbox 2538 2942 2764 3013; x_wconf 90' lang='lat' dir='ltr'><strong>jamque</strong></span> <span class='ocrx_word' id='word_1_435' title='bbox 2815 2942 2886 2997; x_wconf 89' lang='lat' dir='ltr'><strong>ad</strong></span> <span class='ocrx_word' id='word_1_436' title='bbox 2943 2941 3267 2998; x_wconf 89' lang='lat' dir='ltr'><strong>destinatum</strong></span> <span class='ocrx_word' id='word_1_437' title='bbox 3323 2939 3590 2998; x_wconf 88' lang='lat' dir='ltr'><strong>narrandi</strong></span> 
     </span>
    </p>
   </div>
   <div class='ocr_carea' id='block_1_61' title="bbox 1987 3030 3587 3104">
    <p class='ocr_par' dir='ltr' id='par_1_61' title="bbox 1987 3030 3587 3104">
     <span class='ocr_line' id='line_1_61' title="bbox 1987 3030 3587 3104; baseline 0 -18"><span class='ocrx_word' id='word_1_438' title='bbox 1987 3030 2235 3087; x_wconf 90' lang='lat' dir='ltr'><strong>ordinem</strong></span> <span class='ocrx_word' id='word_1_439' title='bbox 2265 3044 2446 3085; x_wconf 89' lang='lat' dir='ltr'><strong>sermo</strong></span> <span class='ocrx_word' id='word_1_440' title='bbox 2474 3037 2732 3086; x_wconf 90' lang='lat' dir='ltr'><strong>recurrat.</strong></span> <span class='ocrx_word' id='word_1_441' title='bbox 2765 3030 2896 3086; x_wconf 90' lang='lat' dir='ltr'><strong>Cum</strong></span> <span class='ocrx_word' id='word_1_442' title='bbox 2926 3030 3097 3104; x_wconf 88' lang='lat' dir='ltr'><strong>igitur</strong></span> <span class='ocrx_word' id='word_1_443' title='bbox 3146 3030 3434 3087; x_wconf 75' lang='lat' dir='ltr'><strong>Anselmus</strong></span> <span class='ocrx_word' id='word_1_444' title='bbox 3488 3046 3587 3087; x_wconf 82' lang='lat' dir='ltr'><strong>se~</strong></span> 
     </span>
    </p>
   </div>
   <div class='ocr_carea' id='block_1_62' title="bbox 254 3115 3593 3225">
    <p class='ocr_par' dir='ltr' id='par_1_62' title="bbox 254 3115 3593 3225">
     <span class='ocr_line' id='line_1_62' title="bbox 254 3115 3593 3225; baseline 0 -49"><span class='ocrx_word' id='word_1_445' title='bbox 254 3124 416 3176; x_wconf 75' lang='lat' dir='ltr'><strong>haec:</strong></span> <span class='ocrx_word' id='word_1_446' title='bbox 446 3138 467 3170; x_wconf 78' lang='grc' dir='ltr'><strong>ι</strong></span> <span class='ocrx_word' id='word_1_447' title='bbox 494 3119 686 3173; x_wconf 86' lang='lat' dir='ltr'><strong>Frater</strong></span> <span class='ocrx_word' id='word_1_448' title='bbox 709 3115 1034 3172; x_wconf 88' lang='lat' dir='ltr'><strong>Guilielmus</strong></span> <span class='ocrx_word' id='word_1_449' title='bbox 1060 3116 1508 3187; x_wconf 89' lang='lat' dir='ltr'><strong>archiepiscopus</strong></span> <span class='ocrx_word' id='word_1_450' title='bbox 1528 3133 1625 3172; x_wconf 89' lang='lat' dir='ltr'><strong>suo</strong></span> <span class='ocrx_word' id='word_1_451' title='bbox 1643 3118 1877 3174; x_wconf 91' lang='lat' dir='ltr'><strong>Domino</strong></span> <span class='ocrx_word' id='word_1_452' title='bbox 1907 3161 1958 3225; x_wconf 66' lang='grc' dir='ltr'>Ο</span> <span class='ocrx_word' id='word_1_453' title='bbox 1988 3119 2225 3175; x_wconf 88' lang='lat' dir='ltr'><strong>cundum</strong></span> <span class='ocrx_word' id='word_1_454' title='bbox 2252 3119 2397 3189; x_wconf 91' lang='lat' dir='ltr'><strong>quod</strong></span> <span class='ocrx_word' id='word_1_455' title='bbox 2432 3118 2861 3189; x_wconf 66' lang='lat' dir='ltr'><strong>praslibavimus,</strong></span> <span class='ocrx_word' id='word_1_456' title='bbox 2894 3117 3106 3175; x_wconf 88' lang='lat' dir='ltr'><strong>litteras</strong></span> <span class='ocrx_word' id='word_1_457' title='bbox 3132 3134 3163 3173; x_wconf 90' lang='lat' dir='ltr'><strong>a</strong></span> <span class='ocrx_word' id='word_1_458' title='bbox 3190 3120 3593 3176; x_wconf 82' lang='lat' dir='ltr'><strong>Northmannia</strong></span> 
     </span>
    </p>
   </div>
   <div class='ocr_carea' id='block_1_63' title="bbox 252 3203 1865 3269">
    <p class='ocr_par' dir='ltr' id='par_1_63' title="bbox 252 3203 1865 3269">
     <span class='ocr_line' id='line_1_63' title="bbox 252 3203 1865 3269; baseline -0.002 -5"><span class='ocrx_word' id='word_1_459' title='bbox 252 3217 308 3265; x_wconf 85' lang='lat' dir='ltr'><strong>et</strong></span> <span class='ocrx_word' id='word_1_460' title='bbox 340 3208 517 3263; x_wconf 90' lang='lat' dir='ltr'><strong>amico</strong></span> <span class='ocrx_word' id='word_1_461' title='bbox 544 3205 822 3269; x_wconf 79' lang='lat' dir='ltr'><strong>Anselmo,</strong></span> <span class='ocrx_word' id='word_1_462' title='bbox 857 3203 952 3260; x_wconf 89' lang='lat' dir='ltr'><strong>Dei</strong></span> <span class='ocrx_word' id='word_1_463' title='bbox 1011 3204 1439 3260; x_wconf 83' lang='lat' dir='ltr'><strong>benedictionem</strong></span> <span class='ocrx_word' id='word_1_464' title='bbox 1497 3213 1551 3261; x_wconf 92' lang='lat' dir='ltr'><strong>et</strong></span> <span class='ocrx_word' id='word_1_465' title='bbox 1604 3213 1865 3261; x_wconf 86' lang='lat' dir='ltr'><strong>nostram-</strong></span> 
     </span>
    </p>
   </div>
   <div class='ocr_carea' id='block_1_64' title="bbox 249 3292 1868 3368">
    <p class='ocr_par' dir='ltr' id='par_1_64' title="bbox 249 3292 1868 3368">
     <span class='ocr_line' id='line_1_64' title="bbox 249 3292 1868 3368; baseline -0.002 -15"><span class='ocrx_word' id='word_1_466' title='bbox 249 3299 339 3354; x_wconf 90' lang='lat' dir='ltr'><strong>De</strong></span> <span class='ocrx_word' id='word_1_467' title='bbox 368 3297 456 3351; x_wconf 89' lang='lat' dir='ltr'><strong>his</strong></span> <span class='ocrx_word' id='word_1_468' title='bbox 484 3311 603 3368; x_wconf 72' lang='lat' dir='ltr'><strong>qua:</strong></span> <span class='ocrx_word' id='word_1_469' title='bbox 632 3294 700 3349; x_wconf 86' lang='lat' dir='ltr'><strong>de</strong></span> <span class='ocrx_word' id='word_1_470' title='bbox 732 3292 896 3349; x_wconf 88' lang='lat' dir='ltr'><strong>vobis</strong></span> <span class='ocrx_word' id='word_1_471' title='bbox 924 3309 957 3348; x_wconf 89' lang='lat' dir='ltr'><strong>a</strong></span> <span class='ocrx_word' id='word_1_472' title='bbox 983 3309 1069 3348; x_wconf 90' lang='lat' dir='ltr'><strong>me</strong></span> <span class='ocrx_word' id='word_1_473' title='bbox 1096 3310 1190 3349; x_wconf 86' lang='lat' dir='ltr'><strong>rex</strong></span> <span class='ocrx_word' id='word_1_474' title='bbox 1213 3293 1483 3363; x_wconf 71' lang='lat' dir='ltr'><strong>quaesivit,</strong></span> <span class='ocrx_word' id='word_1_475' title='bbox 1504 3301 1556 3349; x_wconf 89' lang='lat' dir='ltr'><strong>et</strong></span> <span class='ocrx_word' id='word_1_476' title='bbox 1576 3294 1645 3350; x_wconf 91' lang='lat' dir='ltr'><strong>de</strong></span> <span class='ocrx_word' id='word_1_477' title='bbox 1665 3293 1868 3366; x_wconf 91' lang='lat' dir='ltr'><strong>quibus</strong></span> 
     </span>
    </p>
   </div>
   <div class='ocr_carea' id='block_1_65' title="bbox 251 3381 1867 3458">
    <p class='ocr_par' dir='ltr' id='par_1_65' title="bbox 251 3381 1867 3458">
     <span class='ocr_line' id='line_1_65' title="bbox 251 3381 1867 3458; baseline -0.002 -16"><span class='ocrx_word' id='word_1_478' title='bbox 251 3388 376 3458; x_wconf 82' lang='lat' dir='ltr'><strong>ipse</strong></span> <span class='ocrx_word' id='word_1_479' title='bbox 406 3384 538 3438; x_wconf 89' lang='lat' dir='ltr'><strong>mihi</strong></span> <span class='ocrx_word' id='word_1_480' title='bbox 568 3382 882 3454; x_wconf 88' lang='lat' dir='ltr'><strong>scripsistis,</strong></span> <span class='ocrx_word' id='word_1_481' title='bbox 909 3381 1064 3437; x_wconf 90' lang='lat' dir='ltr'><strong>sicuti</strong></span> <span class='ocrx_word' id='word_1_482' title='bbox 1095 3382 1164 3438; x_wconf 91' lang='lat' dir='ltr'><strong>de</strong></span> <span class='ocrx_word' id='word_1_483' title='bbox 1218 3390 1365 3436; x_wconf 88' lang='lat' dir='ltr'><strong>tanta</strong></span> <span class='ocrx_word' id='word_1_484' title='bbox 1420 3398 1481 3437; x_wconf 91' lang='lat' dir='ltr'><strong>re</strong></span> <span class='ocrx_word' id='word_1_485' title='bbox 1537 3382 1723 3438; x_wconf 91' lang='lat' dir='ltr'><strong>decuit</strong></span> <span class='ocrx_word' id='word_1_486' title='bbox 1760 3383 1867 3438; x_wconf 88' lang='lat' dir='ltr'><strong>hu-</strong></span> 
     </span>
    </p>
   </div>
   <div class='ocr_carea' id='block_1_66' title="bbox 249 3469 1868 3544">
    <p class='ocr_par' dir='ltr' id='par_1_66' title="bbox 249 3469 1868 3544">
     <span class='ocr_line' id='line_1_66' title="bbox 249 3469 1868 3544; baseline -0.003 -14"><span class='ocrx_word' id='word_1_487' title='bbox 249 3488 465 3544; x_wconf 87' lang='lat' dir='ltr'><strong>cusque</strong></span> <span class='ocrx_word' id='word_1_488' title='bbox 523 3471 616 3527; x_wconf 91' lang='lat' dir='ltr'><strong>diu</strong></span> <span class='ocrx_word' id='word_1_489' title='bbox 674 3469 1009 3541; x_wconf 91' lang='lat' dir='ltr'><strong>multumque</strong></span> <span class='ocrx_word' id='word_1_490' title='bbox 1061 3470 1413 3540; x_wconf 87' lang='lat' dir='ltr'><strong>pertractavi,</strong></span> <span class='ocrx_word' id='word_1_491' title='bbox 1469 3478 1522 3526; x_wconf 88' lang='lat' dir='ltr'><strong>et</strong></span> <span class='ocrx_word' id='word_1_492' title='bbox 1570 3471 1868 3527; x_wconf 90' lang='lat' dir='ltr'><strong>amicorum</strong></span> 
     </span>
    </p>
   </div>
   <div class='ocr_carea' id='block_1_67' title="bbox 258 3558 1870 3630">
    <p class='ocr_par' dir='ltr' id='par_1_67' title="bbox 258 3558 1870 3630">
     <span class='ocr_line' id='line_1_67' title="bbox 258 3558 1870 3630; baseline -0.002 -12"><span class='ocrx_word' id='word_1_493' title='bbox 258 3577 515 3618; x_wconf 87' lang='lat' dir='ltr'><strong>meorum</strong></span> <span class='ocrx_word' id='word_1_494' title='bbox 537 3576 600 3615; x_wconf 87' lang='lat' dir='ltr'><strong>ac</strong></span> <span class='ocrx_word' id='word_1_495' title='bbox 621 3566 852 3627; x_wconf 87' lang='lat' dir='ltr'><strong>vestros,</strong></span> <span class='ocrx_word' id='word_1_496' title='bbox 874 3574 1043 3630; x_wconf 90' lang='lat' dir='ltr'><strong>super</strong></span> <span class='ocrx_word' id='word_1_497' title='bbox 1057 3560 1182 3624; x_wconf 89' lang='lat' dir='ltr'><strong>hoc,</strong></span> <span class='ocrx_word' id='word_1_498' title='bbox 1206 3558 1489 3613; x_wconf 87' lang='lat' dir='ltr'><strong>consilium</strong></span> <span class='ocrx_word' id='word_1_499' title='bbox 1504 3558 1746 3629; x_wconf 67' lang='lat' dir='ltr'><strong>quaesivi.</strong></span> <span class='ocrx_word' id='word_1_500' title='bbox 1765 3559 1870 3628; x_wconf 87' lang='lat' dir='ltr'><strong>Qui</strong></span> 
     </span>
    </p>
   </div>
   <div class='ocr_carea' id='block_1_68' title="bbox 249 3646 1869 3721">
    <p class='ocr_par' dir='ltr' id='par_1_68' title="bbox 249 3646 1869 3721">
     <span class='ocr_line' id='line_1_68' title="bbox 249 3646 1869 3721; baseline -0.001 -16"><span class='ocrx_word' id='word_1_501' title='bbox 249 3648 514 3721; x_wconf 87' lang='lat' dir='ltr'><strong>utrinque</strong></span> <span class='ocrx_word' id='word_1_502' title='bbox 544 3648 858 3718; x_wconf 86' lang='lat' dir='ltr'><strong>voluissent,</strong></span> <span class='ocrx_word' id='word_1_503' title='bbox 891 3647 936 3701; x_wconf 88' lang='lat' dir='ltr'><strong>si</strong></span> <span class='ocrx_word' id='word_1_504' title='bbox 967 3646 1227 3718; x_wconf 90' lang='lat' dir='ltr'><strong>possibile</strong></span> <span class='ocrx_word' id='word_1_505' title='bbox 1257 3646 1462 3709; x_wconf 83' lang='lat' dir='ltr'><strong>fuisset,</strong></span> <span class='ocrx_word' id='word_1_506' title='bbox 1524 3657 1577 3702; x_wconf 91' lang='lat' dir='ltr'><strong>et</strong></span> <span class='ocrx_word' id='word_1_507' title='bbox 1628 3655 1869 3704; x_wconf 87' lang='lat' dir='ltr'><strong>vestram</strong></span> 
     </span>
    </p>
   </div>
   <div class='ocr_carea' id='block_1_69' title="bbox 252 3734 1872 3808">
    <p class='ocr_par' dir='ltr' id='par_1_69' title="bbox 252 3734 1872 3808">
     <span class='ocr_line' id='line_1_69' title="bbox 252 3734 1872 3808; baseline -0.001 -15"><span class='ocrx_word' id='word_1_508' title='bbox 252 3752 504 3808; x_wconf 88' lang='lat' dir='ltr'><strong>semper,</strong></span> <span class='ocrx_word' id='word_1_509' title='bbox 535 3743 593 3791; x_wconf 90' lang='lat' dir='ltr'><strong>ut</strong></span> <span class='ocrx_word' id='word_1_510' title='bbox 622 3735 774 3802; x_wconf 90' lang='lat' dir='ltr'><strong>olim,</strong></span> <span class='ocrx_word' id='word_1_511' title='bbox 805 3734 1011 3790; x_wconf 88' lang='lat' dir='ltr'><strong>habere</strong></span> <span class='ocrx_word' id='word_1_512' title='bbox 1039 3735 1411 3804; x_wconf 53' lang='lat' dir='ltr'><strong>praesentiam,</strong></span> <span class='ocrx_word' id='word_1_513' title='bbox 1445 3742 1500 3789; x_wconf 90' lang='lat' dir='ltr'><strong>et</strong></span> <span class='ocrx_word' id='word_1_514' title='bbox 1527 3750 1636 3789; x_wconf 90' lang='lat' dir='ltr'><strong>non</strong></span> <span class='ocrx_word' id='word_1_515' title='bbox 1692 3736 1872 3792; x_wconf 89' lang='lat' dir='ltr'><strong>facere</strong></span> 
     </span>
    </p>
   </div>
   <div class='ocr_carea' id='block_1_70' title="bbox 252 3822 1871 3896">
    <p class='ocr_par' dir='ltr' id='par_1_70' title="bbox 252 3822 1871 3896">
     <span class='ocr_line' id='line_1_70' title="bbox 252 3822 1871 3896; baseline -0.002 -13"><span class='ocrx_word' id='word_1_516' title='bbox 252 3825 407 3883; x_wconf 89' lang='lat' dir='ltr'><strong>unde</strong></span> <span class='ocrx_word' id='word_1_517' title='bbox 430 3823 769 3880; x_wconf 79' lang='lat' dir='ltr'><strong>oﬁ‘enderent</strong></span> <span class='ocrx_word' id='word_1_518' title='bbox 797 3824 1037 3879; x_wconf 91' lang='lat' dir='ltr'><strong>divinam</strong></span> <span class='ocrx_word' id='word_1_519' title='bbox 1068 3822 1421 3878; x_wconf 88' lang='lat' dir='ltr'><strong>voluntatem.</strong></span> <span class='ocrx_word' id='word_1_520' title='bbox 1455 3822 1564 3877; x_wconf 85' lang='lat' dir='ltr'><strong>Sed</strong></span> <span class='ocrx_word' id='word_1_521' title='bbox 1621 3823 1748 3896; x_wconf 87' lang='lat' dir='ltr'><strong>quia</strong></span> <span class='ocrx_word' id='word_1_522' title='bbox 1801 3823 1871 3879; x_wconf 90' lang='lat' dir='ltr'><strong>ad</strong></span> 
     </span>
    </p>
   </div>
   <div class='ocr_carea' id='block_1_71' title="bbox 268 3911 1873 3984">
    <p class='ocr_par' dir='ltr' id='par_1_71' title="bbox 268 3911 1873 3984">
     <span class='ocr_line' id='line_1_71' title="bbox 268 3911 1873 3984; baseline 0 -14"><span class='ocrx_word' id='word_1_523' title='bbox 268 3917 377 3970; x_wconf 89' lang='lat' dir='ltr'><strong>hoc</strong></span> <span class='ocrx_word' id='word_1_524' title='bbox 406 3929 496 3969; x_wconf 90' lang='lat' dir='ltr'><strong>res</strong></span> <span class='ocrx_word' id='word_1_525' title='bbox 524 3914 677 3968; x_wconf 83' lang='lat' dir='ltr'><strong>venit</strong></span> <span class='ocrx_word' id='word_1_526' title='bbox 729 3921 789 3967; x_wconf 92' lang='lat' dir='ltr'><strong>ut</strong></span> <span class='ocrx_word' id='word_1_527' title='bbox 823 3921 1114 3984; x_wconf 87' lang='lat' dir='ltr'><strong>utrumque</strong></span> <span class='ocrx_word' id='word_1_528' title='bbox 1169 3911 1385 3984; x_wconf 88' lang='lat' dir='ltr'><strong>impleri</strong></span> <span class='ocrx_word' id='word_1_529' title='bbox 1423 3920 1675 3982; x_wconf 89' lang='lat' dir='ltr'><strong>nequeat,</strong></span> <span class='ocrx_word' id='word_1_530' title='bbox 1734 3913 1873 3970; x_wconf 87' lang='lat' dir='ltr'><strong>sicut</strong></span> 
     </span>
    </p>
   </div>
   <div class='ocr_carea' id='block_1_72' title="bbox 253 4000 1871 4076">
    <p class='ocr_par' dir='ltr' id='par_1_72' title="bbox 253 4000 1871 4076">
     <span class='ocr_line' id='line_1_72' title="bbox 253 4000 1871 4076; baseline -0.001 -16"><span class='ocrx_word' id='word_1_531' title='bbox 253 4004 488 4076; x_wconf 87' lang='lat' dir='ltr'><strong>dignum</strong></span> <span class='ocrx_word' id='word_1_532' title='bbox 512 4010 620 4071; x_wconf 82' lang='lat' dir='ltr'><strong>est,</strong></span> <span class='ocrx_word' id='word_1_533' title='bbox 644 4002 885 4058; x_wconf 89' lang='lat' dir='ltr'><strong>divinam</strong></span> <span class='ocrx_word' id='word_1_534' title='bbox 905 4001 1242 4057; x_wconf 84' lang='lat' dir='ltr'><strong>voluntatem</strong></span> <span class='ocrx_word' id='word_1_535' title='bbox 1264 4008 1461 4056; x_wconf 69' lang='lat' dir='ltr'><strong>nostrae</strong></span> <span class='ocrx_word' id='word_1_536' title='bbox 1476 4000 1871 4071; x_wconf 61' lang='lat' dir='ltr'><strong>prmponimus:</strong></span> 
     </span>
    </p>
   </div>
   <div class='ocr_carea' id='block_1_73' title="bbox 256 4088 1873 4161">
    <p class='ocr_par' dir='ltr' id='par_1_73' title="bbox 256 4088 1873 4161">
     <span class='ocr_line' id='line_1_73' title="bbox 256 4088 1873 4161; baseline -0.002 -14"><span class='ocrx_word' id='word_1_537' title='bbox 256 4100 317 4148; x_wconf 88' lang='lat' dir='ltr'><strong>et</strong></span> <span class='ocrx_word' id='word_1_538' title='bbox 348 4098 593 4146; x_wconf 88' lang='lat' dir='ltr'><strong>nostram</strong></span> <span class='ocrx_word' id='word_1_539' title='bbox 627 4090 958 4147; x_wconf 83' lang='lat' dir='ltr'><strong>voluntatem</strong></span> <span class='ocrx_word' id='word_1_540' title='bbox 990 4089 1192 4146; x_wconf 65' lang='lat' dir='ltr'><strong>divina:</strong></span> <span class='ocrx_word' id='word_1_541' title='bbox 1223 4088 1542 4158; x_wconf 83' lang='lat' dir='ltr'><strong>subjieimus</strong></span> <span class='ocrx_word' id='word_1_542' title='bbox 1590 4097 1749 4161; x_wconf 90' lang='lat' dir='ltr'><strong>atque</strong></span> <span class='ocrx_word' id='word_1_543' title='bbox 1806 4105 1873 4145; x_wconf 83' lang='lat' dir='ltr'><strong>ex</strong></span> 
     </span>
    </p>
   </div>
   <div class='ocr_carea' id='block_1_74' title="bbox 256 4176 1874 4252">
    <p class='ocr_par' dir='ltr' id='par_1_74' title="bbox 256 4176 1874 4252">
     <span class='ocr_line' id='line_1_74' title="bbox 256 4176 1874 4252; baseline -0.001 -18"><span class='ocrx_word' id='word_1_544' title='bbox 256 4188 422 4252; x_wconf 88' lang='lat' dir='ltr'><strong>parte</strong></span> <span class='ocrx_word' id='word_1_545' title='bbox 466 4179 567 4234; x_wconf 88' lang='lat' dir='ltr'><strong>Dei</strong></span> <span class='ocrx_word' id='word_1_546' title='bbox 626 4186 677 4234; x_wconf 88' lang='lat' dir='ltr'><strong>et</strong></span> <span class='ocrx_word' id='word_1_547' title='bbox 733 4177 905 4234; x_wconf 86' lang='lat' dir='ltr'><strong>sancti</strong></span> <span class='ocrx_word' id='word_1_548' title='bbox 962 4178 1104 4233; x_wconf 88' lang='lat' dir='ltr'><strong>Petri</strong></span> <span class='ocrx_word' id='word_1_549' title='bbox 1162 4176 1519 4248; x_wconf 90' lang='lat' dir='ltr'><strong>omniumque</strong></span> <span class='ocrx_word' id='word_1_550' title='bbox 1574 4177 1874 4233; x_wconf 90' lang='lat' dir='ltr'><strong>amicorum</strong></span> 
     </span>
    </p>
   </div>
   <div class='ocr_carea' id='block_1_75' title="bbox 257 4265 1874 4336">
    <p class='ocr_par' dir='ltr' id='par_1_75' title="bbox 257 4265 1874 4336">
     <span class='ocr_line' id='line_1_75' title="bbox 257 4265 1874 4336; baseline -0.001 -12"><span class='ocrx_word' id='word_1_551' title='bbox 257 4284 507 4324; x_wconf 88' lang='lat' dir='ltr'><strong>meorum</strong></span> <span class='ocrx_word' id='word_1_552' title='bbox 538 4283 604 4322; x_wconf 91' lang='lat' dir='ltr'><strong>ac</strong></span> <span class='ocrx_word' id='word_1_553' title='bbox 630 4274 943 4324; x_wconf 87' lang='lat' dir='ltr'><strong>vestrorum</strong></span> <span class='ocrx_word' id='word_1_554' title='bbox 973 4265 1064 4336; x_wconf 92' lang='lat' dir='ltr'><strong>qui</strong></span> <span class='ocrx_word' id='word_1_555' title='bbox 1094 4266 1389 4321; x_wconf 88' lang='lat' dir='ltr'><strong>secundum</strong></span> <span class='ocrx_word' id='word_1_556' title='bbox 1419 4267 1592 4321; x_wconf 91' lang='lat' dir='ltr'><strong>Deum</strong></span> <span class='ocrx_word' id='word_1_557' title='bbox 1625 4281 1722 4322; x_wconf 90' lang='lat' dir='ltr'><strong>vos</strong></span> <span class='ocrx_word' id='word_1_558' title='bbox 1750 4266 1874 4323; x_wconf 77' lang='lat' dir='ltr'><strong>dili&#39;</strong></span> 
     </span>
    </p>
   </div>
   <div class='ocr_carea' id='block_1_76' title="bbox 253 4354 1871 4431">
    <p class='ocr_par' dir='ltr' id='par_1_76' title="bbox 253 4354 1871 4431">
     <span class='ocr_line' id='line_1_76' title="bbox 253 4354 1871 4431; baseline 0 -18"><span class='ocrx_word' id='word_1_559' title='bbox 253 4365 400 4431; x_wconf 85' lang='lat' dir='ltr'><strong>gunt</strong></span> <span class='ocrx_word' id='word_1_560' title='bbox 430 4355 614 4425; x_wconf 81' lang='lat' dir='ltr'><strong>iubeo,</strong></span> <span class='ocrx_word' id='word_1_561' title='bbox 647 4363 705 4410; x_wconf 93' lang='lat' dir='ltr'><strong>ut</strong></span> <span class='ocrx_word' id='word_1_562' title='bbox 735 4354 1062 4427; x_wconf 86' lang='lat' dir='ltr'><strong>pastoralem</strong></span> <span class='ocrx_word' id='word_1_563' title='bbox 1095 4369 1277 4410; x_wconf 88' lang='lat' dir='ltr'><strong>curam</strong></span> <span class='ocrx_word' id='word_1_564' title='bbox 1308 4354 1720 4411; x_wconf 89' lang='lat' dir='ltr'><strong>Cantuariensis</strong></span> <span class='ocrx_word' id='word_1_565' title='bbox 1757 4357 1871 4414; x_wconf 83' lang='lat' dir='ltr'><strong>Ec-</strong></span> 
     </span>
    </p>
   </div>
   <div class='ocr_carea' id='block_1_77' title="bbox 253 4442 1869 4514">
    <p class='ocr_par' dir='ltr' id='par_1_77' title="bbox 253 4442 1869 4514">
     <span class='ocr_line' id='line_1_77' title="bbox 253 4442 1869 4514; baseline 0 -13"><span class='ocrx_word' id='word_1_566' title='bbox 253 4446 442 4502; x_wconf 68' lang='lat' dir='ltr'><strong>clesiae</strong></span> <span class='ocrx_word' id='word_1_567' title='bbox 471 4452 523 4500; x_wconf 92' lang='lat' dir='ltr'><strong>et</strong></span> <span class='ocrx_word' id='word_1_568' title='bbox 553 4443 913 4500; x_wconf 86' lang='lat' dir='ltr'><strong>ecclesiastico</strong></span> <span class='ocrx_word' id='word_1_569' title='bbox 969 4458 1119 4498; x_wconf 91' lang='lat' dir='ltr'><strong>more</strong></span> <span class='ocrx_word' id='word_1_570' title='bbox 1175 4442 1610 4498; x_wconf 87' lang='lat' dir='ltr'><strong>benedictionem</strong></span> <span class='ocrx_word' id='word_1_571' title='bbox 1654 4444 1869 4514; x_wconf 86' lang='lat' dir='ltr'><strong>episco-</strong></span> 
     </span>
    </p>
   </div>
   <div class='ocr_carea' id='block_1_78' title="bbox 1988 3205 3588 3279">
    <p class='ocr_par' dir='ltr' id='par_1_78' title="bbox 1988 3205 3588 3279">
     <span class='ocr_line' id='line_1_78' title="bbox 1988 3205 3588 3279; baseline 0.001 -16"><span class='ocrx_word' id='word_1_572' title='bbox 1988 3207 2284 3263; x_wconf 88' lang='lat' dir='ltr'><strong>destinatas</strong></span> <span class='ocrx_word' id='word_1_573' title='bbox 2313 3207 2657 3279; x_wconf 88' lang='lat' dir='ltr'><strong>suscepisset,</strong></span> <span class='ocrx_word' id='word_1_574' title='bbox 2689 3214 2743 3262; x_wconf 91' lang='lat' dir='ltr'><strong>et</strong></span> <span class='ocrx_word' id='word_1_575' title='bbox 2770 3222 2865 3262; x_wconf 85' lang='lat' dir='ltr'><strong>rex</strong></span> <span class='ocrx_word' id='word_1_576' title='bbox 2893 3206 2965 3262; x_wconf 90' lang='lat' dir='ltr'><strong>de</strong></span> <span class='ocrx_word' id='word_1_577' title='bbox 2990 3205 3171 3262; x_wconf 89' lang='lat' dir='ltr'><strong>Dofris</strong></span> <span class='ocrx_word' id='word_1_578' title='bbox 3226 3222 3261 3263; x_wconf 89' lang='lat' dir='ltr'><strong>a</strong></span> <span class='ocrx_word' id='word_1_579' title='bbox 3314 3206 3588 3278; x_wconf 87' lang='lat' dir='ltr'><strong>colloquio</strong></span> 
     </span>
    </p>
   </div>
   <div class='ocr_carea' id='block_1_79' title="bbox 1975 3293 3589 3365">
    <p class='ocr_par' dir='ltr' id='par_1_79' title="bbox 1975 3293 3589 3365">
     <span class='ocr_line' id='line_1_79' title="bbox 1975 3293 3589 3365; baseline 0.002 -13"><span class='ocrx_word' id='word_1_580' title='bbox 1975 3294 2198 3353; x_wconf 82' lang='lat' dir='ltr'><strong>Roberti</strong></span> <span class='ocrx_word' id='word_1_581' title='bbox 2252 3294 2472 3351; x_wconf 89' lang='lat' dir='ltr'><strong>comitis</strong></span> <span class='ocrx_word' id='word_1_582' title='bbox 2521 3293 2787 3351; x_wconf 77' lang='lat' dir='ltr'><strong>Flandrize</strong></span> <span class='ocrx_word' id='word_1_583' title='bbox 2842 3295 3252 3365; x_wconf 84' lang='lat' dir='ltr'><strong>Roveccstram,</strong></span> <span class='ocrx_word' id='word_1_584' title='bbox 3303 3294 3398 3351; x_wconf 89' lang='lat' dir='ltr'><strong>ubi</strong></span> <span class='ocrx_word' id='word_1_585' title='bbox 3448 3302 3589 3356; x_wconf 79' lang='lat' dir='ltr'><strong>tunc</strong></span> 
     </span>
    </p>
   </div>
   <div class='ocr_carea' id='block_1_80' title="bbox 1976 3381 3586 3456">
    <p class='ocr_par' dir='ltr' id='par_1_80' title="bbox 1976 3381 3586 3456">
     <span class='ocr_line' id='line_1_80' title="bbox 1976 3381 3586 3456; baseline 0.001 -17"><span class='ocrx_word' id='word_1_586' title='bbox 1976 3384 2089 3456; x_wconf 89' lang='lat' dir='ltr'><strong>ipse</strong></span> <span class='ocrx_word' id='word_1_587' title='bbox 2120 3382 2412 3439; x_wconf 86' lang='lat' dir='ltr'><strong>Anselmus</strong></span> <span class='ocrx_word' id='word_1_588' title='bbox 2440 3392 2578 3450; x_wconf 86' lang='lat' dir='ltr'><strong>erat,</strong></span> <span class='ocrx_word' id='word_1_589' title='bbox 2639 3381 2905 3450; x_wconf 84' lang='lat' dir='ltr'><strong>venisset,</strong></span> <span class='ocrx_word' id='word_1_590' title='bbox 2963 3383 3023 3437; x_wconf 92' lang='lat' dir='ltr'><strong>in</strong></span> <span class='ocrx_word' id='word_1_591' title='bbox 3078 3390 3349 3439; x_wconf 88' lang='lat' dir='ltr'><strong>secretum</strong></span> <span class='ocrx_word' id='word_1_592' title='bbox 3402 3383 3586 3440; x_wconf 85' lang='lat' dir='ltr'><strong>locum</strong></span> 
     </span>
    </p>
   </div>
   <div class='ocr_carea' id='block_1_81' title="bbox 1978 3469 3587 3544">
    <p class='ocr_par' dir='ltr' id='par_1_81' title="bbox 1978 3469 3587 3544">
     <span class='ocr_line' id='line_1_81' title="bbox 1978 3469 3587 3544; baseline 0 -16"><span class='ocrx_word' id='word_1_593' title='bbox 1978 3471 2267 3529; x_wconf 81' lang='lat' dir='ltr'><strong>Anselmus</strong></span> <span class='ocrx_word' id='word_1_594' title='bbox 2300 3487 2487 3544; x_wconf 90' lang='lat' dir='ltr'><strong>regem</strong></span> <span class='ocrx_word' id='word_1_595' title='bbox 2520 3471 2658 3537; x_wconf 87' lang='lat' dir='ltr'><strong>tulit,</strong></span> <span class='ocrx_word' id='word_1_596' title='bbox 2690 3486 2924 3544; x_wconf 91' lang='lat' dir='ltr'><strong>eumque</strong></span> <span class='ocrx_word' id='word_1_597' title='bbox 2956 3470 3133 3526; x_wconf 88' lang='lat' dir='ltr'><strong>taliter</strong></span> <span class='ocrx_word' id='word_1_598' title='bbox 3159 3469 3429 3527; x_wconf 83' lang='lat' dir='ltr'><strong>allocutus</strong></span> <span class='ocrx_word' id='word_1_599' title='bbox 3457 3480 3542 3527; x_wconf 86' lang='lat' dir='ltr'><strong>est</strong></span> <span class='ocrx_word' id='word_1_600' title='bbox 3571 3487 3587 3528; x_wconf 93' lang='lat'><strong>:</strong></span> 
     </span>
    </p>
   </div>
   <div class='ocr_carea' id='block_1_82' title="bbox 1981 3558 3588 3633">
    <p class='ocr_par' dir='ltr' id='par_1_82' title="bbox 1981 3558 3588 3633">
     <span class='ocr_line' id='line_1_82' title="bbox 1981 3558 3588 3633; baseline 0.003 -21"><span class='ocrx_word' id='word_1_601' title='bbox 1981 3585 2004 3612; x_wconf 73' lang='grc' dir='ltr'><strong>α</strong></span> <span class='ocrx_word' id='word_1_602' title='bbox 2040 3562 2099 3616; x_wconf 82' lang='lat' dir='ltr'><strong>In</strong></span> <span class='ocrx_word' id='word_1_603' title='bbox 2130 3568 2363 3633; x_wconf 90' lang='lat' dir='ltr'><strong>utroque</strong></span> <span class='ocrx_word' id='word_1_604' title='bbox 2394 3560 2589 3615; x_wconf 88' lang='lat' dir='ltr'><strong>dubius</strong></span> <span class='ocrx_word' id='word_1_605' title='bbox 2615 3560 2820 3631; x_wconf 89' lang='lat' dir='ltr'><strong>pendet</strong></span> <span class='ocrx_word' id='word_1_606' title='bbox 2847 3558 3045 3627; x_wconf 87' lang='lat' dir='ltr'><strong>adhuc,</strong></span> <span class='ocrx_word' id='word_1_607' title='bbox 3075 3558 3296 3615; x_wconf 89' lang='lat' dir='ltr'><strong>domine</strong></span> <span class='ocrx_word' id='word_1_608' title='bbox 3347 3559 3427 3616; x_wconf 88' lang='lat' dir='ltr'><strong>mi</strong></span> <span class='ocrx_word' id='word_1_609' title='bbox 3467 3575 3588 3627; x_wconf 78' lang='lat' dir='ltr'><strong>rex,</strong></span> 
     </span>
    </p>
   </div>
   <div class='ocr_carea' id='block_1_83' title="bbox 1978 3646 3589 3719">
    <p class='ocr_par' dir='ltr' id='par_1_83' title="bbox 1978 3646 3589 3719">
     <span class='ocr_line' id='line_1_83' title="bbox 1978 3646 3589 3719; baseline -0.002 -13"><span class='ocrx_word' id='word_1_610' title='bbox 1978 3651 2189 3707; x_wconf 91' lang='lat' dir='ltr'><strong>animus</strong></span> <span class='ocrx_word' id='word_1_611' title='bbox 2215 3664 2394 3717; x_wconf 86' lang='lat' dir='ltr'><strong>meus,</strong></span> <span class='ocrx_word' id='word_1_612' title='bbox 2435 3657 2615 3705; x_wconf 89' lang='lat' dir='ltr'><strong>utrum</strong></span> <span class='ocrx_word' id='word_1_613' title='bbox 2670 3647 2925 3705; x_wconf 88' lang='lat' dir='ltr'><strong>videlicet</strong></span> <span class='ocrx_word' id='word_1_614' title='bbox 2979 3648 3319 3719; x_wconf 87' lang='lat' dir='ltr'><strong>acquiescam</strong></span> <span class='ocrx_word' id='word_1_615' title='bbox 3371 3646 3589 3719; x_wconf 73' lang='lat' dir='ltr'><strong>pontifi-</strong></span> 
     </span>
    </p>
   </div>
   <div class='ocr_carea' id='block_1_84' title="bbox 1977 3736 3585 3810">
    <p class='ocr_par' dir='ltr' id='par_1_84' title="bbox 1977 3736 3585 3810">
     <span class='ocr_line' id='line_1_84' title="bbox 1977 3736 3585 3810; baseline -0.001 -14"><span class='ocrx_word' id='word_1_616' title='bbox 1977 3748 2153 3796; x_wconf 88' lang='lat' dir='ltr'><strong>catam</strong></span> <span class='ocrx_word' id='word_1_617' title='bbox 2178 3738 2477 3810; x_wconf 88' lang='lat' dir='ltr'><strong>suscipere,</strong></span> <span class='ocrx_word' id='word_1_618' title='bbox 2509 3752 2720 3793; x_wconf 89' lang='lat' dir='ltr'><strong>annon.</strong></span> <span class='ocrx_word' id='word_1_619' title='bbox 2760 3737 2956 3793; x_wconf 88' lang='lat' dir='ltr'><strong>Verum</strong></span> <span class='ocrx_word' id='word_1_620' title='bbox 2984 3736 3031 3792; x_wconf 91' lang='lat' dir='ltr'><strong>si</strong></span> <span class='ocrx_word' id='word_1_621' title='bbox 3059 3753 3150 3793; x_wconf 90' lang='lat' dir='ltr'><strong>me</strong></span> <span class='ocrx_word' id='word_1_622' title='bbox 3178 3736 3246 3793; x_wconf 90' lang='lat' dir='ltr'><strong>ad</strong></span> <span class='ocrx_word' id='word_1_623' title='bbox 3276 3737 3585 3809; x_wconf 89' lang='lat' dir='ltr'><strong>susceptio-</strong></span> 
     </span>
    </p>
   </div>
   <div class='ocr_carea' id='block_1_85' title="bbox 1979 3825 3586 3898">
    <p class='ocr_par' dir='ltr' id='par_1_85' title="bbox 1979 3825 3586 3898">
     <span class='ocr_line' id='line_1_85' title="bbox 1979 3825 3586 3898; baseline -0.001 -15"><span class='ocrx_word' id='word_1_624' title='bbox 1979 3844 2106 3885; x_wconf 91' lang='lat' dir='ltr'><strong>nem</strong></span> <span class='ocrx_word' id='word_1_625' title='bbox 2136 3826 2258 3883; x_wconf 91' lang='lat' dir='ltr'><strong>illus</strong></span> <span class='ocrx_word' id='word_1_626' title='bbox 2314 3825 2454 3883; x_wconf 85' lang='lat' dir='ltr'><strong>ratio</strong></span> <span class='ocrx_word' id='word_1_627' title='bbox 2510 3825 2847 3898; x_wconf 82' lang='lat' dir='ltr'><strong>perduxerit,</strong></span> <span class='ocrx_word' id='word_1_628' title='bbox 2906 3825 3034 3882; x_wconf 92' lang='lat' dir='ltr'><strong>volo</strong></span> <span class='ocrx_word' id='word_1_629' title='bbox 3090 3825 3243 3883; x_wconf 88' lang='lat' dir='ltr'><strong>brevi</strong></span> <span class='ocrx_word' id='word_1_630' title='bbox 3273 3841 3586 3898; x_wconf 70' lang='lat' dir='ltr'><strong>pmnescas</strong></span> 
     </span>
    </p>
   </div>
   <div class='ocr_carea' id='block_1_86' title="bbox 1979 3914 3587 3989">
    <p class='ocr_par' dir='ltr' id='par_1_86' title="bbox 1979 3914 3587 3989">
     <span class='ocr_line' id='line_1_86' title="bbox 1979 3914 3587 3989; baseline 0 -17"><span class='ocrx_word' id='word_1_631' title='bbox 1979 3917 2111 3989; x_wconf 91' lang='lat' dir='ltr'><strong>quid</strong></span> <span class='ocrx_word' id='word_1_632' title='bbox 2140 3916 2305 3972; x_wconf 89' lang='lat' dir='ltr'><strong>velim</strong></span> <span class='ocrx_word' id='word_1_633' title='bbox 2335 3914 2531 3971; x_wconf 88' lang='lat' dir='ltr'><strong>facias.</strong></span> <span class='ocrx_word' id='word_1_634' title='bbox 2570 3914 2706 3971; x_wconf 83' lang='lat' dir='ltr'><strong>Volo</strong></span> <span class='ocrx_word' id='word_1_635' title='bbox 2755 3914 3008 3987; x_wconf 89' lang='lat' dir='ltr'><strong>equidem</strong></span> <span class='ocrx_word' id='word_1_636' title='bbox 3063 3922 3122 3971; x_wconf 90' lang='lat' dir='ltr'><strong>ut</strong></span> <span class='ocrx_word' id='word_1_637' title='bbox 3174 3930 3364 3972; x_wconf 89' lang='lat' dir='ltr'><strong>omnes</strong></span> <span class='ocrx_word' id='word_1_638' title='bbox 3419 3923 3587 3972; x_wconf 88' lang='lat' dir='ltr'><strong>terras</strong></span> 
     </span>
    </p>
   </div>
   <div class='ocr_carea' id='block_1_87' title="bbox 1980 4002 3580 4077">
    <p class='ocr_par' dir='ltr' id='par_1_87' title="bbox 1980 4002 3580 4077">
     <span class='ocr_line' id='line_1_87' title="bbox 1980 4002 3580 4077; baseline 0.001 -18"><span class='ocrx_word' id='word_1_639' title='bbox 1980 4020 2117 4077; x_wconf 90' lang='lat' dir='ltr'><strong>quas</strong></span> <span class='ocrx_word' id='word_1_640' title='bbox 2171 4003 2420 4061; x_wconf 86' lang='lat' dir='ltr'><strong>Ecclesia</strong></span> <span class='ocrx_word' id='word_1_641' title='bbox 2475 4002 2898 4074; x_wconf 86' lang='lat' dir='ltr'><strong>Cantuariensis,</strong></span> <span class='ocrx_word' id='word_1_642' title='bbox 2959 4004 3029 4059; x_wconf 92' lang='lat' dir='ltr'><strong>ad</strong></span> <span class='ocrx_word' id='word_1_643' title='bbox 3077 4018 3240 4074; x_wconf 89' lang='lat' dir='ltr'><strong>quam</strong></span> <span class='ocrx_word' id='word_1_644' title='bbox 3271 4004 3580 4076; x_wconf 75' lang='lat' dir='ltr'><strong>regendam</strong></span> 
     </span>
    </p>
   </div>
   <div class='ocr_carea' id='block_1_88' title="bbox 1979 4090 3580 4162">
    <p class='ocr_par' dir='ltr' id='par_1_88' title="bbox 1979 4090 3580 4162">
     <span class='ocr_line' id='line_1_88' title="bbox 1979 4090 3580 4162; baseline -0.001 -13"><span class='ocrx_word' id='word_1_645' title='bbox 1979 4094 2200 4159; x_wconf 90' lang='lat' dir='ltr'><strong>electus,</strong></span> <span class='ocrx_word' id='word_1_646' title='bbox 2234 4108 2373 4158; x_wconf 89' lang='lat' dir='ltr'><strong>sum,</strong></span> <span class='ocrx_word' id='word_1_647' title='bbox 2406 4098 2652 4162; x_wconf 90' lang='lat' dir='ltr'><strong>tempore</strong></span> <span class='ocrx_word' id='word_1_648' title='bbox 2666 4090 2840 4147; x_wconf 70' lang='lat' dir='ltr'><strong>beatae</strong></span> <span class='ocrx_word' id='word_1_649' title='bbox 2868 4090 3147 4148; x_wconf 76' lang='lat' dir='ltr'><strong>memoriae</strong></span> <span class='ocrx_word' id='word_1_650' title='bbox 3174 4091 3461 4148; x_wconf 88' lang='lat' dir='ltr'><strong>Lanfranci</strong></span> <span class='ocrx_word' id='word_1_651' title='bbox 3490 4108 3580 4148; x_wconf 92' lang='lat' dir='ltr'><strong>ar-</strong></span> 
     </span>
    </p>
   </div>
   <div class='ocr_carea' id='block_1_89' title="bbox 1978 4178 3580 4252">
    <p class='ocr_par' dir='ltr' id='par_1_89' title="bbox 1978 4178 3580 4252">
     <span class='ocr_line' id='line_1_89' title="bbox 1978 4178 3580 4252; baseline -0.002 -14"><span class='ocrx_word' id='word_1_652' title='bbox 1978 4180 2312 4252; x_wconf 82' lang='lat' dir='ltr'><strong>chiepiscOpi</strong></span> <span class='ocrx_word' id='word_1_653' title='bbox 2344 4179 2579 4246; x_wconf 88' lang='lat' dir='ltr'><strong>tenebat,</strong></span> <span class='ocrx_word' id='word_1_654' title='bbox 2612 4178 2730 4234; x_wconf 89' lang='lat' dir='ltr'><strong>sine</strong></span> <span class='ocrx_word' id='word_1_655' title='bbox 2757 4178 2905 4234; x_wconf 90' lang='lat' dir='ltr'><strong>omni</strong></span> <span class='ocrx_word' id='word_1_656' title='bbox 2932 4178 3134 4249; x_wconf 90' lang='lat' dir='ltr'><strong>placito</strong></span> <span class='ocrx_word' id='word_1_657' title='bbox 3161 4186 3215 4236; x_wconf 88' lang='lat' dir='ltr'><strong>et</strong></span> <span class='ocrx_word' id='word_1_658' title='bbox 3256 4187 3580 4238; x_wconf 82' lang='lat' dir='ltr'><strong>controver-</strong></span> 
     </span>
    </p>
   </div>
   <div class='ocr_carea' id='block_1_90' title="bbox 1978 4266 3584 4341">
    <p class='ocr_par' dir='ltr' id='par_1_90' title="bbox 1978 4266 3584 4341">
     <span class='ocr_line' id='line_1_90' title="bbox 1978 4266 3584 4341; baseline -0.001 -15"><span class='ocrx_word' id='word_1_659' title='bbox 1978 4270 2060 4328; x_wconf 86' lang='lat' dir='ltr'><strong>sia</strong></span> <span class='ocrx_word' id='word_1_660' title='bbox 2087 4269 2193 4341; x_wconf 91' lang='lat' dir='ltr'><strong>ipsi</strong></span> <span class='ocrx_word' id='word_1_661' title='bbox 2222 4268 2481 4324; x_wconf 75' lang='lat' dir='ltr'><strong>Ecclesiae</strong></span> <span class='ocrx_word' id='word_1_662' title='bbox 2509 4267 2781 4335; x_wconf 89' lang='lat' dir='ltr'><strong>restituas,</strong></span> <span class='ocrx_word' id='word_1_663' title='bbox 2835 4273 2889 4322; x_wconf 90' lang='lat' dir='ltr'><strong>et</strong></span> <span class='ocrx_word' id='word_1_664' title='bbox 2944 4267 3014 4321; x_wconf 93' lang='lat' dir='ltr'><strong>de</strong></span> <span class='ocrx_word' id='word_1_665' title='bbox 3059 4266 3183 4323; x_wconf 87' lang='lat' dir='ltr'><strong>aliis</strong></span> <span class='ocrx_word' id='word_1_666' title='bbox 3236 4267 3397 4323; x_wconf 85' lang='lat' dir='ltr'><strong>terris</strong></span> <span class='ocrx_word' id='word_1_667' title='bbox 3443 4284 3584 4340; x_wconf 92' lang='lat' dir='ltr'><strong>quas</strong></span> 
     </span>
    </p>
   </div>
   <div class='ocr_carea' id='block_1_91' title="bbox 1978 4355 3582 4427">
    <p class='ocr_par' dir='ltr' id='par_1_91' title="bbox 1978 4355 3582 4427">
     <span class='ocr_line' id='line_1_91' title="bbox 1978 4355 3582 4427; baseline -0.002 -11"><span class='ocrx_word' id='word_1_668' title='bbox 1978 4359 2166 4416; x_wconf 87' lang='lat' dir='ltr'><strong>eadem</strong></span> <span class='ocrx_word' id='word_1_669' title='bbox 2225 4355 2469 4413; x_wconf 88' lang='lat' dir='ltr'><strong>Ecclesia</strong></span> <span class='ocrx_word' id='word_1_670' title='bbox 2523 4362 2648 4412; x_wconf 92' lang='lat' dir='ltr'><strong>ante</strong></span> <span class='ocrx_word' id='word_1_671' title='bbox 2701 4370 2858 4411; x_wconf 90' lang='lat' dir='ltr'><strong>suum</strong></span> <span class='ocrx_word' id='word_1_672' title='bbox 2914 4362 3131 4427; x_wconf 88' lang='lat' dir='ltr'><strong>tempus</strong></span> <span class='ocrx_word' id='word_1_673' title='bbox 3179 4355 3434 4424; x_wconf 87' lang='lat' dir='ltr'><strong>habebat,</strong></span> <span class='ocrx_word' id='word_1_674' title='bbox 3480 4356 3582 4413; x_wconf 87' lang='lat' dir='ltr'><strong>sed</strong></span> 
     </span>
    </p>
   </div>
   <div class='ocr_carea' id='block_1_92' title="bbox 1979 4443 3581 4521">
    <p class='ocr_par' dir='ltr' id='par_1_92' title="bbox 1979 4443 3581 4521">
     <span class='ocr_line' id='line_1_92' title="bbox 1979 4443 3581 4521; baseline -0.002 -17"><span class='ocrx_word' id='word_1_675' title='bbox 1979 4447 2215 4521; x_wconf 85' lang='lat' dir='ltr'><strong>perditas</strong></span> <span class='ocrx_word' id='word_1_676' title='bbox 2277 4444 2519 4501; x_wconf 91' lang='lat' dir='ltr'><strong>nondum</strong></span> <span class='ocrx_word' id='word_1_677' title='bbox 2582 4444 2950 4516; x_wconf 86' lang='lat' dir='ltr'><strong>recuperavit,</strong></span> <span class='ocrx_word' id='word_1_678' title='bbox 3015 4443 3149 4499; x_wconf 86' lang='lat' dir='ltr'><strong>mihi</strong></span> <span class='ocrx_word' id='word_1_679' title='bbox 3206 4443 3581 4501; x_wconf 72' lang='lat' dir='ltr'><strong>rectitudinem</strong></span> 
     </span>
    </p>
   </div>
   <div class='ocr_carea' id='block_1_93' title="bbox 253 4515 3579 4608">
    <p class='ocr_par' dir='ltr' id='par_1_93' title="bbox 253 4515 3579 4608">
     <span class='ocr_line' id='line_1_93' title="bbox 253 4515 3579 4608; baseline -0 -18"><span class='ocrx_word' id='word_1_680' title='bbox 253 4534 437 4607; x_wconf 87' lang='lat' dir='ltr'><strong>palem</strong></span> <span class='ocrx_word' id='word_1_681' title='bbox 466 4532 786 4603; x_wconf 89' lang='lat' dir='ltr'><strong>suscipiatis,</strong></span> <span class='ocrx_word' id='word_1_682' title='bbox 819 4532 1115 4604; x_wconf 89' lang='lat' dir='ltr'><strong>oviumque</strong></span> <span class='ocrx_word' id='word_1_683' title='bbox 1137 4539 1437 4587; x_wconf 90' lang='lat' dir='ltr'><strong>vestrarum</strong></span> <span class='ocrx_word' id='word_1_684' title='bbox 1460 4531 1632 4599; x_wconf 89' lang='lat' dir='ltr'><strong>vobis,</strong></span> <span class='ocrx_word' id='word_1_685' title='bbox 1656 4541 1712 4587; x_wconf 90' lang='lat' dir='ltr'><strong>ut</strong></span> <span class='ocrx_word' id='word_1_686' title='bbox 1732 4549 1858 4590; x_wconf 82' lang='lat' dir='ltr'><strong>cre-</strong></span> <span class='ocrx_word' id='word_1_687' title='bbox 1889 4515 1945 4578; x_wconf 83' lang='lat' dir='ltr'>D</span> <span class='ocrx_word' id='word_1_688' title='bbox 1972 4515 2349 4608; x_wconf 82' lang='lat' dir='ltr'><strong>judiciumque</strong></span> <span class='ocrx_word' id='word_1_689' title='bbox 2406 4533 2730 4591; x_wconf 85' lang='lat' dir='ltr'><strong>consentias.</strong></span> <span class='ocrx_word' id='word_1_690' title='bbox 2779 4532 2861 4588; x_wconf 83' lang='lat' dir='ltr'><strong>Ad</strong></span> <span class='ocrx_word' id='word_1_691' title='bbox 2891 4533 3007 4589; x_wconf 64' lang='lat' dir='ltr'><strong>hac</strong></span> <span class='ocrx_word' id='word_1_692' title='bbox 3037 4532 3159 4589; x_wconf 89' lang='lat' dir='ltr'><strong>volo</strong></span> <span class='ocrx_word' id='word_1_693' title='bbox 3189 4540 3249 4588; x_wconf 89' lang='lat' dir='ltr'><strong>ut</strong></span> <span class='ocrx_word' id='word_1_694' title='bbox 3277 4532 3331 4587; x_wconf 90' lang='lat' dir='ltr'><strong>in</strong></span> <span class='ocrx_word' id='word_1_695' title='bbox 3359 4531 3428 4588; x_wconf 89' lang='lat' dir='ltr'><strong>iis</strong></span> <span class='ocrx_word' id='word_1_696' title='bbox 3456 4549 3579 4605; x_wconf 68' lang='lat' dir='ltr'><strong>quas</strong></span> 
     </span>
    </p>
   </div>
   <div class='ocr_carea' id='block_1_94' title="bbox 253 4619 1855 4693">
    <p class='ocr_par' dir='ltr' id='par_1_94' title="bbox 253 4619 1855 4693">
     <span class='ocr_line' id='line_1_94' title="bbox 253 4619 1855 4693; baseline 0.001 -15"><span class='ocrx_word' id='word_1_697' title='bbox 253 4624 455 4690; x_wconf 88' lang='lat' dir='ltr'><strong>dimus,</strong></span> <span class='ocrx_word' id='word_1_698' title='bbox 487 4621 743 4676; x_wconf 64' lang='lat' dir='ltr'><strong>disinilus</strong></span> <span class='ocrx_word' id='word_1_699' title='bbox 769 4621 1182 4676; x_wconf 86' lang='lat' dir='ltr'><strong>commissarum</strong></span> <span class='ocrx_word' id='word_1_700' title='bbox 1213 4619 1373 4675; x_wconf 90' lang='lat' dir='ltr'><strong>saluti</strong></span> <span class='ocrx_word' id='word_1_701' title='bbox 1403 4619 1665 4693; x_wconf 88' lang='lat' dir='ltr'><strong>deinceps</strong></span> <span class='ocrx_word' id='word_1_702' title='bbox 1721 4622 1855 4679; x_wconf 85' lang='lat' dir='ltr'><strong>invi-</strong></span> 
     </span>
    </p>
   </div>
   <div class='ocr_carea' id='block_1_95' title="bbox 253 4710 1163 4786">
    <p class='ocr_par' dir='ltr' id='par_1_95' title="bbox 253 4710 1163 4786">
     <span class='ocr_line' id='line_1_95' title="bbox 253 4710 1163 4786; baseline -0.009 -18"><span class='ocrx_word' id='word_1_703' title='bbox 253 4712 452 4786; x_wconf 83' lang='lat' dir='ltr'><strong>giletis.</strong></span> <span class='ocrx_word' id='word_1_704' title='bbox 492 4711 693 4776; x_wconf 84' lang='lat' dir='ltr'><strong>Valete,</strong></span> <span class='ocrx_word' id='word_1_705' title='bbox 728 4710 932 4765; x_wconf 88' lang='lat' dir='ltr'><strong>viscera</strong></span> <span class='ocrx_word' id='word_1_706' title='bbox 965 4724 1107 4765; x_wconf 89' lang='lat' dir='ltr'><strong>mea.</strong></span> <span class='ocrx_word' id='word_1_707' title='bbox 1142 4735 1163 4759; x_wconf 76' lang='grc' dir='ltr'><strong>υ</strong></span> 
     </span>
    </p>
   </div>
   <div class='ocr_carea' id='block_1_96' title="bbox 1968 4621 3575 4693">
    <p class='ocr_par' dir='ltr' id='par_1_96' title="bbox 1968 4621 3575 4693">
     <span class='ocr_line' id='line_1_96' title="bbox 1968 4621 3575 4693; baseline -0.002 -13"><span class='ocrx_word' id='word_1_708' title='bbox 1968 4626 2037 4682; x_wconf 90' lang='lat' dir='ltr'><strong>ad</strong></span> <span class='ocrx_word' id='word_1_709' title='bbox 2064 4625 2237 4681; x_wconf 91' lang='lat' dir='ltr'><strong>Deum</strong></span> <span class='ocrx_word' id='word_1_710' title='bbox 2267 4631 2322 4678; x_wconf 90' lang='lat' dir='ltr'><strong>et</strong></span> <span class='ocrx_word' id='word_1_711' title='bbox 2348 4622 2797 4677; x_wconf 89' lang='lat' dir='ltr'><strong>Christianitatem</strong></span> <span class='ocrx_word' id='word_1_712' title='bbox 2830 4621 3118 4693; x_wconf 87' lang='lat' dir='ltr'><strong>pertinent,</strong></span> <span class='ocrx_word' id='word_1_713' title='bbox 3179 4628 3232 4677; x_wconf 86' lang='lat' dir='ltr'><strong>te</strong></span> <span class='ocrx_word' id='word_1_714' title='bbox 3287 4635 3410 4676; x_wconf 91' lang='lat' dir='ltr'><strong>meo</strong></span> <span class='ocrx_word' id='word_1_715' title='bbox 3463 4636 3575 4692; x_wconf 67' lang='lat' dir='ltr'><strong>pra:</strong></span> 
     </span>
    </p>
   </div>
   <div class='ocr_carea' id='block_1_97' title="bbox 1969 4709 3569 4782">
    <p class='ocr_par' dir='ltr' id='par_1_97' title="bbox 1969 4709 3569 4782">
     <span class='ocr_line' id='line_1_97' title="bbox 1969 4709 3569 4782; baseline -0.004 -10"><span class='ocrx_word' id='word_1_716' title='bbox 1969 4713 2184 4772; x_wconf 53' lang='lat' dir='ltr'><strong>caeteris</strong></span> <span class='ocrx_word' id='word_1_717' title='bbox 2213 4711 2444 4768; x_wconf 88' lang='lat' dir='ltr'><strong>consilio</strong></span> <span class='ocrx_word' id='word_1_718' title='bbox 2472 4709 2685 4778; x_wconf 88' lang='lat' dir='ltr'><strong>credas,</strong></span> <span class='ocrx_word' id='word_1_719' title='bbox 2718 4723 2784 4766; x_wconf 87' lang='lat' dir='ltr'><strong>ac</strong></span> <span class='ocrx_word' id='word_1_720' title='bbox 2811 4709 2947 4765; x_wconf 92' lang='lat' dir='ltr'><strong>sicut</strong></span> <span class='ocrx_word' id='word_1_721' title='bbox 2999 4724 3105 4782; x_wconf 88' lang='lat' dir='ltr'><strong>ego</strong></span> <span class='ocrx_word' id='word_1_722' title='bbox 3158 4717 3210 4765; x_wconf 84' lang='lat' dir='ltr'><strong>te</strong></span> <span class='ocrx_word' id='word_1_723' title='bbox 3239 4709 3366 4765; x_wconf 89' lang='lat' dir='ltr'><strong>volo</strong></span> <span class='ocrx_word' id='word_1_724' title='bbox 3396 4715 3569 4766; x_wconf 88' lang='lat' dir='ltr'><strong>terre-</strong></span> 
     </span>
    </p>
   </div>
   <div class='ocr_carea' id='block_1_98' title="bbox 1573 4825 2269 4892">
    <p class='ocr_par' dir='ltr' id='par_1_98' title="bbox 1573 4825 2269 4892">
     <span class='ocr_line' id='line_1_98' title="bbox 1573 4825 2269 4892; baseline 0.006 -13"><span class='ocrx_word' id='word_1_725' title='bbox 1573 4825 2006 4892; x_wconf 85' lang='lat' dir='ltr'><strong>HENSCHENII</strong></span> <span class='ocrx_word' id='word_1_726' title='bbox 2042 4829 2269 4886; x_wconf 74' lang='grc' dir='ltr'><strong>ΝΟΤιΕ.</strong></span> 
     </span>
    </p>
   </div>
   <div class='ocr_carea' id='block_1_99' title="bbox 329 4922 1865 4997">
    <p class='ocr_par' dir='ltr' id='par_1_99' title="bbox 329 4922 1865 4997">
     <span class='ocr_line' id='line_1_99' title="bbox 329 4922 1865 4997; baseline -0.001 -15"><span class='ocrx_word' id='word_1_727' title='bbox 329 4927 411 4997; x_wconf 84' lang='grc' dir='ltr'><strong>(α)</strong></span> <span class='ocrx_word' id='word_1_728' title='bbox 444 4926 568 4981; x_wconf 86' lang='lat' dir='ltr'><strong>Fuit</strong></span> <span class='ocrx_word' id='word_1_729' title='bbox 597 4940 661 4980; x_wconf 91' lang='lat' dir='ltr'><strong>eo</strong></span> <span class='ocrx_word' id='word_1_730' title='bbox 693 4939 838 4979; x_wconf 90' lang='lat' dir='ltr'><strong>anno</strong></span> <span class='ocrx_word' id='word_1_731' title='bbox 867 4924 1019 4997; x_wconf 81' lang='lat' dir='ltr'><strong>cyclo</strong></span> <span class='ocrx_word' id='word_1_732' title='bbox 1048 4922 1191 4978; x_wconf 72' lang='lat' dir='ltr'><strong>lunas</strong></span> <span class='ocrx_word' id='word_1_733' title='bbox 1221 4938 1300 4991; x_wconf 70' lang='grc' dir='ltr'>ιι,</span> <span class='ocrx_word' id='word_1_734' title='bbox 1328 4922 1458 4978; x_wconf 91' lang='lat' dir='ltr'><strong>solis</strong></span> <span class='ocrx_word' id='word_1_735' title='bbox 1472 4938 1533 4997; x_wconf 61' lang='lat' dir='ltr'><strong>_x,</strong></span> <span class='ocrx_word' id='word_1_736' title='bbox 1564 4924 1740 4997; x_wconf 81' lang='lat' dir='ltr'><strong>littera</strong></span> <span class='ocrx_word' id='word_1_737' title='bbox 1762 4926 1865 4981; x_wconf 90' lang='lat' dir='ltr'><strong>Do-</strong></span> 
     </span>
    </p>
   </div>
   <div class='ocr_carea' id='block_1_100' title="bbox 254 4994 1859 5064">
    <p class='ocr_par' dir='ltr' id='par_1_100' title="bbox 254 4994 1859 5064">
     <span class='ocr_line' id='line_1_100' title="bbox 254 4994 1859 5064; baseline -0.001 -11"><span class='ocrx_word' id='word_1_738' title='bbox 254 4994 501 5053; x_wconf 81' lang='lat' dir='ltr'><strong>miuieali</strong></span> <span class='ocrx_word' id='word_1_739' title='bbox 524 4997 805 5064; x_wconf 86' lang='lat' dir='ltr'><strong>B,Pascha</strong></span> <span class='ocrx_word' id='word_1_740' title='bbox 823 4994 1160 5050; x_wconf 86' lang='lat' dir='ltr'><strong>celebratum</strong></span> <span class='ocrx_word' id='word_1_741' title='bbox 1202 5010 1319 5049; x_wconf 83' lang='lat' dir='ltr'><strong>xvu</strong></span> <span class='ocrx_word' id='word_1_742' title='bbox 1367 4994 1585 5063; x_wconf 83' lang='lat' dir='ltr'><strong>Aprilis,</strong></span> <span class='ocrx_word' id='word_1_743' title='bbox 1617 4995 1734 5052; x_wconf 89' lang='lat' dir='ltr'><strong>dies</strong></span> <span class='ocrx_word' id='word_1_744' title='bbox 1763 4997 1859 5052; x_wconf 88' lang='lat' dir='ltr'><strong>Ci-</strong></span> 
     </span>
    </p>
   </div>
   <div class='ocr_carea' id='block_1_101' title="bbox 256 5064 1610 5136">
    <p class='ocr_par' dir='ltr' id='par_1_101' title="bbox 256 5064 1610 5136">
     <span class='ocr_line' id='line_1_101' title="bbox 256 5064 1610 5136; baseline -0.004 -11"><span class='ocrx_word' id='word_1_745' title='bbox 256 5084 448 5125; x_wconf 85' lang='lat' dir='ltr'><strong>nerum</strong></span> <span class='ocrx_word' id='word_1_746' title='bbox 479 5068 594 5122; x_wconf 87' lang='lat' dir='ltr'><strong>sive</strong></span> <span class='ocrx_word' id='word_1_747' title='bbox 621 5066 832 5121; x_wconf 87' lang='lat' dir='ltr'><strong>initium</strong></span> <span class='ocrx_word' id='word_1_748' title='bbox 865 5064 1320 5136; x_wconf 73' lang='lat' dir='ltr'><strong>Quadragesima&#39;:</strong></span> <span class='ocrx_word' id='word_1_749' title='bbox 1350 5080 1388 5117; x_wconf 86' lang='grc' dir='ltr'><strong>ιι</strong></span> <span class='ocrx_word' id='word_1_750' title='bbox 1414 5065 1610 5136; x_wconf 71' lang='lat' dir='ltr'><strong>Martii.</strong></span> 
     </span>
    </p>
   </div>
   <div class='ocr_carea' id='block_1_102' title="bbox 329 5134 1862 5208">
    <p class='ocr_par' dir='ltr' id='par_1_102' title="bbox 329 5134 1862 5208">
     <span class='ocr_line' id='line_1_102' title="bbox 329 5134 1862 5208; baseline -0.003 -13"><span class='ocrx_word' id='word_1_751' title='bbox 329 5141 407 5208; x_wconf 88' lang='lat' dir='ltr'><strong>(b)</strong></span> <span class='ocrx_word' id='word_1_752' title='bbox 437 5137 757 5208; x_wconf 76' lang='lat' dir='ltr'><strong>Abbatia_S.</strong></span> <span class='ocrx_word' id='word_1_753' title='bbox 794 5135 1007 5208; x_wconf 81' lang='lat' dir='ltr'><strong>Albani,</strong></span> <span class='ocrx_word' id='word_1_754' title='bbox 1040 5134 1256 5208; x_wconf 71' lang='lat' dir='ltr'><strong>inagro</strong></span> <span class='ocrx_word' id='word_1_755' title='bbox 1299 5134 1694 5208; x_wconf 81' lang='lat' dir='ltr'><strong>Hertfordensi,</strong></span> <span class='ocrx_word' id='word_1_756' title='bbox 1724 5152 1862 5193; x_wconf 91' lang='lat' dir='ltr'><strong>con-</strong></span> 
     </span>
    </p>
   </div>
   <div class='ocr_carea' id='block_1_103' title="bbox 256 5206 1862 5279">
    <p class='ocr_par' dir='ltr' id='par_1_103' title="bbox 256 5206 1862 5279">
     <span class='ocr_line' id='line_1_103' title="bbox 256 5206 1862 5279; baseline -0.002 -14"><span class='ocrx_word' id='word_1_757' title='bbox 256 5206 463 5265; x_wconf 83' lang='lat' dir='ltr'><strong>structa</strong></span> <span class='ocrx_word' id='word_1_758' title='bbox 491 5207 562 5263; x_wconf 84' lang='lat' dir='ltr'><strong>ab</strong></span> <span class='ocrx_word' id='word_1_759' title='bbox 591 5206 714 5263; x_wconf 78' lang='lat' dir='ltr'><strong>Offa</strong></span> <span class='ocrx_word' id='word_1_760' title='bbox 744 5222 878 5279; x_wconf 87' lang='lat' dir='ltr'><strong>rege</strong></span> <span class='ocrx_word' id='word_1_761' title='bbox 905 5206 1245 5272; x_wconf 83' lang='lat' dir='ltr'><strong>Merciorum,</strong></span> <span class='ocrx_word' id='word_1_762' title='bbox 1276 5213 1331 5279; x_wconf 84' lang='lat' dir='ltr'><strong>et</strong></span> <span class='ocrx_word' id='word_1_763' title='bbox 1361 5222 1399 5279; x_wconf 72' lang='grc' dir='ltr'>ξι</span> <span class='ocrx_word' id='word_1_764' title='bbox 1431 5206 1735 5263; x_wconf 82' lang='lat' dir='ltr'><strong>Lanfranco</strong></span> <span class='ocrx_word' id='word_1_765' title='bbox 1765 5223 1862 5262; x_wconf 90' lang='lat' dir='ltr'><strong>ar-</strong></span> 
     </span>
    </p>
   </div>
   <div class='ocr_carea' id='block_1_104' title="bbox 258 5276 1867 5358">
    <p class='ocr_par' dir='ltr' id='par_1_104' title="bbox 258 5276 1867 5358">
     <span class='ocr_line' id='line_1_104' title="bbox 258 5276 1867 5358; baseline -0.001 -23"><span class='ocrx_word' id='word_1_766' title='bbox 258 5280 611 5358; x_wconf 69' lang='lat' dir='ltr'><strong>chiepiscopo</strong></span> <span class='ocrx_word' id='word_1_767' title='bbox 642 5276 1025 5358; x_wconf 52' lang='lat' dir='ltr'><strong>instau‘rata_et</strong></span> <span class='ocrx_word' id='word_1_768' title='bbox 1045 5276 1488 5358; x_wconf 63' lang='lat' dir='ltr'><strong>possessionibus</strong></span> <span class='ocrx_word' id='word_1_769' title='bbox 1517 5287 1692 5358; x_wconf 77' lang='lat' dir='ltr'><strong>aucta.</strong></span> <span class='ocrx_word' id='word_1_770' title='bbox 1753 5280 1867 5358; x_wconf 46' lang='lat' dir='ltr'><strong>Cof</strong></span> 
     </span>
    </p>
   </div>
   <div class='ocr_carea' id='block_1_105' title="bbox 259 5346 1865 5418">
    <p class='ocr_par' dir='ltr' id='par_1_105' title="bbox 259 5346 1865 5418">
     <span class='ocr_line' id='line_1_105' title="bbox 259 5346 1865 5418; baseline -0.002 -11"><span class='ocrx_word' id='word_1_771' title='bbox 259 5346 483 5407; x_wconf 54' lang='lat' dir='ltr'><strong>litur&#39;S.</strong></span> <span class='ocrx_word' id='word_1_772' title='bbox 520 5346 762 5404; x_wconf 65' lang='lat' dir='ltr'><strong>Albanus</strong></span> <span class='ocrx_word' id='word_1_773' title='bbox 791 5364 909 5402; x_wconf 81' lang='lat' dir='ltr'><strong>xm</strong></span> <span class='ocrx_word' id='word_1_774' title='bbox 936 5346 1098 5416; x_wconf 87' lang='lat' dir='ltr'><strong>Junii,</strong></span> <span class='ocrx_word' id='word_1_775' title='bbox 1128 5363 1236 5418; x_wconf 92' lang='lat' dir='ltr'><strong>quo</strong></span> <span class='ocrx_word' id='word_1_776' title='bbox 1265 5346 1356 5403; x_wconf 90' lang='lat' dir='ltr'><strong>die</strong></span> <span class='ocrx_word' id='word_1_777' title='bbox 1383 5347 1722 5404; x_wconf 90' lang='lat' dir='ltr'><strong>Diocletiano</strong></span> <span class='ocrx_word' id='word_1_778' title='bbox 1779 5357 1865 5405; x_wconf 88' lang='lat' dir='ltr'><strong>est</strong></span> 
     </span>
    </p>
   </div>
   <div class='ocr_carea' id='block_1_106' title="bbox 259 5423 860 5493">
    <p class='ocr_par' dir='ltr' id='par_1_106' title="bbox 259 5423 860 5493">
     <span class='ocr_line' id='line_1_106' title="bbox 259 5423 860 5493; baseline -0.008 -16"><span class='ocrx_word' id='word_1_779' title='bbox 259 5423 521 5493; x_wconf 82' lang='lat' dir='ltr'><strong>martyrio</strong></span> <span class='ocrx_word' id='word_1_780' title='bbox 550 5427 860 5493; x_wconf 77' lang='lat' dir='ltr'><strong>coronatus.</strong></span> 
     </span>
    </p>
   </div>
   <div class='ocr_carea' id='block_1_107' title="bbox 331 5487 1868 5564">
    <p class='ocr_par' dir='ltr' id='par_1_107' title="bbox 331 5487 1868 5564">
     <span class='ocr_line' id='line_1_107' title="bbox 331 5487 1868 5564; baseline -0.003 -15"><span class='ocrx_word' id='word_1_781' title='bbox 331 5487 706 5564; x_wconf 59' lang='lat' dir='ltr'><strong>(cfAllodium</strong></span> <span class='ocrx_word' id='word_1_782' title='bbox 735 5498 820 5545; x_wconf 89' lang='lat' dir='ltr'><strong>est</strong></span> <span class='ocrx_word' id='word_1_783' title='bbox 843 5489 1100 5564; x_wconf 59' lang='lat' dir='ltr'><strong>pracium</strong></span> <span class='ocrx_word' id='word_1_784' title='bbox 1129 5487 1381 5554; x_wconf 88' lang='lat' dir='ltr'><strong>liberum,</strong></span> <span class='ocrx_word' id='word_1_785' title='bbox 1441 5488 1574 5564; x_wconf 79' lang='lat' dir='ltr'><strong>nulli</strong></span> <span class='ocrx_word' id='word_1_786' title='bbox 1620 5490 1868 5545; x_wconf 86' lang='lat' dir='ltr'><strong>servituti</strong></span> 
     </span>
    </p>
   </div>
   <div class='ocr_carea' id='block_1_108' title="bbox 259 5559 1844 5628">
    <p class='ocr_par' dir='ltr' id='par_1_108' title="bbox 259 5559 1844 5628">
     <span class='ocr_line' id='line_1_108' title="bbox 259 5559 1844 5628; baseline -0.003 -9"><span class='ocrx_word' id='word_1_787' title='bbox 259 5559 582 5626; x_wconf 81' lang='lat' dir='ltr'><strong>obnoxium,</strong></span> <span class='ocrx_word' id='word_1_788' title='bbox 613 5562 731 5617; x_wconf 89' lang='lat' dir='ltr'><strong>sive</strong></span> <span class='ocrx_word' id='word_1_789' title='bbox 760 5576 829 5616; x_wconf 83' lang='lat' dir='ltr'><strong>ex</strong></span> <span class='ocrx_word' id='word_1_790' title='bbox 884 5560 1062 5616; x_wconf 84' lang='lat' dir='ltr'><strong>solido</strong></span> <span class='ocrx_word' id='word_1_791' title='bbox 1112 5574 1435 5615; x_wconf 84' lang='lat' dir='ltr'><strong>concessum</strong></span> <span class='ocrx_word' id='word_1_792' title='bbox 1489 5559 1606 5614; x_wconf 87' lang='lat' dir='ltr'><strong>sine</strong></span> <span class='ocrx_word' id='word_1_793' title='bbox 1656 5576 1844 5628; x_wconf 89' lang='lat' dir='ltr'><strong>onere,</strong></span> 
     </span>
    </p>
   </div>
   <div class='ocr_carea' id='block_1_109' title="bbox 262 5630 1867 5713">
    <p class='ocr_par' dir='ltr' id='par_1_109' title="bbox 262 5630 1867 5713">
     <span class='ocr_line' id='line_1_109' title="bbox 262 5630 1867 5713; baseline -0.001 -23"><span class='ocrx_word' id='word_1_794' title='bbox 262 5635 410 5713; x_wconf 84' lang='lat' dir='ltr'><strong>quod</strong></span> <span class='ocrx_word' id='word_1_795' title='bbox 439 5636 627 5707; x_wconf 88' lang='lat' dir='ltr'><strong>ipsum</strong></span> <span class='ocrx_word' id='word_1_796' title='bbox 654 5631 859 5691; x_wconf 83' lang='lat' dir='ltr'><strong>indicat</strong></span> <span class='ocrx_word' id='word_1_797' title='bbox 886 5630 1038 5690; x_wconf 85' lang='lat' dir='ltr'><strong>vocis</strong></span> <span class='ocrx_word' id='word_1_798' title='bbox 1071 5637 1286 5704; x_wconf 86' lang='lat' dir='ltr'><strong>etymon</strong></span> <span class='ocrx_word' id='word_1_799' title='bbox 1336 5630 1518 5700; x_wconf 78' lang='lat' dir='ltr'><strong>Al-od,</strong></span> <span class='ocrx_word' id='word_1_800' title='bbox 1577 5631 1722 5702; x_wconf 89' lang='lat' dir='ltr'><strong>quod</strong></span> <span class='ocrx_word' id='word_1_801' title='bbox 1763 5640 1867 5700; x_wconf 83' lang='lat' dir='ltr'><strong>est,</strong></span> 
     </span>
    </p>
   </div>
   <div class='ocr_carea' id='block_1_110' title="bbox 1969 4922 3569 4999">
    <p class='ocr_par' dir='ltr' id='par_1_110' title="bbox 1969 4922 3569 4999">
     <span class='ocr_line' id='line_1_110' title="bbox 1969 4922 3569 4999; baseline -0.001 -18"><span class='ocrx_word' id='word_1_802' title='bbox 1969 4928 2130 4999; x_wconf 84' lang='lat' dir='ltr'><strong>plane</strong></span> <span class='ocrx_word' id='word_1_803' title='bbox 2185 4938 2435 4999; x_wconf 78' lang='lat' dir='ltr'><strong>vacuum,</strong></span> <span class='ocrx_word' id='word_1_804' title='bbox 2496 4923 2729 4980; x_wconf 89' lang='lat' dir='ltr'><strong>Consule</strong></span> <span class='ocrx_word' id='word_1_805' title='bbox 2804 4922 3099 4980; x_wconf 88' lang='lat' dir='ltr'><strong>Seldenum</strong></span> <span class='ocrx_word' id='word_1_806' title='bbox 3157 4929 3211 4979; x_wconf 91' lang='lat' dir='ltr'><strong>et</strong></span> <span class='ocrx_word' id='word_1_807' title='bbox 3230 4922 3569 4980; x_wconf 81' lang='lat' dir='ltr'><strong>Glossarium</strong></span> 
     </span>
    </p>
   </div>
   <div class='ocr_carea' id='block_1_111' title="bbox 1973 4994 2308 5069">
    <p class='ocr_par' dir='ltr' id='par_1_111' title="bbox 1973 4994 2308 5069">
     <span class='ocr_line' id='line_1_111' title="bbox 1973 4994 2308 5069; baseline -0.009 -17"><span class='ocrx_word' id='word_1_808' title='bbox 1973 4994 2308 5069; x_wconf 65' lang='lat' dir='ltr'><strong>Spelmanni.</strong></span> 
     </span>
    </p>
   </div>
   <div class='ocr_carea' id='block_1_112' title="bbox 2044 5065 3569 5137">
    <p class='ocr_par' dir='ltr' id='par_1_112' title="bbox 2044 5065 3569 5137">
     <span class='ocr_line' id='line_1_112' title="bbox 2044 5065 3569 5137; baseline 0 -14"><span class='ocrx_word' id='word_1_809' title='bbox 2044 5068 2123 5137; x_wconf 77' lang='grc' dir='ltr'><strong>(ά)</strong></span> <span class='ocrx_word' id='word_1_810' title='bbox 2149 5065 2456 5122; x_wconf 88' lang='lat' dir='ltr'><strong>Gundulfus</strong></span> <span class='ocrx_word' id='word_1_811' title='bbox 2485 5065 2754 5122; x_wconf 79' lang='lat' dir='ltr'><strong>Roﬂensis</strong></span> <span class='ocrx_word' id='word_1_812' title='bbox 2786 5082 2855 5121; x_wconf 80' lang='lat' dir='ltr'><strong>ex</strong></span> <span class='ocrx_word' id='word_1_813' title='bbox 2882 5065 3137 5137; x_wconf 65' lang='lat' dir='ltr'><strong>emnobio</strong></span> <span class='ocrx_word' id='word_1_814' title='bbox 3188 5066 3445 5123; x_wconf 77' lang='lat' dir='ltr'><strong>Beccensi</strong></span> <span class='ocrx_word' id='word_1_815' title='bbox 3476 5083 3569 5123; x_wconf 87' lang='lat' dir='ltr'><strong>as-</strong></span> 
     </span>
    </p>
   </div>
   <div class='ocr_carea' id='block_1_113' title="bbox 1972 5136 3567 5209">
    <p class='ocr_par' dir='ltr' id='par_1_113' title="bbox 1972 5136 3567 5209">
     <span class='ocr_line' id='line_1_113' title="bbox 1972 5136 3567 5209; baseline -0.001 -15"><span class='ocrx_word' id='word_1_816' title='bbox 1972 5136 2219 5209; x_wconf 88' lang='lat' dir='ltr'><strong>sumptus</strong></span> <span class='ocrx_word' id='word_1_817' title='bbox 2249 5137 2442 5202; x_wconf 85' lang='lat' dir='ltr'><strong>fuerat,</strong></span> <span class='ocrx_word' id='word_1_818' title='bbox 2473 5137 2756 5193; x_wconf 83' lang='lat' dir='ltr'><strong>adnitente</strong></span> <span class='ocrx_word' id='word_1_819' title='bbox 2785 5138 2844 5191; x_wconf 88' lang='grc' dir='ltr'><strong>Β.</strong></span> <span class='ocrx_word' id='word_1_820' title='bbox 2863 5136 3323 5209; x_wconf 35' lang='grc' dir='ltr'><strong>ΔΙιιῐιῑΐικιιιθο-αιι.</strong></span> <span class='ocrx_word' id='word_1_821' title='bbox 3381 5140 3520 5193; x_wconf 84' lang='grc'>1077</span> <span class='ocrx_word' id='word_1_822' title='bbox 3553 5155 3567 5209; x_wconf 87' lang='grc'><strong>;</strong></span> 
     </span>
    </p>
   </div>
   <div class='ocr_carea' id='block_1_114' title="bbox 1974 5207 3571 5335">
    <p class='ocr_par' dir='ltr' id='par_1_114' title="bbox 1974 5207 3571 5335">
     <span class='ocr_line' id='line_1_114' title="bbox 1974 5207 3571 5290; baseline -0.001 -24"><span class='ocrx_word' id='word_1_823' title='bbox 1974 5218 2027 5265; x_wconf 91' lang='lat' dir='ltr'><strong>et</strong></span> <span class='ocrx_word' id='word_1_824' title='bbox 2051 5207 2420 5290; x_wconf 79' lang='lat' dir='ltr'><strong>episcopatum</strong></span> <span class='ocrx_word' id='word_1_825' title='bbox 2449 5222 2652 5280; x_wconf 87' lang='lat' dir='ltr'><strong>magna</strong></span> <span class='ocrx_word' id='word_1_826' title='bbox 2679 5224 2804 5264; x_wconf 88' lang='lat' dir='ltr'><strong>cum</strong></span> <span class='ocrx_word' id='word_1_827' title='bbox 2862 5207 3023 5264; x_wconf 84' lang='lat' dir='ltr'><strong>laude</strong></span> <span class='ocrx_word' id='word_1_828' title='bbox 3078 5207 3248 5265; x_wconf 88' lang='lat' dir='ltr'><strong>tenuit</strong></span> <span class='ocrx_word' id='word_1_829' title='bbox 3300 5224 3470 5281; x_wconf 86' lang='lat' dir='ltr'><strong>usque</strong></span> <span class='ocrx_word' id='word_1_830' title='bbox 3499 5208 3571 5265; x_wconf 88' lang='lat' dir='ltr'><strong>ad</strong></span> 
     </span>
     <span class='ocr_line' id='line_1_115' title="bbox 1975 5280 2601 5335; baseline -0.005 0"><span class='ocrx_word' id='word_1_831' title='bbox 1975 5296 2050 5335; x_wconf 86' lang='lat' dir='ltr'><strong>vn</strong></span> <span class='ocrx_word' id='word_1_832' title='bbox 2079 5280 2255 5335; x_wconf 76' lang='lat' dir='ltr'><strong>Martii</strong></span> <span class='ocrx_word' id='word_1_833' title='bbox 2286 5294 2413 5334; x_wconf 83' lang='lat' dir='ltr'><strong>anni</strong></span> <span class='ocrx_word' id='word_1_834' title='bbox 2444 5282 2601 5334; x_wconf 77' lang='grc'><strong>1108.</strong></span> 
     </span>
    </p>
   </div>
   <div class='ocr_carea' id='block_1_115' title="bbox 1975 5296 2601 5337">
    <p class='ocr_par' dir='ltr' id='par_1_115' title="bbox 1975 5296 2601 5337">
     <span class='ocr_line' id='line_1_116' title="bbox 1975 5296 2601 5337; baseline -0.008 0"><span class='ocrx_word' id='word_1_835' title='bbox 1975 5296 2050 5337; x_wconf 80' lang='grc' dir='ltr'>νιι</span> <span class='ocrx_word' id='word_1_836' title='bbox 2079 5296 2255 5335; x_wconf 75' lang='lat' dir='ltr'><strong>manu</strong></span> <span class='ocrx_word' id='word_1_837' title='bbox 2286 5296 2413 5334; x_wconf 74' lang='grc' dir='ltr'>οωιι</span> <span class='ocrx_word' id='word_1_838' title='bbox 2444 5296 2601 5334; x_wconf 79' lang='grc' dir='ltr'><strong>Ηυδ.</strong></span> 
     </span>
    </p>
   </div>
   <div class='ocr_carea' id='block_1_116' title="bbox 2043 5349 3575 5422">
    <p class='ocr_par' dir='ltr' id='par_1_116' title="bbox 2043 5349 3575 5422">
     <span class='ocr_line' id='line_1_117' title="bbox 2043 5349 3575 5422; baseline 0.001 -17"><span class='ocrx_word' id='word_1_839' title='bbox 2043 5351 2116 5420; x_wconf 78' lang='grc' dir='ltr'><strong>(ε)</strong></span> <span class='ocrx_word' id='word_1_840' title='bbox 2146 5350 2395 5422; x_wconf 80' lang='lat' dir='ltr'><strong>Maurilio</strong></span> <span class='ocrx_word' id='word_1_841' title='bbox 2424 5349 2811 5422; x_wconf 79' lang='lat' dir='ltr'><strong>Rotomagensi</strong></span> <span class='ocrx_word' id='word_1_842' title='bbox 2839 5349 3249 5422; x_wconf 78' lang='lat' dir='ltr'><strong>archiepiscopo</strong></span> <span class='ocrx_word' id='word_1_843' title='bbox 3275 5364 3447 5420; x_wconf 80' lang='lat' dir='ltr'><strong>supra</strong></span> <span class='ocrx_word' id='word_1_844' title='bbox 3462 5364 3575 5406; x_wconf 89' lang='lat' dir='ltr'><strong>me-</strong></span> 
     </span>
    </p>
   </div>
   <div class='ocr_carea' id='block_1_117' title="bbox 1974 5420 3568 5489">
    <p class='ocr_par' dir='ltr' id='par_1_117' title="bbox 1974 5420 3568 5489">
     <span class='ocr_line' id='line_1_118' title="bbox 1974 5420 3568 5489; baseline -0.001 -14"><span class='ocrx_word' id='word_1_845' title='bbox 1974 5429 2187 5476; x_wconf 86' lang='lat' dir='ltr'><strong>morato</strong></span> <span class='ocrx_word' id='word_1_846' title='bbox 2218 5420 2331 5489; x_wconf 88' lang='lat' dir='ltr'><strong>(qui</strong></span> <span class='ocrx_word' id='word_1_847' title='bbox 2360 5420 2681 5476; x_wconf 74' lang='lat' dir='ltr'><strong>mandatum</strong></span> <span class='ocrx_word' id='word_1_848' title='bbox 2699 5421 2958 5477; x_wconf 80' lang='lat' dir='ltr'><strong>Anselmo</strong></span> <span class='ocrx_word' id='word_1_849' title='bbox 2986 5420 3215 5476; x_wconf 84' lang='lat' dir='ltr'><strong>dederat</strong></span> <span class='ocrx_word' id='word_1_850' title='bbox 3259 5434 3371 5476; x_wconf 89' lang='lat' dir='ltr'><strong>non</strong></span> <span class='ocrx_word' id='word_1_851' title='bbox 3416 5434 3568 5475; x_wconf 83' lang='lat' dir='ltr'><strong>recu-</strong></span> 
     </span>
    </p>
   </div>
   <div class='ocr_carea' id='block_1_118' title="bbox 1975 5491 3572 5563">
    <p class='ocr_par' dir='ltr' id='par_1_118' title="bbox 1975 5491 3572 5563">
     <span class='ocr_line' id='line_1_119' title="bbox 1975 5491 3572 5563; baseline -0.001 -17"><span class='ocrx_word' id='word_1_852' title='bbox 1975 5491 2129 5546; x_wconf 88' lang='lat' dir='ltr'><strong>sandi</strong></span> <span class='ocrx_word' id='word_1_853' title='bbox 2160 5500 2593 5563; x_wconf 86' lang='lat' dir='ltr'><strong>quatumcunque</strong></span> <span class='ocrx_word' id='word_1_854' title='bbox 2621 5506 2886 5563; x_wconf 85' lang='lat' dir='ltr'><strong>magnam</strong></span> <span class='ocrx_word' id='word_1_855' title='bbox 2909 5492 3304 5563; x_wconf 65' lang='lat' dir='ltr'><strong>prmlatumm),</strong></span> <span class='ocrx_word' id='word_1_856' title='bbox 3332 5492 3572 5563; x_wconf 65' lang='lat' dir='ltr'><strong>Joannes</strong></span> 
     </span>
    </p>
   </div>
   <div class='ocr_carea' id='block_1_119' title="bbox 1976 5560 3572 5630">
    <p class='ocr_par' dir='ltr' id='par_1_119' title="bbox 1976 5560 3572 5630">
     <span class='ocr_line' id='line_1_120' title="bbox 1976 5560 3572 5630; baseline 0.001 -14"><span class='ocrx_word' id='word_1_857' title='bbox 1976 5560 2244 5618; x_wconf 79' lang='lat' dir='ltr'><strong>successit</strong></span> <span class='ocrx_word' id='word_1_858' title='bbox 2300 5577 2390 5617; x_wconf 82' lang='lat' dir='ltr'><strong>an.</strong></span> <span class='ocrx_word' id='word_1_859' title='bbox 2452 5560 2610 5630; x_wconf 78' lang='lat'><strong>1067,</strong></span> <span class='ocrx_word' id='word_1_860' title='bbox 2666 5560 2861 5617; x_wconf 67' lang='lat' dir='ltr'><strong>Jo&#39;anni</strong></span> <span class='ocrx_word' id='word_1_861' title='bbox 2910 5560 3237 5620; x_wconf 75' lang='lat' dir='ltr'><strong>Guilielmus</strong></span> <span class='ocrx_word' id='word_1_862' title='bbox 3294 5560 3383 5617; x_wconf 87' lang='lat' dir='ltr'><strong>hic</strong></span> <span class='ocrx_word' id='word_1_863' title='bbox 3422 5574 3572 5617; x_wconf 90' lang='lat' dir='ltr'><strong>anno</strong></span> 
     </span>
    </p>
   </div>
   <div class='ocr_carea' id='block_1_120' title="bbox 1980 5632 2884 5710">
    <p class='ocr_par' dir='ltr' id='par_1_120' title="bbox 1980 5632 2884 5710">
     <span class='ocr_line' id='line_1_121' title="bbox 1980 5632 2884 5710; baseline -0.004 -15"><span class='ocrx_word' id='word_1_864' title='bbox 1980 5635 2138 5704; x_wconf 78' lang='grc'>1079,</span> <span class='ocrx_word' id='word_1_865' title='bbox 2170 5640 2225 5693; x_wconf 85' lang='lat' dir='ltr'><strong>et</strong></span> <span class='ocrx_word' id='word_1_866' title='bbox 2251 5632 2395 5692; x_wconf 81' lang='lat' dir='ltr'><strong>sedit</strong></span> <span class='ocrx_word' id='word_1_867' title='bbox 2424 5648 2595 5710; x_wconf 87' lang='lat' dir='ltr'><strong>usque</strong></span> <span class='ocrx_word' id='word_1_868' title='bbox 2623 5634 2695 5691; x_wconf 86' lang='lat' dir='ltr'><strong>ad</strong></span> <span class='ocrx_word' id='word_1_869' title='bbox 2727 5633 2884 5691; x_wconf 81' lang='lat' dir='ltr'><strong>mo.</strong></span> 
     </span>
    </p>
   </div>
  </div>
