4036 6072
405 317 504 374 371

1394 303 1706 359 EADMERI
1745 298 2297 358 CANTUARIENSIS
2345 295 2668 352 MONACHI

3613 293 3722 350 372

404 457 538 499 num
569 439 772 496 habere
801 436 1078 492 dominum
1129 436 1184 488 et
1229 431 1594 495 defensorem,
1646 429 1718 482 ita
1757 434 1809 482 et
1839 433 1892 480 tu
1922 439 2009 478 me
2035 421 2089 481 A
2121 421 2216 475 Dei
2248 420 2546 490 profuturis
2603 417 3056 488 promissionibus
3111 417 3372 482 illectum,
3431 417 3720 486 primatum

409 528 749 603 spiritualem
780 527 983 581 habeas
1014 530 1222 594 patrem
1255 529 1307 575 et
1355 519 1550 573 animae
1605 523 1710 571 tua:
1765 515 2010 586 proviso-

409 635 546 676 rem.
585 618 664 674 De
693 618 936 670 Romano
954 627 1168 684 quoque
1188 607 1448 679 pontifice
1468 607 1687 663 Urbano
1735 620 1893 673 quem
1915 617 2011 673 pro

414 705 712 780 apostolico
743 705 1020 772 hucusque
1051 715 1156 754 non
1191 697 1458 766 recepisti,
1493 703 1545 750 et
1576 709 1679 767 ego
1697 694 1808 763 jam
1832 691 2014 760 recepi

413 804 570 864 atque
602 791 827 862 recipio,
859 791 1017 860 eique
1045 787 1286 842 debitam
1317 785 1682 840 obedientiam
1715 791 1766 837 et
1822 780 2014 848 subje-

411 885 644 939 ctionem
675 879 933 936 exhibere
966 877 1112 941 volo,
1166 883 1383 931 cautum
1446 881 1496 928 te
1556 871 1693 926 facio
1751 886 1818 924 ne
1870 867 2015 940 quod

413 970 722 1026 scandalum
753 968 878 1022 inde
907 967 1114 1022 oriatur
1148 965 1200 1018 in
1251 964 1447 1017 futuro.
1512 963 1593 1016 De
1648 960 1754 1026 his,
1809 972 2013 1030 quaeso,

411 1066 518 1115 tuae
574 1055 866 1114 voluntatis
924 1053 1244 1110 sententiam
1303 1050 1608 1116 edicito,ut
1667 1065 1732 1102 ea
1775 1045 2011 1118 cognita,

415 1147 616 1204 certior
645 1146 768 1200 ﬁam
799 1160 906 1216 quo
939 1159 1025 1198 me
1057 1149 1288 1197 vertam.
1325 1162 1346 1187 ι
1394 1140 1507 1194 Rex
1564 1139 1759 1208 itaque,
1819 1141 2016 1189 vocato

413 1237 481 1292 ad
511 1253 567 1289 se
588 1233 906 1290 Willhelmo
936 1233 1013 1301 (τι)
1036 1227 1381 1285 Dunelmensi
1407 1227 1756 1298 epi300p0,et
1786 1223 2018 1278 Roberto

420 1322 620 1380 comite
650 1323 717 1377 de
745 1320 1021 1388 Mellento,
1052 1317 1211 1390 jussit
1267 1326 1323 1371 ut
1381 1316 1428 1371 ei
1485 1313 1864 1385 praesentibus,
1898 1326 2020 1382 quae

421 1413 654 1479 dixerat,
688 1410 926 1465 iteraret.
963 1408 1111 1462 Fecit
1159 1407 1442 1475 imperata,
1501 1412 1552 1458 et
1608 1419 1697 1457 rex
1757 1400 1866 1456 sibi
1924 1414 2024 1468 per

425 1500 710 1557 consilium
744 1499 819 1552 ita
846 1495 1127 1566 respondit
1161 1513 1172 1548 ε
1212 1517 1233 1542 α
1268 1495 1463 1548 Terras
1494 1494 1560 1546 de
1590 1491 1782 1560 quibus
1837 1488 2026 1542 Eccle-

424 1589 504 1644 sia
535 1587 717 1643 saisita
749 1587 823 1656 (b)
853 1585 1072 1656 quidem
1102 1583 1274 1638 fuerat
1301 1582 1401 1636 sub
1433 1581 1730 1635 Lanfranco
1752 1593 1941 1632 omnes
1957 1590 2024 1629 eo

427 1691 536 1748 quo
568 1684 693 1731 tunc
721 1683 876 1730 erant
906 1673 998 1728 tibi
1055 1671 1222 1726 modo
1278 1669 1578 1732 restituam,
1639 1668 1734 1723 sed
1794 1666 1862 1720 de
1918 1663 2026 1718 illis

2118 509 2381 565 Ecclesiae
2410 509 2703 579 Anglorum
2737 507 3013 576 suscipere
3040 506 3212 560 suasit
3242 513 3402 577 atque
3432 506 3720 574 persuasit.

2119 597 2213 652 Ille
2244 597 2408 669 igitur
2437 612 2585 650 more
2617 603 2670 651 et
2697 595 2950 664 exemplo
2981 595 3402 663 praedecessoris
3433 595 3512 648 sui
3568 594 3722 647 indu-

2120 692 2260 750 ctus,
2294 701 2392 754 pro
2424 702 2518 738 usu
2552 693 2704 738 terrae
2734 687 2896 738 homo
2929 684 3072 753 regis
3124 683 3296 738 factus
3324 687 3423 750 est,
3484 691 3539 736 et
3588 683 3725 736 sicut

2121 773 2446 828 Lanfrancus
2475 789 2569 827 suo
2601 777 2845 842 tempore
2880 772 3070 836 fuerat,
3103 771 3170 824 de
3202 779 3312 825 toto
3368 770 3726 840 archiepisco-

2121 871 2247 934 patu
2273 861 2451 916 saisiri
2477 861 2656 930 jussus
2687 871 2789 915 est.

2193 995 2358 1050 Venit
2387 995 2630 1066 posthaec
2661 994 3000 1049 Cantuariam
3043 1009 3115 1048 vn
3172 992 3405 1048 Kalend.
3468 988 3724 1046 Octobris

2123 1092 2284 1156 atque
2314 1085 2581 1138 immensa
2614 1083 3022 1148 monachorum,
3077 1081 3399 1138 clericorum
3457 1079 3726 1150 totiusque

2122 1173 2296 1244 plebis
2326 1173 2604 1228 alacritate
2633 1181 2912 1244 susceptus
2959 1171 3026 1226 ad
3073 1171 3363 1240 regendam
3419 1168 3728 1224 Ecclesiam

2127 1262 2224 1318 Dei
2254 1262 2430 1317 locum
2461 1261 2726 1331 pontiﬁcis
2775 1277 2972 1333 magno
3025 1261 3286 1316 deductus
3339 1259 3547 1313 honore
3600 1272 3725 1312 con-

2126 1352 2350 1407 scendit.
2376 1351 2582 1405 Eodem
2614 1351 2701 1405 die
2731 1351 2876 1404 venit
2908 1349 3249 1404 Cantuariam
3281 1365 3312 1401 a
3342 1363 3470 1419 rege
3528 1346 3725 1400 missus

2129 1440 2345 1510 quidam
2379 1439 2596 1494 nomine
2653 1438 2972 1508 Ranulpbus
2992 1438 3091 1508 (d),
3117 1435 3280 1508 regiae
3313 1434 3600 1490 voluntatis
3623 1449 3732 1488 ma-

2131 1529 2309 1582 ximus
2333 1536 2640 1593 exsecutor,
2675 1527 2762 1597 qui
2795 1536 2978 1597 spreta
3031 1524 3458 1582 consideratione
3517 1521 3731 1594 pietatis

2129 1631 2195 1673 ac
2224 1617 2521 1683 modestiae,
2555 1617 2814 1686 placitum
2845 1625 3031 1672 contra
3060 1632 3184 1670 eum
3221 1615 3342 1684 ipsa
3367 1613 3456 1668 die
3484 1611 3730 1672 instituit;

2134 1716 2186 1760 et
2216 1705 2358 1760 ferus
2387 1721 2452 1762 ac
2470 1713 2700 1770 tumens,
2736 1713 2942 1760 tantum
2973 1703 3232 1759 Ecclesia:
3292 1701 3552 1774 gaudium
3606 1716 3736 1755 con-

430 1780 567 1836 quas
723 1777 841 1832 Ipso
870 1759 1258 1862 P°9,_habe§a"
1293 1766 1544 1862 praesen“
2056 1777 2109 1836 Β
2140 1795 2354 1849 turbare
2382 1809 2490 1848 non
2522 1793 2715 1848 timuit.
2751 1792 2884 1862 Qua:
2911 1809 2995 1848 res
3026 1799 3338 1847 cunctorum
3371 1789 3578 1844 animos
3607 1803 3733 1858 gra-

427 1852 840 1910 conventionem
872 1850 1109 1905 instituo.
1148 1849 1540 1914 Verumtamen,
1573 1845 1643 1900 de
1689 1844 1772 1898 his
1803 1849 1855 1897 et
1885 1841 2025 1907 aliis,

435 1941 664 1998 credam
696 1940 791 1994 tibi
819 1939 955 1994 sicut
983 1937 1177 1993 debeo.
1215 1958 1237 1987 ι
1273 1936 1507 1992 Finierat
1537 1949 1629 1989 rex
1659 1934 1715 1988 in
1742 1931 1855 1987 istis
1880 1939 1932 1986 et
1962 1929 2028 1984 ab

425 2028 660 2086 invicem
692 2029 1092 2084 discesserunt.

502 2118 732 2183 Deinde,
759 2116 946 2187 paucis
969 2115 1162 2170 diebus
1212 2112 1558 2183 interpositis,
1591 2127 1684 2166 rex
1741 2110 1859 2181 ipse
1886 2124 2029 2163 con-

439 2222 660 2264 sensum
691 2221 852 2278 quem
881 2221 912 2260 a
950 2203 1341 2259 Northmannis
1372 2217 1538 2273 super
1571 2201 1846 2266 Anselmo,
1875 2199 2032 2268 juxta

437 2296 579 2366 quod
604 2295 813 2366 praefati
845 2309 1046 2360 sumus,
1080 2291 1398 2362 expetierat,
1457 2306 1552 2360 per
1600 2289 1853 2359 epistolas
1882 2301 2033 2342 acce-

433 2384 534 2456 pit.
568 2385 632 2439 Et
655 2383 875 2439 veniens
895 2383 950 2436 in
969 2381 1153 2437 villam
1176 2396 1325 2435 suam
1349 2395 1469 2450 quae
1489 2377 2032 2445 Windlesora(v)vo-

437 2480 604 2540 catur,
639 2473 958 2528 Anselmum
990 2487 1090 2541 per
1119 2486 1178 2523 se
1207 2483 1438 2538 suosque
1466 2467 1738 2532 convenit,
1775 2472 2036 2534 quatenus

446 2569 500 2618 et
527 2561 824 2618 secundum
856 2559 1019 2614 totius
1050 2558 1208 2630 regni
1241 2558 1307 2611 de
1337 2572 1401 2612 eo
1460 2555 1657 2610 factam
1715 2553 2034 2608 electionem

440 2651 686 2724 pontifex
717 2647 835 2704 ﬁeri
865 2649 1000 2702 ultra
1031 2662 1138 2701 non
1168 2653 1412 2717 negaret,
1455 2653 1507 2698 et
1553 2651 1725 2697 terras
1781 2641 2036 2697 Ecclesiae

437 2755 573 2812 quas
602 2739 714 2808 ipse
741 2752 858 2804 rex,
893 2735 1150 2790 defuncto
1181 2734 1497 2796 Lanfranco,
1549 2731 1658 2786 suis
1690 2730 1912 2784 dederat
1938 2744 2036 2799 pro

436 2834 634 2884 statuto
665 2825 912 2889 servitio,
944 2822 1049 2876 illis
1077 2821 1208 2892 ipsis
1239 2819 1578 2875 haereditario
1601 2819 1726 2888 jure
1755 2817 2034 2883 tenendas,

436 2931 599 2973 causa
627 2915 712 2969 sui
739 2913 958 2977 amoris,
991 2909 1346 2966 condonaret.
1379 2909 1484 2964 Sed
1514 2908 1797 2962 Anselmus
1851 2907 2039 2961 nolens

434 3003 756 3069 Ecclesiam,
791 3015 952 3070 quam
985 2999 1210 3054 necdum
1244 3014 1299 3053 re
1329 2997 1509 3068 aliqua
1565 2997 1891 3060 investierat,
1942 3012 2036 3051 ex-

436 3093 697 3165 spoliare,
732 3099 926 3156 terras,
980 3097 1038 3142 ut
1090 3087 1395 3160 petebatur,
1455 3087 1601 3140 nullo
1651 3084 1820 3139 voluit
1873 3093 2034 3154 pacto

435 3181 756 3247 concedere,
785 3187 838 3234 et
866 3178 936 3234 ob
966 3178 1092 3244 hoc,
1124 3185 1243 3232 orto
1272 3176 1408 3230 inter
1435 3191 1560 3230 eum
1617 3183 1667 3228 et
1723 3189 1912 3244 regem
1957 3174 2036 3227 di-

432 3268 626 3336 scidio,
660 3269 806 3340 quod
837 3267 1069 3338 primum
1102 3281 1315 3338 quoque
1337 3264 1401 3318 de
1432 3262 1744 3334 pontiﬁcatu
1767 3265 1883 3334 ejus
1905 3279 2033 3334 age-

432 3361 613 3428 batur,
644 3357 988 3412 indefinitum
1022 3355 1301 3411 remansit.
1333 3353 1488 3410 Unde
1515 3352 1799 3406 Anselmus
1829 3353 2032 3422 oppido

425 3447 638 3504 laetatus
667 3453 768 3513 est,
801 3461 1026 3516 sperans
1055 3459 1113 3499 se
1141 3444 1242 3498 hac
1271 3441 1556 3497 occasione
1613 3456 1646 3495 a
1701 3442 2034 3511 praelationis

427 3551 594 3593 onere
624 3551 722 3605 per
751 3534 848 3589 Dei
882 3533 1111 3604 gratiam
1141 3531 1565 3586 exonerandum.
1597 3531 1716 3584 Jam
1745 3529 1886 3584 enim
1909 3546 2030 3585 eum

427 3624 583 3696 virga
610 3621 864 3692 pastorali
894 3635 1078 3676 curam
1134 3633 1297 3688 quam
1353 3634 1514 3687 super
1569 3619 1802 3674 Beccum
1859 3619 2032 3673 abbas

428 3717 758 3780 susceperat,
788 3724 888 3778 pro
915 3708 1182 3775 descripta
1212 3707 1459 3775 superius
1515 3706 1874 3774 absolutione,
1925 3708 2030 3776 ipsi

431 3799 604 3854 Becco
632 3798 956 3852 restituerat.
986 3797 1052 3850 Et
1083 3811 1221 3849 nunc
1251 3809 1316 3848 eo
1347 3794 1492 3862 quod
1550 3802 1717 3848 terras
1773 3795 2030 3850 Ecclesiae

431 3885 636 3956 injuria
668 3886 801 3940 dare
830 3883 1069 3949 nolebat,
1125 3882 1452 3951 episcopalis
1507 3881 1664 3936 ofﬁcii
1724 3898 1857 3937 onus
1908 3899 2032 3939 sese

433 3975 587 4030 laetus
608 3973 847 4029 evasisse
877 3972 1118 4028 videbat.
1158 3972 1353 4026 Verum
1383 3986 1504 4025 cum
1535 3970 1764 4026 decurso
1795 3988 1900 4027 non
1922 3973 2030 4026 exi-

433 4079 544 4136 guo
574 4071 818 4133 tempore
875 4061 1167 4117 clamorem
1223 4058 1488 4127 omnium,
1549 4061 1617 4114 de
1668 4061 2030 4116 Ecclesiarum

440 4152 808 4208 destructione
839 4147 1302 4219 conquerentium,
1335 4165 1430 4202 rex
1461 4148 1692 4219 amplius
1749 4150 1889 4204 ferre
1929 4167 2030 4205 ne-

434 4240 628 4310 quiret,
659 4239 834 4294 virum
864 4239 932 4293 ad
965 4253 1024 4292 se
1052 4236 1365 4304 Wintoniae,
1398 4238 1631 4292 adunato
1662 4237 1732 4292 ibi
1764 4247 2029 4294 conventu

2136 1884 2275 1939 viter
2301 1883 2620 1948 vulneravit,
2669 1881 3116 1953 conquerentium
3175 1895 3239 1935 ac
3293 1877 3452 1932 nimis
3503 1876 3730 1948 indigne

2136 1963 2420 2028 ferentium
2445 1980 2590 2026 tanto
2622 1972 2736 2027 viro
2769 1979 2974 2025 tantam
3031 1969 3282 2039 injuriam
3340 1965 3473 2032 ﬁeri,
3523 1973 3579 2020 ut
3636 1980 3736 2019 nec

2137 2062 2370 2132 primum
2399 2061 2617 2132 quidem
2645 2077 2759 2115 sum
2816 2059 3095 2132 dignitatis
3150 2058 3295 2112 diem
3337 2055 3740 2125 permitteretur

2138 2155 2192 2206 in
2221 2167 2354 2222 pace
2387 2150 2705 2222 transigere.
2737 2149 2977 2217 Quorum
3009 2146 3362 2219 indignationi
3394 2147 3495 2199 hoc
3525 2157 3738 2213 quoque

2139 2257 2246 2295 non
2275 2256 2467 2310 parum
2494 2239 2696 2294 doloris
2721 2237 3032 2308 adjiciebat,
3067 2236 3210 2308 quod
3267 2233 3543 2306 negotium
3595 2231 3739 2285 unde

2141 2329 2403 2400 agebatur
2431 2328 2497 2382 ad
2524 2329 2647 2397 jura
2679 2326 2936 2382 Ecclesiae
2965 2325 3286 2395 pertinebat,
3319 2337 3420 2378 nec
3449 2322 3501 2375 in
3551 2319 3738 2390 aliquo

2141 2418 2338 2489 regalis
2386 2416 2572 2488 judicii
2625 2414 2992 2470 deﬁnitionem
3050 2412 3396 2482 respiciebat.
3451 2409 3618 2481 Igitur
3672 2423 3739 2462 eo

2145 2516 2389 2576 tempore
2421 2504 2579 2559 nimis
2609 2505 2777 2560 atroci
2807 2505 2974 2574 plaga
3025 2501 3268 2572 percussi
3318 2507 3440 2554 sunt
3491 2497 3740 2551 homines

2143 2597 2312 2666 ipsius
2332 2595 2621 2650 Ecclesiae.
2663 2593 2812 2649 Unde
2832 2591 3114 2646 Anselmus
3138 2587 3605 2645 vehementissime
3633 2585 3740 2640 do-

2143 2686 2278 2751 lens,
2305 2683 2399 2739 sed
2427 2683 2542 2755 regi
2583 2683 2851 2738 contraire
2896 2697 3003 2736 non
3034 2680 3237 2748 valens,
3270 2695 3336 2733 ex
3382 2673 3742 2747 prsesentibus

2147 2774 2326 2828 futura
2352 2771 2617 2842 conjecit;
2652 2779 2704 2826 et
2734 2772 2856 2842 quia
2889 2771 3084 2825 multas
3133 2769 3188 2822 in
3240 2765 3550 2838 pontiﬁcatu
3581 2779 3745 2834 angu-

2146 2863 2278 2917 stias
2310 2863 2448 2917 foret
2469 2877 2746 2932 passurus,
2779 2859 3039 2914 intellexit
3067 2867 3226 2927 atque
3269 2854 3535 2926 praedixit.
3567 2855 3742 2906 Acce-

2146 2952 2280 3007 dens
2308 2951 2490 3021 itaque
2521 2952 2588 3005 ad
2628 2966 2825 3005 novum
2867 2949 3078 3018 sibique
3108 2945 3382 3002 insolitum
3420 2958 3593 3014 genus
3621 2957 3742 2995 ser-

2147 3040 2327 3096 viendi
2359 3040 2492 3106 Deo,
2521 3040 2673 3110 juxta
2705 3038 3070 3103 Salomonem,
3099 3035 3276 3090 stabat
3332 3035 3384 3088 in
3437 3033 3656 3098 timore,
3689 3039 3742 3084 et

2065 3129 2483 3200 Cpraeparabat
2527 3129 2758 3182 animam
2817 3144 2969 3182 suam
3020 3125 3088 3180 ad
3147 3123 3511 3189 tentationem,
3562 3121 3740 3175 sciens

2143 3234 2328 3275 omnes
2359 3218 2446 3287 pie
2478 3217 2721 3273 volentes
2750 3217 2799 3271 in
2833 3216 3042 3272 Christo
3089 3215 3269 3270 vivere
3327 3211 3737 3268 tribulationem

2140 3307 2443 3364 necessario
2473 3308 2585 3377 pati
2615 3311 2890 3378 oportere.

2211 3445 2456 3497 Instante
2487 3459 2615 3498 vero
2643 3450 2884 3511 tempore
2915 3458 3026 3496 sum
3054 3437 3488 3503 consecrationis,
3511 3435 3650 3491 venit
3668 3451 3737 3490 ex

2140 3547 2289 3586 more
2318 3533 2552 3587 Thomas
2581 3533 2651 3599 (ε)
2684 3531 3121 3601 archiepiscopus
3145 3527 3517 3591 Eboracensis,
3550 3533 3736 3580 etom-

2139 3637 2234 3674 nes
2263 3621 2501 3690 episcopi
2560 3620 2790 3690 Anglian,
2851 3619 3217 3685 Cantuariam,
3277 3632 3507 3684 eumque
3553 3614 3739 3668 debita

2140 3709 2481 3764 veneratione
2514 3709 2584 3762 ibi
2620 3707 2926 3778 pontiﬁcem
2949 3721 3338 3762 consecravere
3366 3705 3543 3774 pridie
3569 3717 3740 3758 nonas

2140 3798 2471 3853 Decembris.
2491 3799 2606 3851 Duo
2621 3805 2798 3851 tamen
2822 3796 3086 3866 episcOpi,
3106 3794 3457 3867 Vigornensis
3471 3795 3538 3864 (Γ)
3555 3791 3744 3846 videli-

2139 3895 2224 3942 cet
2254 3896 2303 3941 et
2334 3887 2658 3941 Exoniensis
2707 3885 2806 3956 (g),
2851 3884 3146 3938 inﬁrmitati
3177 3883 3398 3950 detenti,
3429 3883 3558 3938 huic
3603 3897 3740 3936 con-

2139 3975 2423 4030 secrationi
2455 3975 2716 4029 interesse
2739 3989 2844 4028 non
2877 3973 3186 4028 valuerunt.
3221 3973 3327 4026 Sed
3375 3972 3576 4025 nuntiis
3619 3970 3738 4040 api-

2139 4065 2400 4134 cibusque
2455 4064 2696 4130 directis,
2730 4063 3027 4118 absentiam
3079 4078 3230 4116 suam
3285 4061 3736 4129 coepiscoporum

2141 4169 2359 4208 suorum
2387 4153 2686 4222 praesentia:
2716 4149 2821 4206 hac
2852 4153 2903 4204 in
2951 4167 3111 4206 causa
3144 4159 3465 4220 praesentem
3497 4157 3547 4202 et
3602 4163 3739 4202 con-

2140 4251 2452 4297 sentaneam
2507 4241 2621 4296 fore
2675 4239 3146 4294 denuntiaverunt.
3208 4239 3401 4292 Verum
3455 4253 3574 4292 cum
3621 4245 3744 4291 ante

433 4329 717 4397 nobilium,
741 4329 924 4386 venire
951 4326 1110 4390 fecit;
1141 4342 1204 4382 ac
1236 4325 1418 4381 multis
1460 4327 1616 4382 bonis
1671 4335 1721 4382 et
1777 4328 2029 4383 Ecclesiae
2055 4323 2106 4382 D
2142 4330 2430 4386 ordinandi
2461 4328 2731 4401 pontiﬁcis
2763 4329 3218 4385 examinationem
3257 4325 3632 4382 Walchelinus
3663 4327 3742 4395 (Ιι)

1747 4470 2178 4527 HENSCHENII
2216 4474 2441 4528 ΝΟΤᾸΞ.

513 4597 588 4664 (a)
609 4595 761 4649 Hunc
782 4593 1130 4649 Guilielmum
1154 4591 1581 4664 Dunelmensem
1600 4591 2042 4646 Malmesburien—

437 4667 513 4721 sis
545 4667 812 4737 depingit,
844 4673 906 4737 ut_.
931 4665 1134 4737 fcedum
1164 4663 1308 4734 regis
1336 4670 1741 4737 assentatorem,
1773 4664 2039 4737 omnium-

477 4753 543 4791 ue
567 4733 845 4790 turbarum
873 4735 930 4788 S.
963 4733 1632 4789 Anselmo’suscitatarum
1689 4733 2034 4802 signiferum,

434 4804 572 4862 alias
597 4823 694 4861 suo
725 4806 1062 4876 episcopatui
1088 4806 1291 4873 utilem,
1325 4821 1483 4874 quem
1517 4804 1684 4859 tenuit
1722 4805 1869 4859 varia
1918 4807 2035 4861 for-

437 4885 570 4934 tuna
595 4893 764 4948 usque
793 4877 867 4948 ad
893 4891 982 4931 an.
1011 4878 1168 4948 1097.

507 4949 582 5019 (b)
606 4947 828 5004 Sdisire
857 4947 910 5001 in
922 4947 1320 5017 possessionem
1348 4948 1574 5019 mittere,
1593 4947 1724 5001 alias
1740 4947 2028 5013 investire,

435 5018 593 5099 cujus
622 5019 925 5099 composita
953 5019 1261 5099 disquisire,
1309 5018 1901 5099 possessionenexuere
1921 5033 1953 5095 ;_
1980 5027 2032 5072 et

434 5088 722 5156 resaisire,
752 5088 807 5143 in
837 5089 1230 5160 possessionem
1288 5089 1592 5160 restituere.
1655 5090 1771 5142 Vox
1817 5088 2030 5160 origine

432 5160 661 5285 Qalliga,
684 5168 738 5216 et
765 5159 909 5231 apUd
923 5159 1112 5216 Gallus
1132 5173 1274 5215 nunc
1298 5159 1590 5214 violentam
1620 5159 2028 5227 occupationem

435 5247 578 5285 siam
621 5248 766 5285 cans.

435 5247 766 5286 8121111108118.

485 5247 1039 5383 ῗὲςῃὸἓῐῖἶῖὶηριρΐοπᾳ
1068 5298 1197 5383 villa
1223 5298 1468 5383 pluribus
1489 5305 1680 5380 agetur
1707 5313 1851 5383 xxiii
1873 5300 2026 5383 Apri-

426 5369 515 5440 lis,
544 5369 598 5428 in
626 5372 896 5428 Analectis
923 5379 1046 5442 post
1072 5370 1287 5442 Acta‘S.
1341 5369 1586 5442 Georgii,
1632 5387 1752 5440 cap.
1788 5372 1875 5438 11,
1911 5380 2022 5426 tan~

424 5439 586 5515 quam
616 5443 686 5499 de
712 5439 1012 5515 Garteriani
1045 5439 1248 5515 ordinis
1278 5441 1447 5515 natali
1472 5439 1613 5515 loco.

493 5514 572 5585 (ἁ)
604 5513 892 5570 Ranulfum
922 5513 1337 5569 Dunelmensem
1367 5511 1636 5569 coloribus
1661 5512 1772 5567 suis
1820 5513 2020 5570 descri-

2148 4595 2223 4648 bit
2256 4595 2766 4658 Malmesburicnsis,
2803 4604 3053 4666 tanquam
3085 4595 3453 4666 consultorem
3497 4598 3549 4648 et
3580 4607 3740 4647 exse-

2147 4674 2387 4721 cutorem
2417 4668 2657 4721 omnium
2686 4667 2753 4720 de
2783 4665 2939 4720 rebus
2969 4668 3135 4721 sacris
3166 4665 3610 4720 nundinationum
3646 4677 3740 4732 per

2146 4738 2443 4807 Angliam;
2509 4738 2600 4808 qui
2653 4738 3064 4791 Dunelmensem
3129 4738 3502 4808 episcopatum
3559 4734 3742 4789 oblato

2144 4806 2315 4877 pretio
2348 4806 2643 4862 emeritan.
2679 4811 2835 4874 1099,
2867 4823 2932 4862 ac
2953 4809 3182 4862 tenuerit
3209 4825 3298 4863 an.
3329 4806 3418 4860 29.

2215 4881 2284 4946 (θ)
2317 4880 2573 4943 Thomas,
2609 4879 2764 4945 hujus
2793 4879 3026 4932 nominis
3054 4879 3256 4949 primus
3302 4876 3741 4949 archiepiscopus

2141 4949 2520 5014 Eboracensis,
2571 4949 2848 5002 institutus
2897 4948 3244 5014 anno'1070,
3301 4956 3540 5002 mortuus
3575 4948 3735 5013 1100,

2141 5020 2295 5075 valde
2326 5020 2578 5073 laudatur
2607 5021 3013 5089 ascriptoribus.

2209 5093 2280 5160 (Ῑ)
2313 5090 2718 5160 Wigorniensis
2747 5091 3037 5160 episcOpus
3065 5099 3176 5145 erat
3208 5091 3264 5145 S.
3294 5089 3628 5155 Wulstanus,
3645 5103 3732 5160 an.

2141 5159 2279 5217 1062
2309 5159 2670 5226 consecratus,
2722 5159 2962 5215 mOrtuus
3008 5177 3097 5217 an.
3151 5164 3307 5226 1095,
3370 5164 3436 5214 19
3488 5159 3730 5225 Ianuari,

2138 5231 2351 5302 quando
2374 5233 2491 5301 ejus
2516 5235 2649 5287 Acta
2678 5232 3091 5286 illustravimus.

2206 5305 2281 5372 (g)
2312 5302 2594 5356 Osbernus
2622 5303 2947 5358 Exoniensis
2975 5303 3281 5373 episcopus,
3321 5301 3478 5373 sedit,
3509 5301 3580 5354 ad
3628 5315 3722 5353 an.

2134 5373 2284 5498 31071?5
2318 5374 2386 5427 ad
2434 5377 2588 5444 1103,
2648 5374 2716 5428 ad
2775 5390 2931 5444 quem
2991 5371 3071 5430 est
3123 5371 3353 5445 epistola
3400 5371 3540 5426 infra
3570 5373 3612 5426 Ι.
3645 5387 3728 5440 tu,

2131 5461 2186 5502 n.
2218 5448 2305 5499 15.

2200 5515 2280 5586 (ἡ)
2298 5515 2521 5571 Creatus
2537 5524 2621 5572 est
2647 5515 3040 5572 Wintoniensis
3067 5514 3354 5585 episcopus
3371 5513 3726 5569 Walkelinus
