  <div class='ocr_page' id='page_1' title='image "/cluster/home/n/w/nwhite01/storage/ocr_20150623/159/hvd.32044054760178/192.png"; bbox 0 0 4036 6072; ppageno 0'>
   <div class='ocr_carea' id='block_1_1' title="bbox 339 326 439 383">
    <p class='ocr_par' dir='ltr' id='par_1_1' title="bbox 339 326 439 383">
     <span class='ocr_line' id='line_1_1' title="bbox 339 326 439 383; baseline -0.02 0"><span class='ocrx_word' id='word_1_1' title='bbox 339 326 439 383; x_wconf 76' lang='lat'><strong>3&#39;13</strong></span> 
     </span>
    </p>
   </div>
   <div class='ocr_carea' id='block_1_2' title="bbox 1442 319 2525 380">
    <p class='ocr_par' dir='ltr' id='par_1_2' title="bbox 1442 319 2525 380">
     <span class='ocr_line' id='line_1_2' title="bbox 1442 319 2525 380; baseline 0.001 -2"><span class='ocrx_word' id='word_1_2' title='bbox 1442 321 1776 380; x_wconf 77' lang='lat' dir='ltr'><strong>HISTORIA</strong></span> <span class='ocrx_word' id='word_1_3' title='bbox 1808 319 2180 378; x_wconf 77' lang='lat' dir='ltr'><strong>NOVORUM.</strong></span> <span class='ocrx_word' id='word_1_4' title='bbox 2214 353 2279 368; x_wconf 89' lang='lat'><strong><em>—</em></strong></span> <span class='ocrx_word' id='word_1_5' title='bbox 2313 324 2439 379; x_wconf 85' lang='lat' dir='ltr'><strong>LIB.</strong></span> <span class='ocrx_word' id='word_1_6' title='bbox 2481 326 2525 380; x_wconf 89' lang='lat' dir='ltr'><strong>I.</strong></span> 
     </span>
    </p>
   </div>
   <div class='ocr_carea' id='block_1_3' title="bbox 3531 328 3640 383">
    <p class='ocr_par' dir='ltr' id='par_1_3' title="bbox 3531 328 3640 383">
     <span class='ocr_line' id='line_1_3' title="bbox 3531 328 3640 383; baseline 0 0"><span class='ocrx_word' id='word_1_7' title='bbox 3531 328 3640 383; x_wconf 68' lang='lat' dir='ltr'><strong>37L</strong></span> 
     </span>
    </p>
   </div>
   <div class='ocr_carea' id='block_1_4' title="bbox 332 442 3637 531">
    <p class='ocr_par' dir='ltr' id='par_1_4' title="bbox 332 442 3637 531">
     <span class='ocr_line' id='line_1_4' title="bbox 332 442 3637 531; baseline -0.001 -25"><span class='ocrx_word' id='word_1_8' title='bbox 332 450 640 531; x_wconf 73' lang='lat' dir='ltr'><strong>Wentanus</strong></span> <span class='ocrx_word' id='word_1_9' title='bbox 662 449 972 521; x_wconf 86' lang='lat' dir='ltr'><strong>episcopus,</strong></span> <span class='ocrx_word' id='word_1_10' title='bbox 996 455 1191 521; x_wconf 86' lang='lat' dir='ltr'><strong>rogatu</strong></span> <span class='ocrx_word' id='word_1_11' title='bbox 1208 442 1437 501; x_wconf 81' lang='lat' dir='ltr'><strong>Mauritii</strong></span> <span class='ocrx_word' id='word_1_12' title='bbox 1450 445 1528 516; x_wconf 85' lang='grc' dir='ltr'><strong>(α)</strong></span> <span class='ocrx_word' id='word_1_13' title='bbox 1545 442 1782 515; x_wconf 90' lang='lat' dir='ltr'><strong>episcopi</strong></span> <span class='ocrx_word' id='word_1_14' title='bbox 1799 442 1939 499; x_wconf 86' lang='lat' dir='ltr'><strong>Lun-</strong></span> <span class='ocrx_word' id='word_1_15' title='bbox 1968 443 2020 504; x_wconf 84' lang='grc' dir='ltr'><strong>Α</strong></span> <span class='ocrx_word' id='word_1_16' title='bbox 2045 442 2272 500; x_wconf 83' lang='lat' dir='ltr'><strong>aliorum</strong></span> <span class='ocrx_word' id='word_1_17' title='bbox 2302 444 2494 502; x_wconf 90' lang='lat' dir='ltr'><strong>ductus</strong></span> <span class='ocrx_word' id='word_1_18' title='bbox 2548 455 2771 515; x_wconf 88' lang='lat' dir='ltr'><strong>terrore,</strong></span> <span class='ocrx_word' id='word_1_19' title='bbox 2803 463 2973 504; x_wconf 88' lang='lat' dir='ltr'><strong>ovans</strong></span> <span class='ocrx_word' id='word_1_20' title='bbox 3017 448 3087 505; x_wconf 90' lang='lat' dir='ltr'><strong>ad</strong></span> <span class='ocrx_word' id='word_1_21' title='bbox 3130 454 3276 504; x_wconf 90' lang='lat' dir='ltr'><strong>tuam</strong></span> <span class='ocrx_word' id='word_1_22' title='bbox 3320 446 3637 521; x_wconf 87' lang='lat' dir='ltr'><strong>benignita-</strong></span> 
     </span>
    </p>
   </div>
   <div class='ocr_carea' id='block_1_5' title="bbox 339 532 3639 610">
    <p class='ocr_par' dir='ltr' id='par_1_5' title="bbox 339 532 3639 610">
     <span class='ocr_line' id='line_1_5' title="bbox 339 532 3639 610; baseline 0 -16"><span class='ocrx_word' id='word_1_23' title='bbox 339 539 613 594; x_wconf 89' lang='lat' dir='ltr'><strong>doniensis</strong></span> <span class='ocrx_word' id='word_1_24' title='bbox 656 539 809 610; x_wconf 86' lang='lat' dir='ltr'><strong>cujus</strong></span> <span class='ocrx_word' id='word_1_25' title='bbox 851 541 957 595; x_wconf 91' lang='lat' dir='ltr'><strong>hoc</strong></span> <span class='ocrx_word' id='word_1_26' title='bbox 1000 537 1233 593; x_wconf 80' lang='lat' dir='ltr'><strong>ofiicium</strong></span> <span class='ocrx_word' id='word_1_27' title='bbox 1263 542 1362 603; x_wconf 89' lang='lat' dir='ltr'><strong>est,</strong></span> <span class='ocrx_word' id='word_1_28' title='bbox 1394 532 1756 590; x_wconf 88' lang='lat' dir='ltr'><strong>ecclesiastico</strong></span> <span class='ocrx_word' id='word_1_29' title='bbox 1784 545 1939 587; x_wconf 84' lang='lat' dir='ltr'><strong>more</strong></span> <span class='ocrx_word' id='word_1_30' title='bbox 2045 539 2152 587; x_wconf 92' lang='lat' dir='ltr'><strong>tem</strong></span> <span class='ocrx_word' id='word_1_31' title='bbox 2206 536 2632 606; x_wconf 75' lang='lat' dir='ltr'><strong>recuperandam</strong></span> <span class='ocrx_word' id='word_1_32' title='bbox 2688 536 3005 610; x_wconf 72' lang='lat' dir='ltr'><strong>quingentis</strong></span> <span class='ocrx_word' id='word_1_33' title='bbox 3044 553 3180 608; x_wconf 90' lang='lat' dir='ltr'><strong>quas</strong></span> <span class='ocrx_word' id='word_1_34' title='bbox 3216 536 3375 594; x_wconf 79' lang='lat' dir='ltr'><strong>oﬁ‘ert</strong></span> <span class='ocrx_word' id='word_1_35' title='bbox 3414 536 3639 594; x_wconf 77' lang='lat' dir='ltr'><strong>totidem</strong></span> 
     </span>
    </p>
   </div>
   <div class='ocr_carea' id='block_1_6' title="bbox 340 620 1934 699">
    <p class='ocr_par' dir='ltr' id='par_1_6' title="bbox 340 620 1934 699">
     <span class='ocr_line' id='line_1_6' title="bbox 340 620 1934 699; baseline -0.004 -17"><span class='ocrx_word' id='word_1_36' title='bbox 340 627 661 684; x_wconf 76' lang='lat' dir='ltr'><strong>electionem</strong></span> <span class='ocrx_word' id='word_1_37' title='bbox 702 628 960 698; x_wconf 79' lang='lat' dir='ltr'><strong>scriptam</strong></span> <span class='ocrx_word' id='word_1_38' title='bbox 1008 627 1238 699; x_wconf 78' lang='lat' dir='ltr'><strong>legeret,</strong></span> <span class='ocrx_word' id='word_1_39' title='bbox 1270 639 1401 680; x_wconf 86' lang='lat' dir='ltr'><strong>mox</strong></span> <span class='ocrx_word' id='word_1_40' title='bbox 1448 623 1505 677; x_wconf 90' lang='lat' dir='ltr'><strong>in</strong></span> <span class='ocrx_word' id='word_1_41' title='bbox 1551 620 1731 693; x_wconf 88' lang='lat' dir='ltr'><strong>primo</strong></span> <span class='ocrx_word' id='word_1_42' title='bbox 1775 635 1934 677; x_wconf 85' lang='lat' dir='ltr'><strong>versu</strong></span> 
     </span>
    </p>
   </div>
   <div class='ocr_carea' id='block_1_7' title="bbox 336 710 1935 788">
    <p class='ocr_par' dir='ltr' id='par_1_7' title="bbox 336 710 1935 788">
     <span class='ocr_line' id='line_1_7' title="bbox 336 710 1935 788; baseline -0.005 -18"><span class='ocrx_word' id='word_1_43' title='bbox 336 715 586 771; x_wconf 87' lang='lat' dir='ltr'><strong>Thomas</strong></span> <span class='ocrx_word' id='word_1_44' title='bbox 640 715 996 771; x_wconf 71' lang='lat' dir='ltr'><strong>Eboracensis</strong></span> <span class='ocrx_word' id='word_1_45' title='bbox 1048 713 1289 788; x_wconf 82' lang='lat' dir='ltr'><strong>graviter</strong></span> <span class='ocrx_word' id='word_1_46' title='bbox 1338 710 1573 767; x_wconf 82' lang='lat' dir='ltr'><strong>oﬂ&#39;ensus</strong></span> <span class='ocrx_word' id='word_1_47' title='bbox 1637 724 1758 764; x_wconf 90' lang='lat' dir='ltr'><strong>eam</strong></span> <span class='ocrx_word' id='word_1_48' title='bbox 1826 722 1935 763; x_wconf 91' lang='lat' dir='ltr'><strong>non</strong></span> 
     </span>
    </p>
   </div>
   <div class='ocr_carea' id='block_1_8' title="bbox 329 798 1926 876">
    <p class='ocr_par' dir='ltr' id='par_1_8' title="bbox 329 798 1926 876">
     <span class='ocr_line' id='line_1_8' title="bbox 329 798 1926 876; baseline -0.004 -17"><span class='ocrx_word' id='word_1_49' title='bbox 329 804 452 874; x_wconf 83' lang='lat' dir='ltr'><strong>jure</strong></span> <span class='ocrx_word' id='word_1_50' title='bbox 502 804 701 859; x_wconf 90' lang='lat' dir='ltr'><strong>factam</strong></span> <span class='ocrx_word' id='word_1_51' title='bbox 750 811 1078 876; x_wconf 82' lang='lat' dir='ltr'><strong>conquestus</strong></span> <span class='ocrx_word' id='word_1_52' title='bbox 1119 810 1217 857; x_wconf 91' lang='lat' dir='ltr'><strong>est.</strong></span> <span class='ocrx_word' id='word_1_53' title='bbox 1258 802 1399 857; x_wconf 89' lang='lat' dir='ltr'><strong>Nam</strong></span> <span class='ocrx_word' id='word_1_54' title='bbox 1446 815 1569 855; x_wconf 91' lang='lat' dir='ltr'><strong>cum</strong></span> <span class='ocrx_word' id='word_1_55' title='bbox 1618 798 1926 852; x_wconf 85' lang='lat' dir='ltr'><strong>diceretur:</strong></span> 
     </span>
    </p>
   </div>
   <div class='ocr_carea' id='block_1_9' title="bbox 345 885 1934 962">
    <p class='ocr_par' dir='ltr' id='par_1_9' title="bbox 345 885 1934 962">
     <span class='ocr_line' id='line_1_9' title="bbox 345 885 1934 962; baseline -0.004 -15"><span class='ocrx_word' id='word_1_56' title='bbox 345 916 367 940; x_wconf 81' lang='grc' dir='ltr'>ιι</span> <span class='ocrx_word' id='word_1_57' title='bbox 407 892 623 948; x_wconf 82' lang='lat' dir='ltr'><strong>Fratres</strong></span> <span class='ocrx_word' id='word_1_58' title='bbox 676 901 728 948; x_wconf 92' lang='lat' dir='ltr'><strong>et</strong></span> <span class='ocrx_word' id='word_1_59' title='bbox 775 892 1081 962; x_wconf 89' lang='lat' dir='ltr'><strong>coepiscopi</strong></span> <span class='ocrx_word' id='word_1_60' title='bbox 1114 891 1241 959; x_wconf 88' lang='lat' dir='ltr'><strong>mei,</strong></span> <span class='ocrx_word' id='word_1_61' title='bbox 1272 897 1464 946; x_wconf 81' lang='lat' dir='ltr'><strong>vestra</strong></span> <span class='ocrx_word' id='word_1_62' title='bbox 1502 885 1821 943; x_wconf 82' lang='lat' dir='ltr'><strong>fraternitati</strong></span> <span class='ocrx_word' id='word_1_63' title='bbox 1851 893 1934 940; x_wconf 89' lang='lat' dir='ltr'><strong>est</strong></span> 
     </span>
    </p>
   </div>
   <div class='ocr_carea' id='block_1_10' title="bbox 335 973 1930 1054">
    <p class='ocr_par' dir='ltr' id='par_1_10' title="bbox 335 973 1930 1054">
     <span class='ocr_line' id='line_1_10' title="bbox 335 973 1930 1054; baseline -0.006 -17"><span class='ocrx_word' id='word_1_64' title='bbox 335 981 611 1054; x_wconf 88' lang='lat' dir='ltr'><strong>cognitum</strong></span> <span class='ocrx_word' id='word_1_65' title='bbox 666 988 925 1054; x_wconf 91' lang='lat' dir='ltr'><strong>quantum</strong></span> <span class='ocrx_word' id='word_1_66' title='bbox 974 980 1231 1050; x_wconf 89' lang='lat' dir='ltr'><strong>temporis</strong></span> <span class='ocrx_word' id='word_1_67' title='bbox 1265 988 1344 1035; x_wconf 92' lang='lat' dir='ltr'><strong>est</strong></span> <span class='ocrx_word' id='word_1_68' title='bbox 1372 996 1439 1034; x_wconf 87' lang='lat' dir='ltr'><strong>ex</strong></span> <span class='ocrx_word' id='word_1_69' title='bbox 1469 993 1596 1049; x_wconf 90' lang='lat' dir='ltr'><strong>quo,</strong></span> <span class='ocrx_word' id='word_1_70' title='bbox 1630 973 1930 1030; x_wconf 87' lang='lat' dir='ltr'><strong>accidenti-</strong></span> 
     </span>
    </p>
   </div>
   <div class='ocr_carea' id='block_1_11' title="bbox 334 1062 1931 1138">
    <p class='ocr_par' dir='ltr' id='par_1_11' title="bbox 334 1062 1931 1138">
     <span class='ocr_line' id='line_1_11' title="bbox 334 1062 1931 1138; baseline -0.005 -14"><span class='ocrx_word' id='word_1_71' title='bbox 334 1070 436 1125; x_wconf 87' lang='lat' dir='ltr'><strong>bus</strong></span> <span class='ocrx_word' id='word_1_72' title='bbox 494 1070 660 1125; x_wconf 88' lang='lat' dir='ltr'><strong>variis</strong></span> <span class='ocrx_word' id='word_1_73' title='bbox 715 1069 1016 1138; x_wconf 78' lang='lat' dir='ltr'><strong>eventibus,</strong></span> <span class='ocrx_word' id='word_1_74' title='bbox 1065 1070 1179 1124; x_wconf 84' lang='lat' dir='ltr'><strong>hac</strong></span> <span class='ocrx_word' id='word_1_75' title='bbox 1234 1065 1661 1124; x_wconf 88' lang='lat' dir='ltr'><strong>Dorobernensis</strong></span> <span class='ocrx_word' id='word_1_76' title='bbox 1691 1062 1931 1119; x_wconf 77' lang='lat' dir='ltr'><strong>Ecclesia</strong></span> 
     </span>
    </p>
   </div>
   <div class='ocr_carea' id='block_1_12' title="bbox 333 1153 1927 1228">
    <p class='ocr_par' dir='ltr' id='par_1_12' title="bbox 333 1153 1927 1228">
     <span class='ocr_line' id='line_1_12' title="bbox 333 1153 1927 1228; baseline -0.005 -15"><span class='ocrx_word' id='word_1_77' title='bbox 333 1159 495 1214; x_wconf 91' lang='lat' dir='ltr'><strong>totius</strong></span> <span class='ocrx_word' id='word_1_78' title='bbox 520 1160 809 1215; x_wconf 87' lang='lat' dir='ltr'><strong>Britannia</strong></span> <span class='ocrx_word' id='word_1_79' title='bbox 839 1158 1257 1228; x_wconf 82' lang='lat' dir='ltr'><strong>metmpolitana</strong></span> <span class='ocrx_word' id='word_1_80' title='bbox 1288 1173 1385 1213; x_wconf 93' lang='lat' dir='ltr'><strong>suo</strong></span> <span class='ocrx_word' id='word_1_81' title='bbox 1440 1156 1511 1211; x_wconf 88' lang='lat' dir='ltr'><strong>sit</strong></span> <span class='ocrx_word' id='word_1_82' title='bbox 1553 1153 1777 1211; x_wconf 82' lang='lat' dir='ltr'><strong>viduata</strong></span> <span class='ocrx_word' id='word_1_83' title='bbox 1822 1166 1927 1223; x_wconf 90' lang='lat' dir='ltr'><strong>pa-</strong></span> 
     </span>
    </p>
   </div>
   <div class='ocr_carea' id='block_1_13' title="bbox 328 1243 1926 1315">
    <p class='ocr_par' dir='ltr' id='par_1_13' title="bbox 328 1243 1926 1315">
     <span class='ocr_line' id='line_1_13' title="bbox 328 1243 1926 1315; baseline -0.004 -13"><span class='ocrx_word' id='word_1_84' title='bbox 328 1257 491 1315; x_wconf 88' lang='lat' dir='ltr'><strong>store,</strong></span> <span class='ocrx_word' id='word_1_85' title='bbox 527 1270 551 1296; x_wconf 75' lang='grc' dir='ltr'><strong>ι»</strong></span> <span class='ocrx_word' id='word_1_86' title='bbox 588 1248 868 1303; x_wconf 90' lang='lat' dir='ltr'><strong>subintulit</strong></span> <span class='ocrx_word' id='word_1_87' title='bbox 909 1248 1093 1303; x_wconf 88' lang='lat' dir='ltr'><strong>dicens</strong></span> <span class='ocrx_word' id='word_1_88' title='bbox 1125 1265 1135 1300; x_wconf 90' lang='lat'><strong>:</strong></span> <span class='ocrx_word' id='word_1_89' title='bbox 1175 1269 1197 1294; x_wconf 80' lang='grc' dir='ltr'>ιι</span> <span class='ocrx_word' id='word_1_90' title='bbox 1233 1247 1419 1302; x_wconf 84' lang='lat' dir='ltr'><strong>Totius</strong></span> <span class='ocrx_word' id='word_1_91' title='bbox 1468 1243 1757 1300; x_wconf 76' lang='lat' dir='ltr'><strong>Britannia</strong></span> <span class='ocrx_word' id='word_1_92' title='bbox 1804 1257 1926 1296; x_wconf 91' lang='lat' dir='ltr'><strong>me-</strong></span> 
     </span>
    </p>
   </div>
   <div class='ocr_carea' id='block_1_14' title="bbox 335 1335 1926 1407">
    <p class='ocr_par' dir='ltr' id='par_1_14' title="bbox 335 1335 1926 1407">
     <span class='ocr_line' id='line_1_14' title="bbox 335 1335 1926 1407; baseline 0.002 -17"><span class='ocrx_word' id='word_1_93' title='bbox 335 1336 707 1407; x_wconf 77' lang='lat' dir='ltr'><strong>tropolitana?</strong></span> <span class='ocrx_word' id='word_1_94' title='bbox 753 1336 808 1392; x_wconf 91' lang='lat' dir='ltr'><strong>Si</strong></span> <span class='ocrx_word' id='word_1_95' title='bbox 842 1336 1002 1391; x_wconf 89' lang='lat' dir='ltr'><strong>totius</strong></span> <span class='ocrx_word' id='word_1_96' title='bbox 1031 1335 1318 1391; x_wconf 90' lang='lat' dir='ltr'><strong>Britannia</strong></span> <span class='ocrx_word' id='word_1_97' title='bbox 1348 1335 1781 1407; x_wconf 85' lang='lat' dir='ltr'><strong>metropolitana,</strong></span> <span class='ocrx_word' id='word_1_98' title='bbox 1813 1337 1926 1393; x_wconf 88' lang='lat' dir='ltr'><strong>Ec-</strong></span> 
     </span>
    </p>
   </div>
   <div class='ocr_carea' id='block_1_15' title="bbox 330 1424 1924 1494">
    <p class='ocr_par' dir='ltr' id='par_1_15' title="bbox 330 1424 1924 1494">
     <span class='ocr_line' id='line_1_15' title="bbox 330 1424 1924 1494; baseline -0.001 -13"><span class='ocrx_word' id='word_1_99' title='bbox 330 1425 498 1481; x_wconf 88' lang='lat' dir='ltr'><strong>clesia</strong></span> <span class='ocrx_word' id='word_1_100' title='bbox 541 1425 903 1482; x_wconf 80' lang='lat' dir='ltr'><strong>Eboracensis</strong></span> <span class='ocrx_word' id='word_1_101' title='bbox 950 1439 1070 1494; x_wconf 74' lang='lat' dir='ltr'><strong>quae</strong></span> <span class='ocrx_word' id='word_1_102' title='bbox 1118 1424 1536 1494; x_wconf 84' lang='lat' dir='ltr'><strong>metropolitana</strong></span> <span class='ocrx_word' id='word_1_103' title='bbox 1582 1440 1699 1480; x_wconf 88' lang='lat' dir='ltr'><strong>esse</strong></span> <span class='ocrx_word' id='word_1_104' title='bbox 1740 1425 1924 1494; x_wconf 86' lang='lat' dir='ltr'><strong>scitur,</strong></span> 
     </span>
    </p>
   </div>
   <div class='ocr_carea' id='block_1_16' title="bbox 328 1512 1927 1585">
    <p class='ocr_par' dir='ltr' id='par_1_16' title="bbox 328 1512 1927 1585">
     <span class='ocr_line' id='line_1_16' title="bbox 328 1512 1927 1585; baseline 0 -16"><span class='ocrx_word' id='word_1_105' title='bbox 328 1514 753 1584; x_wconf 83' lang='lat' dir='ltr'><strong>metmpolitana</strong></span> <span class='ocrx_word' id='word_1_106' title='bbox 781 1530 889 1569; x_wconf 91' lang='lat' dir='ltr'><strong>non</strong></span> <span class='ocrx_word' id='word_1_107' title='bbox 919 1519 1029 1569; x_wconf 86' lang='lat' dir='ltr'><strong>est.</strong></span> <span class='ocrx_word' id='word_1_108' title='bbox 1077 1514 1143 1569; x_wconf 88' lang='lat' dir='ltr'><strong>Et</strong></span> <span class='ocrx_word' id='word_1_109' title='bbox 1173 1513 1389 1585; x_wconf 89' lang='lat' dir='ltr'><strong>quidem</strong></span> <span class='ocrx_word' id='word_1_110' title='bbox 1437 1512 1744 1568; x_wconf 89' lang='lat' dir='ltr'><strong>Ecclesiam</strong></span> <span class='ocrx_word' id='word_1_111' title='bbox 1787 1513 1927 1569; x_wconf 89' lang='lat' dir='ltr'><strong>Can-</strong></span> 
     </span>
    </p>
   </div>
   <div class='ocr_carea' id='block_1_17' title="bbox 330 1602 1920 1673">
    <p class='ocr_par' dir='ltr' id='par_1_17' title="bbox 330 1602 1920 1673">
     <span class='ocr_line' id='line_1_17' title="bbox 330 1602 1920 1673; baseline 0 -15"><span class='ocrx_word' id='word_1_112' title='bbox 330 1602 659 1658; x_wconf 88' lang='lat' dir='ltr'><strong>tuariensem</strong></span> <span class='ocrx_word' id='word_1_113' title='bbox 688 1603 974 1673; x_wconf 81' lang='lat' dir='ltr'><strong>primatem</strong></span> <span class='ocrx_word' id='word_1_114' title='bbox 1007 1603 1174 1658; x_wconf 90' lang='lat' dir='ltr'><strong>totius</strong></span> <span class='ocrx_word' id='word_1_115' title='bbox 1207 1602 1497 1657; x_wconf 86' lang='lat' dir='ltr'><strong>Britannia</strong></span> <span class='ocrx_word' id='word_1_116' title='bbox 1544 1617 1661 1658; x_wconf 88' lang='lat' dir='ltr'><strong>esse</strong></span> <span class='ocrx_word' id='word_1_117' title='bbox 1705 1602 1920 1673; x_wconf 89' lang='lat' dir='ltr'><strong>scimus,</strong></span> 
     </span>
    </p>
   </div>
   <div class='ocr_carea' id='block_1_18' title="bbox 328 1691 1922 1762">
    <p class='ocr_par' dir='ltr' id='par_1_18' title="bbox 328 1691 1922 1762">
     <span class='ocr_line' id='line_1_18' title="bbox 328 1691 1922 1762; baseline 0.001 -17"><span class='ocrx_word' id='word_1_118' title='bbox 328 1707 436 1747; x_wconf 89' lang='lat' dir='ltr'><strong>non</strong></span> <span class='ocrx_word' id='word_1_119' title='bbox 466 1692 961 1762; x_wconf 84' lang='lat' dir='ltr'><strong>metrOpolitanam.</strong></span> <span class='ocrx_word' id='word_1_120' title='bbox 998 1715 1019 1739; x_wconf 71' lang='grc' dir='ltr'><strong>ιι</strong></span> <span class='ocrx_word' id='word_1_121' title='bbox 1054 1691 1211 1761; x_wconf 89' lang='lat' dir='ltr'><strong>Quod</strong></span> <span class='ocrx_word' id='word_1_122' title='bbox 1240 1692 1479 1746; x_wconf 88' lang='lat' dir='ltr'><strong>auditum</strong></span> <span class='ocrx_word' id='word_1_123' title='bbox 1508 1692 1713 1746; x_wconf 88' lang='lat' dir='ltr'><strong>ratione</strong></span> <span class='ocrx_word' id='word_1_124' title='bbox 1741 1691 1922 1746; x_wconf 87' lang='lat' dir='ltr'><strong>subni-</strong></span> 
     </span>
    </p>
   </div>
   <div class='ocr_carea' id='block_1_19' title="bbox 2041 619 3639 697">
    <p class='ocr_par' dir='ltr' id='par_1_19' title="bbox 2041 619 3639 697">
     <span class='ocr_line' id='line_1_19' title="bbox 2041 619 3639 697; baseline 0.004 -22"><span class='ocrx_word' id='word_1_125' title='bbox 2041 619 2213 677; x_wconf 89' lang='lat' dir='ltr'><strong>libras</strong></span> <span class='ocrx_word' id='word_1_126' title='bbox 2250 622 2495 693; x_wconf 88' lang='lat' dir='ltr'><strong>adjiciet.</strong></span> <span class='ocrx_word' id='word_1_127' title='bbox 2531 646 2555 672; x_wconf 75' lang='grc' dir='ltr'><strong>νι</strong></span> <span class='ocrx_word' id='word_1_128' title='bbox 2616 624 2897 697; x_wconf 89' lang='lat' dir='ltr'><strong>Siquidem</strong></span> <span class='ocrx_word' id='word_1_129' title='bbox 2942 627 3083 681; x_wconf 89' lang='lat' dir='ltr'><strong>hunc</strong></span> <span class='ocrx_word' id='word_1_130' title='bbox 3123 627 3240 696; x_wconf 84' lang='lat' dir='ltr'><strong>ipse</strong></span> <span class='ocrx_word' id='word_1_131' title='bbox 3288 642 3381 682; x_wconf 89' lang='lat' dir='ltr'><strong>rex</strong></span> <span class='ocrx_word' id='word_1_132' title='bbox 3428 642 3639 682; x_wconf 87' lang='lat' dir='ltr'><strong>morem</strong></span> 
     </span>
    </p>
   </div>
   <div class='ocr_carea' id='block_1_20' title="bbox 2041 712 3636 785">
    <p class='ocr_par' dir='ltr' id='par_1_20' title="bbox 2041 712 3636 785">
     <span class='ocr_line' id='line_1_20' title="bbox 2041 712 3636 785; baseline 0.002 -18"><span class='ocrx_word' id='word_1_133' title='bbox 2041 726 2175 784; x_wconf 90' lang='lat' dir='ltr'><strong>erga</strong></span> <span class='ocrx_word' id='word_1_134' title='bbox 2222 720 2445 769; x_wconf 86' lang='lat' dir='ltr'><strong>cunctos</strong></span> <span class='ocrx_word' id='word_1_135' title='bbox 2491 712 2685 784; x_wconf 90' lang='lat' dir='ltr'><strong>quibus</strong></span> <span class='ocrx_word' id='word_1_136' title='bbox 2733 714 3068 782; x_wconf 85' lang='lat' dir='ltr'><strong>dominatur,</strong></span> <span class='ocrx_word' id='word_1_137' title='bbox 3100 715 3359 785; x_wconf 91' lang='lat' dir='ltr'><strong>habebat,</strong></span> <span class='ocrx_word' id='word_1_138' title='bbox 3409 721 3470 771; x_wconf 92' lang='lat' dir='ltr'><strong>ut</strong></span> <span class='ocrx_word' id='word_1_139' title='bbox 3510 730 3636 772; x_wconf 91' lang='lat' dir='ltr'><strong>cum</strong></span> 
     </span>
    </p>
   </div>
   <div class='ocr_carea' id='block_1_21' title="bbox 2040 800 3633 877">
    <p class='ocr_par' dir='ltr' id='par_1_21' title="bbox 2040 800 3633 877">
     <span class='ocr_line' id='line_1_21' title="bbox 2040 800 3633 877; baseline 0.004 -22"><span class='ocrx_word' id='word_1_140' title='bbox 2040 800 2165 874; x_wconf 88' lang='lat' dir='ltr'><strong>quis</strong></span> <span class='ocrx_word' id='word_1_141' title='bbox 2186 815 2370 858; x_wconf 90' lang='lat' dir='ltr'><strong>eorum</strong></span> <span class='ocrx_word' id='word_1_142' title='bbox 2401 802 2603 873; x_wconf 89' lang='lat' dir='ltr'><strong>aliquid</strong></span> <span class='ocrx_word' id='word_1_143' title='bbox 2624 802 2674 859; x_wconf 91' lang='lat' dir='ltr'><strong>ei</strong></span> <span class='ocrx_word' id='word_1_144' title='bbox 2696 805 3052 873; x_wconf 88' lang='lat' dir='ltr'><strong>pecuniarum</strong></span> <span class='ocrx_word' id='word_1_145' title='bbox 3074 804 3235 859; x_wconf 89' lang='lat' dir='ltr'><strong>etiam</strong></span> <span class='ocrx_word' id='word_1_146' title='bbox 3257 804 3427 860; x_wconf 91' lang='lat' dir='ltr'><strong>solius</strong></span> <span class='ocrx_word' id='word_1_147' title='bbox 3440 804 3633 877; x_wconf 73' lang='lat' dir='ltr'><strong>gratia</strong></span> 
     </span>
    </p>
   </div>
   <div class='ocr_carea' id='block_1_22' title="bbox 2039 889 3628 965">
    <p class='ocr_par' dir='ltr' id='par_1_22' title="bbox 2039 889 3628 965">
     <span class='ocr_line' id='line_1_22' title="bbox 2039 889 3628 965; baseline 0.003 -22"><span class='ocrx_word' id='word_1_148' title='bbox 2039 890 2256 945; x_wconf 91' lang='lat' dir='ltr'><strong>obtentu</strong></span> <span class='ocrx_word' id='word_1_149' title='bbox 2294 889 2577 959; x_wconf 73' lang='lat' dir='ltr'><strong>offerebat,</strong></span> <span class='ocrx_word' id='word_1_150' title='bbox 2608 891 2869 958; x_wconf 89' lang='lat' dir='ltr'><strong>oblatum,</strong></span> <span class='ocrx_word' id='word_1_151' title='bbox 2904 893 3008 948; x_wconf 91' lang='lat' dir='ltr'><strong>nisi</strong></span> <span class='ocrx_word' id='word_1_152' title='bbox 3056 893 3326 965; x_wconf 84' lang='lat' dir='ltr'><strong>quantitas</strong></span> <span class='ocrx_word' id='word_1_153' title='bbox 3377 893 3455 949; x_wconf 91' lang='lat' dir='ltr'><strong>rei</strong></span> <span class='ocrx_word' id='word_1_154' title='bbox 3504 901 3628 949; x_wconf 90' lang='lat' dir='ltr'><strong>voto</strong></span> 
     </span>
    </p>
   </div>
   <div class='ocr_carea' id='block_1_23' title="bbox 2037 978 3634 1050">
    <p class='ocr_par' dir='ltr' id='par_1_23' title="bbox 2037 978 3634 1050">
     <span class='ocr_line' id='line_1_23' title="bbox 2037 978 3634 1050; baseline 0.003 -18"><span class='ocrx_word' id='word_1_155' title='bbox 2037 978 2184 1033; x_wconf 90' lang='lat' dir='ltr'><strong>illius</strong></span> <span class='ocrx_word' id='word_1_156' title='bbox 2238 988 2600 1048; x_wconf 88' lang='lat' dir='ltr'><strong>concurreret,</strong></span> <span class='ocrx_word' id='word_1_157' title='bbox 2657 988 2958 1050; x_wconf 87' lang='lat' dir='ltr'><strong>sperneret.</strong></span> <span class='ocrx_word' id='word_1_158' title='bbox 3032 982 3151 1037; x_wconf 90' lang='lat' dir='ltr'><strong>Nec</strong></span> <span class='ocrx_word' id='word_1_159' title='bbox 3204 980 3517 1038; x_wconf 88' lang='lat' dir='ltr'><strong>offerentem</strong></span> <span class='ocrx_word' id='word_1_160' title='bbox 3575 981 3634 1036; x_wconf 88' lang='lat' dir='ltr'><strong>in</strong></span> 
     </span>
    </p>
   </div>
   <div class='ocr_carea' id='block_1_24' title="bbox 2037 1067 3630 1137">
    <p class='ocr_par' dir='ltr' id='par_1_24' title="bbox 2037 1067 3630 1137">
     <span class='ocr_line' id='line_1_24' title="bbox 2037 1067 3630 1137; baseline 0.002 -15"><span class='ocrx_word' id='word_1_161' title='bbox 2037 1083 2187 1122; x_wconf 90' lang='lat' dir='ltr'><strong>suam</strong></span> <span class='ocrx_word' id='word_1_162' title='bbox 2217 1067 2445 1123; x_wconf 90' lang='lat' dir='ltr'><strong>ulterius</strong></span> <span class='ocrx_word' id='word_1_163' title='bbox 2487 1068 2781 1124; x_wconf 88' lang='lat' dir='ltr'><strong>amicitiam</strong></span> <span class='ocrx_word' id='word_1_164' title='bbox 2824 1069 3161 1137; x_wconf 85' lang='lat' dir='ltr'><strong>admittebat,</strong></span> <span class='ocrx_word' id='word_1_165' title='bbox 3191 1069 3238 1126; x_wconf 88' lang='lat' dir='ltr'><strong>si</strong></span> <span class='ocrx_word' id='word_1_166' title='bbox 3267 1070 3337 1125; x_wconf 91' lang='lat' dir='ltr'><strong>ad</strong></span> <span class='ocrx_word' id='word_1_167' title='bbox 3368 1070 3630 1127; x_wconf 88' lang='lat' dir='ltr'><strong>determi-</strong></span> 
     </span>
    </p>
   </div>
   <div class='ocr_carea' id='block_1_25' title="bbox 2036 1157 3627 1233">
    <p class='ocr_par' dir='ltr' id='par_1_25' title="bbox 2036 1157 3627 1233">
     <span class='ocr_line' id='line_1_25' title="bbox 2036 1157 3627 1233; baseline 0.003 -23"><span class='ocrx_word' id='word_1_168' title='bbox 2036 1157 2311 1213; x_wconf 89' lang='lat' dir='ltr'><strong>nationem</strong></span> <span class='ocrx_word' id='word_1_169' title='bbox 2341 1173 2491 1212; x_wconf 86' lang='lat' dir='ltr'><strong>suam</strong></span> <span class='ocrx_word' id='word_1_170' title='bbox 2522 1157 2765 1213; x_wconf 91' lang='lat' dir='ltr'><strong>oblatum</strong></span> <span class='ocrx_word' id='word_1_171' title='bbox 2794 1174 2988 1213; x_wconf 90' lang='lat' dir='ltr'><strong>munus</strong></span> <span class='ocrx_word' id='word_1_172' title='bbox 3007 1174 3115 1215; x_wconf 90' lang='lat' dir='ltr'><strong>non</strong></span> <span class='ocrx_word' id='word_1_173' title='bbox 3138 1166 3382 1233; x_wconf 88' lang='lat' dir='ltr'><strong>augeret.</strong></span> <span class='ocrx_word' id='word_1_174' title='bbox 3406 1158 3627 1231; x_wconf 87' lang='lat' dir='ltr'><strong>Opinati</strong></span> 
     </span>
    </p>
   </div>
   <div class='ocr_carea' id='block_1_26' title="bbox 2034 1244 3626 1319">
    <p class='ocr_par' dir='ltr' id='par_1_26' title="bbox 2034 1244 3626 1319">
     <span class='ocr_line' id='line_1_26' title="bbox 2034 1244 3626 1319; baseline 0.004 -20"><span class='ocrx_word' id='word_1_175' title='bbox 2034 1253 2157 1299; x_wconf 92' lang='lat' dir='ltr'><strong>sunt</strong></span> <span class='ocrx_word' id='word_1_176' title='bbox 2211 1260 2342 1317; x_wconf 88' lang='lat' dir='ltr'><strong>ergo</strong></span> <span class='ocrx_word' id='word_1_177' title='bbox 2371 1245 2451 1301; x_wconf 91' lang='lat' dir='ltr'><strong>illi</strong></span> <span class='ocrx_word' id='word_1_178' title='bbox 2478 1244 2707 1318; x_wconf 80' lang='lat' dir='ltr'><strong>maligni</strong></span> <span class='ocrx_word' id='word_1_179' title='bbox 2734 1248 3046 1303; x_wconf 79' lang='lat' dir='ltr'><strong>Anselmum</strong></span> <span class='ocrx_word' id='word_1_180' title='bbox 3096 1262 3310 1319; x_wconf 92' lang='lat' dir='ltr'><strong>quoque</strong></span> <span class='ocrx_word' id='word_1_181' title='bbox 3339 1250 3443 1304; x_wconf 92' lang='lat' dir='ltr'><strong>hoc</strong></span> <span class='ocrx_word' id='word_1_182' title='bbox 3470 1263 3626 1305; x_wconf 87' lang='lat' dir='ltr'><strong>more</strong></span> 
     </span>
    </p>
   </div>
   <div class='ocr_carea' id='block_1_27' title="bbox 2036 1334 3624 1409">
    <p class='ocr_par' dir='ltr' id='par_1_27' title="bbox 2036 1334 3624 1409">
     <span class='ocr_line' id='line_1_27' title="bbox 2036 1334 3624 1409; baseline 0.003 -21"><span class='ocrx_word' id='word_1_183' title='bbox 2036 1334 2338 1389; x_wconf 88' lang='lat' dir='ltr'><strong>terrendum</strong></span> <span class='ocrx_word' id='word_1_184' title='bbox 2370 1341 2531 1405; x_wconf 91' lang='lat' dir='ltr'><strong>atque</strong></span> <span class='ocrx_word' id='word_1_185' title='bbox 2587 1335 2657 1389; x_wconf 90' lang='lat' dir='ltr'><strong>ad</strong></span> <span class='ocrx_word' id='word_1_186' title='bbox 2713 1336 3037 1407; x_wconf 86' lang='lat' dir='ltr'><strong>explendam</strong></span> <span class='ocrx_word' id='word_1_187' title='bbox 3093 1337 3239 1409; x_wconf 89' lang='lat' dir='ltr'><strong>regis</strong></span> <span class='ocrx_word' id='word_1_188' title='bbox 3297 1337 3624 1393; x_wconf 86' lang='lat' dir='ltr'><strong>voluntatem</strong></span> 
     </span>
    </p>
   </div>
   <div class='ocr_carea' id='block_1_28' title="bbox 2034 1423 3623 1495">
    <p class='ocr_par' dir='ltr' id='par_1_28' title="bbox 2034 1423 3623 1495">
     <span class='ocr_line' id='line_1_28' title="bbox 2034 1423 3623 1495; baseline 0.003 -18"><span class='ocrx_word' id='word_1_189' title='bbox 2034 1431 2191 1479; x_wconf 88' lang='lat' dir='ltr'><strong>aucta</strong></span> <span class='ocrx_word' id='word_1_190' title='bbox 2220 1423 2449 1494; x_wconf 89' lang='lat' dir='ltr'><strong>pecunia</strong></span> <span class='ocrx_word' id='word_1_191' title='bbox 2477 1423 2624 1479; x_wconf 89' lang='lat' dir='ltr'><strong>illico</strong></span> <span class='ocrx_word' id='word_1_192' title='bbox 2654 1425 3105 1495; x_wconf 88' lang='lat' dir='ltr'><strong>promovendum.</strong></span> <span class='ocrx_word' id='word_1_193' title='bbox 3137 1426 3342 1481; x_wconf 86' lang='lat' dir='ltr'><strong>Verum</strong></span> <span class='ocrx_word' id='word_1_194' title='bbox 3371 1426 3623 1483; x_wconf 67' lang='lat' dir='ltr'><strong>mentita</strong></span> 
     </span>
    </p>
   </div>
   <div class='ocr_carea' id='block_1_29' title="bbox 2032 1511 3627 1586">
    <p class='ocr_par' dir='ltr' id='par_1_29' title="bbox 2032 1511 3627 1586">
     <span class='ocr_line' id='line_1_29' title="bbox 2032 1511 3627 1586; baseline 0.002 -19"><span class='ocrx_word' id='word_1_195' title='bbox 2032 1515 2119 1567; x_wconf 79' lang='lat' dir='ltr'><strong>est</strong></span> <span class='ocrx_word' id='word_1_196' title='bbox 2158 1511 2433 1585; x_wconf 77' lang='lat' dir='ltr'><strong>iniquitas</strong></span> <span class='ocrx_word' id='word_1_197' title='bbox 2464 1513 2571 1569; x_wconf 81' lang='lat' dir='ltr'><strong>sibi</strong></span> <span class='ocrx_word' id='word_1_198' title='bbox 2592 1513 2769 1578; x_wconf 83' lang='lat' dir='ltr'><strong>(Psal.</strong></span> <span class='ocrx_word' id='word_1_199' title='bbox 2798 1529 2945 1580; x_wconf 84' lang='lat' dir='ltr'><strong>xxvi,</strong></span> <span class='ocrx_word' id='word_1_200' title='bbox 2981 1514 3090 1585; x_wconf 79' lang='lat' dir='ltr'><strong>t2).</strong></span> <span class='ocrx_word' id='word_1_201' title='bbox 3123 1514 3312 1586; x_wconf 87' lang='lat' dir='ltr'><strong>Itaque</strong></span> <span class='ocrx_word' id='word_1_202' title='bbox 3338 1513 3627 1570; x_wconf 89' lang='lat' dir='ltr'><strong>mandatur</strong></span> 
     </span>
    </p>
   </div>
   <div class='ocr_carea' id='block_1_30' title="bbox 2031 1599 3624 1673">
    <p class='ocr_par' dir='ltr' id='par_1_30' title="bbox 2031 1599 3624 1673">
     <span class='ocr_line' id='line_1_30' title="bbox 2031 1599 3624 1673; baseline 0.003 -19"><span class='ocrx_word' id='word_1_203' title='bbox 2031 1599 2109 1654; x_wconf 92' lang='lat' dir='ltr'><strong>illi</strong></span> <span class='ocrx_word' id='word_1_204' title='bbox 2159 1617 2350 1673; x_wconf 88' lang='lat' dir='ltr'><strong>regem</strong></span> <span class='ocrx_word' id='word_1_205' title='bbox 2402 1600 2637 1657; x_wconf 91' lang='lat' dir='ltr'><strong>oblatam</strong></span> <span class='ocrx_word' id='word_1_206' title='bbox 2692 1603 2980 1672; x_wconf 89' lang='lat' dir='ltr'><strong>pecuniam</strong></span> <span class='ocrx_word' id='word_1_207' title='bbox 3031 1602 3287 1672; x_wconf 81' lang='lat' dir='ltr'><strong>refutare,</strong></span> <span class='ocrx_word' id='word_1_208' title='bbox 3318 1612 3373 1659; x_wconf 91' lang='lat' dir='ltr'><strong>et</strong></span> <span class='ocrx_word' id='word_1_209' title='bbox 3401 1603 3624 1659; x_wconf 90' lang='lat' dir='ltr'><strong>miratus</strong></span> 
     </span>
    </p>
   </div>
   <div class='ocr_carea' id='block_1_31' title="bbox 2030 1689 3623 1763">
    <p class='ocr_par' dir='ltr' id='par_1_31' title="bbox 2030 1689 3623 1763">
     <span class='ocr_line' id='line_1_31' title="bbox 2030 1689 3623 1763; baseline 0.003 -19"><span class='ocrx_word' id='word_1_210' title='bbox 2030 1697 2131 1744; x_wconf 89' lang='lat' dir='ltr'><strong>est.</strong></span> <span class='ocrx_word' id='word_1_211' title='bbox 2164 1691 2432 1761; x_wconf 85' lang='lat' dir='ltr'><strong>Aditoque</strong></span> <span class='ocrx_word' id='word_1_212' title='bbox 2460 1706 2610 1763; x_wconf 87' lang='lat' dir='ltr'><strong>rege,</strong></span> <span class='ocrx_word' id='word_1_213' title='bbox 2643 1689 2951 1747; x_wconf 89' lang='lat' dir='ltr'><strong>sciscitatus</strong></span> <span class='ocrx_word' id='word_1_214' title='bbox 2992 1699 3073 1748; x_wconf 90' lang='lat' dir='ltr'><strong>est</strong></span> <span class='ocrx_word' id='word_1_215' title='bbox 3109 1700 3284 1747; x_wconf 90' lang='lat' dir='ltr'><strong>utrum</strong></span> <span class='ocrx_word' id='word_1_216' title='bbox 3324 1692 3394 1748; x_wconf 92' lang='lat' dir='ltr'><strong>ab</strong></span> <span class='ocrx_word' id='word_1_217' title='bbox 3423 1707 3489 1748; x_wconf 90' lang='lat' dir='ltr'><strong>eo</strong></span> <span class='ocrx_word' id='word_1_218' title='bbox 3519 1691 3623 1748; x_wconf 84' lang='lat' dir='ltr'><strong>tale</strong></span> 
     </span>
    </p>
   </div>
   <div class='ocr_carea' id='block_1_32' title="bbox 324 1775 3622 1853">
    <p class='ocr_par' dir='ltr' id='par_1_32' title="bbox 324 1775 3622 1853">
     <span class='ocr_line' id='line_1_32' title="bbox 324 1775 3622 1853; baseline 0.001 -18"><span class='ocrx_word' id='word_1_219' title='bbox 324 1797 453 1835; x_wconf 89' lang='lat' dir='ltr'><strong>xum</strong></span> <span class='ocrx_word' id='word_1_220' title='bbox 485 1796 627 1849; x_wconf 89' lang='lat' dir='ltr'><strong>esse,</strong></span> <span class='ocrx_word' id='word_1_221' title='bbox 662 1781 808 1851; x_wconf 90' lang='lat' dir='ltr'><strong>quod</strong></span> <span class='ocrx_word' id='word_1_222' title='bbox 848 1780 1065 1835; x_wconf 90' lang='lat' dir='ltr'><strong>dicebat</strong></span> <span class='ocrx_word' id='word_1_223' title='bbox 1094 1779 1421 1836; x_wconf 89' lang='lat' dir='ltr'><strong>intellectum</strong></span> <span class='ocrx_word' id='word_1_224' title='bbox 1456 1787 1552 1835; x_wconf 88' lang='lat' dir='ltr'><strong>est.</strong></span> <span class='ocrx_word' id='word_1_225' title='bbox 1575 1780 1725 1834; x_wconf 85' lang='lat' dir='ltr'><strong>Tunc</strong></span> <span class='ocrx_word' id='word_1_226' title='bbox 1743 1781 1917 1835; x_wconf 89' lang='lat' dir='ltr'><strong>statim</strong></span> <span class='ocrx_word' id='word_1_227' title='bbox 1946 1775 2001 1839; x_wconf 91' lang='grc' dir='ltr'>Β</span> <span class='ocrx_word' id='word_1_228' title='bbox 2031 1778 2346 1834; x_wconf 90' lang='lat' dir='ltr'><strong>mandatum</strong></span> <span class='ocrx_word' id='word_1_229' title='bbox 2385 1780 2729 1851; x_wconf 90' lang='lat' dir='ltr'><strong>processerit,</strong></span> <span class='ocrx_word' id='word_1_230' title='bbox 2763 1795 2968 1837; x_wconf 89' lang='lat' dir='ltr'><strong>annon.</strong></span> <span class='ocrx_word' id='word_1_231' title='bbox 3014 1780 3180 1837; x_wconf 77' lang='lat' dir='ltr'><strong>Audit</strong></span> <span class='ocrx_word' id='word_1_232' title='bbox 3223 1796 3350 1837; x_wconf 87' lang='lat' dir='ltr'><strong>vere</strong></span> <span class='ocrx_word' id='word_1_233' title='bbox 3397 1795 3622 1853; x_wconf 84' lang='lat' dir='ltr'><strong>proces-</strong></span> 
     </span>
    </p>
   </div>
   <div class='ocr_carea' id='block_1_33' title="bbox 326 1868 1920 1941">
    <p class='ocr_par' dir='ltr' id='par_1_33' title="bbox 326 1868 1920 1941">
     <span class='ocr_line' id='line_1_33' title="bbox 326 1868 1920 1941; baseline 0.002 -17"><span class='ocrx_word' id='word_1_234' title='bbox 326 1868 744 1940; x_wconf 78' lang='lat' dir='ltr'><strong>seripturaipse</strong></span> <span class='ocrx_word' id='word_1_235' title='bbox 789 1877 997 1924; x_wconf 87' lang='lat' dir='ltr'><strong>mutata</strong></span> <span class='ocrx_word' id='word_1_236' title='bbox 1045 1876 1145 1937; x_wconf 89' lang='lat' dir='ltr'><strong>est,</strong></span> <span class='ocrx_word' id='word_1_237' title='bbox 1195 1877 1247 1924; x_wconf 90' lang='lat' dir='ltr'><strong>et</strong></span> <span class='ocrx_word' id='word_1_238' title='bbox 1294 1883 1391 1941; x_wconf 92' lang='lat' dir='ltr'><strong>pro</strong></span> <span class='ocrx_word' id='word_1_239' title='bbox 1440 1868 1601 1925; x_wconf 91' lang='lat' dir='ltr'><strong>totius</strong></span> <span class='ocrx_word' id='word_1_240' title='bbox 1631 1870 1920 1927; x_wconf 78' lang='lat' dir='ltr'><strong>Britannia</strong></span> 
     </span>
    </p>
   </div>
   <div class='ocr_carea' id='block_1_34' title="bbox 336 1957 1917 2032">
    <p class='ocr_par' dir='ltr' id='par_1_34' title="bbox 336 1957 1917 2032">
     <span class='ocr_line' id='line_1_34' title="bbox 336 1957 1917 2032; baseline 0.002 -21"><span class='ocrx_word' id='word_1_241' title='bbox 336 1958 795 2029; x_wconf 86' lang='lat' dir='ltr'><strong>metropolitana,</strong></span> <span class='ocrx_word' id='word_1_242' title='bbox 845 1958 1004 2014; x_wconf 90' lang='lat' dir='ltr'><strong>totius</strong></span> <span class='ocrx_word' id='word_1_243' title='bbox 1058 1957 1346 2014; x_wconf 87' lang='lat' dir='ltr'><strong>Britannia</strong></span> <span class='ocrx_word' id='word_1_244' title='bbox 1398 1959 1600 2029; x_wconf 90' lang='lat' dir='ltr'><strong>primas</strong></span> <span class='ocrx_word' id='word_1_245' title='bbox 1655 1959 1917 2032; x_wconf 89' lang='lat' dir='ltr'><strong>scriptum</strong></span> 
     </span>
    </p>
   </div>
   <div class='ocr_carea' id='block_1_35' title="bbox 323 2046 1915 2118">
    <p class='ocr_par' dir='ltr' id='par_1_35' title="bbox 323 2046 1915 2118">
     <span class='ocr_line' id='line_1_35' title="bbox 323 2046 1915 2118; baseline 0.002 -17"><span class='ocrx_word' id='word_1_246' title='bbox 323 2054 422 2115; x_wconf 90' lang='lat' dir='ltr'><strong>est,</strong></span> <span class='ocrx_word' id='word_1_247' title='bbox 456 2056 509 2101; x_wconf 90' lang='lat' dir='ltr'><strong>et</strong></span> <span class='ocrx_word' id='word_1_248' title='bbox 538 2048 714 2102; x_wconf 91' lang='lat' dir='ltr'><strong>omnis</strong></span> <span class='ocrx_word' id='word_1_249' title='bbox 745 2047 1110 2102; x_wconf 89' lang='lat' dir='ltr'><strong>controversia</strong></span> <span class='ocrx_word' id='word_1_250' title='bbox 1139 2046 1468 2117; x_wconf 87' lang='lat' dir='ltr'><strong>conquievit.</strong></span> <span class='ocrx_word' id='word_1_251' title='bbox 1518 2048 1704 2118; x_wconf 87' lang='lat' dir='ltr'><strong>Itaque</strong></span> <span class='ocrx_word' id='word_1_252' title='bbox 1730 2063 1915 2104; x_wconf 89' lang='lat' dir='ltr'><strong>sacra-</strong></span> 
     </span>
    </p>
   </div>
   <div class='ocr_carea' id='block_1_36' title="bbox 320 2134 1918 2209">
    <p class='ocr_par' dir='ltr' id='par_1_36' title="bbox 320 2134 1918 2209">
     <span class='ocr_line' id='line_1_36' title="bbox 320 2134 1918 2209; baseline 0.001 -19"><span class='ocrx_word' id='word_1_253' title='bbox 320 2135 399 2190; x_wconf 86' lang='lat' dir='ltr'><strong>vit</strong></span> <span class='ocrx_word' id='word_1_254' title='bbox 446 2151 570 2191; x_wconf 90' lang='lat' dir='ltr'><strong>eum</strong></span> <span class='ocrx_word' id='word_1_255' title='bbox 602 2143 658 2190; x_wconf 92' lang='lat' dir='ltr'><strong>ut</strong></span> <span class='ocrx_word' id='word_1_256' title='bbox 687 2135 851 2191; x_wconf 90' lang='lat' dir='ltr'><strong>totius</strong></span> <span class='ocrx_word' id='word_1_257' title='bbox 899 2134 1189 2191; x_wconf 89' lang='lat' dir='ltr'><strong>Britannia</strong></span> <span class='ocrx_word' id='word_1_258' title='bbox 1236 2136 1542 2206; x_wconf 89' lang='lat' dir='ltr'><strong>primatem.</strong></span> <span class='ocrx_word' id='word_1_259' title='bbox 1577 2138 1709 2193; x_wconf 93' lang='lat' dir='ltr'><strong>Cum</strong></span> <span class='ocrx_word' id='word_1_260' title='bbox 1748 2137 1918 2209; x_wconf 88' lang='lat' dir='ltr'><strong>igitur</strong></span> 
     </span>
    </p>
   </div>
   <div class='ocr_carea' id='block_1_37' title="bbox 323 2223 1914 2298">
    <p class='ocr_par' dir='ltr' id='par_1_37' title="bbox 323 2223 1914 2298">
     <span class='ocr_line' id='line_1_37' title="bbox 323 2223 1914 2298; baseline 0.003 -21"><span class='ocrx_word' id='word_1_261' title='bbox 323 2224 462 2278; x_wconf 89' lang='lat' dir='ltr'><strong>inter</strong></span> <span class='ocrx_word' id='word_1_262' title='bbox 507 2224 847 2291; x_wconf 85' lang='lat' dir='ltr'><strong>sacrandum,</strong></span> <span class='ocrx_word' id='word_1_263' title='bbox 881 2240 984 2294; x_wconf 90' lang='lat' dir='ltr'><strong>pro</strong></span> <span class='ocrx_word' id='word_1_264' title='bbox 1014 2224 1117 2278; x_wconf 90' lang='lat' dir='ltr'><strong>ritu</strong></span> <span class='ocrx_word' id='word_1_265' title='bbox 1148 2223 1422 2292; x_wconf 83' lang='lat' dir='ltr'><strong>Ecclesia,</strong></span> <span class='ocrx_word' id='word_1_266' title='bbox 1456 2232 1627 2280; x_wconf 88' lang='lat' dir='ltr'><strong>textus</strong></span> <span class='ocrx_word' id='word_1_267' title='bbox 1655 2226 1914 2298; x_wconf 84' lang='lat' dir='ltr'><strong>Evange-</strong></span> 
     </span>
    </p>
   </div>
   <div class='ocr_carea' id='block_1_38' title="bbox 321 2310 1915 2384">
    <p class='ocr_par' dir='ltr' id='par_1_38' title="bbox 321 2310 1915 2384">
     <span class='ocr_line' id='line_1_38' title="bbox 321 2310 1915 2384; baseline 0.003 -20"><span class='ocrx_word' id='word_1_268' title='bbox 321 2310 376 2364; x_wconf 89' lang='lat' dir='ltr'><strong>lii</strong></span> <span class='ocrx_word' id='word_1_269' title='bbox 408 2328 573 2383; x_wconf 87' lang='lat' dir='ltr'><strong>super</strong></span> <span class='ocrx_word' id='word_1_270' title='bbox 598 2328 720 2368; x_wconf 90' lang='lat' dir='ltr'><strong>eum</strong></span> <span class='ocrx_word' id='word_1_271' title='bbox 752 2312 822 2367; x_wconf 90' lang='lat' dir='ltr'><strong>ab</strong></span> <span class='ocrx_word' id='word_1_272' title='bbox 853 2312 1127 2383; x_wconf 85' lang='lat' dir='ltr'><strong>episcOpis</strong></span> <span class='ocrx_word' id='word_1_273' title='bbox 1160 2320 1397 2382; x_wconf 90' lang='lat' dir='ltr'><strong>apertus,</strong></span> <span class='ocrx_word' id='word_1_274' title='bbox 1424 2320 1598 2368; x_wconf 89' lang='lat' dir='ltr'><strong>tentus</strong></span> <span class='ocrx_word' id='word_1_275' title='bbox 1616 2321 1669 2368; x_wconf 90' lang='lat' dir='ltr'><strong>et</strong></span> <span class='ocrx_word' id='word_1_276' title='bbox 1698 2321 1915 2384; x_wconf 90' lang='lat' dir='ltr'><strong>peracta</strong></span> 
     </span>
    </p>
   </div>
   <div class='ocr_carea' id='block_1_39' title="bbox 320 2400 1912 2471">
    <p class='ocr_par' dir='ltr' id='par_1_39' title="bbox 320 2400 1912 2471">
     <span class='ocr_line' id='line_1_39' title="bbox 320 2400 1912 2471; baseline 0 -15"><span class='ocrx_word' id='word_1_277' title='bbox 320 2401 725 2456; x_wconf 89' lang='lat' dir='ltr'><strong>consecratione</strong></span> <span class='ocrx_word' id='word_1_278' title='bbox 770 2401 961 2455; x_wconf 87' lang='lat' dir='ltr'><strong>fuisset</strong></span> <span class='ocrx_word' id='word_1_279' title='bbox 998 2400 1289 2471; x_wconf 87' lang='lat' dir='ltr'><strong>inspectus,</strong></span> <span class='ocrx_word' id='word_1_280' title='bbox 1339 2402 1460 2456; x_wconf 87' lang='lat' dir='ltr'><strong>hac</strong></span> <span class='ocrx_word' id='word_1_281' title='bbox 1505 2402 1560 2455; x_wconf 91' lang='lat' dir='ltr'><strong>in</strong></span> <span class='ocrx_word' id='word_1_282' title='bbox 1606 2402 1912 2457; x_wconf 85' lang='lat' dir='ltr'><strong>summitate</strong></span> 
     </span>
    </p>
   </div>
   <div class='ocr_carea' id='block_1_40' title="bbox 318 2489 1913 2560">
    <p class='ocr_par' dir='ltr' id='par_1_40' title="bbox 318 2489 1913 2560">
     <span class='ocr_line' id='line_1_40' title="bbox 318 2489 1913 2560; baseline 0.002 -18"><span class='ocrx_word' id='word_1_283' title='bbox 318 2489 535 2560; x_wconf 87' lang='lat' dir='ltr'><strong>pagina</strong></span> <span class='ocrx_word' id='word_1_284' title='bbox 585 2490 849 2545; x_wconf 85' lang='lat' dir='ltr'><strong>sententia</strong></span> <span class='ocrx_word' id='word_1_285' title='bbox 892 2497 1100 2560; x_wconf 89' lang='lat' dir='ltr'><strong>reperta</strong></span> <span class='ocrx_word' id='word_1_286' title='bbox 1129 2497 1211 2545; x_wconf 90' lang='lat' dir='ltr'><strong>est</strong></span> <span class='ocrx_word' id='word_1_287' title='bbox 1245 2508 1257 2543; x_wconf 91' lang='lat'><strong>:</strong></span> <span class='ocrx_word' id='word_1_288' title='bbox 1295 2512 1316 2537; x_wconf 77' lang='grc' dir='ltr'><strong><em>α</em></strong></span> <span class='ocrx_word' id='word_1_289' title='bbox 1351 2490 1573 2545; x_wconf 87' lang='lat' dir='ltr'><strong>Vocavit</strong></span> <span class='ocrx_word' id='word_1_290' title='bbox 1610 2489 1826 2556; x_wconf 88' lang='lat' dir='ltr'><strong>multos,</strong></span> <span class='ocrx_word' id='word_1_291' title='bbox 1859 2497 1913 2545; x_wconf 92' lang='lat' dir='ltr'><strong>et</strong></span> 
     </span>
    </p>
   </div>
   <div class='ocr_carea' id='block_1_41' title="bbox 323 2577 1913 2645">
    <p class='ocr_par' dir='ltr' id='par_1_41' title="bbox 323 2577 1913 2645">
     <span class='ocr_line' id='line_1_41' title="bbox 323 2577 1913 2645; baseline 0.001 -14"><span class='ocrx_word' id='word_1_292' title='bbox 323 2578 489 2645; x_wconf 87' lang='lat' dir='ltr'><strong>misit,</strong></span> <span class='ocrx_word' id='word_1_293' title='bbox 522 2594 741 2633; x_wconf 89' lang='lat' dir='ltr'><strong>servum</strong></span> <span class='ocrx_word' id='word_1_294' title='bbox 772 2593 924 2633; x_wconf 89' lang='lat' dir='ltr'><strong>suum</strong></span> <span class='ocrx_word' id='word_1_295' title='bbox 955 2578 1089 2633; x_wconf 89' lang='lat' dir='ltr'><strong>hora</strong></span> <span class='ocrx_word' id='word_1_296' title='bbox 1135 2592 1305 2634; x_wconf 79' lang='lat' dir='ltr'><strong>coena</strong></span> <span class='ocrx_word' id='word_1_297' title='bbox 1343 2577 1525 2634; x_wconf 89' lang='lat' dir='ltr'><strong>dicere</strong></span> <span class='ocrx_word' id='word_1_298' title='bbox 1571 2577 1809 2633; x_wconf 85' lang='lat' dir='ltr'><strong>invitatis</strong></span> <span class='ocrx_word' id='word_1_299' title='bbox 1855 2586 1913 2633; x_wconf 91' lang='lat' dir='ltr'><strong>ut</strong></span> 
     </span>
    </p>
   </div>
   <div class='ocr_carea' id='block_1_42' title="bbox 320 2666 1913 2739">
    <p class='ocr_par' dir='ltr' id='par_1_42' title="bbox 320 2666 1913 2739">
     <span class='ocr_line' id='line_1_42' title="bbox 320 2666 1913 2739; baseline 0 -18"><span class='ocrx_word' id='word_1_300' title='bbox 320 2666 589 2735; x_wconf 84' lang='lat' dir='ltr'><strong>venirent,</strong></span> <span class='ocrx_word' id='word_1_301' title='bbox 622 2666 749 2737; x_wconf 87' lang='lat' dir='ltr'><strong>quia</strong></span> <span class='ocrx_word' id='word_1_302' title='bbox 772 2668 891 2737; x_wconf 89' lang='lat' dir='ltr'><strong>jam</strong></span> <span class='ocrx_word' id='word_1_303' title='bbox 921 2674 1111 2736; x_wconf 87' lang='lat' dir='ltr'><strong>parata</strong></span> <span class='ocrx_word' id='word_1_304' title='bbox 1142 2675 1262 2722; x_wconf 88' lang='lat' dir='ltr'><strong>sunt</strong></span> <span class='ocrx_word' id='word_1_305' title='bbox 1291 2667 1499 2729; x_wconf 87' lang='lat' dir='ltr'><strong>omnia;</strong></span> <span class='ocrx_word' id='word_1_306' title='bbox 1541 2674 1595 2721; x_wconf 89' lang='lat' dir='ltr'><strong>et</strong></span> <span class='ocrx_word' id='word_1_307' title='bbox 1630 2675 1913 2739; x_wconf 73' lang='lat' dir='ltr'><strong>coeperunt</strong></span> 
     </span>
    </p>
   </div>
   <div class='ocr_carea' id='block_1_43' title="bbox 320 2754 1909 2825">
    <p class='ocr_par' dir='ltr' id='par_1_43' title="bbox 320 2754 1909 2825">
     <span class='ocr_line' id='line_1_43' title="bbox 320 2754 1909 2825; baseline 0.003 -18"><span class='ocrx_word' id='word_1_308' title='bbox 320 2754 481 2808; x_wconf 90' lang='lat' dir='ltr'><strong>simul</strong></span> <span class='ocrx_word' id='word_1_309' title='bbox 504 2770 694 2810; x_wconf 87' lang='lat' dir='ltr'><strong>omnes</strong></span> <span class='ocrx_word' id='word_1_310' title='bbox 738 2771 1014 2811; x_wconf 86' lang='lat' dir='ltr'><strong>excusare.</strong></span> <span class='ocrx_word' id='word_1_311' title='bbox 1050 2777 1072 2803; x_wconf 78' lang='grc' dir='ltr'><strong>υ</strong></span> <span class='ocrx_word' id='word_1_312' title='bbox 1121 2755 1331 2811; x_wconf 89' lang='lat' dir='ltr'><strong>Deinde</strong></span> <span class='ocrx_word' id='word_1_313' title='bbox 1363 2755 1484 2825; x_wconf 88' lang='lat' dir='ltr'><strong>jam</strong></span> <span class='ocrx_word' id='word_1_314' title='bbox 1533 2762 1909 2812; x_wconf 89' lang='lat' dir='ltr'><strong>consummato</strong></span> 
     </span>
    </p>
   </div>
   <div class='ocr_carea' id='block_1_44' title="bbox 318 2842 1910 2915">
    <p class='ocr_par' dir='ltr' id='par_1_44' title="bbox 318 2842 1910 2915">
     <span class='ocr_line' id='line_1_44' title="bbox 318 2842 1910 2915; baseline 0.001 -19"><span class='ocrx_word' id='word_1_315' title='bbox 318 2842 680 2899; x_wconf 87' lang='lat' dir='ltr'><strong>ordinationis</strong></span> <span class='ocrx_word' id='word_1_316' title='bbox 714 2860 825 2899; x_wconf 85' lang='lat' dir='ltr'><strong>sua</strong></span> <span class='ocrx_word' id='word_1_317' title='bbox 855 2844 943 2899; x_wconf 88' lang='lat' dir='ltr'><strong>die</strong></span> <span class='ocrx_word' id='word_1_318' title='bbox 971 2851 1183 2907; x_wconf 88' lang='lat' dir='ltr'><strong>octavo,</strong></span> <span class='ocrx_word' id='word_1_319' title='bbox 1220 2843 1566 2898; x_wconf 88' lang='lat' dir='ltr'><strong>Cantuariam</strong></span> <span class='ocrx_word' id='word_1_320' title='bbox 1623 2842 1910 2915; x_wconf 88' lang='lat' dir='ltr'><strong>egrediens</strong></span> 
     </span>
    </p>
   </div>
   <div class='ocr_carea' id='block_1_45' title="bbox 314 2930 1907 3004">
    <p class='ocr_par' dir='ltr' id='par_1_45' title="bbox 314 2930 1907 3004">
     <span class='ocr_line' id='line_1_45' title="bbox 314 2930 1907 3004; baseline 0 -19"><span class='ocrx_word' id='word_1_321' title='bbox 314 2931 383 2985; x_wconf 88' lang='lat' dir='ltr'><strong>ad</strong></span> <span class='ocrx_word' id='word_1_322' title='bbox 435 2932 638 2986; x_wconf 90' lang='lat' dir='ltr'><strong>curiam</strong></span> <span class='ocrx_word' id='word_1_323' title='bbox 687 2932 834 3004; x_wconf 86' lang='lat' dir='ltr'><strong>regis</strong></span> <span class='ocrx_word' id='word_1_324' title='bbox 882 2948 982 3002; x_wconf 88' lang='lat' dir='ltr'><strong>pro</strong></span> <span class='ocrx_word' id='word_1_325' title='bbox 1029 2932 1343 2987; x_wconf 87' lang='lat' dir='ltr'><strong>imminente</strong></span> <span class='ocrx_word' id='word_1_326' title='bbox 1373 2930 1664 2987; x_wconf 89' lang='lat' dir='ltr'><strong>Nativitate</strong></span> <span class='ocrx_word' id='word_1_327' title='bbox 1691 2931 1907 2987; x_wconf 90' lang='lat' dir='ltr'><strong>Domini</strong></span> 
     </span>
    </p>
   </div>
   <div class='ocr_carea' id='block_1_46' title="bbox 318 3018 1906 3092">
    <p class='ocr_par' dir='ltr' id='par_1_46' title="bbox 318 3018 1906 3092">
     <span class='ocr_line' id='line_1_46' title="bbox 318 3018 1906 3092; baseline 0.002 -20"><span class='ocrx_word' id='word_1_328' title='bbox 318 3019 489 3075; x_wconf 88' lang='lat' dir='ltr'><strong>vadit.</strong></span> <span class='ocrx_word' id='word_1_329' title='bbox 515 3018 635 3088; x_wconf 89' lang='lat' dir='ltr'><strong>Quo</strong></span> <span class='ocrx_word' id='word_1_330' title='bbox 657 3021 1000 3091; x_wconf 77' lang='lat' dir='ltr'><strong>perveniens,</strong></span> <span class='ocrx_word' id='word_1_331' title='bbox 1032 3020 1276 3076; x_wconf 86' lang='lat' dir='ltr'><strong>hilariter</strong></span> <span class='ocrx_word' id='word_1_332' title='bbox 1294 3036 1325 3075; x_wconf 92' lang='lat' dir='ltr'><strong>a</strong></span> <span class='ocrx_word' id='word_1_333' title='bbox 1346 3035 1475 3092; x_wconf 88' lang='lat' dir='ltr'><strong>rege</strong></span> <span class='ocrx_word' id='word_1_334' title='bbox 1504 3027 1724 3091; x_wconf 90' lang='lat' dir='ltr'><strong>totaque</strong></span> <span class='ocrx_word' id='word_1_335' title='bbox 1754 3019 1906 3091; x_wconf 89' lang='lat' dir='ltr'><strong>regni</strong></span> 
     </span>
    </p>
   </div>
   <div class='ocr_carea' id='block_1_47' title="bbox 311 3108 927 3181">
    <p class='ocr_par' dir='ltr' id='par_1_47' title="bbox 311 3108 927 3181">
     <span class='ocr_line' id='line_1_47' title="bbox 311 3108 927 3181; baseline 0.002 -19"><span class='ocrx_word' id='word_1_336' title='bbox 311 3108 593 3165; x_wconf 88' lang='lat' dir='ltr'><strong>nobilitate</strong></span> <span class='ocrx_word' id='word_1_337' title='bbox 622 3108 927 3181; x_wconf 89' lang='lat' dir='ltr'><strong>suscipitur.</strong></span> 
     </span>
    </p>
   </div>
   <div class='ocr_carea' id='block_1_48' title="bbox 381 3196 1900 3268">
    <p class='ocr_par' dir='ltr' id='par_1_48' title="bbox 381 3196 1900 3268">
     <span class='ocr_line' id='line_1_48' title="bbox 381 3196 1900 3268; baseline 0.001 -17"><span class='ocrx_word' id='word_1_338' title='bbox 381 3197 463 3251; x_wconf 86' lang='lat' dir='ltr'><strong>Ea</strong></span> <span class='ocrx_word' id='word_1_339' title='bbox 492 3202 814 3268; x_wconf 87' lang='lat' dir='ltr'><strong>tempestate</strong></span> <span class='ocrx_word' id='word_1_340' title='bbox 862 3214 954 3253; x_wconf 88' lang='lat' dir='ltr'><strong>rex</strong></span> <span class='ocrx_word' id='word_1_341' title='bbox 999 3196 1446 3253; x_wconf 87' lang='lat' dir='ltr'><strong>Northmanniam</strong></span> <span class='ocrx_word' id='word_1_342' title='bbox 1478 3197 1627 3252; x_wconf 83' lang='lat' dir='ltr'><strong>fratri</strong></span> <span class='ocrx_word' id='word_1_343' title='bbox 1657 3213 1755 3253; x_wconf 91' lang='lat' dir='ltr'><strong>suo</strong></span> <span class='ocrx_word' id='word_1_344' title='bbox 1786 3197 1900 3252; x_wconf 83' lang='lat' dir='ltr'><strong>Ro-</strong></span> 
     </span>
    </p>
   </div>
   <div class='ocr_carea' id='block_1_49' title="bbox 313 3284 1902 3351">
    <p class='ocr_par' dir='ltr' id='par_1_49' title="bbox 313 3284 1902 3351">
     <span class='ocr_line' id='line_1_49' title="bbox 313 3284 1902 3351; baseline -0.001 -10"><span class='ocrx_word' id='word_1_345' title='bbox 313 3284 469 3342; x_wconf 89' lang='lat' dir='ltr'><strong>berto</strong></span> <span class='ocrx_word' id='word_1_346' title='bbox 521 3294 632 3342; x_wconf 90' lang='lat' dir='ltr'><strong>toto</strong></span> <span class='ocrx_word' id='word_1_347' title='bbox 680 3287 971 3342; x_wconf 89' lang='lat' dir='ltr'><strong>conamine</strong></span> <span class='ocrx_word' id='word_1_348' title='bbox 1017 3286 1239 3341; x_wconf 88' lang='lat' dir='ltr'><strong>auferre</strong></span> <span class='ocrx_word' id='word_1_349' title='bbox 1281 3286 1554 3351; x_wconf 90' lang='lat' dir='ltr'><strong>laborans,</strong></span> <span class='ocrx_word' id='word_1_350' title='bbox 1586 3285 1815 3340; x_wconf 89' lang='lat' dir='ltr'><strong>multam</strong></span> <span class='ocrx_word' id='word_1_351' title='bbox 1847 3289 1902 3341; x_wconf 89' lang='lat' dir='ltr'><strong>et</strong></span> 
     </span>
    </p>
   </div>
   <div class='ocr_carea' id='block_1_50' title="bbox 308 3373 1903 3446">
    <p class='ocr_par' dir='ltr' id='par_1_50' title="bbox 308 3373 1903 3446">
     <span class='ocr_line' id='line_1_50' title="bbox 308 3373 1903 3446; baseline 0.001 -17"><span class='ocrx_word' id='word_1_352' title='bbox 308 3375 630 3430; x_wconf 86' lang='lat' dir='ltr'><strong>immensam</strong></span> <span class='ocrx_word' id='word_1_353' title='bbox 660 3376 1023 3446; x_wconf 88' lang='lat' dir='ltr'><strong>undecunque</strong></span> <span class='ocrx_word' id='word_1_354' title='bbox 1068 3374 1354 3431; x_wconf 89' lang='lat' dir='ltr'><strong>collectam</strong></span> <span class='ocrx_word' id='word_1_355' title='bbox 1392 3373 1678 3445; x_wconf 89' lang='lat' dir='ltr'><strong>pecuniam</strong></span> <span class='ocrx_word' id='word_1_356' title='bbox 1708 3373 1760 3428; x_wconf 92' lang='lat' dir='ltr'><strong>in</strong></span> <span class='ocrx_word' id='word_1_357' title='bbox 1795 3376 1903 3430; x_wconf 88' lang='lat' dir='ltr'><strong>hoc</strong></span> 
     </span>
    </p>
   </div>
   <div class='ocr_carea' id='block_1_51' title="bbox 307 3461 1900 3534">
    <p class='ocr_par' dir='ltr' id='par_1_51' title="bbox 307 3461 1900 3534">
     <span class='ocr_line' id='line_1_51' title="bbox 307 3461 1900 3534; baseline -0.001 -15"><span class='ocrx_word' id='word_1_358' title='bbox 307 3463 668 3534; x_wconf 90' lang='lat' dir='ltr'><strong>expendebat,</strong></span> <span class='ocrx_word' id='word_1_359' title='bbox 693 3464 830 3519; x_wconf 89' lang='lat' dir='ltr'><strong>adeo</strong></span> <span class='ocrx_word' id='word_1_360' title='bbox 860 3472 916 3518; x_wconf 91' lang='lat' dir='ltr'><strong>ut</strong></span> <span class='ocrx_word' id='word_1_361' title='bbox 940 3462 1226 3519; x_wconf 89' lang='lat' dir='ltr'><strong>nonnullas</strong></span> <span class='ocrx_word' id='word_1_362' title='bbox 1254 3462 1415 3518; x_wconf 89' lang='lat' dir='ltr'><strong>etiam</strong></span> <span class='ocrx_word' id='word_1_363' title='bbox 1441 3461 1778 3517; x_wconf 77' lang='lat' dir='ltr'><strong>difficultates</strong></span> <span class='ocrx_word' id='word_1_364' title='bbox 1808 3478 1900 3533; x_wconf 86' lang='lat' dir='ltr'><strong>pa-</strong></span> 
     </span>
    </p>
   </div>
   <div class='ocr_carea' id='block_1_52' title="bbox 311 3549 1902 3623">
    <p class='ocr_par' dir='ltr' id='par_1_52' title="bbox 311 3549 1902 3623">
     <span class='ocr_line' id='line_1_52' title="bbox 311 3549 1902 3623; baseline 0 -18"><span class='ocrx_word' id='word_1_365' title='bbox 311 3559 528 3617; x_wconf 88' lang='lat' dir='ltr'><strong>teretur,</strong></span> <span class='ocrx_word' id='word_1_366' title='bbox 563 3568 697 3622; x_wconf 88' lang='lat' dir='ltr'><strong>quas</strong></span> <span class='ocrx_word' id='word_1_367' title='bbox 726 3553 934 3623; x_wconf 85' lang='lat' dir='ltr'><strong>regiam</strong></span> <span class='ocrx_word' id='word_1_368' title='bbox 959 3550 1074 3621; x_wconf 82' lang='lat' dir='ltr'><strong>pati</strong></span> <span class='ocrx_word' id='word_1_369' title='bbox 1106 3550 1486 3607; x_wconf 88' lang='lat' dir='ltr'><strong>excellentiam</strong></span> <span class='ocrx_word' id='word_1_370' title='bbox 1526 3549 1786 3606; x_wconf 87' lang='lat' dir='ltr'><strong>incedens</strong></span> <span class='ocrx_word' id='word_1_371' title='bbox 1814 3550 1902 3605; x_wconf 74' lang='lat' dir='ltr'><strong>vi-</strong></span> 
     </span>
    </p>
   </div>
   <div class='ocr_carea' id='block_1_53' title="bbox 308 3638 1898 3713">
    <p class='ocr_par' dir='ltr' id='par_1_53' title="bbox 308 3638 1898 3713">
     <span class='ocr_line' id='line_1_53' title="bbox 308 3638 1898 3713; baseline -0.003 -17"><span class='ocrx_word' id='word_1_372' title='bbox 308 3641 556 3697; x_wconf 89' lang='lat' dir='ltr'><strong>debatur.</strong></span> <span class='ocrx_word' id='word_1_373' title='bbox 592 3641 794 3695; x_wconf 90' lang='lat' dir='ltr'><strong>Suasus</strong></span> <span class='ocrx_word' id='word_1_374' title='bbox 823 3641 988 3713; x_wconf 85' lang='lat' dir='ltr'><strong>igitur</strong></span> <span class='ocrx_word' id='word_1_375' title='bbox 1010 3640 1080 3695; x_wconf 88' lang='lat' dir='ltr'><strong>ab</strong></span> <span class='ocrx_word' id='word_1_376' title='bbox 1100 3640 1292 3696; x_wconf 89' lang='lat' dir='ltr'><strong>amicis</strong></span> <span class='ocrx_word' id='word_1_377' title='bbox 1310 3640 1419 3694; x_wconf 89' lang='lat' dir='ltr'><strong>suis</strong></span> <span class='ocrx_word' id='word_1_378' title='bbox 1438 3654 1614 3695; x_wconf 87' lang='lat' dir='ltr'><strong>novus</strong></span> <span class='ocrx_word' id='word_1_379' title='bbox 1634 3638 1898 3709; x_wconf 87' lang='lat' dir='ltr'><strong>pontifex,</strong></span> 
     </span>
    </p>
   </div>
   <div class='ocr_carea' id='block_1_54' title="bbox 307 3727 1905 3801">
    <p class='ocr_par' dir='ltr' id='par_1_54' title="bbox 307 3727 1905 3801">
     <span class='ocr_line' id='line_1_54' title="bbox 307 3727 1905 3801; baseline -0.002 -18"><span class='ocrx_word' id='word_1_380' title='bbox 307 3730 633 3801; x_wconf 87' lang='lat' dir='ltr'><strong>quingentas</strong></span> <span class='ocrx_word' id='word_1_381' title='bbox 676 3729 884 3800; x_wconf 86' lang='lat' dir='ltr'><strong>argenti</strong></span> <span class='ocrx_word' id='word_1_382' title='bbox 935 3728 1101 3782; x_wconf 90' lang='lat' dir='ltr'><strong>libras</strong></span> <span class='ocrx_word' id='word_1_383' title='bbox 1150 3728 1264 3801; x_wconf 86' lang='lat' dir='ltr'><strong>regi</strong></span> <span class='ocrx_word' id='word_1_384' title='bbox 1310 3727 1531 3795; x_wconf 90' lang='lat' dir='ltr'><strong>obtulit,</strong></span> <span class='ocrx_word' id='word_1_385' title='bbox 1580 3742 1802 3797; x_wconf 86' lang='lat' dir='ltr'><strong>sperans</strong></span> <span class='ocrx_word' id='word_1_386' title='bbox 1849 3730 1905 3781; x_wconf 91' lang='lat' dir='ltr'><strong>et</strong></span> 
     </span>
    </p>
   </div>
   <div class='ocr_carea' id='block_1_55' title="bbox 307 3815 1902 3890">
    <p class='ocr_par' dir='ltr' id='par_1_55' title="bbox 307 3815 1902 3890">
     <span class='ocr_line' id='line_1_55' title="bbox 307 3815 1902 3890; baseline -0.003 -17"><span class='ocrx_word' id='word_1_387' title='bbox 307 3816 692 3890; x_wconf 89' lang='lat' dir='ltr'><strong>pollicentibus</strong></span> <span class='ocrx_word' id='word_1_388' title='bbox 748 3817 980 3872; x_wconf 88' lang='lat' dir='ltr'><strong>credens</strong></span> <span class='ocrx_word' id='word_1_389' title='bbox 1028 3831 1149 3871; x_wconf 91' lang='lat' dir='ltr'><strong>sese</strong></span> <span class='ocrx_word' id='word_1_390' title='bbox 1192 3831 1291 3887; x_wconf 88' lang='lat' dir='ltr'><strong>pro</strong></span> <span class='ocrx_word' id='word_1_391' title='bbox 1336 3818 1441 3871; x_wconf 87' lang='lat' dir='ltr'><strong>hoc</strong></span> <span class='ocrx_word' id='word_1_392' title='bbox 1487 3816 1604 3885; x_wconf 88' lang='lat' dir='ltr'><strong>ejus</strong></span> <span class='ocrx_word' id='word_1_393' title='bbox 1646 3815 1902 3885; x_wconf 85' lang='lat' dir='ltr'><strong>deinceps</strong></span> 
     </span>
    </p>
   </div>
   <div class='ocr_carea' id='block_1_56' title="bbox 310 3903 1900 3978">
    <p class='ocr_par' dir='ltr' id='par_1_56' title="bbox 310 3903 1900 3978">
     <span class='ocr_line' id='line_1_56' title="bbox 310 3903 1900 3978; baseline -0.001 -19"><span class='ocrx_word' id='word_1_394' title='bbox 310 3906 538 3978; x_wconf 87' lang='lat' dir='ltr'><strong>gratiam</strong></span> <span class='ocrx_word' id='word_1_395' title='bbox 570 3903 797 3960; x_wconf 79' lang='lat' dir='ltr'><strong>ﬁrmiter</strong></span> <span class='ocrx_word' id='word_1_396' title='bbox 826 3905 1173 3975; x_wconf 90' lang='lat' dir='ltr'><strong>adepturum,</strong></span> <span class='ocrx_word' id='word_1_397' title='bbox 1205 3912 1257 3959; x_wconf 88' lang='lat' dir='ltr'><strong>et</strong></span> <span class='ocrx_word' id='word_1_398' title='bbox 1286 3921 1407 3974; x_wconf 83' lang='lat' dir='ltr'><strong>qua</strong></span> <span class='ocrx_word' id='word_1_399' title='bbox 1440 3904 1534 3959; x_wconf 90' lang='lat' dir='ltr'><strong>Dei</strong></span> <span class='ocrx_word' id='word_1_400' title='bbox 1566 3911 1688 3958; x_wconf 92' lang='lat' dir='ltr'><strong>sunt</strong></span> <span class='ocrx_word' id='word_1_401' title='bbox 1714 3903 1900 3958; x_wconf 91' lang='lat' dir='ltr'><strong>inten-</strong></span> 
     </span>
    </p>
   </div>
   <div class='ocr_carea' id='block_1_57' title="bbox 307 3992 1900 4056">
    <p class='ocr_par' dir='ltr' id='par_1_57' title="bbox 307 3992 1900 4056">
     <span class='ocr_line' id='line_1_57' title="bbox 307 3992 1900 4056; baseline -0.001 -8"><span class='ocrx_word' id='word_1_402' title='bbox 307 3995 435 4050; x_wconf 90' lang='lat' dir='ltr'><strong>dere</strong></span> <span class='ocrx_word' id='word_1_403' title='bbox 456 3994 731 4050; x_wconf 89' lang='lat' dir='ltr'><strong>volentem</strong></span> <span class='ocrx_word' id='word_1_404' title='bbox 762 3994 1029 4049; x_wconf 85' lang='lat' dir='ltr'><strong>fautorem</strong></span> <span class='ocrx_word' id='word_1_405' title='bbox 1060 3992 1116 4047; x_wconf 93' lang='lat' dir='ltr'><strong>in</strong></span> <span class='ocrx_word' id='word_1_406' title='bbox 1136 3993 1341 4047; x_wconf 88' lang='lat' dir='ltr'><strong>cunctis</strong></span> <span class='ocrx_word' id='word_1_407' title='bbox 1368 3992 1697 4056; x_wconf 88' lang='lat' dir='ltr'><strong>habiturum,</strong></span> <span class='ocrx_word' id='word_1_408' title='bbox 1729 4005 1900 4047; x_wconf 88' lang='lat' dir='ltr'><strong>necne</strong></span> 
     </span>
    </p>
   </div>
   <div class='ocr_carea' id='block_1_58' title="bbox 309 4078 1899 4152">
    <p class='ocr_par' dir='ltr' id='par_1_58' title="bbox 309 4078 1899 4152">
     <span class='ocr_line' id='line_1_58' title="bbox 309 4078 1899 4152; baseline -0.003 -14"><span class='ocrx_word' id='word_1_409' title='bbox 309 4082 472 4138; x_wconf 89' lang='lat' dir='ltr'><strong>rebus</strong></span> <span class='ocrx_word' id='word_1_410' title='bbox 518 4082 899 4139; x_wconf 86' lang='lat' dir='ltr'><strong>ecclesiasticis</strong></span> <span class='ocrx_word' id='word_1_411' title='bbox 928 4082 1069 4136; x_wconf 87' lang='lat' dir='ltr'><strong>intus</strong></span> <span class='ocrx_word' id='word_1_412' title='bbox 1098 4090 1149 4137; x_wconf 92' lang='lat' dir='ltr'><strong>et</strong></span> <span class='ocrx_word' id='word_1_413' title='bbox 1178 4089 1335 4137; x_wconf 88' lang='lat' dir='ltr'><strong>extra</strong></span> <span class='ocrx_word' id='word_1_414' title='bbox 1362 4096 1553 4152; x_wconf 89' lang='lat' dir='ltr'><strong>pacem</strong></span> <span class='ocrx_word' id='word_1_415' title='bbox 1585 4078 1899 4135; x_wconf 85' lang='lat' dir='ltr'><strong>tuitionem-</strong></span> 
     </span>
    </p>
   </div>
   <div class='ocr_carea' id='block_1_59' title="bbox 302 4169 1899 4243">
    <p class='ocr_par' dir='ltr' id='par_1_59' title="bbox 302 4169 1899 4243">
     <span class='ocr_line' id='line_1_59' title="bbox 302 4169 1899 4243; baseline 0 -20"><span class='ocrx_word' id='word_1_416' title='bbox 302 4187 403 4243; x_wconf 85' lang='lat' dir='ltr'><strong>qne</strong></span> <span class='ocrx_word' id='word_1_417' title='bbox 432 4170 578 4226; x_wconf 89' lang='lat' dir='ltr'><strong>illius</strong></span> <span class='ocrx_word' id='word_1_418' title='bbox 621 4178 810 4228; x_wconf 91' lang='lat' dir='ltr'><strong>contra</strong></span> <span class='ocrx_word' id='word_1_419' title='bbox 857 4187 1047 4227; x_wconf 89' lang='lat' dir='ltr'><strong>omnes</strong></span> <span class='ocrx_word' id='word_1_420' title='bbox 1075 4170 1301 4225; x_wconf 83' lang='lat' dir='ltr'><strong>amulos</strong></span> <span class='ocrx_word' id='word_1_421' title='bbox 1329 4169 1742 4240; x_wconf 89' lang='lat' dir='ltr'><strong>acquisiturum.</strong></span> <span class='ocrx_word' id='word_1_422' title='bbox 1782 4169 1899 4225; x_wconf 82' lang='lat' dir='ltr'><strong>Rex</strong></span> 
     </span>
    </p>
   </div>
   <div class='ocr_carea' id='block_1_60' title="bbox 301 4257 1898 4332">
    <p class='ocr_par' dir='ltr' id='par_1_60' title="bbox 301 4257 1898 4332">
     <span class='ocr_line' id='line_1_60' title="bbox 301 4257 1898 4332; baseline -0.002 -17"><span class='ocrx_word' id='word_1_423' title='bbox 301 4276 438 4332; x_wconf 88' lang='lat' dir='ltr'><strong>ergo</strong></span> <span class='ocrx_word' id='word_1_424' title='bbox 458 4260 550 4315; x_wconf 87' lang='lat' dir='ltr'><strong>tali</strong></span> <span class='ocrx_word' id='word_1_425' title='bbox 574 4258 850 4315; x_wconf 89' lang='lat' dir='ltr'><strong>oblatione</strong></span> <span class='ocrx_word' id='word_1_426' title='bbox 872 4258 1075 4327; x_wconf 85' lang='lat' dir='ltr'><strong>audita,</strong></span> <span class='ocrx_word' id='word_1_427' title='bbox 1096 4259 1234 4314; x_wconf 88' lang='lat' dir='ltr'><strong>bene</strong></span> <span class='ocrx_word' id='word_1_428' title='bbox 1256 4274 1370 4314; x_wconf 92' lang='lat' dir='ltr'><strong>rem</strong></span> <span class='ocrx_word' id='word_1_429' title='bbox 1388 4257 1604 4328; x_wconf 88' lang='lat' dir='ltr'><strong>quidem</strong></span> <span class='ocrx_word' id='word_1_430' title='bbox 1623 4257 1898 4312; x_wconf 90' lang='lat' dir='ltr'><strong>laudando</strong></span> 
     </span>
    </p>
   </div>
   <div class='ocr_carea' id='block_1_61' title="bbox 299 4345 1894 4419">
    <p class='ocr_par' dir='ltr' id='par_1_61' title="bbox 299 4345 1894 4419">
     <span class='ocr_line' id='line_1_61' title="bbox 299 4345 1894 4419; baseline -0.002 -16"><span class='ocrx_word' id='word_1_431' title='bbox 299 4348 615 4419; x_wconf 84' lang='lat' dir='ltr'><strong>respondit;</strong></span> <span class='ocrx_word' id='word_1_432' title='bbox 646 4348 742 4403; x_wconf 88' lang='lat' dir='ltr'><strong>sed</strong></span> <span class='ocrx_word' id='word_1_433' title='bbox 774 4347 993 4417; x_wconf 87' lang='lat' dir='ltr'><strong>quidam</strong></span> <span class='ocrx_word' id='word_1_434' title='bbox 1024 4346 1280 4418; x_wconf 84' lang='lat' dir='ltr'><strong>maligna</strong></span> <span class='ocrx_word' id='word_1_435' title='bbox 1308 4346 1505 4401; x_wconf 88' lang='lat' dir='ltr'><strong>mentis</strong></span> <span class='ocrx_word' id='word_1_436' title='bbox 1524 4345 1773 4401; x_wconf 82' lang='lat' dir='ltr'><strong>homines</strong></span> <span class='ocrx_word' id='word_1_437' title='bbox 1801 4360 1894 4400; x_wconf 88' lang='lat' dir='ltr'><strong>re-</strong></span> 
     </span>
    </p>
   </div>
   <div class='ocr_carea' id='block_1_62' title="bbox 298 4432 1896 4508">
    <p class='ocr_par' dir='ltr' id='par_1_62' title="bbox 298 4432 1896 4508">
     <span class='ocr_line' id='line_1_62' title="bbox 298 4432 1896 4508; baseline -0.001 -19"><span class='ocrx_word' id='word_1_438' title='bbox 298 4452 448 4508; x_wconf 88' lang='lat' dir='ltr'><strong>gem,</strong></span> <span class='ocrx_word' id='word_1_439' title='bbox 472 4443 527 4489; x_wconf 91' lang='lat' dir='ltr'><strong>ut</strong></span> <span class='ocrx_word' id='word_1_440' title='bbox 547 4433 662 4490; x_wconf 87' lang='lat' dir='ltr'><strong>ﬁeri</strong></span> <span class='ocrx_word' id='word_1_441' title='bbox 679 4435 838 4501; x_wconf 89' lang='lat' dir='ltr'><strong>solet,</strong></span> <span class='ocrx_word' id='word_1_442' title='bbox 857 4435 927 4489; x_wconf 90' lang='lat' dir='ltr'><strong>ad</strong></span> <span class='ocrx_word' id='word_1_443' title='bbox 948 4436 1054 4491; x_wconf 85' lang='lat' dir='ltr'><strong>hoc</strong></span> <span class='ocrx_word' id='word_1_444' title='bbox 1074 4433 1440 4505; x_wconf 84' lang='lat' dir='ltr'><strong>perduxerunt</strong></span> <span class='ocrx_word' id='word_1_445' title='bbox 1462 4441 1729 4504; x_wconf 88' lang='lat' dir='ltr'><strong>quatenus</strong></span> <span class='ocrx_word' id='word_1_446' title='bbox 1748 4432 1896 4488; x_wconf 87' lang='lat' dir='ltr'><strong>obla-</strong></span> 
     </span>
    </p>
   </div>
   <div class='ocr_carea' id='block_1_63' title="bbox 308 4521 1890 4595">
    <p class='ocr_par' dir='ltr' id='par_1_63' title="bbox 308 4521 1890 4595">
     <span class='ocr_line' id='line_1_63' title="bbox 308 4521 1890 4595; baseline -0.003 -16"><span class='ocrx_word' id='word_1_447' title='bbox 308 4532 413 4579; x_wconf 88' lang='lat' dir='ltr'><strong>tam</strong></span> <span class='ocrx_word' id='word_1_448' title='bbox 446 4523 725 4595; x_wconf 87' lang='lat' dir='ltr'><strong>pecuniam</strong></span> <span class='ocrx_word' id='word_1_449' title='bbox 756 4524 1063 4594; x_wconf 87' lang='lat' dir='ltr'><strong>spernendo</strong></span> <span class='ocrx_word' id='word_1_450' title='bbox 1092 4522 1332 4593; x_wconf 87' lang='lat' dir='ltr'><strong>recipere</strong></span> <span class='ocrx_word' id='word_1_451' title='bbox 1364 4537 1470 4577; x_wconf 90' lang='lat' dir='ltr'><strong>non</strong></span> <span class='ocrx_word' id='word_1_452' title='bbox 1500 4521 1890 4591; x_wconf 87' lang='lat' dir='ltr'><strong>acquiesceret.</strong></span> 
     </span>
    </p>
   </div>
   <div class='ocr_carea' id='block_1_64' title="bbox 380 4609 1895 4683">
    <p class='ocr_par' dir='ltr' id='par_1_64' title="bbox 380 4609 1895 4683">
     <span class='ocr_line' id='line_1_64' title="bbox 380 4609 1895 4683; baseline -0.002 -16"><span class='ocrx_word' id='word_1_453' title='bbox 380 4635 401 4659; x_wconf 83' lang='lat'><strong>-</strong></span> <span class='ocrx_word' id='word_1_454' title='bbox 435 4612 537 4678; x_wconf 84' lang='lat' dir='ltr'><strong>Tu,</strong></span> <span class='ocrx_word' id='word_1_455' title='bbox 569 4611 840 4683; x_wconf 90' lang='lat' dir='ltr'><strong>inquiunt,</strong></span> <span class='ocrx_word' id='word_1_456' title='bbox 871 4628 995 4667; x_wconf 90' lang='lat' dir='ltr'><strong>eum</strong></span> <span class='ocrx_word' id='word_1_457' title='bbox 1026 4627 1139 4682; x_wconf 82' lang='lat' dir='ltr'><strong>pra</strong></span> <span class='ocrx_word' id='word_1_458' title='bbox 1168 4609 1378 4667; x_wconf 82' lang='lat' dir='ltr'><strong>cateris</strong></span> <span class='ocrx_word' id='word_1_459' title='bbox 1423 4610 1637 4682; x_wconf 80' lang='lat' dir='ltr'><strong>Anglia</strong></span> <span class='ocrx_word' id='word_1_460' title='bbox 1686 4610 1895 4682; x_wconf 88' lang='lat' dir='ltr'><strong>princi-</strong></span> 
     </span>
    </p>
   </div>
   <div class='ocr_carea' id='block_1_65' title="bbox 296 4699 1897 4772">
    <p class='ocr_par' dir='ltr' id='par_1_65' title="bbox 296 4699 1897 4772">
     <span class='ocr_line' id='line_1_65' title="bbox 296 4699 1897 4772; baseline -0.001 -17"><span class='ocrx_word' id='word_1_461' title='bbox 296 4700 458 4772; x_wconf 91' lang='lat' dir='ltr'><strong>pibus</strong></span> <span class='ocrx_word' id='word_1_462' title='bbox 489 4700 790 4768; x_wconf 86' lang='lat' dir='ltr'><strong>honorasti,</strong></span> <span class='ocrx_word' id='word_1_463' title='bbox 824 4699 1029 4767; x_wconf 82' lang='lat' dir='ltr'><strong>ditasti,</strong></span> <span class='ocrx_word' id='word_1_464' title='bbox 1062 4699 1337 4761; x_wconf 85' lang='lat' dir='ltr'><strong>exaltasti;</strong></span> <span class='ocrx_word' id='word_1_465' title='bbox 1373 4707 1427 4754; x_wconf 91' lang='lat' dir='ltr'><strong>et</strong></span> <span class='ocrx_word' id='word_1_466' title='bbox 1454 4714 1596 4754; x_wconf 88' lang='lat' dir='ltr'><strong>nunc</strong></span> <span class='ocrx_word' id='word_1_467' title='bbox 1642 4715 1766 4754; x_wconf 90' lang='lat' dir='ltr'><strong>cum</strong></span> <span class='ocrx_word' id='word_1_468' title='bbox 1805 4705 1897 4753; x_wconf 88' lang='lat' dir='ltr'><strong>tua</strong></span> 
     </span>
    </p>
   </div>
   <div class='ocr_carea' id='block_1_66' title="bbox 304 4786 1896 4853">
    <p class='ocr_par' dir='ltr' id='par_1_66' title="bbox 304 4786 1896 4853">
     <span class='ocr_line' id='line_1_66' title="bbox 304 4786 1896 4853; baseline -0.001 -9"><span class='ocrx_word' id='word_1_469' title='bbox 304 4789 633 4846; x_wconf 81' lang='lat' dir='ltr'><strong>necessitate</strong></span> <span class='ocrx_word' id='word_1_470' title='bbox 680 4788 1020 4844; x_wconf 89' lang='lat' dir='ltr'><strong>considerata</strong></span> <span class='ocrx_word' id='word_1_471' title='bbox 1051 4789 1159 4843; x_wconf 91' lang='lat' dir='ltr'><strong>duo</strong></span> <span class='ocrx_word' id='word_1_472' title='bbox 1189 4787 1376 4851; x_wconf 89' lang='lat' dir='ltr'><strong>millia,</strong></span> <span class='ocrx_word' id='word_1_473' title='bbox 1410 4787 1494 4843; x_wconf 88' lang='lat' dir='ltr'><strong>vel</strong></span> <span class='ocrx_word' id='word_1_474' title='bbox 1524 4795 1692 4853; x_wconf 90' lang='lat' dir='ltr'><strong>certe,</strong></span> <span class='ocrx_word' id='word_1_475' title='bbox 1725 4796 1781 4842; x_wconf 91' lang='lat' dir='ltr'><strong>ut</strong></span> <span class='ocrx_word' id='word_1_476' title='bbox 1808 4786 1896 4843; x_wconf 91' lang='lat' dir='ltr'><strong>1e-</strong></span> 
     </span>
    </p>
   </div>
   <div class='ocr_carea' id='block_1_67' title="bbox 298 4875 1895 4947">
    <p class='ocr_par' dir='ltr' id='par_1_67' title="bbox 298 4875 1895 4947">
     <span class='ocr_line' id='line_1_67' title="bbox 298 4875 1895 4947; baseline -0.002 -14"><span class='ocrx_word' id='word_1_477' title='bbox 298 4877 524 4934; x_wconf 88' lang='lat' dir='ltr'><strong>vissime</strong></span> <span class='ocrx_word' id='word_1_478' title='bbox 550 4877 779 4945; x_wconf 90' lang='lat' dir='ltr'><strong>dicatur,</strong></span> <span class='ocrx_word' id='word_1_479' title='bbox 812 4877 961 4932; x_wconf 91' lang='lat' dir='ltr'><strong>mille</strong></span> <span class='ocrx_word' id='word_1_480' title='bbox 991 4876 1155 4932; x_wconf 91' lang='lat' dir='ltr'><strong>libras</strong></span> <span class='ocrx_word' id='word_1_481' title='bbox 1183 4891 1283 4946; x_wconf 88' lang='lat' dir='ltr'><strong>pro</strong></span> <span class='ocrx_word' id='word_1_482' title='bbox 1313 4875 1542 4947; x_wconf 83' lang='lat' dir='ltr'><strong>agendis</strong></span> <span class='ocrx_word' id='word_1_483' title='bbox 1570 4875 1895 4931; x_wconf 84' lang='lat' dir='ltr'><strong>muniﬁcen-</strong></span> 
     </span>
    </p>
   </div>
   <div class='ocr_carea' id='block_1_68' title="bbox 305 4964 1898 5039">
    <p class='ocr_par' dir='ltr' id='par_1_68' title="bbox 305 4964 1898 5039">
     <span class='ocr_line' id='line_1_68' title="bbox 305 4964 1898 5039; baseline -0.001 -19"><span class='ocrx_word' id='word_1_484' title='bbox 305 4966 395 5021; x_wconf 87' lang='lat' dir='ltr'><strong>tia</strong></span> <span class='ocrx_word' id='word_1_485' title='bbox 425 4975 529 5021; x_wconf 81' lang='lat' dir='ltr'><strong>tua</strong></span> <span class='ocrx_word' id='word_1_486' title='bbox 558 4965 748 5039; x_wconf 87' lang='lat' dir='ltr'><strong>gratiis</strong></span> <span class='ocrx_word' id='word_1_487' title='bbox 796 4965 890 5020; x_wconf 92' lang='lat' dir='ltr'><strong>tibi</strong></span> <span class='ocrx_word' id='word_1_488' title='bbox 931 4966 1062 5020; x_wconf 89' lang='lat' dir='ltr'><strong>dare</strong></span> <span class='ocrx_word' id='word_1_489' title='bbox 1115 4964 1357 5033; x_wconf 91' lang='lat' dir='ltr'><strong>deberet,</strong></span> <span class='ocrx_word' id='word_1_490' title='bbox 1389 4965 1712 5037; x_wconf 82' lang='lat' dir='ltr'><strong>quingentas</strong></span> <span class='ocrx_word' id='word_1_491' title='bbox 1740 4964 1898 5036; x_wconf 88' lang='lat' dir='ltr'><strong>(proh</strong></span> 
     </span>
    </p>
   </div>
   <div class='ocr_carea' id='block_1_69' title="bbox 302 5052 1898 5125">
    <p class='ocr_par' dir='ltr' id='par_1_69' title="bbox 302 5052 1898 5125">
     <span class='ocr_line' id='line_1_69' title="bbox 302 5052 1898 5125; baseline 0 -16"><span class='ocrx_word' id='word_1_492' title='bbox 302 5056 539 5125; x_wconf 87' lang='lat' dir='ltr'><strong>pudor!)</strong></span> <span class='ocrx_word' id='word_1_493' title='bbox 571 5054 746 5111; x_wconf 79' lang='lat' dir='ltr'><strong>oﬂ‘ert.</strong></span> <span class='ocrx_word' id='word_1_494' title='bbox 802 5055 911 5111; x_wconf 87' lang='lat' dir='ltr'><strong>Sed</strong></span> <span class='ocrx_word' id='word_1_495' title='bbox 968 5052 1245 5125; x_wconf 88' lang='lat' dir='ltr'><strong>paululum</strong></span> <span class='ocrx_word' id='word_1_496' title='bbox 1301 5052 1538 5120; x_wconf 88' lang='lat' dir='ltr'><strong>sustine,</strong></span> <span class='ocrx_word' id='word_1_497' title='bbox 1589 5052 1898 5124; x_wconf 79' lang='lat' dir='ltr'><strong>faciemque</strong></span> 
     </span>
    </p>
   </div>
   <div class='ocr_carea' id='block_1_70' title="bbox 301 5140 1898 5214">
    <p class='ocr_par' dir='ltr' id='par_1_70' title="bbox 301 5140 1898 5214">
     <span class='ocr_line' id='line_1_70' title="bbox 301 5140 1898 5214; baseline -0.001 -16"><span class='ocrx_word' id='word_1_498' title='bbox 301 5150 449 5199; x_wconf 89' lang='lat' dir='ltr'><strong>tuam</strong></span> <span class='ocrx_word' id='word_1_499' title='bbox 490 5158 655 5214; x_wconf 90' lang='lat' dir='ltr'><strong>super</strong></span> <span class='ocrx_word' id='word_1_500' title='bbox 682 5158 749 5198; x_wconf 89' lang='lat' dir='ltr'><strong>eo</strong></span> <span class='ocrx_word' id='word_1_501' title='bbox 778 5150 1073 5209; x_wconf 89' lang='lat' dir='ltr'><strong>commuta,</strong></span> <span class='ocrx_word' id='word_1_502' title='bbox 1105 5149 1160 5197; x_wconf 92' lang='lat' dir='ltr'><strong>et</strong></span> <span class='ocrx_word' id='word_1_503' title='bbox 1187 5140 1401 5197; x_wconf 90' lang='lat' dir='ltr'><strong>videbis</strong></span> <span class='ocrx_word' id='word_1_504' title='bbox 1449 5140 1595 5212; x_wconf 93' lang='lat' dir='ltr'><strong>quod</strong></span> <span class='ocrx_word' id='word_1_505' title='bbox 1642 5149 1898 5197; x_wconf 89' lang='lat' dir='ltr'><strong>consueto</strong></span> 
     </span>
    </p>
   </div>
   <div class='ocr_carea' id='block_1_71' title="bbox 1922 4480 1975 4541">
    <p class='ocr_par' dir='ltr' id='par_1_71' title="bbox 1922 4480 1975 4541">
     <span class='ocr_line' id='line_1_71' title="bbox 1922 4480 1975 4541; baseline 0 0"><span class='ocrx_word' id='word_1_506' title='bbox 1922 4480 1975 4541; x_wconf 92' lang='lat' dir='ltr'><strong>D</strong></span> 
     </span>
    </p>
   </div>
   <div class='ocr_carea' id='block_1_72' title="bbox 2027 1867 3619 1940">
    <p class='ocr_par' dir='ltr' id='par_1_72' title="bbox 2027 1867 3619 1940">
     <span class='ocr_line' id='line_1_72' title="bbox 2027 1867 3619 1940; baseline 0.002 -18"><span class='ocrx_word' id='word_1_507' title='bbox 2027 1867 2180 1931; x_wconf 88' lang='lat' dir='ltr'><strong>sisse,</strong></span> <span class='ocrx_word' id='word_1_508' title='bbox 2230 1874 2285 1923; x_wconf 92' lang='lat' dir='ltr'><strong>et</strong></span> <span class='ocrx_word' id='word_1_509' title='bbox 2331 1868 2515 1923; x_wconf 90' lang='lat' dir='ltr'><strong>statim</strong></span> <span class='ocrx_word' id='word_1_510' title='bbox 2568 1869 2855 1939; x_wconf 87' lang='lat' dir='ltr'><strong>postulans</strong></span> <span class='ocrx_word' id='word_1_511' title='bbox 2902 1869 3023 1925; x_wconf 91' lang='lat' dir='ltr'><strong>ait:</strong></span> <span class='ocrx_word' id='word_1_512' title='bbox 3062 1892 3084 1918; x_wconf 80' lang='grc' dir='ltr'>ιι</span> <span class='ocrx_word' id='word_1_513' title='bbox 3117 1871 3221 1939; x_wconf 91' lang='lat' dir='ltr'><strong>Ne,</strong></span> <span class='ocrx_word' id='word_1_514' title='bbox 3252 1868 3330 1925; x_wconf 91' lang='lat' dir='ltr'><strong>mi</strong></span> <span class='ocrx_word' id='word_1_515' title='bbox 3379 1870 3619 1940; x_wconf 88' lang='lat' dir='ltr'><strong>domine,</strong></span> 
     </span>
    </p>
   </div>
   <div class='ocr_carea' id='block_1_73' title="bbox 2023 1956 3618 2031">
    <p class='ocr_par' dir='ltr' id='par_1_73' title="bbox 2023 1956 3618 2031">
     <span class='ocr_line' id='line_1_73' title="bbox 2023 1956 3618 2031; baseline 0.004 -22"><span class='ocrx_word' id='word_1_516' title='bbox 2023 1971 2239 2027; x_wconf 88' lang='lat' dir='ltr'><strong>precor,</strong></span> <span class='ocrx_word' id='word_1_517' title='bbox 2276 1958 2379 2013; x_wconf 90' lang='lat' dir='ltr'><strong>hoc</strong></span> <span class='ocrx_word' id='word_1_518' title='bbox 2408 1956 2580 2012; x_wconf 79' lang='lat' dir='ltr'><strong>facias</strong></span> <span class='ocrx_word' id='word_1_519' title='bbox 2625 1966 2685 2013; x_wconf 90' lang='lat' dir='ltr'><strong>ut</strong></span> <span class='ocrx_word' id='word_1_520' title='bbox 2733 1957 2881 2031; x_wconf 87' lang='lat' dir='ltr'><strong>quod</strong></span> <span class='ocrx_word' id='word_1_521' title='bbox 2926 1958 3417 2029; x_wconf 68' lang='lat' dir='ltr'><strong>impraesentiarum</strong></span> <span class='ocrx_word' id='word_1_522' title='bbox 3448 1958 3618 2015; x_wconf 73' lang='lat' dir='ltr'><strong>oﬁero</strong></span> 
     </span>
    </p>
   </div>
   <div class='ocr_carea' id='block_1_74' title="bbox 2022 2044 3618 2118">
    <p class='ocr_par' dir='ltr' id='par_1_74' title="bbox 2022 2044 3618 2118">
     <span class='ocr_line' id='line_1_74' title="bbox 2022 2044 3618 2118; baseline 0.001 -18"><span class='ocrx_word' id='word_1_523' title='bbox 2022 2045 2296 2117; x_wconf 89' lang='lat' dir='ltr'><strong>suscipere</strong></span> <span class='ocrx_word' id='word_1_524' title='bbox 2325 2044 2551 2102; x_wconf 85' lang='lat' dir='ltr'><strong>abnues.</strong></span> <span class='ocrx_word' id='word_1_525' title='bbox 2576 2046 2726 2103; x_wconf 89' lang='lat' dir='ltr'><strong>Licet</strong></span> <span class='ocrx_word' id='word_1_526' title='bbox 2751 2046 2896 2101; x_wconf 91' lang='lat' dir='ltr'><strong>enim</strong></span> <span class='ocrx_word' id='word_1_527' title='bbox 2924 2046 3161 2118; x_wconf 89' lang='lat' dir='ltr'><strong>primum</strong></span> <span class='ocrx_word' id='word_1_528' title='bbox 3191 2046 3276 2115; x_wconf 93' lang='lat' dir='ltr'><strong>sit,</strong></span> <span class='ocrx_word' id='word_1_529' title='bbox 3297 2063 3406 2102; x_wconf 93' lang='lat' dir='ltr'><strong>non</strong></span> <span class='ocrx_word' id='word_1_530' title='bbox 3437 2054 3618 2103; x_wconf 91' lang='lat' dir='ltr'><strong>tamen</strong></span> 
     </span>
    </p>
   </div>
   <div class='ocr_carea' id='block_1_75' title="bbox 2022 2133 3614 2206">
    <p class='ocr_par' dir='ltr' id='par_1_75' title="bbox 2022 2133 3614 2206">
     <span class='ocr_line' id='line_1_75' title="bbox 2022 2133 3614 2206; baseline 0.001 -18"><span class='ocrx_word' id='word_1_531' title='bbox 2022 2140 2324 2189; x_wconf 84' lang='lat' dir='ltr'><strong>extremum</strong></span> <span class='ocrx_word' id='word_1_532' title='bbox 2355 2133 2748 2205; x_wconf 88' lang='lat' dir='ltr'><strong>archiepiscopi</strong></span> <span class='ocrx_word' id='word_1_533' title='bbox 2795 2134 2873 2190; x_wconf 89' lang='lat' dir='ltr'><strong>tui</strong></span> <span class='ocrx_word' id='word_1_534' title='bbox 2921 2136 3122 2191; x_wconf 90' lang='lat' dir='ltr'><strong>donum</strong></span> <span class='ocrx_word' id='word_1_535' title='bbox 3166 2135 3288 2192; x_wconf 91' lang='lat' dir='ltr'><strong>erit.</strong></span> <span class='ocrx_word' id='word_1_536' title='bbox 3318 2136 3390 2191; x_wconf 89' lang='lat' dir='ltr'><strong>Et</strong></span> <span class='ocrx_word' id='word_1_537' title='bbox 3415 2136 3614 2206; x_wconf 89' lang='lat' dir='ltr'><strong>fateor,</strong></span> 
     </span>
    </p>
   </div>
   <div class='ocr_carea' id='block_1_76' title="bbox 2021 2221 3615 2295">
    <p class='ocr_par' dir='ltr' id='par_1_76' title="bbox 2021 2221 3615 2295">
     <span class='ocr_line' id='line_1_76' title="bbox 2021 2221 3615 2295; baseline 0.002 -17"><span class='ocrx_word' id='word_1_538' title='bbox 2021 2222 2202 2278; x_wconf 88' lang='lat' dir='ltr'><strong>utilius</strong></span> <span class='ocrx_word' id='word_1_539' title='bbox 2231 2221 2325 2277; x_wconf 87' lang='lat' dir='ltr'><strong>tibi</strong></span> <span class='ocrx_word' id='word_1_540' title='bbox 2356 2231 2457 2291; x_wconf 91' lang='lat' dir='ltr'><strong>est,</strong></span> <span class='ocrx_word' id='word_1_541' title='bbox 2490 2231 2545 2279; x_wconf 91' lang='lat' dir='ltr'><strong>et</strong></span> <span class='ocrx_word' id='word_1_542' title='bbox 2571 2224 2851 2279; x_wconf 87' lang='lat' dir='ltr'><strong>honestius</strong></span> <span class='ocrx_word' id='word_1_543' title='bbox 2880 2240 2913 2279; x_wconf 89' lang='lat' dir='ltr'><strong>a</strong></span> <span class='ocrx_word' id='word_1_544' title='bbox 2934 2239 3031 2280; x_wconf 85' lang='lat' dir='ltr'><strong>me</strong></span> <span class='ocrx_word' id='word_1_545' title='bbox 3058 2240 3234 2295; x_wconf 90' lang='lat' dir='ltr'><strong>pauca</strong></span> <span class='ocrx_word' id='word_1_546' title='bbox 3273 2240 3399 2280; x_wconf 90' lang='lat' dir='ltr'><strong>cum</strong></span> <span class='ocrx_word' id='word_1_547' title='bbox 3438 2223 3615 2281; x_wconf 74' lang='lat' dir='ltr'><strong>amica</strong></span> 
     </span>
    </p>
   </div>
   <div class='ocr_carea' id='block_1_77' title="bbox 2020 2310 3611 2384">
    <p class='ocr_par' dir='ltr' id='par_1_77' title="bbox 2020 2310 3611 2384">
     <span class='ocr_line' id='line_1_77' title="bbox 2020 2310 3611 2384; baseline 0.003 -19"><span class='ocrx_word' id='word_1_548' title='bbox 2020 2310 2269 2367; x_wconf 90' lang='lat' dir='ltr'><strong>libertate</strong></span> <span class='ocrx_word' id='word_1_549' title='bbox 2296 2352 2311 2378; x_wconf 90' lang='lat'><strong>,</strong></span> <span class='ocrx_word' id='word_1_550' title='bbox 2357 2318 2413 2367; x_wconf 89' lang='lat' dir='ltr'><strong>et</strong></span> <span class='ocrx_word' id='word_1_551' title='bbox 2458 2327 2603 2381; x_wconf 84' lang='lat' dir='ltr'><strong>sape</strong></span> <span class='ocrx_word' id='word_1_552' title='bbox 2658 2312 2967 2384; x_wconf 86' lang='lat' dir='ltr'><strong>suscipere,</strong></span> <span class='ocrx_word' id='word_1_553' title='bbox 3020 2329 3182 2383; x_wconf 90' lang='lat' dir='ltr'><strong>quam</strong></span> <span class='ocrx_word' id='word_1_554' title='bbox 3227 2312 3462 2370; x_wconf 90' lang='lat' dir='ltr'><strong>violenta</strong></span> <span class='ocrx_word' id='word_1_555' title='bbox 3507 2327 3611 2369; x_wconf 86' lang='lat' dir='ltr'><strong>ex-</strong></span> 
     </span>
    </p>
   </div>
   <div class='ocr_carea' id='block_1_78' title="bbox 2020 2398 3610 2457">
    <p class='ocr_par' dir='ltr' id='par_1_78' title="bbox 2020 2398 3610 2457">
     <span class='ocr_line' id='line_1_78' title="bbox 2020 2398 3610 2457; baseline 0.003 -4"><span class='ocrx_word' id='word_1_556' title='bbox 2020 2400 2237 2455; x_wconf 89' lang='lat' dir='ltr'><strong>actione</strong></span> <span class='ocrx_word' id='word_1_557' title='bbox 2266 2398 2398 2454; x_wconf 89' lang='lat' dir='ltr'><strong>mihi</strong></span> <span class='ocrx_word' id='word_1_558' title='bbox 2430 2399 2599 2454; x_wconf 89' lang='lat' dir='ltr'><strong>multa</strong></span> <span class='ocrx_word' id='word_1_559' title='bbox 2626 2400 2785 2455; x_wconf 91' lang='lat' dir='ltr'><strong>simul</strong></span> <span class='ocrx_word' id='word_1_560' title='bbox 2814 2401 2917 2456; x_wconf 89' lang='lat' dir='ltr'><strong>sub</strong></span> <span class='ocrx_word' id='word_1_561' title='bbox 2945 2400 3129 2457; x_wconf 86' lang='lat' dir='ltr'><strong>servili</strong></span> <span class='ocrx_word' id='word_1_562' title='bbox 3169 2401 3478 2457; x_wconf 89' lang='lat' dir='ltr'><strong>conditione</strong></span> <span class='ocrx_word' id='word_1_563' title='bbox 3506 2415 3610 2457; x_wconf 78' lang='lat' dir='ltr'><strong>au-</strong></span> 
     </span>
    </p>
   </div>
   <div class='ocr_carea' id='block_1_79' title="bbox 2018 2486 3611 2558">
    <p class='ocr_par' dir='ltr' id='par_1_79' title="bbox 2018 2486 3611 2558">
     <span class='ocr_line' id='line_1_79' title="bbox 2018 2486 3611 2558; baseline 0.001 -16"><span class='ocrx_word' id='word_1_564' title='bbox 2018 2487 2182 2543; x_wconf 89' lang='lat' dir='ltr'><strong>ferre.</strong></span> <span class='ocrx_word' id='word_1_565' title='bbox 2215 2486 2410 2543; x_wconf 80' lang='lat' dir='ltr'><strong>Amica</strong></span> <span class='ocrx_word' id='word_1_566' title='bbox 2433 2503 2633 2558; x_wconf 87' lang='lat' dir='ltr'><strong>nempe</strong></span> <span class='ocrx_word' id='word_1_567' title='bbox 2662 2488 2910 2545; x_wconf 90' lang='lat' dir='ltr'><strong>libertate</strong></span> <span class='ocrx_word' id='word_1_568' title='bbox 2946 2503 3037 2546; x_wconf 91' lang='lat' dir='ltr'><strong>me</strong></span> <span class='ocrx_word' id='word_1_569' title='bbox 3062 2496 3117 2546; x_wconf 90' lang='lat' dir='ltr'><strong>et</strong></span> <span class='ocrx_word' id='word_1_570' title='bbox 3144 2490 3329 2546; x_wconf 89' lang='lat' dir='ltr'><strong>omnia</strong></span> <span class='ocrx_word' id='word_1_571' title='bbox 3376 2505 3500 2546; x_wconf 90' lang='lat' dir='ltr'><strong>mea</strong></span> <span class='ocrx_word' id='word_1_572' title='bbox 3540 2490 3611 2546; x_wconf 92' lang='lat' dir='ltr'><strong>ad</strong></span> 
     </span>
    </p>
   </div>
   <div class='ocr_carea' id='block_1_80' title="bbox 2017 2576 3610 2648">
    <p class='ocr_par' dir='ltr' id='par_1_80' title="bbox 2017 2576 3610 2648">
     <span class='ocr_line' id='line_1_80' title="bbox 2017 2576 3610 2648; baseline 0.003 -18"><span class='ocrx_word' id='word_1_573' title='bbox 2017 2576 2304 2631; x_wconf 91' lang='lat' dir='ltr'><strong>utilitatem</strong></span> <span class='ocrx_word' id='word_1_574' title='bbox 2332 2584 2476 2631; x_wconf 92' lang='lat' dir='ltr'><strong>tuam</strong></span> <span class='ocrx_word' id='word_1_575' title='bbox 2514 2577 2720 2632; x_wconf 87' lang='lat' dir='ltr'><strong>habere</strong></span> <span class='ocrx_word' id='word_1_576' title='bbox 2764 2578 2989 2648; x_wconf 88' lang='lat' dir='ltr'><strong>poteris,</strong></span> <span class='ocrx_word' id='word_1_577' title='bbox 3020 2577 3202 2634; x_wconf 89' lang='lat' dir='ltr'><strong>servili</strong></span> <span class='ocrx_word' id='word_1_578' title='bbox 3249 2586 3428 2634; x_wconf 89' lang='lat' dir='ltr'><strong>autem</strong></span> <span class='ocrx_word' id='word_1_579' title='bbox 3474 2592 3610 2634; x_wconf 91' lang='lat' dir='ltr'><strong>con-</strong></span> 
     </span>
    </p>
   </div>
   <div class='ocr_carea' id='block_1_81' title="bbox 2018 2664 3614 2738">
    <p class='ocr_par' dir='ltr' id='par_1_81' title="bbox 2018 2664 3614 2738">
     <span class='ocr_line' id='line_1_81' title="bbox 2018 2664 3614 2738; baseline 0.002 -20"><span class='ocrx_word' id='word_1_580' title='bbox 2018 2664 2224 2720; x_wconf 91' lang='lat' dir='ltr'><strong>ditione</strong></span> <span class='ocrx_word' id='word_1_581' title='bbox 2252 2680 2353 2720; x_wconf 90' lang='lat' dir='ltr'><strong>nec</strong></span> <span class='ocrx_word' id='word_1_582' title='bbox 2381 2681 2471 2721; x_wconf 90' lang='lat' dir='ltr'><strong>me</strong></span> <span class='ocrx_word' id='word_1_583' title='bbox 2500 2680 2600 2721; x_wconf 91' lang='lat' dir='ltr'><strong>nec</strong></span> <span class='ocrx_word' id='word_1_584' title='bbox 2636 2680 2759 2721; x_wconf 91' lang='lat' dir='ltr'><strong>mea</strong></span> <span class='ocrx_word' id='word_1_585' title='bbox 2787 2666 3038 2722; x_wconf 87' lang='lat' dir='ltr'><strong>habebis.</strong></span> <span class='ocrx_word' id='word_1_586' title='bbox 3076 2691 3098 2716; x_wconf 73' lang='grc' dir='ltr'><strong>ι»</strong></span> <span class='ocrx_word' id='word_1_587' title='bbox 3159 2667 3248 2722; x_wconf 85' lang='lat' dir='ltr'><strong>Ad</strong></span> <span class='ocrx_word' id='word_1_588' title='bbox 3272 2681 3415 2738; x_wconf 77' lang='lat' dir='ltr'><strong>qua,</strong></span> <span class='ocrx_word' id='word_1_589' title='bbox 3447 2665 3614 2722; x_wconf 86' lang='lat' dir='ltr'><strong>iratus</strong></span> 
     </span>
    </p>
   </div>
   <div class='ocr_carea' id='block_1_82' title="bbox 2017 2752 3615 2828">
    <p class='ocr_par' dir='ltr' id='par_1_82' title="bbox 2017 2752 3615 2828">
     <span class='ocr_line' id='line_1_82' title="bbox 2017 2752 3615 2828; baseline 0.001 -20"><span class='ocrx_word' id='word_1_590' title='bbox 2017 2769 2113 2808; x_wconf 85' lang='lat' dir='ltr'><strong>rex</strong></span> <span class='ocrx_word' id='word_1_591' title='bbox 2148 2771 2160 2807; x_wconf 88' lang='lat'><strong>:</strong></span> <span class='ocrx_word' id='word_1_592' title='bbox 2200 2777 2222 2801; x_wconf 75' lang='grc' dir='ltr'>α</span> <span class='ocrx_word' id='word_1_593' title='bbox 2259 2753 2396 2822; x_wconf 91' lang='lat' dir='ltr'><strong>Sint,</strong></span> <span class='ocrx_word' id='word_1_594' title='bbox 2429 2754 2620 2827; x_wconf 91' lang='lat' dir='ltr'><strong>inquit,</strong></span> <span class='ocrx_word' id='word_1_595' title='bbox 2652 2769 2780 2810; x_wconf 89' lang='lat' dir='ltr'><strong>cum</strong></span> <span class='ocrx_word' id='word_1_596' title='bbox 2806 2755 2992 2828; x_wconf 89' lang='lat' dir='ltr'><strong>jurgio</strong></span> <span class='ocrx_word' id='word_1_597' title='bbox 3038 2763 3131 2811; x_wconf 87' lang='lat' dir='ltr'><strong>tua</strong></span> <span class='ocrx_word' id='word_1_598' title='bbox 3177 2755 3293 2824; x_wconf 92' lang='lat' dir='ltr'><strong>tibi,</strong></span> <span class='ocrx_word' id='word_1_599' title='bbox 3345 2752 3615 2810; x_wconf 79' lang='lat' dir='ltr'><strong>suﬂicient</strong></span> 
     </span>
    </p>
   </div>
   <div class='ocr_carea' id='block_1_83' title="bbox 2016 2842 3613 2917">
    <p class='ocr_par' dir='ltr' id='par_1_83' title="bbox 2016 2842 3613 2917">
     <span class='ocr_line' id='line_1_83' title="bbox 2016 2842 3613 2917; baseline 0.001 -20"><span class='ocrx_word' id='word_1_600' title='bbox 2016 2858 2139 2897; x_wconf 88' lang='lat' dir='ltr'><strong>mea</strong></span> <span class='ocrx_word' id='word_1_601' title='bbox 2170 2842 2330 2898; x_wconf 90' lang='lat' dir='ltr'><strong>mihi.</strong></span> <span class='ocrx_word' id='word_1_602' title='bbox 2362 2843 2535 2899; x_wconf 84' lang='lat' dir='ltr'><strong>Vade.</strong></span> <span class='ocrx_word' id='word_1_603' title='bbox 2569 2863 2593 2894; x_wconf 74' lang='grc' dir='ltr'><strong><em>ι</em></strong></span> <span class='ocrx_word' id='word_1_604' title='bbox 2654 2843 2903 2899; x_wconf 85' lang='lat' dir='ltr'><strong>Surrexit</strong></span> <span class='ocrx_word' id='word_1_605' title='bbox 2930 2859 3064 2917; x_wconf 91' lang='lat' dir='ltr'><strong>ergo</strong></span> <span class='ocrx_word' id='word_1_606' title='bbox 3093 2851 3149 2900; x_wconf 92' lang='lat' dir='ltr'><strong>et</strong></span> <span class='ocrx_word' id='word_1_607' title='bbox 3177 2844 3309 2899; x_wconf 90' lang='lat' dir='ltr'><strong>exiit</strong></span> <span class='ocrx_word' id='word_1_608' title='bbox 3353 2850 3613 2915; x_wconf 86' lang='lat' dir='ltr'><strong>reputans</strong></span> 
     </span>
    </p>
   </div>
   <div class='ocr_carea' id='block_1_84' title="bbox 2016 2930 3612 3003">
    <p class='ocr_par' dir='ltr' id='par_1_84' title="bbox 2016 2930 3612 3003">
     <span class='ocr_line' id='line_1_84' title="bbox 2016 2930 3612 3003; baseline 0.002 -18"><span class='ocrx_word' id='word_1_609' title='bbox 2016 2930 2160 3003; x_wconf 91' lang='lat' dir='ltr'><strong>apud</strong></span> <span class='ocrx_word' id='word_1_610' title='bbox 2192 2947 2272 3000; x_wconf 89' lang='lat' dir='ltr'><strong>se,</strong></span> <span class='ocrx_word' id='word_1_611' title='bbox 2306 2930 2444 2987; x_wconf 87' lang='lat' dir='ltr'><strong>forte</strong></span> <span class='ocrx_word' id='word_1_612' title='bbox 2474 2947 2583 2987; x_wconf 90' lang='lat' dir='ltr'><strong>non</strong></span> <span class='ocrx_word' id='word_1_613' title='bbox 2610 2931 2727 2987; x_wconf 91' lang='lat' dir='ltr'><strong>sine</strong></span> <span class='ocrx_word' id='word_1_614' title='bbox 2755 2932 3186 3003; x_wconf 86' lang='lat' dir='ltr'><strong>pramonitione,</strong></span> <span class='ocrx_word' id='word_1_615' title='bbox 3217 2931 3397 3003; x_wconf 91' lang='lat' dir='ltr'><strong>primo</strong></span> <span class='ocrx_word' id='word_1_616' title='bbox 3425 2931 3496 2987; x_wconf 88' lang='lat' dir='ltr'><strong>ad</strong></span> <span class='ocrx_word' id='word_1_617' title='bbox 3526 2946 3612 2988; x_wconf 87' lang='lat' dir='ltr'><strong>se-</strong></span> 
     </span>
    </p>
   </div>
   <div class='ocr_carea' id='block_1_85' title="bbox 2013 3018 3605 3092">
    <p class='ocr_par' dir='ltr' id='par_1_85' title="bbox 2013 3018 3605 3092">
     <span class='ocr_line' id='line_1_85' title="bbox 2013 3018 3605 3092; baseline 0.001 -18"><span class='ocrx_word' id='word_1_618' title='bbox 2013 3019 2142 3074; x_wconf 89' lang='lat' dir='ltr'><strong>dem</strong></span> <span class='ocrx_word' id='word_1_619' title='bbox 2171 3035 2325 3075; x_wconf 85' lang='lat' dir='ltr'><strong>suam</strong></span> <span class='ocrx_word' id='word_1_620' title='bbox 2355 3019 2603 3076; x_wconf 90' lang='lat' dir='ltr'><strong>introitus</strong></span> <span class='ocrx_word' id='word_1_621' title='bbox 2631 3019 2729 3076; x_wconf 91' lang='lat' dir='ltr'><strong>Dei</strong></span> <span class='ocrx_word' id='word_1_622' title='bbox 2767 3021 3112 3092; x_wconf 87' lang='lat' dir='ltr'><strong>evangelium</strong></span> <span class='ocrx_word' id='word_1_623' title='bbox 3146 3020 3342 3078; x_wconf 91' lang='lat' dir='ltr'><strong>lectum</strong></span> <span class='ocrx_word' id='word_1_624' title='bbox 3392 3018 3559 3077; x_wconf 86' lang='lat' dir='ltr'><strong>fuisse</strong></span> <span class='ocrx_word' id='word_1_625' title='bbox 3591 3038 3605 3075; x_wconf 89' lang='lat'><strong>:</strong></span> 
     </span>
    </p>
   </div>
   <div class='ocr_carea' id='block_1_86' title="bbox 1933 3107 3603 3192">
    <p class='ocr_par' dir='ltr' id='par_1_86' title="bbox 1933 3107 3603 3192">
     <span class='ocr_line' id='line_1_86' title="bbox 1933 3107 3603 3192; baseline 0.001 -28"><span class='ocrx_word' id='word_1_626' title='bbox 1933 3127 1984 3192; x_wconf 77' lang='lat' dir='ltr'>C</span> <span class='ocrx_word' id='word_1_627' title='bbox 2013 3107 2198 3164; x_wconf 83' lang='lat' dir='ltr'><strong>Nemo</strong></span> <span class='ocrx_word' id='word_1_628' title='bbox 2217 3112 2401 3179; x_wconf 74' lang='lat' dir='ltr'><strong>potest</strong></span> <span class='ocrx_word' id='word_1_629' title='bbox 2426 3108 2637 3167; x_wconf 78' lang='lat' dir='ltr'><strong>duobus</strong></span> <span class='ocrx_word' id='word_1_630' title='bbox 2650 3108 2898 3166; x_wconf 77' lang='lat' dir='ltr'><strong>dominis</strong></span> <span class='ocrx_word' id='word_1_631' title='bbox 2918 3110 3128 3166; x_wconf 77' lang='lat' dir='ltr'><strong>servire</strong></span> <span class='ocrx_word' id='word_1_632' title='bbox 3144 3110 3371 3180; x_wconf 70' lang='lat' dir='ltr'><strong>(Matth.</strong></span> <span class='ocrx_word' id='word_1_633' title='bbox 3388 3124 3463 3176; x_wconf 85' lang='lat' dir='ltr'><strong>v1,</strong></span> <span class='ocrx_word' id='word_1_634' title='bbox 3482 3110 3572 3179; x_wconf 73' lang='grc'><strong>24)</strong></span> <span class='ocrx_word' id='word_1_635' title='bbox 3586 3148 3603 3166; x_wconf 92' lang='grc'><strong>.</strong></span> 
     </span>
    </p>
   </div>
   <div class='ocr_carea' id='block_1_87' title="bbox 2014 3195 3611 3269">
    <p class='ocr_par' dir='ltr' id='par_1_87' title="bbox 2014 3195 3611 3269">
     <span class='ocr_line' id='line_1_87' title="bbox 2014 3195 3611 3269; baseline 0.001 -18"><span class='ocrx_word' id='word_1_636' title='bbox 2014 3197 2080 3252; x_wconf 85' lang='lat' dir='ltr'><strong>Et</strong></span> <span class='ocrx_word' id='word_1_637' title='bbox 2108 3195 2341 3252; x_wconf 86' lang='lat' dir='ltr'><strong>alacrior</strong></span> <span class='ocrx_word' id='word_1_638' title='bbox 2368 3196 2424 3251; x_wconf 92' lang='lat' dir='ltr'><strong>in</strong></span> <span class='ocrx_word' id='word_1_639' title='bbox 2454 3196 2633 3268; x_wconf 90' lang='lat' dir='ltr'><strong>ipsum</strong></span> <span class='ocrx_word' id='word_1_640' title='bbox 2662 3212 2912 3253; x_wconf 88' lang='lat' dir='ltr'><strong>reversus</strong></span> <span class='ocrx_word' id='word_1_641' title='bbox 2946 3215 2959 3251; x_wconf 90' lang='lat'><strong>:</strong></span> <span class='ocrx_word' id='word_1_642' title='bbox 2997 3220 3021 3247; x_wconf 79' lang='grc' dir='ltr'>ι</span> <span class='ocrx_word' id='word_1_643' title='bbox 3044 3197 3367 3255; x_wconf 89' lang='lat' dir='ltr'><strong>Benedictus</strong></span> <span class='ocrx_word' id='word_1_644' title='bbox 3394 3198 3481 3264; x_wconf 86' lang='lat' dir='ltr'><strong>sit,</strong></span> <span class='ocrx_word' id='word_1_645' title='bbox 3514 3198 3611 3269; x_wconf 89' lang='lat' dir='ltr'><strong>ait,</strong></span> 
     </span>
    </p>
   </div>
   <div class='ocr_carea' id='block_1_88' title="bbox 2013 3285 3610 3355">
    <p class='ocr_par' dir='ltr' id='par_1_88' title="bbox 2013 3285 3610 3355">
     <span class='ocr_line' id='line_1_88' title="bbox 2013 3285 3610 3355; baseline 0 -14"><span class='ocrx_word' id='word_1_646' title='bbox 2013 3285 2357 3355; x_wconf 77' lang='lat' dir='ltr'><strong>omnipotens</strong></span> <span class='ocrx_word' id='word_1_647' title='bbox 2383 3286 2548 3353; x_wconf 90' lang='lat' dir='ltr'><strong>Deus,</strong></span> <span class='ocrx_word' id='word_1_648' title='bbox 2581 3285 2674 3355; x_wconf 88' lang='lat' dir='ltr'><strong>qui</strong></span> <span class='ocrx_word' id='word_1_649' title='bbox 2704 3300 2795 3340; x_wconf 89' lang='lat' dir='ltr'><strong>me</strong></span> <span class='ocrx_word' id='word_1_650' title='bbox 2841 3299 2943 3340; x_wconf 88' lang='lat' dir='ltr'><strong>sua</strong></span> <span class='ocrx_word' id='word_1_651' title='bbox 2984 3286 3369 3341; x_wconf 89' lang='lat' dir='ltr'><strong>misericordia</strong></span> <span class='ocrx_word' id='word_1_652' title='bbox 3403 3286 3610 3341; x_wconf 91' lang='lat' dir='ltr'><strong>immu-</strong></span> 
     </span>
    </p>
   </div>
   <div class='ocr_carea' id='block_1_89' title="bbox 2010 3371 3611 3445">
    <p class='ocr_par' dir='ltr' id='par_1_89' title="bbox 2010 3371 3611 3445">
     <span class='ocr_line' id='line_1_89' title="bbox 2010 3371 3611 3445; baseline 0.001 -17"><span class='ocrx_word' id='word_1_653' title='bbox 2010 3388 2135 3428; x_wconf 88' lang='lat' dir='ltr'><strong>nem</strong></span> <span class='ocrx_word' id='word_1_654' title='bbox 2174 3372 2409 3429; x_wconf 91' lang='lat' dir='ltr'><strong>servavit</strong></span> <span class='ocrx_word' id='word_1_655' title='bbox 2437 3372 2508 3427; x_wconf 86' lang='lat' dir='ltr'><strong>ab</strong></span> <span class='ocrx_word' id='word_1_656' title='bbox 2537 3371 2685 3428; x_wconf 92' lang='lat' dir='ltr'><strong>omni</strong></span> <span class='ocrx_word' id='word_1_657' title='bbox 2728 3371 2973 3428; x_wconf 89' lang='lat' dir='ltr'><strong>infamia.</strong></span> <span class='ocrx_word' id='word_1_658' title='bbox 3026 3373 3085 3429; x_wconf 90' lang='lat' dir='ltr'><strong>Si</strong></span> <span class='ocrx_word' id='word_1_659' title='bbox 3131 3374 3275 3429; x_wconf 90' lang='lat' dir='ltr'><strong>enim</strong></span> <span class='ocrx_word' id='word_1_660' title='bbox 3322 3374 3441 3430; x_wconf 80' lang='lat' dir='ltr'><strong>hac</strong></span> <span class='ocrx_word' id='word_1_661' title='bbox 3488 3388 3611 3445; x_wconf 79' lang='lat' dir='ltr'><strong>qua</strong></span> 
     </span>
    </p>
   </div>
   <div class='ocr_carea' id='block_1_90' title="bbox 2011 3460 3611 3534">
    <p class='ocr_par' dir='ltr' id='par_1_90' title="bbox 2011 3460 3611 3534">
     <span class='ocr_line' id='line_1_90' title="bbox 2011 3460 3611 3534; baseline 0.001 -18"><span class='ocrx_word' id='word_1_662' title='bbox 2011 3460 2183 3517; x_wconf 92' lang='lat' dir='ltr'><strong>obtuli</strong></span> <span class='ocrx_word' id='word_1_663' title='bbox 2216 3477 2309 3516; x_wconf 88' lang='lat' dir='ltr'><strong>rex</strong></span> <span class='ocrx_word' id='word_1_664' title='bbox 2338 3461 2578 3534; x_wconf 87' lang='lat' dir='ltr'><strong>gratiose</strong></span> <span class='ocrx_word' id='word_1_665' title='bbox 2626 3461 2984 3532; x_wconf 86' lang='lat' dir='ltr'><strong>suscepisset,</strong></span> <span class='ocrx_word' id='word_1_666' title='bbox 3019 3462 3264 3533; x_wconf 87' lang='lat' dir='ltr'><strong>profecto</strong></span> <span class='ocrx_word' id='word_1_667' title='bbox 3296 3478 3328 3517; x_wconf 91' lang='lat' dir='ltr'><strong>a</strong></span> <span class='ocrx_word' id='word_1_668' title='bbox 3356 3460 3611 3534; x_wconf 83' lang='lat' dir='ltr'><strong>malignis</strong></span> 
     </span>
    </p>
   </div>
   <div class='ocr_carea' id='block_1_91' title="bbox 2010 3549 3606 3622">
    <p class='ocr_par' dir='ltr' id='par_1_91' title="bbox 2010 3549 3606 3622">
     <span class='ocr_line' id='line_1_91' title="bbox 2010 3549 3606 3622; baseline 0 -17"><span class='ocrx_word' id='word_1_669' title='bbox 2010 3549 2355 3618; x_wconf 89' lang='lat' dir='ltr'><strong>hominibus,</strong></span> <span class='ocrx_word' id='word_1_670' title='bbox 2389 3549 2480 3621; x_wconf 90' lang='lat' dir='ltr'><strong>qui</strong></span> <span class='ocrx_word' id='word_1_671' title='bbox 2503 3550 2799 3619; x_wconf 89' lang='lat' dir='ltr'><strong>exundant,</strong></span> <span class='ocrx_word' id='word_1_672' title='bbox 2826 3550 2939 3620; x_wconf 90' lang='lat' dir='ltr'><strong>jam</strong></span> <span class='ocrx_word' id='word_1_673' title='bbox 2972 3557 3094 3605; x_wconf 89' lang='lat' dir='ltr'><strong>ante</strong></span> <span class='ocrx_word' id='word_1_674' title='bbox 3141 3565 3243 3622; x_wconf 92' lang='lat' dir='ltr'><strong>pro</strong></span> <span class='ocrx_word' id='word_1_675' title='bbox 3290 3549 3606 3622; x_wconf 89' lang='lat' dir='ltr'><strong>episcopatu</strong></span> 
     </span>
    </p>
   </div>
   <div class='ocr_carea' id='block_1_92' title="bbox 2008 3637 3608 3708">
    <p class='ocr_par' dir='ltr' id='par_1_92' title="bbox 2008 3637 3608 3708">
     <span class='ocr_line' id='line_1_92' title="bbox 2008 3637 3608 3708; baseline 0.001 -15"><span class='ocrx_word' id='word_1_676' title='bbox 2008 3638 2296 3708; x_wconf 87' lang='lat' dir='ltr'><strong>promissa,</strong></span> <span class='ocrx_word' id='word_1_677' title='bbox 2356 3645 2408 3693; x_wconf 92' lang='lat' dir='ltr'><strong>et</strong></span> <span class='ocrx_word' id='word_1_678' title='bbox 2442 3652 2588 3695; x_wconf 87' lang='lat' dir='ltr'><strong>nunc</strong></span> <span class='ocrx_word' id='word_1_679' title='bbox 2644 3638 2747 3693; x_wconf 89' lang='lat' dir='ltr'><strong>sub</strong></span> <span class='ocrx_word' id='word_1_680' title='bbox 2804 3637 3003 3693; x_wconf 89' lang='lat' dir='ltr'><strong>callida</strong></span> <span class='ocrx_word' id='word_1_681' title='bbox 3058 3637 3337 3696; x_wconf 89' lang='lat' dir='ltr'><strong>oblatione</strong></span> <span class='ocrx_word' id='word_1_682' title='bbox 3391 3637 3608 3695; x_wconf 82' lang='lat' dir='ltr'><strong>reddita</strong></span> 
     </span>
    </p>
   </div>
   <div class='ocr_carea' id='block_1_93' title="bbox 2007 3725 3606 3801">
    <p class='ocr_par' dir='ltr' id='par_1_93' title="bbox 2007 3725 3606 3801">
     <span class='ocr_line' id='line_1_93' title="bbox 2007 3725 3606 3801; baseline 0.002 -20"><span class='ocrx_word' id='word_1_683' title='bbox 2007 3725 2201 3782; x_wconf 88' lang='lat' dir='ltr'><strong>fuisset</strong></span> <span class='ocrx_word' id='word_1_684' title='bbox 2226 3733 2499 3798; x_wconf 89' lang='lat' dir='ltr'><strong>putatum.</strong></span> <span class='ocrx_word' id='word_1_685' title='bbox 2546 3726 2654 3782; x_wconf 91' lang='lat' dir='ltr'><strong>Sed</strong></span> <span class='ocrx_word' id='word_1_686' title='bbox 2684 3726 2849 3783; x_wconf 94' lang='lat' dir='ltr'><strong>modo</strong></span> <span class='ocrx_word' id='word_1_687' title='bbox 2893 3725 3031 3799; x_wconf 84' lang='lat' dir='ltr'><strong>quid</strong></span> <span class='ocrx_word' id='word_1_688' title='bbox 3059 3729 3264 3800; x_wconf 84' lang='lat' dir='ltr'><strong>agam?</strong></span> <span class='ocrx_word' id='word_1_689' title='bbox 3292 3727 3606 3801; x_wconf 75' lang='lat' dir='ltr'><strong>Prasigna-</strong></span> 
     </span>
    </p>
   </div>
   <div class='ocr_carea' id='block_1_94' title="bbox 2008 3815 3606 3889">
    <p class='ocr_par' dir='ltr' id='par_1_94' title="bbox 2008 3815 3606 3889">
     <span class='ocr_line' id='line_1_94' title="bbox 2008 3815 3606 3889; baseline 0.001 -19"><span class='ocrx_word' id='word_1_690' title='bbox 2008 3823 2120 3871; x_wconf 91' lang='lat' dir='ltr'><strong>tum</strong></span> <span class='ocrx_word' id='word_1_691' title='bbox 2152 3816 2339 3887; x_wconf 90' lang='lat' dir='ltr'><strong>utique</strong></span> <span class='ocrx_word' id='word_1_692' title='bbox 2358 3831 2558 3870; x_wconf 89' lang='lat' dir='ltr'><strong>munus</strong></span> <span class='ocrx_word' id='word_1_693' title='bbox 2584 3831 2682 3886; x_wconf 91' lang='lat' dir='ltr'><strong>pro</strong></span> <span class='ocrx_word' id='word_1_694' title='bbox 2712 3815 3089 3887; x_wconf 89' lang='lat' dir='ltr'><strong>redemptione</strong></span> <span class='ocrx_word' id='word_1_695' title='bbox 3118 3816 3315 3872; x_wconf 83' lang='lat' dir='ltr'><strong>anima</strong></span> <span class='ocrx_word' id='word_1_696' title='bbox 3344 3832 3455 3874; x_wconf 85' lang='lat' dir='ltr'><strong>sua</strong></span> <span class='ocrx_word' id='word_1_697' title='bbox 3475 3830 3606 3889; x_wconf 85' lang='lat' dir='ltr'><strong>pau-</strong></span> 
     </span>
    </p>
   </div>
   <div class='ocr_carea' id='block_1_95' title="bbox 2007 3903 3605 3978">
    <p class='ocr_par' dir='ltr' id='par_1_95' title="bbox 2007 3903 3605 3978">
     <span class='ocr_line' id='line_1_95' title="bbox 2007 3903 3605 3978; baseline 0.001 -19"><span class='ocrx_word' id='word_1_698' title='bbox 2007 3903 2231 3974; x_wconf 89' lang='lat' dir='ltr'><strong>peribus</strong></span> <span class='ocrx_word' id='word_1_699' title='bbox 2259 3904 2457 3960; x_wconf 91' lang='lat' dir='ltr'><strong>Christi</strong></span> <span class='ocrx_word' id='word_1_700' title='bbox 2490 3904 2659 3971; x_wconf 88' lang='lat' dir='ltr'><strong>dabo,</strong></span> <span class='ocrx_word' id='word_1_701' title='bbox 2692 3919 2800 3960; x_wconf 89' lang='lat' dir='ltr'><strong>non</strong></span> <span class='ocrx_word' id='word_1_702' title='bbox 2828 3903 2941 3971; x_wconf 86' lang='lat' dir='ltr'><strong>illi;</strong></span> <span class='ocrx_word' id='word_1_703' title='bbox 2974 3910 3028 3960; x_wconf 91' lang='lat' dir='ltr'><strong>et</strong></span> <span class='ocrx_word' id='word_1_704' title='bbox 3056 3920 3163 3975; x_wconf 90' lang='lat' dir='ltr'><strong>quo</strong></span> <span class='ocrx_word' id='word_1_705' title='bbox 3193 3904 3243 3961; x_wconf 88' lang='lat' dir='ltr'><strong>ei</strong></span> <span class='ocrx_word' id='word_1_706' title='bbox 3274 3921 3430 3961; x_wconf 82' lang='lat' dir='ltr'><strong>suam</strong></span> <span class='ocrx_word' id='word_1_707' title='bbox 3469 3921 3605 3978; x_wconf 85' lang='lat' dir='ltr'><strong>gra-</strong></span> 
     </span>
    </p>
   </div>
   <div class='ocr_carea' id='block_1_96' title="bbox 2006 3991 3605 4063">
    <p class='ocr_par' dir='ltr' id='par_1_96' title="bbox 2006 3991 3605 4063">
     <span class='ocr_line' id='line_1_96' title="bbox 2006 3991 3605 4063; baseline 0.003 -17"><span class='ocrx_word' id='word_1_708' title='bbox 2006 3992 2139 4047; x_wconf 91' lang='lat' dir='ltr'><strong>tiam</strong></span> <span class='ocrx_word' id='word_1_709' title='bbox 2170 3991 2437 4060; x_wconf 87' lang='lat' dir='ltr'><strong>infundat,</strong></span> <span class='ocrx_word' id='word_1_710' title='bbox 2465 4007 2664 4063; x_wconf 92' lang='lat' dir='ltr'><strong>meque</strong></span> <span class='ocrx_word' id='word_1_711' title='bbox 2692 3991 2763 4046; x_wconf 91' lang='lat' dir='ltr'><strong>ab</strong></span> <span class='ocrx_word' id='word_1_712' title='bbox 2792 3992 2938 4048; x_wconf 91' lang='lat' dir='ltr'><strong>omni</strong></span> <span class='ocrx_word' id='word_1_713' title='bbox 2969 3992 3115 4048; x_wconf 91' lang='lat' dir='ltr'><strong>malo</strong></span> <span class='ocrx_word' id='word_1_714' title='bbox 3146 3992 3421 4062; x_wconf 90' lang='lat' dir='ltr'><strong>defendat,</strong></span> <span class='ocrx_word' id='word_1_715' title='bbox 3440 3994 3605 4050; x_wconf 88' lang='lat' dir='ltr'><strong>devo-</strong></span> 
     </span>
    </p>
   </div>
   <div class='ocr_carea' id='block_1_97' title="bbox 2008 4078 3601 4151">
    <p class='ocr_par' dir='ltr' id='par_1_97' title="bbox 2008 4078 3601 4151">
     <span class='ocr_line' id='line_1_97' title="bbox 2008 4078 3601 4151; baseline 0.002 -16"><span class='ocrx_word' id='word_1_716' title='bbox 2008 4088 2093 4135; x_wconf 90' lang='lat' dir='ltr'><strong>tus</strong></span> <span class='ocrx_word' id='word_1_717' title='bbox 2140 4079 2330 4136; x_wconf 90' lang='lat' dir='ltr'><strong>orabo.</strong></span> <span class='ocrx_word' id='word_1_718' title='bbox 2369 4103 2391 4127; x_wconf 75' lang='grc' dir='ltr'>ιι</span> <span class='ocrx_word' id='word_1_719' title='bbox 2444 4078 2691 4148; x_wconf 83' lang='lat' dir='ltr'><strong>Quasita</strong></span> <span class='ocrx_word' id='word_1_720' title='bbox 2735 4080 2933 4135; x_wconf 84' lang='lat' dir='ltr'><strong>dehinc</strong></span> <span class='ocrx_word' id='word_1_721' title='bbox 2970 4096 3070 4150; x_wconf 89' lang='lat' dir='ltr'><strong>per</strong></span> <span class='ocrx_word' id='word_1_722' title='bbox 3095 4079 3472 4151; x_wconf 88' lang='lat' dir='ltr'><strong>internuntios,</strong></span> <span class='ocrx_word' id='word_1_723' title='bbox 3506 4082 3601 4138; x_wconf 89' lang='lat' dir='ltr'><strong>sed</strong></span> 
     </span>
    </p>
   </div>
   <div class='ocr_carea' id='block_1_98' title="bbox 2007 4165 3606 4243">
    <p class='ocr_par' dir='ltr' id='par_1_98' title="bbox 2007 4165 3606 4243">
     <span class='ocr_line' id='line_1_98' title="bbox 2007 4165 3606 4243; baseline 0.002 -21"><span class='ocrx_word' id='word_1_724' title='bbox 2007 4168 2135 4239; x_wconf 90' lang='lat' dir='ltr'><strong>quia</strong></span> <span class='ocrx_word' id='word_1_725' title='bbox 2165 4168 2456 4239; x_wconf 90' lang='lat' dir='ltr'><strong>pecuniam</strong></span> <span class='ocrx_word' id='word_1_726' title='bbox 2488 4168 2775 4237; x_wconf 90' lang='lat' dir='ltr'><strong>duplicare</strong></span> <span class='ocrx_word' id='word_1_727' title='bbox 2824 4165 3015 4234; x_wconf 89' lang='lat' dir='ltr'><strong>noluit,</strong></span> <span class='ocrx_word' id='word_1_728' title='bbox 3064 4168 3291 4225; x_wconf 91' lang='lat' dir='ltr'><strong>minime</strong></span> <span class='ocrx_word' id='word_1_729' title='bbox 3342 4168 3606 4243; x_wconf 86' lang='lat' dir='ltr'><strong>acquisita</strong></span> 
     </span>
    </p>
   </div>
   <div class='ocr_carea' id='block_1_99' title="bbox 2004 4254 3602 4329">
    <p class='ocr_par' dir='ltr' id='par_1_99' title="bbox 2004 4254 3602 4329">
     <span class='ocr_line' id='line_1_99' title="bbox 2004 4254 3602 4329; baseline 0 -18"><span class='ocrx_word' id='word_1_730' title='bbox 2004 4257 2181 4329; x_wconf 87' lang='lat' dir='ltr'><strong>gratia</strong></span> <span class='ocrx_word' id='word_1_731' title='bbox 2223 4256 2361 4327; x_wconf 88' lang='lat' dir='ltr'><strong>ejus,</strong></span> <span class='ocrx_word' id='word_1_732' title='bbox 2393 4271 2427 4311; x_wconf 91' lang='lat' dir='ltr'><strong>a</strong></span> <span class='ocrx_word' id='word_1_733' title='bbox 2454 4256 2623 4322; x_wconf 88' lang='lat' dir='ltr'><strong>curia,</strong></span> <span class='ocrx_word' id='word_1_734' title='bbox 2658 4255 2952 4311; x_wconf 88' lang='lat' dir='ltr'><strong>festivitate</strong></span> <span class='ocrx_word' id='word_1_735' title='bbox 2979 4254 3151 4324; x_wconf 87' lang='lat' dir='ltr'><strong>ﬁnita,</strong></span> <span class='ocrx_word' id='word_1_736' title='bbox 3183 4258 3410 4314; x_wconf 85' lang='lat' dir='ltr'><strong>recessit</strong></span> <span class='ocrx_word' id='word_1_737' title='bbox 3445 4255 3602 4313; x_wconf 89' lang='lat' dir='ltr'><strong>solli-</strong></span> 
     </span>
    </p>
   </div>
   <div class='ocr_carea' id='block_1_100' title="bbox 2004 4343 3601 4417">
    <p class='ocr_par' dir='ltr' id='par_1_100' title="bbox 2004 4343 3601 4417">
     <span class='ocr_line' id='line_1_100' title="bbox 2004 4343 3601 4417; baseline 0.001 -16"><span class='ocrx_word' id='word_1_738' title='bbox 2004 4346 2141 4401; x_wconf 91' lang='lat' dir='ltr'><strong>citus</strong></span> <span class='ocrx_word' id='word_1_739' title='bbox 2178 4361 2350 4417; x_wconf 90' lang='lat' dir='ltr'><strong>agens</strong></span> <span class='ocrx_word' id='word_1_740' title='bbox 2398 4343 2585 4401; x_wconf 87' lang='lat' dir='ltr'><strong>oblato</strong></span> <span class='ocrx_word' id='word_1_741' title='bbox 2632 4359 2874 4412; x_wconf 90' lang='lat' dir='ltr'><strong>munere,</strong></span> <span class='ocrx_word' id='word_1_742' title='bbox 2906 4352 2965 4399; x_wconf 90' lang='lat' dir='ltr'><strong>ut</strong></span> <span class='ocrx_word' id='word_1_743' title='bbox 2993 4353 3370 4416; x_wconf 89' lang='lat' dir='ltr'><strong>proposuerat,</strong></span> <span class='ocrx_word' id='word_1_744' title='bbox 3400 4344 3601 4402; x_wconf 87' lang='lat' dir='ltr'><strong>Christi</strong></span> 
     </span>
    </p>
   </div>
   <div class='ocr_carea' id='block_1_101' title="bbox 2004 4422 3579 4505">
    <p class='ocr_par' dir='ltr' id='par_1_101' title="bbox 2004 4422 3579 4505">
     <span class='ocr_line' id='line_1_101' title="bbox 2004 4422 3579 4505; baseline -0.002 -14"><span class='ocrx_word' id='word_1_745' title='bbox 2004 4449 2274 4505; x_wconf 88' lang='lat' dir='ltr'><strong>pauperes</strong></span> <span class='ocrx_word' id='word_1_746' title='bbox 2306 4448 2580 4491; x_wconf 89' lang='lat' dir='ltr'><strong>recreare.</strong></span> <span class='ocrx_word' id='word_1_747' title='bbox 3576 4422 3579 4427; x_wconf 75' lang='grc'><em>’</em></span> 
     </span>
    </p>
   </div>
   <div class='ocr_carea' id='block_1_102' title="bbox 2079 4520 3597 4598">
    <p class='ocr_par' dir='ltr' id='par_1_102' title="bbox 2079 4520 3597 4598">
     <span class='ocr_line' id='line_1_102' title="bbox 2079 4520 3597 4598; baseline 0.002 -19"><span class='ocrx_word' id='word_1_748' title='bbox 2079 4523 2315 4579; x_wconf 85' lang='lat' dir='ltr'><strong>Veniens</strong></span> <span class='ocrx_word' id='word_1_749' title='bbox 2361 4530 2543 4578; x_wconf 90' lang='lat' dir='ltr'><strong>autem</strong></span> <span class='ocrx_word' id='word_1_750' title='bbox 2572 4520 2627 4577; x_wconf 92' lang='lat' dir='ltr'><strong>in</strong></span> <span class='ocrx_word' id='word_1_751' title='bbox 2657 4520 2846 4577; x_wconf 87' lang='lat' dir='ltr'><strong>villam</strong></span> <span class='ocrx_word' id='word_1_752' title='bbox 2892 4537 3064 4586; x_wconf 88' lang='lat' dir='ltr'><strong>suam,</strong></span> <span class='ocrx_word' id='word_1_753' title='bbox 3115 4539 3238 4595; x_wconf 79' lang='lat' dir='ltr'><strong>qua</strong></span> <span class='ocrx_word' id='word_1_754' title='bbox 3279 4522 3463 4598; x_wconf 88' lang='lat' dir='ltr'><strong>Herga</strong></span> <span class='ocrx_word' id='word_1_755' title='bbox 3493 4524 3597 4597; x_wconf 78' lang='grc' dir='ltr'><strong>[αι.</strong></span> 
     </span>
    </p>
   </div>
   <div class='ocr_carea' id='block_1_103' title="bbox 2004 4606 3598 4685">
    <p class='ocr_par' dir='ltr' id='par_1_103' title="bbox 2004 4606 3598 4685">
     <span class='ocr_line' id='line_1_103' title="bbox 2004 4606 3598 4685; baseline 0.002 -18"><span class='ocrx_word' id='word_1_756' title='bbox 2004 4610 2200 4685; x_wconf 88' lang='lat' dir='ltr'><strong>Berga]</strong></span> <span class='ocrx_word' id='word_1_757' title='bbox 2230 4620 2476 4677; x_wconf 86' lang='lat' dir='ltr'><strong>vocatur,</strong></span> <span class='ocrx_word' id='word_1_758' title='bbox 2506 4609 2782 4667; x_wconf 87' lang='lat' dir='ltr'><strong>dedicavit</strong></span> <span class='ocrx_word' id='word_1_759' title='bbox 2810 4610 2926 4667; x_wconf 92' lang='lat' dir='ltr'><strong>illic</strong></span> <span class='ocrx_word' id='word_1_760' title='bbox 2952 4606 3237 4667; x_wconf 85' lang='lat' dir='ltr'><strong>ecclesiam</strong></span> <span class='ocrx_word' id='word_1_761' title='bbox 3267 4627 3431 4683; x_wconf 89' lang='lat' dir='ltr'><strong>quam</strong></span> <span class='ocrx_word' id='word_1_762' title='bbox 3460 4614 3598 4670; x_wconf 85' lang='lat' dir='ltr'><strong>Lan-</strong></span> 
     </span>
    </p>
   </div>
   <div class='ocr_carea' id='block_1_104' title="bbox 2005 4687 3600 4772">
    <p class='ocr_par' dir='ltr' id='par_1_104' title="bbox 2005 4687 3600 4772">
     <span class='ocr_line' id='line_1_104' title="bbox 2005 4687 3600 4772; baseline 0.003 -17"><span class='ocrx_word' id='word_1_763' title='bbox 2005 4687 2226 4756; x_wconf 83' lang='lat' dir='ltr'><strong>l&#39;raneus</strong></span> <span class='ocrx_word' id='word_1_764' title='bbox 2273 4698 2494 4772; x_wconf 91' lang='lat' dir='ltr'><strong>quidem</strong></span> <span class='ocrx_word' id='word_1_765' title='bbox 2542 4698 2922 4764; x_wconf 89' lang='lat' dir='ltr'><strong>fabricaverat,</strong></span> <span class='ocrx_word' id='word_1_766' title='bbox 2956 4698 3050 4754; x_wconf 89' lang='lat' dir='ltr'><strong>sed</strong></span> <span class='ocrx_word' id='word_1_767' title='bbox 3079 4707 3256 4756; x_wconf 90' lang='lat' dir='ltr'><strong>morte</strong></span> <span class='ocrx_word' id='word_1_768' title='bbox 3289 4710 3600 4772; x_wconf 66' lang='lat' dir='ltr'><strong>praeventus</strong></span> 
     </span>
    </p>
   </div>
   <div class='ocr_carea' id='block_1_105' title="bbox 2004 4787 3599 4859">
    <p class='ocr_par' dir='ltr' id='par_1_105' title="bbox 2004 4787 3599 4859">
     <span class='ocr_line' id='line_1_105' title="bbox 2004 4787 3599 4859; baseline 0.003 -15"><span class='ocrx_word' id='word_1_769' title='bbox 2004 4803 2219 4845; x_wconf 89' lang='lat' dir='ltr'><strong>sacrare</strong></span> <span class='ocrx_word' id='word_1_770' title='bbox 2249 4787 2586 4859; x_wconf 86' lang='lat' dir='ltr'><strong>nequiverat.</strong></span> <span class='ocrx_word' id='word_1_771' title='bbox 2629 4788 2775 4844; x_wconf 88' lang='lat' dir='ltr'><strong>Inter</strong></span> <span class='ocrx_word' id='word_1_772' title='bbox 2812 4803 2973 4858; x_wconf 89' lang='lat' dir='ltr'><strong>quam</strong></span> <span class='ocrx_word' id='word_1_773' title='bbox 3004 4788 3400 4847; x_wconf 86' lang='lat' dir='ltr'><strong>dedicationem</strong></span> <span class='ocrx_word' id='word_1_774' title='bbox 3427 4806 3599 4849; x_wconf 88' lang='lat' dir='ltr'><strong>vene-</strong></span> 
     </span>
    </p>
   </div>
   <div class='ocr_carea' id='block_1_106' title="bbox 2004 4875 3600 4953">
    <p class='ocr_par' dir='ltr' id='par_1_106' title="bbox 2004 4875 3600 4953">
     <span class='ocr_line' id='line_1_106' title="bbox 2004 4875 3600 4953; baseline 0.004 -22"><span class='ocrx_word' id='word_1_775' title='bbox 2004 4884 2129 4932; x_wconf 87' lang='lat' dir='ltr'><strong>runt</strong></span> <span class='ocrx_word' id='word_1_776' title='bbox 2156 4876 2285 4931; x_wconf 88' lang='lat' dir='ltr'><strong>illuc</strong></span> <span class='ocrx_word' id='word_1_777' title='bbox 2314 4877 2422 4932; x_wconf 91' lang='lat' dir='ltr'><strong>duo</strong></span> <span class='ocrx_word' id='word_1_778' title='bbox 2450 4875 2703 4933; x_wconf 88' lang='lat' dir='ltr'><strong>canonici</strong></span> <span class='ocrx_word' id='word_1_779' title='bbox 2732 4876 2802 4932; x_wconf 90' lang='lat' dir='ltr'><strong>de</strong></span> <span class='ocrx_word' id='word_1_780' title='bbox 2832 4877 3031 4933; x_wconf 89' lang='lat' dir='ltr'><strong>Sancto</strong></span> <span class='ocrx_word' id='word_1_781' title='bbox 3051 4877 3217 4934; x_wconf 87' lang='lat' dir='ltr'><strong>Paulo</strong></span> <span class='ocrx_word' id='word_1_782' title='bbox 3245 4878 3315 4934; x_wconf 93' lang='lat' dir='ltr'><strong>ab</strong></span> <span class='ocrx_word' id='word_1_783' title='bbox 3342 4878 3600 4953; x_wconf 88' lang='lat' dir='ltr'><strong>episcopo</strong></span> 
     </span>
    </p>
   </div>
   <div class='ocr_carea' id='block_1_107' title="bbox 2007 4964 3600 5039">
    <p class='ocr_par' dir='ltr' id='par_1_107' title="bbox 2007 4964 3600 5039">
     <span class='ocr_line' id='line_1_107' title="bbox 2007 4964 3600 5039; baseline 0.003 -18"><span class='ocrx_word' id='word_1_784' title='bbox 2007 4964 2301 5023; x_wconf 79' lang='lat' dir='ltr'><strong>Lomdoniae</strong></span> <span class='ocrx_word' id='word_1_785' title='bbox 2331 4964 2506 5031; x_wconf 88' lang='lat' dir='ltr'><strong>missi,</strong></span> <span class='ocrx_word' id='word_1_786' title='bbox 2548 4964 2760 5021; x_wconf 88' lang='lat' dir='ltr'><strong>litteras</strong></span> <span class='ocrx_word' id='word_1_787' title='bbox 2787 4980 2856 5021; x_wconf 87' lang='lat' dir='ltr'><strong>ex</strong></span> <span class='ocrx_word' id='word_1_788' title='bbox 2885 4972 3039 5036; x_wconf 90' lang='lat' dir='ltr'><strong>parte</strong></span> <span class='ocrx_word' id='word_1_789' title='bbox 3066 4966 3307 5039; x_wconf 84' lang='lat' dir='ltr'><strong>episcopi</strong></span> <span class='ocrx_word' id='word_1_790' title='bbox 3340 4969 3600 5026; x_wconf 88' lang='lat' dir='ltr'><strong>deferen-</strong></span> 
     </span>
    </p>
   </div>
   <div class='ocr_carea' id='block_1_108' title="bbox 2009 5050 3598 5125">
    <p class='ocr_par' dir='ltr' id='par_1_108' title="bbox 2009 5050 3598 5125">
     <span class='ocr_line' id='line_1_108' title="bbox 2009 5050 3598 5125; baseline 0.004 -15"><span class='ocrx_word' id='word_1_791' title='bbox 2009 5050 2106 5122; x_wconf 86' lang='lat' dir='ltr'><strong>tes,</strong></span> <span class='ocrx_word' id='word_1_792' title='bbox 2137 5053 2192 5108; x_wconf 92' lang='lat' dir='ltr'><strong>in</strong></span> <span class='ocrx_word' id='word_1_793' title='bbox 2222 5051 2418 5124; x_wconf 87' lang='lat' dir='ltr'><strong>quibus</strong></span> <span class='ocrx_word' id='word_1_794' title='bbox 2456 5057 2521 5108; x_wconf 86' lang='lat' dir='ltr'><strong>ut.</strong></span> <span class='ocrx_word' id='word_1_795' title='bbox 2558 5052 2736 5124; x_wconf 89' lang='lat' dir='ltr'><strong>ipsam</strong></span> <span class='ocrx_word' id='word_1_796' title='bbox 2765 5052 3186 5125; x_wconf 88' lang='lat' dir='ltr'><strong>dedicationem,</strong></span> <span class='ocrx_word' id='word_1_797' title='bbox 3219 5057 3396 5115; x_wconf 88' lang='lat' dir='ltr'><strong>donec</strong></span> <span class='ocrx_word' id='word_1_798' title='bbox 3434 5058 3598 5116; x_wconf 86' lang='lat' dir='ltr'><strong>simul</strong></span> 
     </span>
    </p>
   </div>
   <div class='ocr_carea' id='block_1_109' title="bbox 2007 5140 3599 5215">
    <p class='ocr_par' dir='ltr' id='par_1_109' title="bbox 2007 5140 3599 5215">
     <span class='ocr_line' id='line_1_109' title="bbox 2007 5140 3599 5215; baseline 0.006 -18"><span class='ocrx_word' id='word_1_799' title='bbox 2007 5141 2136 5197; x_wconf 90' lang='lat' dir='ltr'><strong>inde</strong></span> <span class='ocrx_word' id='word_1_800' title='bbox 2176 5143 2545 5215; x_wconf 89' lang='lat' dir='ltr'><strong>loquerentur,</strong></span> <span class='ocrx_word' id='word_1_801' title='bbox 2578 5140 2846 5212; x_wconf 86' lang='lat' dir='ltr'><strong>differret,</strong></span> <span class='ocrx_word' id='word_1_802' title='bbox 2877 5143 3206 5214; x_wconf 88' lang='lat' dir='ltr'><strong>deprecatus</strong></span> <span class='ocrx_word' id='word_1_803' title='bbox 3236 5154 3334 5203; x_wconf 91' lang='lat' dir='ltr'><strong>est.</strong></span> <span class='ocrx_word' id='word_1_804' title='bbox 3367 5145 3599 5206; x_wconf 80' lang='lat' dir='ltr'><strong>Dicebat</strong></span> 
     </span>
    </p>
   </div>
   <div class='ocr_carea' id='block_1_110' title="bbox 1593 5265 2293 5324">
    <p class='ocr_par' dir='ltr' id='par_1_110' title="bbox 1593 5265 2293 5324">
     <span class='ocr_line' id='line_1_110' title="bbox 1593 5265 2293 5324; baseline 0.001 -5"><span class='ocrx_word' id='word_1_805' title='bbox 1593 5265 2021 5322; x_wconf 84' lang='lat' dir='ltr'><strong>HENSCHENII</strong></span> <span class='ocrx_word' id='word_1_806' title='bbox 2057 5265 2293 5324; x_wconf 74' lang='lat' dir='ltr'><strong>NOTE.</strong></span> 
     </span>
    </p>
   </div>
   <div class='ocr_carea' id='block_1_111' title="bbox 301 5371 1893 5498">
    <p class='ocr_par' dir='ltr' id='par_1_111' title="bbox 301 5371 1893 5498">
     <span class='ocr_line' id='line_1_111' title="bbox 301 5371 1893 5498; baseline -0.001 -69"><span class='ocrx_word' id='word_1_807' title='bbox 301 5390 394 5430; x_wconf 83' lang='lat' dir='ltr'><strong>an.</strong></span> <span class='ocrx_word' id='word_1_808' title='bbox 428 5376 566 5430; x_wconf 74' lang='lat'><strong>1070</strong></span> <span class='ocrx_word' id='word_1_809' title='bbox 602 5375 699 5456; x_wconf 45' lang='lat' dir='ltr'><strong>ad.</strong></span> <span class='ocrx_word' id='word_1_810' title='bbox 724 5377 880 5455; x_wconf 62' lang='lat'><strong>1097,</strong></span> <span class='ocrx_word' id='word_1_811' title='bbox 912 5371 1408 5498; x_wconf 49' lang='lat' dir='ltr'><strong>laudatusgrasul,</strong></span> <span class='ocrx_word' id='word_1_812' title='bbox 1438 5371 1540 5427; x_wconf 90' lang='lat' dir='ltr'><strong>nisi</strong></span> <span class='ocrx_word' id='word_1_813' title='bbox 1572 5373 1718 5441; x_wconf 87' lang='lat' dir='ltr'><strong>quod</strong></span> <span class='ocrx_word' id='word_1_814' title='bbox 1759 5388 1893 5455; x_wconf 80' lang='lat' dir='ltr'><strong>erga</strong></span> 
     </span>
     <span class='ocr_line' id='line_1_112' title="bbox 301 5443 1892 5498; baseline 0 0"><span class='ocrx_word' id='word_1_815' title='bbox 301 5446 599 5498; x_wconf 91' lang='lat' dir='ltr'><strong>monachos</strong></span> <span class='ocrx_word' id='word_1_816' title='bbox 628 5460 859 5498; x_wconf 80' lang='lat' dir='ltr'><strong>inmmor</strong></span> <span class='ocrx_word' id='word_1_817' title='bbox 888 5443 1047 5498; x_wconf 83' lang='lat' dir='ltr'><strong>fuerit</strong></span> <span class='ocrx_word' id='word_1_818' title='bbox 1078 5461 1092 5498; x_wconf 88' lang='lat'><strong>:</strong></span> <span class='ocrx_word' id='word_1_819' title='bbox 1125 5444 1196 5498; x_wconf 91' lang='lat' dir='ltr'><strong>ah</strong></span> <span class='ocrx_word' id='word_1_820' title='bbox 1238 5462 1253 5498; x_wconf 88' lang='grc' dir='ltr'>ι</span> <span class='ocrx_word' id='word_1_821' title='bbox 1281 5443 1639 5498; x_wconf 89' lang='lat' dir='ltr'><strong>Walchemus</strong></span> <span class='ocrx_word' id='word_1_822' title='bbox 1694 5443 1892 5498; x_wconf 81' lang='lat' dir='ltr'><strong>scribt-</strong></span> 
     </span>
    </p>
   </div>
   <div class='ocr_carea' id='block_1_112' title="bbox 300 5443 1892 5516">
    <p class='ocr_par' dir='ltr' id='par_1_112' title="bbox 300 5443 1892 5516">
     <span class='ocr_line' id='line_1_113' title="bbox 300 5443 1892 5516; baseline 0 -17"><span class='ocrx_word' id='word_1_823' title='bbox 300 5446 599 5501; x_wconf 91' lang='lat' dir='ltr'><strong>monachos</strong></span> <span class='ocrx_word' id='word_1_824' title='bbox 628 5444 859 5516; x_wconf 87' lang='lat' dir='ltr'><strong>iniquior</strong></span> <span class='ocrx_word' id='word_1_825' title='bbox 888 5443 1047 5500; x_wconf 89' lang='lat' dir='ltr'><strong>fuerit</strong></span> <span class='ocrx_word' id='word_1_826' title='bbox 1078 5461 1092 5498; x_wconf 90' lang='lat'><strong>:</strong></span> <span class='ocrx_word' id='word_1_827' title='bbox 1125 5443 1253 5500; x_wconf 91' lang='lat' dir='ltr'><strong>alibi</strong></span> <span class='ocrx_word' id='word_1_828' title='bbox 1281 5443 1639 5500; x_wconf 88' lang='lat' dir='ltr'><strong>Walchemus</strong></span> <span class='ocrx_word' id='word_1_829' title='bbox 1694 5443 1892 5499; x_wconf 76' lang='lat' dir='ltr'><strong>scribi-</strong></span> 
     </span>
    </p>
   </div>
   <div class='ocr_carea' id='block_1_113' title="bbox 299 5516 976 5572">
    <p class='ocr_par' dir='ltr' id='par_1_113' title="bbox 299 5516 976 5572">
     <span class='ocr_line' id='line_1_114' title="bbox 299 5516 976 5572; baseline -0.004 0"><span class='ocrx_word' id='word_1_830' title='bbox 299 5519 390 5572; x_wconf 76' lang='lat' dir='ltr'><strong>tur</strong></span> <span class='ocrx_word' id='word_1_831' title='bbox 417 5524 475 5571; x_wconf 91' lang='lat' dir='ltr'><strong>et</strong></span> <span class='ocrx_word' id='word_1_832' title='bbox 507 5517 733 5572; x_wconf 85' lang='lat' dir='ltr'><strong>forsitan</strong></span> <span class='ocrx_word' id='word_1_833' title='bbox 761 5516 976 5572; x_wconf 88' lang='lat' dir='ltr'><strong>melius.</strong></span> 
     </span>
    </p>
   </div>
   <div class='ocr_carea' id='block_1_114' title="bbox 369 5584 1894 5659">
    <p class='ocr_par' dir='ltr' id='par_1_114' title="bbox 369 5584 1894 5659">
     <span class='ocr_line' id='line_1_115' title="bbox 369 5584 1894 5659; baseline -0.001 -15"><span class='ocrx_word' id='word_1_834' title='bbox 369 5588 449 5659; x_wconf 82' lang='grc' dir='ltr'><strong>(α)</strong></span> <span class='ocrx_word' id='word_1_835' title='bbox 482 5587 757 5644; x_wconf 79' lang='lat' dir='ltr'><strong>Mauritius</strong></span> <span class='ocrx_word' id='word_1_836' title='bbox 786 5585 1160 5643; x_wconf 88' lang='lat' dir='ltr'><strong>Londiniensis</strong></span> <span class='ocrx_word' id='word_1_837' title='bbox 1189 5584 1463 5642; x_wconf 81' lang='lat' dir='ltr'><strong>institutus</strong></span> <span class='ocrx_word' id='word_1_838' title='bbox 1492 5601 1580 5641; x_wconf 90' lang='lat' dir='ltr'><strong>an.</strong></span> <span class='ocrx_word' id='word_1_839' title='bbox 1614 5585 1775 5656; x_wconf 83' lang='lat' dir='ltr'><strong>t087,</strong></span> <span class='ocrx_word' id='word_1_840' title='bbox 1808 5585 1894 5642; x_wconf 90' lang='lat' dir='ltr'><strong>vi-</strong></span> 
     </span>
    </p>
   </div>
   <div class='ocr_carea' id='block_1_115' title="bbox 1999 5369 3599 5446">
    <p class='ocr_par' dir='ltr' id='par_1_115' title="bbox 1999 5369 3599 5446">
     <span class='ocr_line' id='line_1_116' title="bbox 1999 5369 3599 5446; baseline 0.003 -20"><span class='ocrx_word' id='word_1_841' title='bbox 1999 5373 2139 5446; x_wconf 86' lang='lat' dir='ltr'><strong>ginti</strong></span> <span class='ocrx_word' id='word_1_842' title='bbox 2194 5371 2353 5429; x_wconf 89' lang='lat' dir='ltr'><strong>annis</strong></span> <span class='ocrx_word' id='word_1_843' title='bbox 2404 5373 2594 5430; x_wconf 77' lang='lat' dir='ltr'><strong>sedem</strong></span> <span class='ocrx_word' id='word_1_844' title='bbox 2649 5373 2842 5446; x_wconf 79' lang='lat' dir='ltr'><strong>tenuit,</strong></span> <span class='ocrx_word' id='word_1_845' title='bbox 2887 5374 2942 5425; x_wconf 88' lang='lat' dir='ltr'><strong>et</strong></span> <span class='ocrx_word' id='word_1_846' title='bbox 2982 5369 3273 5446; x_wconf 79' lang='lat' dir='ltr'><strong>ecclesiam</strong></span> <span class='ocrx_word' id='word_1_847' title='bbox 3324 5372 3387 5446; x_wconf 64' lang='grc' dir='ltr'><strong>ξ.</strong></span> <span class='ocrx_word' id='word_1_848' title='bbox 3447 5375 3599 5446; x_wconf 74' lang='lat' dir='ltr'><strong>Pauli</strong></span> 
     </span>
    </p>
   </div>
   <div class='ocr_carea' id='block_1_116' title="bbox 2002 5442 3599 5516">
    <p class='ocr_par' dir='ltr' id='par_1_116' title="bbox 2002 5442 3599 5516">
     <span class='ocr_line' id='line_1_117' title="bbox 2002 5442 3599 5516; baseline 0.001 -17"><span class='ocrx_word' id='word_1_849' title='bbox 2002 5442 2255 5516; x_wconf 75' lang='lat' dir='ltr'><strong>exustam</strong></span> <span class='ocrx_word' id='word_1_850' title='bbox 2286 5451 2615 5516; x_wconf 83' lang='lat' dir='ltr'><strong>restaurans,</strong></span> <span class='ocrx_word' id='word_1_851' title='bbox 2647 5445 2777 5516; x_wconf 68' lang='lat' dir='ltr'><strong>facit</strong></span> <span class='ocrx_word' id='word_1_852' title='bbox 2803 5442 2946 5516; x_wconf 72' lang='lat' dir='ltr'><strong>Opus</strong></span> <span class='ocrx_word' id='word_1_853' title='bbox 2978 5449 3090 5516; x_wconf 81' lang='lat' dir='ltr'><strong>tota</strong></span> <span class='ocrx_word' id='word_1_854' title='bbox 3113 5444 3314 5516; x_wconf 60' lang='lat' dir='ltr'><strong>Anglia</strong></span> <span class='ocrx_word' id='word_1_855' title='bbox 3341 5442 3599 5501; x_wconf 61' lang='lat' dir='ltr'><strong>{amabis-</strong></span> 
     </span>
    </p>
   </div>
   <div class='ocr_carea' id='block_1_117' title="bbox 2002 5512 3561 5588">
    <p class='ocr_par' dir='ltr' id='par_1_117' title="bbox 2002 5512 3561 5588">
     <span class='ocr_line' id='line_1_118' title="bbox 2002 5512 3561 5588; baseline 0.001 -16"><span class='ocrx_word' id='word_1_856' title='bbox 2002 5515 2221 5583; x_wconf 91' lang='lat' dir='ltr'><strong>simum,</strong></span> <span class='ocrx_word' id='word_1_857' title='bbox 2252 5530 2460 5587; x_wconf 89' lang='lat' dir='ltr'><strong>nupero</strong></span> <span class='ocrx_word' id='word_1_858' title='bbox 2488 5512 2747 5573; x_wconf 87' lang='lat' dir='ltr'><strong>incendio</strong></span> <span class='ocrx_word' id='word_1_859' title='bbox 2775 5512 3128 5574; x_wconf 83' lang='lat' dir='ltr'><strong>Londiniensi</strong></span> <span class='ocrx_word' id='word_1_860' title='bbox 3157 5512 3561 5588; x_wconf 63' lang='lat' dir='ltr'><strong>consumam.</strong></span> 
     </span>
    </p>
   </div>
  </div>
