4024 6078
410 260 517 321 3'15

1413 247 1729 307 EADMERI
1767 242 2321 303 CANTUARIENSIS
2359 237 2693 297 MONACHI.

3606 237 3714 291 376

409 377 556 436 enim
597 374 771 448 ipsam
817 371 1104 431 ecclesiam
1142 372 1199 427 in
1238 384 1333 424 sua
1377 365 1634 439 parochia
1676 379 1813 430 esse,
1846 370 1899 418 et
1926 361 1998 417 ob
2027 362 2082 426 Α
2112 362 2253 415 hanc
2278 358 2613 448 spiritualem
2652 367 2977 428 potestatem
3024 362 3265 432 ejusdem
3309 359 3716 432 metropolitani

409 468 540 536 hoc,
571 466 698 523 licet
726 465 782 520 in
812 472 953 519 terra
981 456 1377 529 archiepiscopi
1408 455 1587 523 fuerit,
1609 451 2008 509 dedicationem

416 555 567 613 illius
597 555 666 611 ad
694 569 751 608 se
779 552 1070 623 pertinere.
1103 547 1344 603 Audiens
1372 547 1477 600 hoc
1505 542 1796 599 Anselmus
1824 547 1876 595 et
1904 555 2006 593 an-

417 653 749 701 tecessorum
784 655 1001 695 suorum
1032 637 1312 706 antiquam
1342 630 1785 689 consuetudinem
1810 628 2007 695 sciens,

418 742 574 789 natus
603 738 684 787 est
710 729 781 785 ab
811 728 928 798 ipso
959 724 1258 780 ministerio
1289 738 1389 793 pro
1420 719 1711 777 hominum
1758 716 2012 789 precibus

419 836 533 877 non
562 816 908 881 cessandum,
941 830 1041 869 nec
1073 813 1223 868 fecit.
1276 811 1333 867 Si
1364 810 1582 881 quidem
1613 824 1732 863 mos
1778 815 1827 862 et
1874 820 2011 860 con-

412 908 640 966 suetudo
669 902 1198 974 archiepiscoporum
1228 898 1707 956 Cantuariensium
1751 895 1820 950 ab
1864 894 2007 949 anti-

414 1013 521 1070 quo
565 994 664 1051 fuit
690 1001 744 1050 et
769 999 872 1057 est,
904 999 957 1046 ut
987 991 1043 1046 in
1074 990 1232 1046 terris
1275 988 1385 1045 suis
1431 987 1737 1058 ubicunque
1765 1000 1863 1055 per
1891 986 2009 1038 An-

410 1086 581 1158 gliam
609 1084 733 1150 sint,
755 1080 938 1136 nullus
961 1079 1347 1150 episcoporum
1372 1084 1569 1149 prater
1590 1092 1648 1130 se
1676 1075 1765 1145 jus
1792 1071 2010 1142 aliquod

413 1174 632 1242 habeat,
664 1172 761 1227 sed
791 1170 1032 1226 humana
1062 1167 1222 1223 simul
1254 1174 1305 1221 et
1337 1165 1526 1221 divina
1554 1164 1739 1219 omnia
1769 1162 1915 1219 velut
1956 1159 2012 1213 in

419 1262 642 1336 propria
672 1259 896 1316 dioecesi
928 1259 983 1311 in
1012 1274 1109 1313 sua
1137 1254 1488 1327 dispositione
1532 1252 1854 1308 consistant.
1895 1251 2009 1303 An-

411 1351 613 1409 selmus
640 1357 826 1405 tamen
874 1347 1008 1402 nulli
1055 1345 1352 1420 quidquam
1384 1343 1721 1411 injuriarum,
1755 1339 1911 1410 quasi
1940 1337 2007 1391 li-

410 1440 545 1496 bera
591 1447 746 1494 utens
792 1443 1077 1508 potestate,
1111 1435 1293 1489 facere
1322 1432 1533 1496 volens,
1568 1427 1815 1501 diligenti
1852 1435 2010 1497 post-

412 1527 637 1585 modum
692 1524 1035 1596 inquisitione
1093 1519 1499 1577 consuetudinis
1543 1518 1698 1586 hujus
1726 1515 2008 1571 certitudi-

415 1633 542 1671 nem
572 1614 777 1671 studuit
805 1612 1135 1683 investigare
1180 1617 1447 1679 quatenus
1477 1606 1522 1660 si
1554 1621 1675 1660 eam
1704 1614 1873 1659 ratam
1905 1617 2013 1658 non

2115 447 2358 520 episcOpi
2376 463 2491 502 esse
2515 447 2837 505 scientibus.
2866 450 3138 506 Iudicium
3169 460 3347 506 tamen
3376 450 3504 506 hinc
3532 450 3716 523 agita-

2116 549 2250 603 tum,
2283 543 2373 591 aut
2402 536 2505 592 hoc
2532 552 2598 591 ex
2621 536 2745 606 jure
2775 539 2878 593 sibi
2911 540 3212 610 judicatum
3266 539 3556 610 aliquando
3606 539 3720 594 mi-

2116 626 2263 681 nime
2310 624 2633 693 audivimus,
2666 628 2764 681 sed
2809 629 2955 698 quod
2987 629 3041 683 in
3073 636 3252 684 nostra
3301 628 3528 684 diacesi
3581 644 3714 684 eum

2119 714 2316 771 fecisse
2349 713 2516 769 libere
2548 715 2892 785 agnovimus,
2925 717 2981 770 in
3011 717 3252 772 aliorum
3313 717 3475 772 etiam
3536 718 3721 773 facere

2116 818 2281 873 posse
2310 802 2605 858 credimus.
2647 804 2787 858 Ecce
2818 812 3077 876 quantum
3134 804 3263 861 inde
3317 805 3589 861 reminisci
3621 813 3719 860 aut

2117 890 2254 946 scire
2281 891 2556 961 potuimus
2581 891 2887 961 prudentia
2939 902 3130 949 vestra
3186 893 3572 962 intimavimus,
3600 894 3723 963 jam

2120 980 2251 1051 quid
2284 979 2593 1035 faciendum
2623 979 2693 1034 sit
2736 980 2858 1051 ipsa
2902 983 3225 1039 consideret.
3260 983 3448 1039 Valeat
3476 983 3726 1053 paterni-

2120 1075 2201 1124 tas
2230 1075 2428 1135 vestra,
2463 1075 2516 1123 et
2545 1077 2664 1124 oret
2691 1085 2795 1139 pro
2832 1070 3008 1126 nobis.
3047 1094 3067 1118 »

2190 1157 2494 1213 Roboratus
2548 1157 2714 1229 igitur
2770 1159 3061 1215 Anselmus
3111 1176 3180 1216 ex
3238 1161 3371 1228 istis,
3431 1169 3592 1231 atque
3651 1176 3725 1217 ex

2119 1246 2300 1300 multis
2329 1246 2578 1315 aliorum,
2612 1263 2747 1315 quos
2790 1246 3014 1320 longum
3063 1256 3144 1302 est
3190 1263 3527 1317 enumerare,
3561 1249 3723 1304 testi-

2119 1333 2334 1401 moniis,
2369 1350 2564 1390 secure
2597 1335 2857 1406 deinceps
2900 1352 3119 1392 suorum
3160 1353 3371 1393 morem
3412 1346 3726 1394 antecesso-

2118 1439 2238 1477 rum
2269 1423 2647 1492 aemulabatur,
2705 1440 2814 1479 non
2870 1426 3045 1479 solum
3103 1426 3365 1482 ecclesias
3408 1425 3728 1482 inconsultis

2119 1511 2391 1582 episcOpis
2421 1528 2660 1581 sacrans,
2693 1513 2789 1567 sed
2821 1521 2874 1569 et
2901 1530 3134 1585 quaque
3191 1515 3377 1571 divina
3431 1515 3610 1571 ofﬁcia
3663 1517 3726 1571 in

2119 1601 2324 1657 cunctis
2355 1601 2510 1656 terris
2539 1603 2650 1656 suis
2678 1618 2780 1672 per
2807 1618 2864 1657 se
2892 1619 3086 1658 suosve
3119 1604 3459 1675 dispensans.

414 1705 583 1761 fuisse
611 1707 904 1769 constaret,
932 1699 1130 1755 amodo
1159 1697 1228 1753 ab
1260 1713 1325 1752 ea
1350 1702 1688 1766 temperaret.
1715 1690 2006 1763 Supererat
2034 1718 2088 1778 Β
2188 1690 2432 1746 Evolutis
2488 1690 2690 1747 dehinc
2740 1690 3033 1762 aliquantis
3080 1693 3295 1762 diebus,
3328 1710 3396 1749 ex
3434 1702 3723 1765 pracepto

417 1792 595 1848 adhuc
620 1790 794 1846 beata
823 1786 1103 1843 memoria
1135 1786 1425 1841 Volstanus
1467 1783 1757 1853 episcopus
1786 1796 1924 1834 unus
1955 1787 2009 1835 et

418 1880 568 1937 solus
614 1881 683 1935 de
732 1876 966 1949 antiquis
1010 1875 1317 1947 Anglorum
1358 1872 1630 1940 Patribus,
1663 1870 1743 1926 vir
1777 1870 1832 1922 in
1858 1867 2009 1924 omni

411 1969 677 2042 religione
721 1965 1068 2037 conspicuus,
1127 1971 1180 2019 et
1236 1961 1579 2033 antiquarum
1608 1959 1817 2031 Anglia
1869 1973 2006 2013 con-

406 2057 756 2115 suetudinum
801 2054 1030 2111 scientia
1058 2051 1305 2124 apprime
1335 2050 1595 2105 eruditus.
1630 2048 1783 2102 Hunc
1812 2046 2007 2101 Ansel-

410 2162 535 2202 mus
565 2145 633 2201 de
662 2143 882 2216 negotio
913 2139 1200 2206 consuluit,
1234 2148 1286 2194 et
1316 2155 1420 2208 quo
1460 2137 1758 2208 simplicem
1787 2134 1888 2189 sibi
1920 2151 2007 2216 ve—

404 2235 621 2291 ritatem
665 2232 1045 2298 innotesceret,
1094 2227 1412 2301 postulavit.
1452 2226 1573 2295 Quo
1610 2224 1701 2280 ille
1731 2231 2005 2296 suscepto,

404 2322 628 2394 scripsit
656 2321 735 2377 illi
766 2322 883 2376 hac
915 2337 926 2372 :

483 2436 505 2462 «ι
539 2408 1013 2469 Reverendissimo
1068 2423 1133 2463 ac
1178 2404 1493 2461 beatissimo
1552 2405 1676 2463 vita
1724 2404 2012 2460 sanctitate

401 2510 456 2559 et
481 2516 711 2557 summa
754 2498 900 2553 sedis
945 2496 1209 2569 dignitate
1238 2495 1486 2566 praelato,
1519 2497 1792 2550 ANssLuo
1824 2491 2007 2548 archi-

402 2590 656 2661 episcopo
686 2589 1087 2643 Wonsormus
1116 2600 1401 2640 servorum
1432 2582 1535 2638 Dei
1565 2582 1840 2651 minimus,
1873 2581 2004 2635 Wi-

407 2677 716 2752 gorniensis
774 2674 1032 2731 Ecclesia
1102 2672 1390 2744 episcopus
1458 2672 1654 2751 merito
1723 2671 2007 2743 indignus,

405 2763 710 2820 orationum
753 2758 1055 2832 obsequia,
1106 2756 1398 2828 ﬁdeliaque
1452 2772 1521 2811 ex
1578 2756 1841 2813 charitate
1888 2772 2008 2811 ser-

414 2852 569 2911 vitia.

483 2965 505 2992 α
538 2941 705 2998 Novit
731 2938 1017 3012 prudentia
1058 2944 1238 2993 vestra
1285 2935 1632 3009 quotidianos
1687 2934 1904 2991 labores
1961 2939 2014 2988 et

406 3030 792 3104 oppressiones
820 3035 1027 3083 sancta
1057 3025 1343 3092 Ecclesia,
1375 3024 1634 3097 malignis
1665 3040 1785 3079 eam
1817 3022 2008 3095 oppri—

405 3119 680 3175 mentibus
709 3126 762 3174 et
790 3115 924 3187 ipsis
954 3131 1090 3187 quos
1119 3120 1435 3184 oportuerat
1465 3128 1584 3169 eam
1628 3112 1785 3181 tueri,
1820 3120 2010 3166 aucto-

411 3208 564 3265 ribus
617 3204 993 3261 existentibus.
1035 3204 1121 3258 Ad
1178 3204 1277 3257 hos
1335 3202 1699 3273 repellendos,
1733 3208 1786 3256 et
1827 3208 2016 3256 contra

429 3297 567 3352 tales
595 3302 837 3350 sanctam
870 3291 1174 3349 Ecclesiam
1207 3291 1521 3355 defendere,
1554 3290 1812 3345 sanctitas
1839 3297 2022 3345 vestra

424 3386 605 3442 locata
634 3391 716 3439 est
769 3382 826 3437 in
881 3397 1097 3436 summa
1155 3396 1303 3435 arce.
1350 3381 1433 3434 Ne
1462 3378 1628 3451 igitur
1657 3378 1885 3446 dubitet,
1916 3393 2028 3432 non

420 3488 545 3530 eam
574 3471 848 3527 sacularis
902 3470 1160 3540 potentia
1216 3469 1378 3524 timor
1433 3467 1701 3535 humiliet,
1734 3483 1841 3523 non
1873 3467 2029 3521 favor

423 3561 669 3627 inclinet,
702 3560 802 3615 sed
836 3558 1049 3612 fortiter
1077 3557 1322 3627 incipiat,
1356 3556 1571 3625 incepta
1604 3569 1726 3609 cum
1758 3556 1855 3609 Dei
1884 3554 2033 3623 adju-

427 3648 566 3704 torio
596 3646 882 3716 perficiat;
915 3644 1324 3715 insurgentibus
1362 3644 1608 3712 obsistat,
1659 3642 2032 3713 opprimentes

431 3734 713 3804 reprimat,
745 3736 1104 3803 sanctamque
1133 3741 1363 3787 matrem
1402 3740 1642 3787 nostram
1682 3745 1869 3787 contra
1898 3731 2034 3786 tales

434 3822 720 3880 defendat.
760 3822 842 3878 De
873 3820 955 3875 his
983 3829 1160 3876 autem
1192 3820 1337 3877 unde
1383 3820 1543 3875 nobis
1588 3820 1827 3893 dignitas
1859 3828 2037 3876 vestra

436 3910 679 3967 scribere
736 3917 789 3966 et
843 3917 1043 3965 nostra
1077 3909 1360 3979 parvitatis
1389 3908 1678 3964 consilium
1710 3917 1788 3964 est
1818 3910 2037 3982 dignata

434 4011 700 4069 quarere,
734 4002 995 4067 quantum
1043 3993 1317 4049 recordari
1364 4009 1670 4064 possumus,
1704 3993 1885 4049 dicere
1930 4010 2037 4048 non

435 4083 753 4141 omittimus.
808 4084 961 4139 Hanc
1010 4081 1244 4154 denique
1299 4082 1442 4138 unde
1497 4082 1765 4137 consuluit
1819 4098 2038 4137 causam

434 4172 690 4229 ventilari
720 4188 998 4242 nunquam
1021 4171 1345 4238 audivimus,
1372 4172 1500 4243 quia
1532 4172 1716 4226 nullus
1749 4172 2043 4243 aliquando

437 4261 644 4319 exstitit
673 4262 763 4332 qui
794 4263 933 4316 hanc
965 4259 1347 4316 Cantuariensi
1368 4260 1778 4330 archiepiscopo
1808 4269 2040 4330 potesta-

445 4359 559 4408 tem
586 4350 826 4406 adimere
857 4348 1037 4418 vellet,
1070 4357 1123 4404 et
1151 4365 1218 4403 ne
1248 4350 1649 4405 dedicationem
1690 4349 2035 4419 propriarum
2067 4390 2121 4451 D

448 4440 708 4496 duntaxat
761 4438 1128 4495 Ecclesiarum
1186 4437 1404 4508 publice
1435 4439 1653 4506 faceret,
1686 4438 2027 4492 defenderet.

444 4529 671 4584 Exstant
719 4528 919 4599 quippe
948 4536 1001 4583 et
1028 4528 1082 4582 in
1111 4535 1295 4583 nostra
1326 4527 1539 4582 diacesi
1570 4527 1777 4594 altaria,
1810 4535 1861 4581 et
1885 4544 2037 4597 qua-

449 4616 576 4671 dam
608 4616 769 4671 etiam
800 4616 1055 4673 Ecclesia
1111 4617 1170 4670 in
1226 4617 1312 4671 his
1359 4616 1563 4672 scilicet
1588 4615 1733 4671 villis
1763 4632 1899 4686 quas
1928 4616 2040 4671 Sti-

451 4704 664 4775 gandus
684 4708 782 4776 (a),
806 4712 1000 4761 vestra
1020 4706 1357 4762 excellentia
1375 4706 1765 4777 pradecessor,
1789 4703 1934 4759 haud
1963 4712 2039 4759 ta-

447 4808 574 4848 men
598 4793 717 4861 jure
748 4793 1129 4850 ecclesiastica
1158 4794 1515 4862 hareditatis,
1535 4794 1633 4849 sed
1653 4810 1721 4848 ex
1749 4794 1891 4849 dono
1921 4809 2042 4863 pos-

447 4880 659 4939 sederat
689 4881 965 4937 sacularis
992 4884 1290 4952 potestatis,
1315 4883 1385 4938 ab
1414 4884 1533 4953 ipso
1564 4882 1815 4938 dedicata
1843 4881 2044 4936 nostris

459 4978 514 5025 et
544 4970 903 5025 antecesseris
930 4969 1102 5026 nostri
1132 4972 1482 5042 temporibus,
1514 4972 1674 5027 nobis
1714 4971 2048 5039 inconsultis,

448 5073 551 5115 nec
609 5066 768 5113 antea
794 5074 895 5115 nec
932 5065 1125 5129 postea
1180 5059 1308 5116 inde
1363 5059 1836 5129 calumniantibus,
1868 5068 2053 5129 utpote

2042 3073 2092 3136 Ο

2117 1778 2267 1850 regis
2331 1794 2517 1834 omnes
2556 1779 2673 1835 fere
2711 1780 2954 1850 episc0pi
2981 1822 2994 1848 ,
3036 1797 3141 1836 una
3198 1797 3321 1837 cum
3366 1782 3719 1853 principibus

2114 1866 2325 1939 Anglia
2364 1868 2435 1921 ad
2476 1867 2765 1940 Hastinges
2795 1869 2866 1938 (ὁ)
2899 1878 3284 1937 convenerunt,
3312 1870 3491 1941 ipsum
3521 1888 3720 1943 regem

2115 1954 2169 2009 in
2199 1956 2648 2011 Northmanniam
2682 1957 3151 2013 transfretaturum
3207 1974 3306 2014 sua
3347 1959 3732 2017 benedictione

2115 2052 2168 2099 et
2232 2061 2500 2100 concursu
2532 2046 2828 2117 prosecuti.
2873 2046 3030 2102 Venit
3084 2055 3135 2103 et
3192 2048 3355 2103 Pater
3406 2049 3728 2118 Anselmus,

2116 2134 2229 2188 suis
2260 2150 2423 2204 quam
2454 2138 2690 2190 maxime
2732 2135 3063 2191 orationibus
3090 2153 3190 2207 per
3216 2137 3427 2192 marina
3474 2139 3733 2209 pericula

2114 2239 2302 2295 regem
2360 2225 2705 2296 protegendo
2761 2225 3038 2280 ducturus.
3078 2225 3270 2281 Morati
3299 2241 3427 2282 vero
3474 2235 3597 2281 sunt
3644 2226 3727 2282 ibi

2115 2328 2211 2367 rex
2264 2320 2316 2368 et
2372 2312 2652 2382 principes
2680 2313 2806 2383 plus
2837 2330 2942 2369 uno
2972 2329 3187 2383 mense,
3220 2321 3381 2370 vento
3435 2316 3725 2371 transitum

2118 2401 2236 2473 regi
2267 2401 2611 2472 prohibente.
2653 2405 2715 2457 In
2741 2419 2844 2474 qua
2875 2419 3031 2459 mora
3062 2404 3351 2459 Anselmus
3380 2407 3635 2474 sacravit,
3666 2406 3733 2461 in

2119 2490 2354 2546 ecclesia
2385 2498 2588 2547 sancta
2619 2490 2719 2547 Dei
2748 2492 3027 2564 genitricis
3047 2493 3232 2548 Maria
3263 2509 3383 2563 qua
3413 2502 3489 2548 est
3518 2492 3571 2548 in
3603 2493 3735 2565 ipso

2118 2580 2360 2645 castello,
2393 2579 2682 2634 Robertum
2718 2580 2790 2650 (ε)
2822 2581 2891 2635 ad
2924 2581 3165 2652 regimen
3200 2581 3459 2637 Ecclesia
3505 2582 3734 2639 Lincol-

2119 2666 2339 2733 niensis,
2364 2666 2796 2722 ministrantibus
2819 2668 2921 2722 sibi
2959 2668 3015 2722 in
3056 2669 3156 2724 hoc
3198 2668 3377 2725 officio
3415 2678 3627 2741 septem
3658 2672 3737 2726 de

2117 2754 2479 2828 suﬂ'raganeis
2507 2754 2778 2827 episc0pis
2807 2756 2923 2811 suis
2955 2757 3053 2827 (ά).
3086 2757 3169 2812 De
3200 2775 3306 2829 qua
3334 2764 3514 2814 tamen
3545 2776 3737 2815 consc~

2120 2844 2358 2899 oratione
2425 2844 2646 2915 quidam
2708 2844 2775 2899 de
2828 2844 3106 2916 episcopis
3153 2853 3317 2918 atque
3386 2846 3736 2918 principibus

2120 2933 2298 2989 conati
2328 2940 2450 2987 sunt
2506 2940 2691 2989 contra
2736 2934 3053 2989 Anselmum
3111 2935 3427 2992 scandalum
3478 2953 3732 3007 movere,

2122 3021 2458 3076 intendentes
2486 3022 2553 3076 ad
2584 3022 2688 3077 hoc
2733 3031 2791 3077 ut
2833 3024 3086 3078 eumdem
3135 3023 3449 3095 episcopum
3479 3026 3731 3082 absolute

2126 3111 2332 3180 absque
2361 3110 2543 3164 debita
2584 3110 2920 3180 professione
2970 3121 3332 3169 consecraret.
3367 3112 3527 3183 Quod
3573 3115 3732 3171 nullo

2120 3198 2252 3268 jure
2286 3198 2407 3252 fulti
2440 3213 2504 3252 ea
2536 3200 2876 3254 solummodo
2907 3216 2967 3255 re
2997 3202 3409 3273 suntaggressi,
3431 3202 3556 3273 quia
3579 3213 3740 3274 puta-

2133 3287 2265 3342 bant
2293 3303 2353 3342 se
2383 3287 2571 3342 animo
2603 3289 2747 3359 regis
2776 3288 2984 3359 aliquid
3014 3305 3081 3344 ex
3113 3290 3524 3346 conturbatione
3544 3293 3743 3347 Ansel-

2136 3375 2209 3430 mi
2241 3375 2384 3431 unde
2415 3374 2687 3431 lalaretur
2723 3376 2942 3445 inferre,
2974 3376 3208 3433 scientes
3253 3395 3374 3434 eum
3404 3396 3507 3450 pro
3538 3398 3738 3451 supra-

2137 3464 2339 3535 scripta
2366 3480 2527 3519 causa
2556 3465 2827 3519 adversus
2858 3464 3035 3535 ipsum
3064 3482 3171 3521 non
3202 3482 3396 3537 parum
3421 3485 3538 3524 esse
3566 3470 3752 3524 turba-

2141 3562 2271 3608 tum.
2315 3553 2421 3609 Sed
2464 3554 2754 3608 Anselmus
2811 3571 2877 3608 ex
2936 3555 3021 3609 his
3072 3555 3207 3609 nihil
3265 3556 3504 3611 rancoris
3558 3565 3750 3615 mente

2140 3641 2472 3711 concipiens,
2503 3641 2707 3711 placito
2738 3641 2889 3697 vultu
2920 3642 3070 3697 nulla
3103 3643 3311 3699 ratione
3356 3659 3637 3699 assensum
3668 3646 3753 3702 eis

2140 3730 2408 3800 praebere,
2441 3746 2543 3785 nec
2569 3730 2905 3802 episcopum,
2939 3730 3042 3785 nisi
3091 3732 3267 3803 primo
3311 3742 3562 3804 suscepta
3603 3750 3752 3805 pro-

2142 3818 2378 3874 fessione
2405 3818 2473 3873 ab
2517 3834 2582 3873 eo
2639 3818 2706 3874 de
2760 3818 3095 3889 subjectione
3152 3828 3207 3874 et
3260 3820 3569 3877 obedientia
3624 3840 3748 3893 sua,

2143 3923 2358 3962 sacrare
2387 3908 2574 3962 voluit.
2634 3909 2751 3963 Rex
2783 3924 3017 3980 quoque,
3051 3908 3141 3963 ubi
3172 3908 3304 3979 quid
3347 3909 3585 3981 episcOpi
3628 3928 3753 3967 mo-

2144 3996 2414 4051 liebantur
2441 3995 2668 4063 audivit,
2702 3997 2933 4051 asseruit
2964 4013 3021 4052 se
3055 3997 3205 4053 nullo
3235 4006 3396 4067 pacto
3447 4014 3754 4055 consensu-

2148 4102 2262 4139 rum
2293 4093 2349 4138 ut
2378 4100 2478 4154 pro
2509 4084 2787 4140 inimicitia
2826 4101 2986 4154 quam
3044 4094 3233 4141 contra
3277 4087 3750 4159 archiepisc0pum

2146 4172 2403 4238 habebat,
2432 4174 2589 4227 matri
2639 4189 2749 4228 sua
2800 4173 3057 4229 Ecclesia
3097 4175 3467 4231 Cantuariensi
3526 4177 3593 4231 de
3648 4194 3753 4235 sua

2149 4262 2413 4333 dignitate
2445 4261 2572 4331 quid
2604 4261 2779 4332 quivis
2807 4262 3133 4317 detraheret.

2226 4352 2303 4405 Eo
2338 4358 2579 4419 tempore
2608 4349 2823 4405 curialis
2872 4350 3127 4419 juventus
3180 4351 3350 4408 ferme
3407 4361 3519 4409 tota
3569 4354 3755 4411 crines

2152 4456 2276 4495 suos
2299 4438 2705 4509 juvencularum
2736 4454 2887 4494 more
2917 4439 3219 4505 nutriebat;
3244 4449 3298 4496 et
3318 4441 3565 4513 quotidie
3582 4459 3751 4514 pexa,

2149 4546 2212 4584 ac
2264 4528 2582 4600 irreligiosis
2653 4527 2870 4581 nutibus
2946 4528 3440 4599 circumspectans,
3501 4531 3755 4588 delicatis

2146 4617 2409 4688 vestigiis,
2446 4624 2628 4671 tenero
2662 4615 2894 4683 incessu,
2929 4617 3282 4673 obambulare
3309 4618 3467 4673 solita
3496 4628 3627 4675 erat.
3660 4619 3754 4678 De

2154 4707 2349 4776 quibus
2379 4721 2499 4760 cum
2530 4706 2585 4758 in
2614 4705 2789 4774 capite
2811 4704 3005 4776 jejunii
3034 4722 3336 4762 sermonem
3358 4708 3410 4762 in
3440 4708 3645 4778 populo
3673 4711 3756 4766 ad

2154 4794 2382 4849 missam
2414 4810 2563 4847 suam
2595 4801 2646 4849 et
2675 4795 2747 4847 ad
2794 4794 3002 4849 cineres
3056 4794 3359 4850 confluente
3414 4796 3559 4851 idem
3589 4797 3754 4854 Pater

2153 4883 2451 4950 habuisset,
2486 4882 2759 4952 copiosam
2808 4883 3020 4937 turbam
3052 4898 3123 4938 ex
3152 4882 3258 4939 illis
3286 4885 3338 4938 in
3369 4885 3756 4954 pauitantiam

2153 4973 2284 5046 egit,
2310 4979 2361 5027 et
2389 4972 2612 5026 attonsis
2641 4972 2898 5039 crinibus,
2921 4972 2974 5026 in
3006 4971 3219 5027 virilem
3251 4974 3477 5028 formam
3508 4974 3750 5046 redegit.

2152 5060 2280 5117 Illos
2302 5068 2482 5115 autem
2513 5075 2648 5130 quos
2668 5059 2737 5114 ab
2758 5059 2859 5115 hac
2879 5059 3178 5132 ignominia
3196 5077 3459 5118 revocare
3479 5063 3749 5135 nequivit,

1742 5157 2171 5213 HENSCHENII
2210 5157 2437 5214 ΝΟΤλΕ.

513 5253 594 5324 (a)
608 5251 902 5337 Stigandus
914 5254 1101 5309 sedem
1115 5252 1553 5310 Cantuariensem
1572 5254 2028 5329 invasitan.1052,

472 5332 493 5381 t
519 5323 590 5381 ab
620 5339 686 5380 ea
717 5326 1267 5381 deoosntus.mortuus
1299 5334 1380 5381 est
1406 5328 1506 5381 sub
1539 5326 1703 5381 ﬁnem
1720 5327 1844 5381 anni
1869 5328 2025 5381 1070.

437 5334 493 5381 et
519 5334 590 5381 ab
620 5339 686 5380 ea
717 5334 1267 5406 depositus.mortuus
1299 5334 1380 5381 est
1406 5334 1506 5381 sub
1539 5334 1703 5381 tinem
1720 5334 1844 5381 anni
1869 5334 2025 5381 1070.

437 5467 445 5469 _
502 5395 578 5469 (b)
593 5397 871 5469 Ferrarius
887 5412 955 5452 ex
973 5394 1284 5469 Cambdenpo
1304 5404 1459 5469 putat
1479 5398 1624 5469 haud
1646 5396 1808 5469 longe
1827 5400 2027 5469 Camae

432 5467 636 5526 loduno
665 5467 838 5524 fuisse
878 5469 1192 5538 Harlinges,
1243 5467 1297 5521 in
1344 5467 1589 5535 Essexia,
1638 5467 2025 5524 ubi'ldumani

428 5538 575 5599 ﬂuvii
606 5539 1003 5613 amplissimum
1048 5538 1361 5596 aestuarium
1400 5538 1744 5596 commodam
1773 5547 2022 5613 quanta-

2139 5255 2221 5311 vis
2250 5255 2412 5311 classi
2441 5253 2649 5324 prabat
2676 5253 2979 5310 stationem.

2170 5330 2286 5451 d(c)
2315 5326 2507 5451 Τῗῗὲιὲι
2555 5325 2821 5380 Robertus
2878 5327 3253 5396 episcopatum
3311 5326 3748 5386 Lincolniensem

2135 5413 2164 5451 a
2234 5413 2323 5452 an.
2498 5437 2511 5449 .

2206 5469 2281 5537 (ά)
2313 5466 2708 5541 Cantuariensis
2754 5467 3012 5524 Ecclesia
3059 5468 3418 5541 suﬂ'raganea
3450 5470 3611 5526 sedes
3641 5489 3745 5528 nu-

2134 5546 2408 5595 merantur
2435 5538 2728 5594 universim
2759 5542 2844 5594 11.
