  <div class='ocr_page' id='page_1' title='image "/cluster/home/n/w/nwhite01/storage/ocr_20150623/159/hvd.32044054760178/194.png"; bbox 0 0 4044 6074; ppageno 0'>
   <div class='ocr_carea' id='block_1_1' title="bbox 305 333 410 392">
    <p class='ocr_par' dir='ltr' id='par_1_1' title="bbox 305 333 410 392">
     <span class='ocr_line' id='line_1_1' title="bbox 305 333 410 392; baseline 0 -1"><span class='ocrx_word' id='word_1_1' title='bbox 305 333 410 392; x_wconf 82' lang='lat'>377</span> 
     </span>
    </p>
   </div>
   <div class='ocr_carea' id='block_1_2' title="bbox 1434 325 2504 384">
    <p class='ocr_par' dir='ltr' id='par_1_2' title="bbox 1434 325 2504 384">
     <span class='ocr_line' id='line_1_2' title="bbox 1434 325 2504 384; baseline 0.001 -1"><span class='ocrx_word' id='word_1_2' title='bbox 1434 325 1767 384; x_wconf 80' lang='lat' dir='ltr'>HISTORIA</span> <span class='ocrx_word' id='word_1_3' title='bbox 1797 325 2166 384; x_wconf 75' lang='lat' dir='ltr'>NOVORUM.</span> <span class='ocrx_word' id='word_1_4' title='bbox 2199 357 2266 368; x_wconf 88' lang='lat'><strong>-—</strong></span> <span class='ocrx_word' id='word_1_5' title='bbox 2298 329 2425 384; x_wconf 86' lang='lat' dir='ltr'><strong>LIB.</strong></span> <span class='ocrx_word' id='word_1_6' title='bbox 2463 330 2504 384; x_wconf 86' lang='grc' dir='ltr'><strong>Ι.</strong></span> 
     </span>
    </p>
   </div>
   <div class='ocr_carea' id='block_1_3' title="bbox 3506 332 3611 392">
    <p class='ocr_par' dir='ltr' id='par_1_3' title="bbox 3506 332 3611 392">
     <span class='ocr_line' id='line_1_3' title="bbox 3506 332 3611 392; baseline 0.019 -2"><span class='ocrx_word' id='word_1_7' title='bbox 3506 332 3611 392; x_wconf 81' lang='lat'>378</span> 
     </span>
    </p>
   </div>
   <div class='ocr_carea' id='block_1_4' title="bbox 306 449 3610 530">
    <p class='ocr_par' dir='ltr' id='par_1_4' title="bbox 306 449 3610 530">
     <span class='ocr_line' id='line_1_4' title="bbox 306 449 3610 530; baseline 0 -13"><span class='ocrx_word' id='word_1_8' title='bbox 306 477 336 517; x_wconf 92' lang='lat' dir='ltr'>e</span> <span class='ocrx_word' id='word_1_9' title='bbox 365 459 607 515; x_wconf 90' lang='lat' dir='ltr'>cinerum</span> <span class='ocrx_word' id='word_1_10' title='bbox 635 456 998 528; x_wconf 80' lang='lat' dir='ltr'>susceptione,</span> <span class='ocrx_word' id='word_1_11' title='bbox 1030 465 1083 512; x_wconf 92' lang='lat' dir='ltr'>et</span> <span class='ocrx_word' id='word_1_12' title='bbox 1110 473 1142 511; x_wconf 89' lang='lat' dir='ltr'>a</span> <span class='ocrx_word' id='word_1_13' title='bbox 1170 471 1283 511; x_wconf 74' lang='lat' dir='ltr'>sua:</span> <span class='ocrx_word' id='word_1_14' title='bbox 1304 453 1657 511; x_wconf 81' lang='lat' dir='ltr'>absolutionis</span> <span class='ocrx_word' id='word_1_15' title='bbox 1678 453 1900 509; x_wconf 87' lang='lat' dir='ltr'>benedi-</span> <span class='ocrx_word' id='word_1_16' title='bbox 1932 449 1989 511; x_wconf 89' lang='lat' dir='ltr'>A</span> <span class='ocrx_word' id='word_1_17' title='bbox 2017 471 2170 510; x_wconf 90' lang='lat' dir='ltr'>suum</span> <span class='ocrx_word' id='word_1_18' title='bbox 2202 471 2293 512; x_wconf 85' lang='lat' dir='ltr'>rex</span> <span class='ocrx_word' id='word_1_19' title='bbox 2324 455 2598 525; x_wconf 91' lang='lat' dir='ltr'>cohibere,</span> <span class='ocrx_word' id='word_1_20' title='bbox 2642 457 2738 513; x_wconf 90' lang='lat' dir='ltr'>sed</span> <span class='ocrx_word' id='word_1_21' title='bbox 2769 459 2969 529; x_wconf 89' lang='lat' dir='ltr'>oppide</span> <span class='ocrx_word' id='word_1_22' title='bbox 3000 460 3264 530; x_wconf 88' lang='lat' dir='ltr'>turbatus,</span> <span class='ocrx_word' id='word_1_23' title='bbox 3314 477 3436 517; x_wconf 90' lang='lat' dir='ltr'>cum</span> <span class='ocrx_word' id='word_1_24' title='bbox 3494 461 3610 517; x_wconf 88' lang='lat' dir='ltr'>ira-</span> 
     </span>
    </p>
   </div>
   <div class='ocr_carea' id='block_1_5' title="bbox 305 540 1902 619">
    <p class='ocr_par' dir='ltr' id='par_1_5' title="bbox 305 540 1902 619">
     <span class='ocr_line' id='line_1_5' title="bbox 305 540 1902 619; baseline -0.005 -14"><span class='ocrx_word' id='word_1_25' title='bbox 305 549 484 605; x_wconf 91' lang='lat' dir='ltr'>ctione</span> <span class='ocrx_word' id='word_1_26' title='bbox 514 547 815 619; x_wconf 76' lang='lat' dir='ltr'>suspendit.</span> <span class='ocrx_word' id='word_1_27' title='bbox 846 547 978 601; x_wconf 87' lang='lat' dir='ltr'>Erat</span> <span class='ocrx_word' id='word_1_28' title='bbox 1005 554 1186 601; x_wconf 86' lang='lat' dir='ltr'>autem</span> <span class='ocrx_word' id='word_1_29' title='bbox 1244 546 1301 599; x_wconf 89' lang='lat' dir='ltr'>in</span> <span class='ocrx_word' id='word_1_30' title='bbox 1351 543 1440 599; x_wconf 88' lang='lat' dir='ltr'>his</span> <span class='ocrx_word' id='word_1_31' title='bbox 1491 551 1544 599; x_wconf 93' lang='lat' dir='ltr'>et</span> <span class='ocrx_word' id='word_1_32' title='bbox 1591 540 1902 613; x_wconf 91' lang='lat' dir='ltr'>hujusmodi</span> 
     </span>
    </p>
   </div>
   <div class='ocr_carea' id='block_1_6' title="bbox 305 631 1904 710">
    <p class='ocr_par' dir='ltr' id='par_1_6' title="bbox 305 631 1904 710">
     <span class='ocr_line' id='line_1_6' title="bbox 305 631 1904 710; baseline -0.003 -19"><span class='ocrx_word' id='word_1_33' title='bbox 305 636 602 710; x_wconf 73' lang='lat' dir='ltr'>prudenter</span> <span class='ocrx_word' id='word_1_34' title='bbox 658 652 722 692; x_wconf 85' lang='lat' dir='ltr'>ac</span> <span class='ocrx_word' id='word_1_35' title='bbox 768 635 937 690; x_wconf 83' lang='lat' dir='ltr'>libere</span> <span class='ocrx_word' id='word_1_36' title='bbox 986 650 1183 707; x_wconf 82' lang='lat' dir='ltr'>agens.</span> <span class='ocrx_word' id='word_1_37' title='bbox 1233 636 1418 689; x_wconf 87' lang='lat' dir='ltr'>Necne</span> <span class='ocrx_word' id='word_1_38' title='bbox 1467 632 1638 689; x_wconf 89' lang='lat' dir='ltr'>solius</span> <span class='ocrx_word' id='word_1_39' title='bbox 1682 631 1904 700; x_wconf 71' lang='lat' dir='ltr'>justitiae</span> 
     </span>
    </p>
   </div>
   <div class='ocr_carea' id='block_1_7' title="bbox 304 719 1903 797">
    <p class='ocr_par' dir='ltr' id='par_1_7' title="bbox 304 719 1903 797">
     <span class='ocr_line' id='line_1_7' title="bbox 304 719 1903 797; baseline -0.004 -17"><span class='ocrx_word' id='word_1_40' title='bbox 304 733 611 797; x_wconf 79' lang='lat' dir='ltr'>respectum</span> <span class='ocrx_word' id='word_1_41' title='bbox 643 740 755 795; x_wconf 71' lang='lat' dir='ltr'>pra:</span> <span class='ocrx_word' id='word_1_42' title='bbox 779 724 952 780; x_wconf 87' lang='lat' dir='ltr'>oculis</span> <span class='ocrx_word' id='word_1_43' title='bbox 973 724 1026 778; x_wconf 92' lang='lat' dir='ltr'>in</span> <span class='ocrx_word' id='word_1_44' title='bbox 1050 723 1301 779; x_wconf 89' lang='lat' dir='ltr'>omnibus</span> <span class='ocrx_word' id='word_1_45' title='bbox 1318 722 1549 787; x_wconf 80' lang='lat' dir='ltr'>habens,</span> <span class='ocrx_word' id='word_1_46' title='bbox 1573 721 1811 793; x_wconf 80' lang='lat' dir='ltr'>qualiter</span> <span class='ocrx_word' id='word_1_47' title='bbox 1834 719 1903 774; x_wconf 91' lang='lat' dir='ltr'>ad</span> 
     </span>
    </p>
   </div>
   <div class='ocr_carea' id='block_1_8' title="bbox 307 812 1902 883">
    <p class='ocr_par' dir='ltr' id='par_1_8' title="bbox 307 812 1902 883">
     <span class='ocr_line' id='line_1_8' title="bbox 307 812 1902 883; baseline -0.004 -13"><span class='ocrx_word' id='word_1_48' title='bbox 307 815 405 870; x_wconf 89' lang='lat' dir='ltr'>Dei</span> <span class='ocrx_word' id='word_1_49' title='bbox 422 813 701 871; x_wconf 79' lang='lat' dir='ltr'>servitium</span> <span class='ocrx_word' id='word_1_50' title='bbox 718 813 1092 883; x_wconf 90' lang='lat' dir='ltr'>justitiamque</span> <span class='ocrx_word' id='word_1_51' title='bbox 1113 812 1398 869; x_wconf 91' lang='lat' dir='ltr'>colendam</span> <span class='ocrx_word' id='word_1_52' title='bbox 1421 826 1610 882; x_wconf 82' lang='lat' dir='ltr'>regem</span> <span class='ocrx_word' id='word_1_53' title='bbox 1637 824 1902 881; x_wconf 85' lang='lat' dir='ltr'>provoca-</span> 
     </span>
    </p>
   </div>
   <div class='ocr_carea' id='block_1_9' title="bbox 304 901 991 960">
    <p class='ocr_par' dir='ltr' id='par_1_9' title="bbox 304 901 991 960">
     <span class='ocr_line' id='line_1_9' title="bbox 304 901 991 960; baseline -0.007 0"><span class='ocrx_word' id='word_1_54' title='bbox 304 913 388 960; x_wconf 85' lang='lat' dir='ltr'>ret</span> <span class='ocrx_word' id='word_1_55' title='bbox 412 902 712 958; x_wconf 88' lang='lat' dir='ltr'>studiosius</span> <span class='ocrx_word' id='word_1_56' title='bbox 738 901 991 956; x_wconf 88' lang='lat' dir='ltr'>intendit.</span> 
     </span>
    </p>
   </div>
   <div class='ocr_carea' id='block_1_10' title="bbox 377 988 1903 1064">
    <p class='ocr_par' dir='ltr' id='par_1_10' title="bbox 377 988 1903 1064">
     <span class='ocr_line' id='line_1_10' title="bbox 377 988 1903 1064; baseline -0.005 -17"><span class='ocrx_word' id='word_1_57' title='bbox 377 993 476 1048; x_wconf 89' lang='lat' dir='ltr'>Die</span> <span class='ocrx_word' id='word_1_58' title='bbox 505 992 672 1064; x_wconf 83' lang='lat' dir='ltr'>igitur</span> <span class='ocrx_word' id='word_1_59' title='bbox 692 991 930 1062; x_wconf 89' lang='lat' dir='ltr'>quadam</span> <span class='ocrx_word' id='word_1_60' title='bbox 959 990 1026 1045; x_wconf 87' lang='lat' dir='ltr'>ad</span> <span class='ocrx_word' id='word_1_61' title='bbox 1055 1005 1179 1046; x_wconf 89' lang='lat' dir='ltr'>eum</span> <span class='ocrx_word' id='word_1_62' title='bbox 1210 1006 1272 1044; x_wconf 88' lang='lat' dir='ltr'>ex</span> <span class='ocrx_word' id='word_1_63' title='bbox 1302 1003 1455 1044; x_wconf 91' lang='lat' dir='ltr'>more</span> <span class='ocrx_word' id='word_1_64' title='bbox 1486 989 1601 1056; x_wconf 88' lang='lat' dir='ltr'>ivit,</span> <span class='ocrx_word' id='word_1_65' title='bbox 1652 992 1706 1043; x_wconf 87' lang='lat' dir='ltr'>et</span> <span class='ocrx_word' id='word_1_66' title='bbox 1748 988 1903 1057; x_wconf 84' lang='lat' dir='ltr'>juxta</span> 
     </span>
    </p>
   </div>
   <div class='ocr_carea' id='block_1_11' title="bbox 309 1076 1901 1149">
    <p class='ocr_par' dir='ltr' id='par_1_11' title="bbox 309 1076 1901 1149">
     <span class='ocr_line' id='line_1_11' title="bbox 309 1076 1901 1149; baseline -0.004 -13"><span class='ocrx_word' id='word_1_67' title='bbox 309 1081 462 1137; x_wconf 90' lang='lat' dir='ltr'>illum</span> <span class='ocrx_word' id='word_1_68' title='bbox 492 1080 711 1149; x_wconf 89' lang='lat' dir='ltr'>sedens,</span> <span class='ocrx_word' id='word_1_69' title='bbox 744 1095 867 1135; x_wconf 91' lang='lat' dir='ltr'>eum</span> <span class='ocrx_word' id='word_1_70' title='bbox 898 1079 982 1134; x_wconf 92' lang='lat' dir='ltr'>his</span> <span class='ocrx_word' id='word_1_71' title='bbox 1008 1078 1190 1134; x_wconf 80' lang='lat' dir='ltr'>verbis</span> <span class='ocrx_word' id='word_1_72' title='bbox 1220 1076 1421 1148; x_wconf 88' lang='lat' dir='ltr'>alloqui</span> <span class='ocrx_word' id='word_1_73' title='bbox 1451 1077 1613 1147; x_wconf 73' lang='lat' dir='ltr'>coepit</span> <span class='ocrx_word' id='word_1_74' title='bbox 1644 1091 1657 1131; x_wconf 89' lang='lat'><strong>:</strong></span> <span class='ocrx_word' id='word_1_75' title='bbox 1692 1097 1721 1125; x_wconf 82' lang='grc' dir='ltr'>ιι</span> <span class='ocrx_word' id='word_1_76' title='bbox 1754 1076 1901 1130; x_wconf 81' lang='lat' dir='ltr'>Mare</span> 
     </span>
    </p>
   </div>
   <div class='ocr_carea' id='block_1_12' title="bbox 312 1164 1898 1238">
    <p class='ocr_par' dir='ltr' id='par_1_12' title="bbox 312 1164 1898 1238">
     <span class='ocr_line' id='line_1_12' title="bbox 312 1164 1898 1238; baseline -0.005 -13"><span class='ocrx_word' id='word_1_77' title='bbox 312 1179 385 1238; x_wconf 88' lang='lat' dir='ltr'>te,</span> <span class='ocrx_word' id='word_1_78' title='bbox 410 1169 630 1226; x_wconf 88' lang='lat' dir='ltr'>domine</span> <span class='ocrx_word' id='word_1_79' title='bbox 678 1169 752 1224; x_wconf 89' lang='lat' dir='ltr'>mi</span> <span class='ocrx_word' id='word_1_80' title='bbox 796 1184 914 1235; x_wconf 87' lang='lat' dir='ltr'>rex,</span> <span class='ocrx_word' id='word_1_81' title='bbox 968 1168 1315 1221; x_wconf 81' lang='lat' dir='ltr'>transiturum</span> <span class='ocrx_word' id='word_1_82' title='bbox 1356 1173 1410 1222; x_wconf 91' lang='lat' dir='ltr'>et</span> <span class='ocrx_word' id='word_1_83' title='bbox 1452 1164 1898 1221; x_wconf 86' lang='lat' dir='ltr'>Northmanniam</span> 
     </span>
    </p>
   </div>
   <div class='ocr_carea' id='block_1_13' title="bbox 309 1256 1899 1328">
    <p class='ocr_par' dir='ltr' id='par_1_13' title="bbox 309 1256 1899 1328">
     <span class='ocr_line' id='line_1_13' title="bbox 309 1256 1899 1328; baseline -0.005 -13"><span class='ocrx_word' id='word_1_84' title='bbox 309 1268 421 1315; x_wconf 79' lang='lat' dir='ltr'>tuae</span> <span class='ocrx_word' id='word_1_85' title='bbox 474 1257 664 1314; x_wconf 91' lang='lat' dir='ltr'>ditioni</span> <span class='ocrx_word' id='word_1_86' title='bbox 706 1257 1120 1328; x_wconf 85' lang='lat' dir='ltr'>subjugaturum</span> <span class='ocrx_word' id='word_1_87' title='bbox 1160 1256 1494 1325; x_wconf 77' lang='lat' dir='ltr'>diSposuisti.</span> <span class='ocrx_word' id='word_1_88' title='bbox 1544 1256 1744 1309; x_wconf 87' lang='lat' dir='ltr'>Verum</span> <span class='ocrx_word' id='word_1_89' title='bbox 1792 1269 1899 1324; x_wconf 91' lang='lat' dir='ltr'>quo</span> 
     </span>
    </p>
   </div>
   <div class='ocr_carea' id='block_1_14' title="bbox 302 1342 1893 1418">
    <p class='ocr_par' dir='ltr' id='par_1_14' title="bbox 302 1342 1893 1418">
     <span class='ocr_line' id='line_1_14' title="bbox 302 1342 1893 1418; baseline -0.005 -14"><span class='ocrx_word' id='word_1_90' title='bbox 302 1349 420 1404; x_wconf 70' lang='lat' dir='ltr'>haec</span> <span class='ocrx_word' id='word_1_91' title='bbox 446 1356 501 1404; x_wconf 89' lang='lat' dir='ltr'>et</span> <span class='ocrx_word' id='word_1_92' title='bbox 549 1347 661 1402; x_wconf 88' lang='lat' dir='ltr'>alia</span> <span class='ocrx_word' id='word_1_93' title='bbox 708 1363 831 1418; x_wconf 50' lang='lat' dir='ltr'>qua;</span> <span class='ocrx_word' id='word_1_94' title='bbox 878 1345 1159 1401; x_wconf 85' lang='lat' dir='ltr'>desideras</span> <span class='ocrx_word' id='word_1_95' title='bbox 1208 1345 1306 1399; x_wconf 90' lang='lat' dir='ltr'>tibi</span> <span class='ocrx_word' id='word_1_96' title='bbox 1354 1360 1612 1416; x_wconf 88' lang='lat' dir='ltr'>prospere</span> <span class='ocrx_word' id='word_1_97' title='bbox 1659 1342 1893 1410; x_wconf 87' lang='lat' dir='ltr'>cedant;</span> 
     </span>
    </p>
   </div>
   <div class='ocr_carea' id='block_1_15' title="bbox 302 1433 1897 1508">
    <p class='ocr_par' dir='ltr' id='par_1_15' title="bbox 302 1433 1897 1508">
     <span class='ocr_line' id='line_1_15' title="bbox 302 1433 1897 1508; baseline -0.005 -15"><span class='ocrx_word' id='word_1_98' title='bbox 302 1436 532 1493; x_wconf 89' lang='lat' dir='ltr'>obsecro</span> <span class='ocrx_word' id='word_1_99' title='bbox 557 1438 798 1508; x_wconf 89' lang='lat' dir='ltr'>prirnum</span> <span class='ocrx_word' id='word_1_100' title='bbox 828 1433 907 1491; x_wconf 89' lang='lat' dir='ltr'>fer</span> <span class='ocrx_word' id='word_1_101' title='bbox 935 1451 1094 1506; x_wconf 90' lang='lat' dir='ltr'>opem</span> <span class='ocrx_word' id='word_1_102' title='bbox 1125 1442 1178 1490; x_wconf 90' lang='lat' dir='ltr'>et</span> <span class='ocrx_word' id='word_1_103' title='bbox 1226 1434 1515 1490; x_wconf 89' lang='lat' dir='ltr'>consilium</span> <span class='ocrx_word' id='word_1_104' title='bbox 1566 1433 1798 1503; x_wconf 83' lang='lat' dir='ltr'>qualiter</span> <span class='ocrx_word' id='word_1_105' title='bbox 1841 1433 1897 1486; x_wconf 93' lang='lat' dir='ltr'>in</span> 
     </span>
    </p>
   </div>
   <div class='ocr_carea' id='block_1_16' title="bbox 304 1522 1897 1598">
    <p class='ocr_par' dir='ltr' id='par_1_16' title="bbox 304 1522 1897 1598">
     <span class='ocr_line' id='line_1_16' title="bbox 304 1522 1897 1598; baseline -0.004 -17"><span class='ocrx_word' id='word_1_106' title='bbox 304 1528 409 1582; x_wconf 88' lang='lat' dir='ltr'>hoc</span> <span class='ocrx_word' id='word_1_107' title='bbox 434 1541 609 1598; x_wconf 90' lang='lat' dir='ltr'>regno</span> <span class='ocrx_word' id='word_1_108' title='bbox 638 1533 728 1580; x_wconf 91' lang='lat' dir='ltr'>tuo</span> <span class='ocrx_word' id='word_1_109' title='bbox 756 1524 1151 1591; x_wconf 86' lang='lat' dir='ltr'>Christianitas,</span> <span class='ocrx_word' id='word_1_110' title='bbox 1185 1540 1304 1594; x_wconf 79' lang='lat' dir='ltr'>quae</span> <span class='ocrx_word' id='word_1_111' title='bbox 1347 1524 1462 1593; x_wconf 88' lang='lat' dir='ltr'>jam</span> <span class='ocrx_word' id='word_1_112' title='bbox 1512 1523 1627 1578; x_wconf 87' lang='lat' dir='ltr'>fere</span> <span class='ocrx_word' id='word_1_113' title='bbox 1677 1525 1809 1588; x_wconf 86' lang='lat' dir='ltr'>tota,</span> <span class='ocrx_word' id='word_1_114' title='bbox 1842 1522 1897 1575; x_wconf 94' lang='lat' dir='ltr'>in</span> 
     </span>
    </p>
   </div>
   <div class='ocr_carea' id='block_1_17' title="bbox 302 1611 1893 1687">
    <p class='ocr_par' dir='ltr' id='par_1_17' title="bbox 302 1611 1893 1687">
     <span class='ocr_line' id='line_1_17' title="bbox 302 1611 1893 1687; baseline -0.004 -17"><span class='ocrx_word' id='word_1_115' title='bbox 302 1615 486 1669; x_wconf 89' lang='lat' dir='ltr'>multis</span> <span class='ocrx_word' id='word_1_116' title='bbox 515 1613 700 1687; x_wconf 91' lang='lat' dir='ltr'>periit,</span> <span class='ocrx_word' id='word_1_117' title='bbox 723 1613 778 1668; x_wconf 91' lang='lat' dir='ltr'>in</span> <span class='ocrx_word' id='word_1_118' title='bbox 795 1621 988 1668; x_wconf 89' lang='lat' dir='ltr'>statum</span> <span class='ocrx_word' id='word_1_119' title='bbox 1009 1629 1167 1667; x_wconf 84' lang='lat' dir='ltr'>suum</span> <span class='ocrx_word' id='word_1_120' title='bbox 1189 1612 1365 1684; x_wconf 84' lang='lat' dir='ltr'>redigi</span> <span class='ocrx_word' id='word_1_121' title='bbox 1388 1612 1580 1683; x_wconf 90' lang='lat' dir='ltr'>possit.</span> <span class='ocrx_word' id='word_1_122' title='bbox 1605 1634 1626 1660; x_wconf 82' lang='lat'><strong>»</strong></span> <span class='ocrx_word' id='word_1_123' title='bbox 1653 1611 1893 1682; x_wconf 82' lang='lat' dir='ltr'>Respon-</span> 
     </span>
    </p>
   </div>
   <div class='ocr_carea' id='block_1_18' title="bbox 299 1699 1892 1773">
    <p class='ocr_par' dir='ltr' id='par_1_18' title="bbox 299 1699 1892 1773">
     <span class='ocr_line' id='line_1_18' title="bbox 299 1699 1892 1773; baseline -0.003 -15"><span class='ocrx_word' id='word_1_124' title='bbox 299 1703 378 1758; x_wconf 90' lang='lat' dir='ltr'>dit</span> <span class='ocrx_word' id='word_1_125' title='bbox 410 1721 422 1757; x_wconf 76' lang='grc' dir='ltr'>ε</span> <span class='ocrx_word' id='word_1_126' title='bbox 453 1726 476 1753; x_wconf 80' lang='grc' dir='ltr'>α</span> <span class='ocrx_word' id='word_1_127' title='bbox 509 1702 684 1772; x_wconf 89' lang='lat' dir='ltr'>Quam</span> <span class='ocrx_word' id='word_1_128' title='bbox 714 1717 894 1773; x_wconf 91' lang='lat' dir='ltr'>opem,</span> <span class='ocrx_word' id='word_1_129' title='bbox 928 1701 1073 1772; x_wconf 91' lang='lat' dir='ltr'>quod</span> <span class='ocrx_word' id='word_1_130' title='bbox 1102 1701 1386 1765; x_wconf 89' lang='lat' dir='ltr'>consilium</span> <span class='ocrx_word' id='word_1_131' title='bbox 1412 1703 1440 1755; x_wconf 66' lang='lat'>‘2</span> <span class='ocrx_word' id='word_1_132' title='bbox 1485 1700 1641 1767; x_wconf 83' lang='lat' dir='ltr'>Jube,</span> <span class='ocrx_word' id='word_1_133' title='bbox 1695 1699 1785 1767; x_wconf 91' lang='lat' dir='ltr'>ait,</span> <span class='ocrx_word' id='word_1_134' title='bbox 1846 1699 1892 1754; x_wconf 93' lang='lat' dir='ltr'>si</span> 
     </span>
    </p>
   </div>
   <div class='ocr_carea' id='block_1_19' title="bbox 2016 544 3611 620">
    <p class='ocr_par' dir='ltr' id='par_1_19' title="bbox 2016 544 3611 620">
     <span class='ocr_line' id='line_1_19' title="bbox 2016 544 3611 620; baseline 0.004 -21"><span class='ocrx_word' id='word_1_135' title='bbox 2016 544 2220 600; x_wconf 88' lang='lat' dir='ltr'>cundia</span> <span class='ocrx_word' id='word_1_136' title='bbox 2249 545 2417 599; x_wconf 80' lang='lat' dir='ltr'>dixit:</span> <span class='ocrx_word' id='word_1_137' title='bbox 2456 567 2479 597; x_wconf 72' lang='grc' dir='ltr'>ι</span> <span class='ocrx_word' id='word_1_138' title='bbox 2515 545 2659 615; x_wconf 85' lang='lat' dir='ltr'>Quid</span> <span class='ocrx_word' id='word_1_139' title='bbox 2690 547 2758 602; x_wconf 91' lang='lat' dir='ltr'>ad</span> <span class='ocrx_word' id='word_1_140' title='bbox 2790 556 2838 603; x_wconf 88' lang='lat' dir='ltr'>te</span> <span class='ocrx_word' id='word_1_141' title='bbox 2868 549 2897 603; x_wconf 84' lang='lat'><strong>?</strong></span> <span class='ocrx_word' id='word_1_142' title='bbox 2924 550 3182 620; x_wconf 86' lang='lat' dir='ltr'>Nunquid</span> <span class='ocrx_word' id='word_1_143' title='bbox 3212 550 3447 605; x_wconf 72' lang='lat' dir='ltr'>abbatia:</span> <span class='ocrx_word' id='word_1_144' title='bbox 3499 565 3611 605; x_wconf 90' lang='lat' dir='ltr'>non</span> 
     </span>
    </p>
   </div>
   <div class='ocr_carea' id='block_1_20' title="bbox 2012 634 3610 709">
    <p class='ocr_par' dir='ltr' id='par_1_20' title="bbox 2012 634 3610 709">
     <span class='ocr_line' id='line_1_20' title="bbox 2012 634 3610 709; baseline 0.004 -22"><span class='ocrx_word' id='word_1_145' title='bbox 2012 641 2138 688; x_wconf 90' lang='lat' dir='ltr'>sunt</span> <span class='ocrx_word' id='word_1_146' title='bbox 2166 650 2302 689; x_wconf 76' lang='lat' dir='ltr'>meae</span> <span class='ocrx_word' id='word_1_147' title='bbox 2331 636 2359 687; x_wconf 83' lang='lat'>&#39;?</span> <span class='ocrx_word' id='word_1_148' title='bbox 2389 634 2545 702; x_wconf 86' lang='lat' dir='ltr'>Hem,</span> <span class='ocrx_word' id='word_1_149' title='bbox 2582 643 2635 689; x_wconf 91' lang='lat' dir='ltr'>tu</span> <span class='ocrx_word' id='word_1_150' title='bbox 2665 637 2811 705; x_wconf 89' lang='lat' dir='ltr'>quod</span> <span class='ocrx_word' id='word_1_151' title='bbox 2840 638 2927 691; x_wconf 89' lang='lat' dir='ltr'>vis</span> <span class='ocrx_word' id='word_1_152' title='bbox 2956 638 3076 709; x_wconf 83' lang='lat' dir='ltr'>agis</span> <span class='ocrx_word' id='word_1_153' title='bbox 3100 638 3166 693; x_wconf 90' lang='lat' dir='ltr'>de</span> <span class='ocrx_word' id='word_1_154' title='bbox 3192 639 3341 694; x_wconf 79' lang='lat' dir='ltr'>villis</span> <span class='ocrx_word' id='word_1_155' title='bbox 3390 639 3524 704; x_wconf 86' lang='lat' dir='ltr'>tuis;</span> <span class='ocrx_word' id='word_1_156' title='bbox 3557 645 3610 694; x_wconf 90' lang='lat' dir='ltr'>et</span> 
     </span>
    </p>
   </div>
   <div class='ocr_carea' id='block_1_21' title="bbox 2012 724 3604 794">
    <p class='ocr_par' dir='ltr' id='par_1_21' title="bbox 2012 724 3604 794">
     <span class='ocr_line' id='line_1_21' title="bbox 2012 724 3604 794; baseline 0.004 -19"><span class='ocrx_word' id='word_1_157' title='bbox 2012 737 2117 793; x_wconf 80' lang='lat' dir='ltr'>ego</span> <span class='ocrx_word' id='word_1_158' title='bbox 2145 738 2253 778; x_wconf 91' lang='lat' dir='ltr'>non</span> <span class='ocrx_word' id='word_1_159' title='bbox 2287 738 2448 794; x_wconf 83' lang='lat' dir='ltr'>agam</span> <span class='ocrx_word' id='word_1_160' title='bbox 2481 724 2624 793; x_wconf 90' lang='lat' dir='ltr'>quod</span> <span class='ocrx_word' id='word_1_161' title='bbox 2650 725 2774 780; x_wconf 90' lang='lat' dir='ltr'>volo</span> <span class='ocrx_word' id='word_1_162' title='bbox 2801 725 2871 780; x_wconf 90' lang='lat' dir='ltr'>de</span> <span class='ocrx_word' id='word_1_163' title='bbox 2901 725 3135 781; x_wconf 89' lang='lat' dir='ltr'>abbatiis</span> <span class='ocrx_word' id='word_1_164' title='bbox 3165 728 3346 782; x_wconf 81' lang='lat' dir='ltr'>meis?</span> <span class='ocrx_word' id='word_1_165' title='bbox 3388 750 3412 775; x_wconf 71' lang='grc' dir='ltr'><strong><em>η</em></strong></span> <span class='ocrx_word' id='word_1_166' title='bbox 3473 727 3564 781; x_wconf 88' lang='lat' dir='ltr'>Ait</span> <span class='ocrx_word' id='word_1_167' title='bbox 3591 745 3604 781; x_wconf 91' lang='lat'>:</span> 
     </span>
    </p>
   </div>
   <div class='ocr_carea' id='block_1_22' title="bbox 2016 811 3606 883">
    <p class='ocr_par' dir='ltr' id='par_1_22' title="bbox 2016 811 3606 883">
     <span class='ocr_line' id='line_1_22' title="bbox 2016 811 3606 883; baseline 0.004 -19"><span class='ocrx_word' id='word_1_168' title='bbox 2016 832 2038 857; x_wconf 74' lang='grc' dir='ltr'><strong><em>οι</em></strong></span> <span class='ocrx_word' id='word_1_169' title='bbox 2073 811 2203 866; x_wconf 60' lang='lat' dir='ltr'>Tum</span> <span class='ocrx_word' id='word_1_170' title='bbox 2232 811 2451 881; x_wconf 89' lang='lat' dir='ltr'>quidem</span> <span class='ocrx_word' id='word_1_171' title='bbox 2482 819 2605 866; x_wconf 90' lang='lat' dir='ltr'>sunt</span> <span class='ocrx_word' id='word_1_172' title='bbox 2630 820 2687 866; x_wconf 92' lang='lat' dir='ltr'>ut</span> <span class='ocrx_word' id='word_1_173' title='bbox 2715 813 2842 868; x_wconf 88' lang='lat' dir='ltr'>illas</span> <span class='ocrx_word' id='word_1_174' title='bbox 2873 814 3019 883; x_wconf 88' lang='lat' dir='ltr'>quasi</span> <span class='ocrx_word' id='word_1_175' title='bbox 3066 814 3360 871; x_wconf 87' lang='lat' dir='ltr'>advocatus</span> <span class='ocrx_word' id='word_1_176' title='bbox 3407 816 3606 871; x_wconf 84' lang='lat' dir='ltr'>defen-</span> 
     </span>
    </p>
   </div>
   <div class='ocr_carea' id='block_1_23' title="bbox 2010 899 3609 971">
    <p class='ocr_par' dir='ltr' id='par_1_23' title="bbox 2010 899 3609 971">
     <span class='ocr_line' id='line_1_23' title="bbox 2010 899 3609 971; baseline 0.003 -17"><span class='ocrx_word' id='word_1_177' title='bbox 2010 899 2109 954; x_wconf 90' lang='lat' dir='ltr'>das</span> <span class='ocrx_word' id='word_1_178' title='bbox 2139 907 2308 971; x_wconf 88' lang='lat' dir='ltr'>atque</span> <span class='ocrx_word' id='word_1_179' title='bbox 2339 900 2629 969; x_wconf 88' lang='lat' dir='ltr'>custodias,</span> <span class='ocrx_word' id='word_1_180' title='bbox 2658 917 2767 957; x_wconf 91' lang='lat' dir='ltr'>non</span> <span class='ocrx_word' id='word_1_181' title='bbox 2799 911 2903 958; x_wconf 70' lang='lat' dir='ltr'>tua:</span> <span class='ocrx_word' id='word_1_182' title='bbox 2930 912 3109 959; x_wconf 88' lang='lat' dir='ltr'>autem</span> <span class='ocrx_word' id='word_1_183' title='bbox 3140 912 3197 959; x_wconf 90' lang='lat' dir='ltr'>ut</span> <span class='ocrx_word' id='word_1_184' title='bbox 3243 904 3467 961; x_wconf 79' lang='lat' dir='ltr'>invadas</span> <span class='ocrx_word' id='word_1_185' title='bbox 3516 912 3609 960; x_wconf 90' lang='lat' dir='ltr'>aut</span> 
     </span>
    </p>
   </div>
   <div class='ocr_carea' id='block_1_24' title="bbox 2011 988 3607 1058">
    <p class='ocr_par' dir='ltr' id='par_1_24' title="bbox 2011 988 3607 1058">
     <span class='ocr_line' id='line_1_24' title="bbox 2011 988 3607 1058; baseline 0.004 -16"><span class='ocrx_word' id='word_1_186' title='bbox 2011 988 2294 1044; x_wconf 90' lang='lat' dir='ltr'>devastes.</span> <span class='ocrx_word' id='word_1_187' title='bbox 2335 989 2433 1045; x_wconf 89' lang='lat' dir='ltr'>Dei</span> <span class='ocrx_word' id='word_1_188' title='bbox 2462 990 2663 1045; x_wconf 81' lang='lat' dir='ltr'>scimus</span> <span class='ocrx_word' id='word_1_189' title='bbox 2692 1007 2788 1047; x_wconf 86' lang='lat' dir='ltr'>eas</span> <span class='ocrx_word' id='word_1_190' title='bbox 2817 1007 2957 1058; x_wconf 89' lang='lat' dir='ltr'>esse,</span> <span class='ocrx_word' id='word_1_191' title='bbox 2990 1001 3048 1048; x_wconf 90' lang='lat' dir='ltr'>ut</span> <span class='ocrx_word' id='word_1_192' title='bbox 3073 993 3157 1048; x_wconf 90' lang='lat' dir='ltr'>sui</span> <span class='ocrx_word' id='word_1_193' title='bbox 3207 992 3445 1048; x_wconf 90' lang='lat' dir='ltr'>ministri</span> <span class='ocrx_word' id='word_1_194' title='bbox 3477 993 3607 1049; x_wconf 91' lang='lat' dir='ltr'>inde</span> 
     </span>
    </p>
   </div>
   <div class='ocr_carea' id='block_1_25' title="bbox 2010 1076 3604 1150">
    <p class='ocr_par' dir='ltr' id='par_1_25' title="bbox 2010 1076 3604 1150">
     <span class='ocr_line' id='line_1_25' title="bbox 2010 1076 3604 1150; baseline 0.003 -19"><span class='ocrx_word' id='word_1_195' title='bbox 2010 1076 2213 1146; x_wconf 89' lang='lat' dir='ltr'>vivant,</span> <span class='ocrx_word' id='word_1_196' title='bbox 2247 1093 2356 1133; x_wconf 91' lang='lat' dir='ltr'>non</span> <span class='ocrx_word' id='word_1_197' title='bbox 2387 1094 2491 1148; x_wconf 90' lang='lat' dir='ltr'>quo</span> <span class='ocrx_word' id='word_1_198' title='bbox 2513 1079 2898 1150; x_wconf 83' lang='lat' dir='ltr'>expeditiones</span> <span class='ocrx_word' id='word_1_199' title='bbox 2926 1089 2979 1136; x_wconf 90' lang='lat' dir='ltr'>et</span> <span class='ocrx_word' id='word_1_200' title='bbox 3008 1082 3151 1137; x_wconf 90' lang='lat' dir='ltr'>bella</span> <span class='ocrx_word' id='word_1_201' title='bbox 3182 1090 3272 1137; x_wconf 89' lang='lat' dir='ltr'>tua</span> <span class='ocrx_word' id='word_1_202' title='bbox 3299 1082 3427 1138; x_wconf 89' lang='lat' dir='ltr'>inde</span> <span class='ocrx_word' id='word_1_203' title='bbox 3454 1081 3604 1137; x_wconf 81' lang='lat' dir='ltr'>fiant.</span> 
     </span>
    </p>
   </div>
   <div class='ocr_carea' id='block_1_26' title="bbox 2007 1166 3608 1240">
    <p class='ocr_par' dir='ltr' id='par_1_26' title="bbox 2007 1166 3608 1240">
     <span class='ocr_line' id='line_1_26' title="bbox 2007 1166 3608 1240; baseline 0.004 -20"><span class='ocrx_word' id='word_1_204' title='bbox 2007 1166 2253 1237; x_wconf 88' lang='lat' dir='ltr'>Denique</span> <span class='ocrx_word' id='word_1_205' title='bbox 2280 1168 2437 1223; x_wconf 89' lang='lat' dir='ltr'>villas</span> <span class='ocrx_word' id='word_1_206' title='bbox 2465 1173 2521 1224; x_wconf 92' lang='lat' dir='ltr'>et</span> <span class='ocrx_word' id='word_1_207' title='bbox 2553 1169 2901 1240; x_wconf 89' lang='lat' dir='ltr'>quamplures</span> <span class='ocrx_word' id='word_1_208' title='bbox 2930 1171 3177 1226; x_wconf 88' lang='lat' dir='ltr'>redditus</span> <span class='ocrx_word' id='word_1_209' title='bbox 3216 1171 3403 1239; x_wconf 87' lang='lat' dir='ltr'>habes,</span> <span class='ocrx_word' id='word_1_210' title='bbox 3462 1171 3608 1226; x_wconf 90' lang='lat' dir='ltr'>unde</span> 
     </span>
    </p>
   </div>
   <div class='ocr_carea' id='block_1_27' title="bbox 2007 1256 3605 1330">
    <p class='ocr_par' dir='ltr' id='par_1_27' title="bbox 2007 1256 3605 1330">
     <span class='ocr_line' id='line_1_27' title="bbox 2007 1256 3605 1330; baseline 0.002 -20"><span class='ocrx_word' id='word_1_211' title='bbox 2007 1256 2239 1328; x_wconf 89' lang='lat' dir='ltr'>pleniter</span> <span class='ocrx_word' id='word_1_212' title='bbox 2269 1256 2645 1312; x_wconf 89' lang='lat' dir='ltr'>administrare</span> <span class='ocrx_word' id='word_1_213' title='bbox 2678 1266 2770 1313; x_wconf 91' lang='lat' dir='ltr'>tua</span> <span class='ocrx_word' id='word_1_214' title='bbox 2798 1267 2979 1328; x_wconf 89' lang='lat' dir='ltr'>potes.</span> <span class='ocrx_word' id='word_1_215' title='bbox 3022 1259 3297 1325; x_wconf 89' lang='lat' dir='ltr'>Ecclesiis,</span> <span class='ocrx_word' id='word_1_216' title='bbox 3332 1260 3378 1314; x_wconf 89' lang='lat' dir='ltr'>si</span> <span class='ocrx_word' id='word_1_217' title='bbox 3408 1260 3605 1330; x_wconf 88' lang='lat' dir='ltr'>placet,</span> 
     </span>
    </p>
   </div>
   <div class='ocr_carea' id='block_1_28' title="bbox 2006 1345 3608 1418">
    <p class='ocr_par' dir='ltr' id='par_1_28' title="bbox 2006 1345 3608 1418">
     <span class='ocr_line' id='line_1_28' title="bbox 2006 1345 3608 1418; baseline 0.004 -19"><span class='ocrx_word' id='word_1_218' title='bbox 2006 1362 2104 1401; x_wconf 92' lang='lat' dir='ltr'>sua</span> <span class='ocrx_word' id='word_1_219' title='bbox 2132 1345 2360 1401; x_wconf 90' lang='lat' dir='ltr'>dimitte.</span> <span class='ocrx_word' id='word_1_220' title='bbox 2395 1347 2500 1401; x_wconf 86' lang='lat' dir='ltr'>Pro</span> <span class='ocrx_word' id='word_1_221' title='bbox 2537 1352 2711 1415; x_wconf 92' lang='lat' dir='ltr'>certo,</span> <span class='ocrx_word' id='word_1_222' title='bbox 2752 1347 2808 1401; x_wconf 92' lang='lat' dir='ltr'>in</span> <span class='ocrx_word' id='word_1_223' title='bbox 2824 1347 2947 1418; x_wconf 60' lang='lat' dir='ltr'>iuit,</span> <span class='ocrx_word' id='word_1_224' title='bbox 2999 1349 3219 1403; x_wconf 91' lang='lat' dir='ltr'>noveris</span> <span class='ocrx_word' id='word_1_225' title='bbox 3267 1348 3396 1402; x_wconf 86' lang='lat' dir='ltr'>mihi</span> <span class='ocrx_word' id='word_1_226' title='bbox 3446 1349 3608 1405; x_wconf 88' lang='lat' dir='ltr'>valde</span> 
     </span>
    </p>
   </div>
   <div class='ocr_carea' id='block_1_29' title="bbox 2004 1435 3608 1507">
    <p class='ocr_par' dir='ltr' id='par_1_29' title="bbox 2004 1435 3608 1507">
     <span class='ocr_line' id='line_1_29' title="bbox 2004 1435 3608 1507; baseline 0.001 -17"><span class='ocrx_word' id='word_1_227' title='bbox 2004 1435 2279 1490; x_wconf 87' lang='lat' dir='ltr'>contraria</span> <span class='ocrx_word' id='word_1_228' title='bbox 2307 1450 2427 1489; x_wconf 91' lang='lat' dir='ltr'>esse</span> <span class='ocrx_word' id='word_1_229' title='bbox 2456 1451 2578 1507; x_wconf 66' lang='lat' dir='ltr'>quae</span> <span class='ocrx_word' id='word_1_230' title='bbox 2610 1436 2762 1490; x_wconf 89' lang='lat' dir='ltr'>dicis.</span> <span class='ocrx_word' id='word_1_231' title='bbox 2799 1438 2913 1492; x_wconf 91' lang='lat' dir='ltr'>Nec</span> <span class='ocrx_word' id='word_1_232' title='bbox 2941 1437 3085 1491; x_wconf 90' lang='lat' dir='ltr'>enim</span> <span class='ocrx_word' id='word_1_233' title='bbox 3117 1446 3433 1492; x_wconf 89' lang='lat' dir='ltr'>antecessor</span> <span class='ocrx_word' id='word_1_234' title='bbox 3484 1446 3608 1491; x_wconf 91' lang='lat' dir='ltr'>tuus</span> 
     </span>
    </p>
   </div>
   <div class='ocr_carea' id='block_1_30' title="bbox 2004 1524 3608 1595">
    <p class='ocr_par' dir='ltr' id='par_1_30' title="bbox 2004 1524 3608 1595">
     <span class='ocr_line' id='line_1_30' title="bbox 2004 1524 3608 1595; baseline 0.001 -17"><span class='ocrx_word' id='word_1_235' title='bbox 2004 1525 2229 1579; x_wconf 87' lang='lat' dir='ltr'>auderet</span> <span class='ocrx_word' id='word_1_236' title='bbox 2256 1524 2524 1579; x_wconf 90' lang='lat' dir='ltr'>ullatenus</span> <span class='ocrx_word' id='word_1_237' title='bbox 2557 1526 2694 1595; x_wconf 91' lang='lat' dir='ltr'>patri</span> <span class='ocrx_word' id='word_1_238' title='bbox 2746 1540 2869 1581; x_wconf 90' lang='lat' dir='ltr'>meo</span> <span class='ocrx_word' id='word_1_239' title='bbox 2917 1526 3043 1581; x_wconf 88' lang='lat' dir='ltr'>talia</span> <span class='ocrx_word' id='word_1_240' title='bbox 3091 1526 3319 1581; x_wconf 83' lang='lat' dir='ltr'>dicere:</span> <span class='ocrx_word' id='word_1_241' title='bbox 3369 1533 3425 1581; x_wconf 86' lang='lat' dir='ltr'>et</span> <span class='ocrx_word' id='word_1_242' title='bbox 3471 1524 3608 1580; x_wconf 87' lang='lat' dir='ltr'>nihil</span> 
     </span>
    </p>
   </div>
   <div class='ocr_carea' id='block_1_31' title="bbox 1999 1613 3605 1686">
    <p class='ocr_par' dir='ltr' id='par_1_31' title="bbox 1999 1613 3605 1686">
     <span class='ocr_line' id='line_1_31' title="bbox 1999 1613 3605 1686; baseline -0.003 -13"><span class='ocrx_word' id='word_1_243' title='bbox 1999 1613 2198 1673; x_wconf 82' lang='lat' dir='ltr'>faciam</span> <span class='ocrx_word' id='word_1_244' title='bbox 2233 1628 2328 1680; x_wconf 94' lang='lat' dir='ltr'>pro</span> <span class='ocrx_word' id='word_1_245' title='bbox 2362 1622 2430 1668; x_wconf 87' lang='lat' dir='ltr'>te.</span> <span class='ocrx_word' id='word_1_246' title='bbox 2468 1636 2489 1661; x_wconf 83' lang='lat'><strong>»</strong></span> <span class='ocrx_word' id='word_1_247' title='bbox 2526 1614 2799 1669; x_wconf 84' lang='lat' dir='ltr'>Intellexit</span> <span class='ocrx_word' id='word_1_248' title='bbox 2829 1630 2963 1686; x_wconf 88' lang='lat' dir='ltr'>ergo</span> <span class='ocrx_word' id='word_1_249' title='bbox 2996 1614 3290 1670; x_wconf 87' lang='lat' dir='ltr'>Anselmus</span> <span class='ocrx_word' id='word_1_250' title='bbox 3322 1630 3382 1671; x_wconf 86' lang='lat' dir='ltr'>se</span> <span class='ocrx_word' id='word_1_251' title='bbox 3433 1614 3605 1670; x_wconf 87' lang='lat' dir='ltr'>verba</span> 
     </span>
    </p>
   </div>
   <div class='ocr_carea' id='block_1_32' title="bbox 1998 1689 3135 1776">
    <p class='ocr_par' dir='ltr' id='par_1_32' title="bbox 1998 1689 3135 1776">
     <span class='ocr_line' id='line_1_32' title="bbox 1998 1689 3135 1776; baseline 0.002 -19"><span class='ocrx_word' id='word_1_252' title='bbox 1998 1689 2055 1757; x_wconf 91' lang='lat' dir='ltr'>in</span> <span class='ocrx_word' id='word_1_253' title='bbox 2083 1710 2302 1759; x_wconf 90' lang='lat' dir='ltr'>ventum</span> <span class='ocrx_word' id='word_1_254' title='bbox 2325 1702 2567 1773; x_wconf 91' lang='lat' dir='ltr'>proferre</span> <span class='ocrx_word' id='word_1_255' title='bbox 2591 1719 2607 1772; x_wconf 88' lang='lat'><strong>;</strong></span> <span class='ocrx_word' id='word_1_256' title='bbox 2641 1711 2693 1758; x_wconf 90' lang='lat' dir='ltr'>et</span> <span class='ocrx_word' id='word_1_257' title='bbox 2722 1720 2953 1776; x_wconf 82' lang='lat' dir='ltr'>surgens</span> <span class='ocrx_word' id='word_1_258' title='bbox 2985 1703 3135 1759; x_wconf 88' lang='lat' dir='ltr'>abiit.</span> 
     </span>
    </p>
   </div>
   <div class='ocr_carea' id='block_1_33' title="bbox 297 1790 3607 1873">
    <p class='ocr_par' dir='ltr' id='par_1_33' title="bbox 297 1790 3607 1873">
     <span class='ocr_line' id='line_1_33' title="bbox 297 1790 3607 1873; baseline -0 -27"><span class='ocrx_word' id='word_1_259' title='bbox 297 1792 498 1863; x_wconf 88' lang='lat' dir='ltr'>placet,</span> <span class='ocrx_word' id='word_1_260' title='bbox 523 1791 759 1848; x_wconf 88' lang='lat' dir='ltr'>concilia</span> <span class='ocrx_word' id='word_1_261' title='bbox 788 1808 855 1848; x_wconf 84' lang='lat' dir='ltr'>ex</span> <span class='ocrx_word' id='word_1_262' title='bbox 881 1792 1100 1862; x_wconf 89' lang='lat' dir='ltr'>antiquo</span> <span class='ocrx_word' id='word_1_263' title='bbox 1132 1807 1229 1846; x_wconf 89' lang='lat' dir='ltr'>usu</span> <span class='ocrx_word' id='word_1_264' title='bbox 1257 1790 1531 1857; x_wconf 87' lang='lat' dir='ltr'>renovari,</span> <span class='ocrx_word' id='word_1_265' title='bbox 1564 1805 1681 1862; x_wconf 76' lang='lat' dir='ltr'>qua?</span> <span class='ocrx_word' id='word_1_266' title='bbox 1697 1803 1890 1860; x_wconf 85' lang='lat' dir='ltr'>perpe-</span> <span class='ocrx_word' id='word_1_267' title='bbox 1924 1807 1983 1873; x_wconf 77' lang='grc' dir='ltr'><strong>Β</strong></span> <span class='ocrx_word' id='word_1_268' title='bbox 2081 1792 2368 1861; x_wconf 83' lang='lat' dir='ltr'>Reputans</span> <span class='ocrx_word' id='word_1_269' title='bbox 2398 1799 2587 1847; x_wconf 87' lang='lat' dir='ltr'>autem</span> <span class='ocrx_word' id='word_1_270' title='bbox 2617 1792 2671 1846; x_wconf 90' lang='lat' dir='ltr'>in</span> <span class='ocrx_word' id='word_1_271' title='bbox 2700 1791 3013 1863; x_wconf 88' lang='lat' dir='ltr'>hujusmodi</span> <span class='ocrx_word' id='word_1_272' title='bbox 3056 1793 3333 1863; x_wconf 83' lang='lat' dir='ltr'>responsis</span> <span class='ocrx_word' id='word_1_273' title='bbox 3364 1792 3607 1848; x_wconf 91' lang='lat' dir='ltr'>nonnihil</span> 
     </span>
    </p>
   </div>
   <div class='ocr_carea' id='block_1_34' title="bbox 301 1876 1898 1946">
    <p class='ocr_par' dir='ltr' id='par_1_34' title="bbox 301 1876 1898 1946">
     <span class='ocr_line' id='line_1_34' title="bbox 301 1876 1898 1946; baseline -0.003 -11"><span class='ocrx_word' id='word_1_274' title='bbox 301 1896 417 1935; x_wconf 87' lang='lat' dir='ltr'>ram</span> <span class='ocrx_word' id='word_1_275' title='bbox 446 1885 571 1936; x_wconf 86' lang='lat' dir='ltr'>acta</span> <span class='ocrx_word' id='word_1_276' title='bbox 600 1887 723 1935; x_wconf 88' lang='lat' dir='ltr'>sunt</span> <span class='ocrx_word' id='word_1_277' title='bbox 753 1880 807 1934; x_wconf 93' lang='lat' dir='ltr'>in</span> <span class='ocrx_word' id='word_1_278' title='bbox 839 1879 1078 1934; x_wconf 88' lang='lat' dir='ltr'>medium</span> <span class='ocrx_word' id='word_1_279' title='bbox 1108 1879 1374 1946; x_wconf 88' lang='lat' dir='ltr'>revocari,</span> <span class='ocrx_word' id='word_1_280' title='bbox 1401 1886 1653 1933; x_wconf 89' lang='lat' dir='ltr'>revocata</span> <span class='ocrx_word' id='word_1_281' title='bbox 1685 1876 1898 1933; x_wconf 88' lang='lat' dir='ltr'>exami-</span> 
     </span>
    </p>
   </div>
   <div class='ocr_carea' id='block_1_35' title="bbox 297 1967 1899 2040">
    <p class='ocr_par' dir='ltr' id='par_1_35' title="bbox 297 1967 1899 2040">
     <span class='ocr_line' id='line_1_35' title="bbox 297 1967 1899 2040; baseline -0.002 -17"><span class='ocrx_word' id='word_1_282' title='bbox 297 1969 434 2038; x_wconf 91' lang='lat' dir='ltr'>nari,</span> <span class='ocrx_word' id='word_1_283' title='bbox 468 1967 781 2025; x_wconf 80' lang='lat' dir='ltr'>examinata</span> <span class='ocrx_word' id='word_1_284' title='bbox 810 1968 1089 2040; x_wconf 80' lang='lat' dir='ltr'>redargui,</span> <span class='ocrx_word' id='word_1_285' title='bbox 1123 1967 1421 2039; x_wconf 87' lang='lat' dir='ltr'>redarguta</span> <span class='ocrx_word' id='word_1_286' title='bbox 1468 1967 1663 2022; x_wconf 90' lang='lat' dir='ltr'>sedari.</span> <span class='ocrx_word' id='word_1_287' title='bbox 1714 1967 1899 2021; x_wconf 91' lang='lat' dir='ltr'>Gene-</span> 
     </span>
    </p>
   </div>
   <div class='ocr_carea' id='block_1_36' title="bbox 296 2057 1900 2128">
    <p class='ocr_par' dir='ltr' id='par_1_36' title="bbox 296 2057 1900 2128">
     <span class='ocr_line' id='line_1_36' title="bbox 296 2057 1900 2128; baseline -0.003 -14"><span class='ocrx_word' id='word_1_288' title='bbox 296 2059 410 2114; x_wconf 87' lang='lat' dir='ltr'>rale</span> <span class='ocrx_word' id='word_1_289' title='bbox 476 2074 675 2128; x_wconf 89' lang='lat' dir='ltr'>nempe</span> <span class='ocrx_word' id='word_1_290' title='bbox 732 2057 1023 2112; x_wconf 91' lang='lat' dir='ltr'>concilium</span> <span class='ocrx_word' id='word_1_291' title='bbox 1077 2057 1477 2127; x_wconf 86' lang='lat' dir='ltr'>episcoporum,</span> <span class='ocrx_word' id='word_1_292' title='bbox 1538 2072 1605 2110; x_wconf 82' lang='lat' dir='ltr'>ex</span> <span class='ocrx_word' id='word_1_293' title='bbox 1637 2070 1743 2127; x_wconf 89' lang='lat' dir='ltr'>quo</span> <span class='ocrx_word' id='word_1_294' title='bbox 1800 2069 1900 2109; x_wconf 77' lang='lat' dir='ltr'>rex</span> 
     </span>
    </p>
   </div>
   <div class='ocr_carea' id='block_1_37' title="bbox 299 2145 1900 2217">
    <p class='ocr_par' dir='ltr' id='par_1_37' title="bbox 299 2145 1900 2217">
     <span class='ocr_line' id='line_1_37' title="bbox 299 2145 1900 2217; baseline -0.002 -14"><span class='ocrx_word' id='word_1_295' title='bbox 299 2148 475 2203; x_wconf 87' lang='lat' dir='ltr'>factus</span> <span class='ocrx_word' id='word_1_296' title='bbox 506 2147 675 2215; x_wconf 84' lang='lat' dir='ltr'>fuisti,</span> <span class='ocrx_word' id='word_1_297' title='bbox 708 2161 816 2201; x_wconf 91' lang='lat' dir='ltr'>non</span> <span class='ocrx_word' id='word_1_298' title='bbox 872 2146 969 2200; x_wconf 84' lang='lat' dir='ltr'>fuit</span> <span class='ocrx_word' id='word_1_299' title='bbox 1020 2146 1076 2199; x_wconf 90' lang='lat' dir='ltr'>in</span> <span class='ocrx_word' id='word_1_300' title='bbox 1129 2145 1337 2217; x_wconf 85' lang='lat' dir='ltr'>Anglia</span> <span class='ocrx_word' id='word_1_301' title='bbox 1392 2145 1745 2212; x_wconf 86' lang='lat' dir='ltr'>celebratum,</span> <span class='ocrx_word' id='word_1_302' title='bbox 1802 2161 1900 2200; x_wconf 92' lang='lat' dir='ltr'>nec</span> 
     </span>
    </p>
   </div>
   <div class='ocr_carea' id='block_1_38' title="bbox 302 2233 1899 2307">
    <p class='ocr_par' dir='ltr' id='par_1_38' title="bbox 302 2233 1899 2307">
     <span class='ocr_line' id='line_1_38' title="bbox 302 2233 1899 2307; baseline -0.002 -16"><span class='ocrx_word' id='word_1_303' title='bbox 302 2234 588 2292; x_wconf 84' lang='lat' dir='ltr'>retroactis</span> <span class='ocrx_word' id='word_1_304' title='bbox 616 2236 860 2307; x_wconf 88' lang='lat' dir='ltr'>pluribus</span> <span class='ocrx_word' id='word_1_305' title='bbox 883 2234 1039 2290; x_wconf 91' lang='lat' dir='ltr'>annis</span> <span class='ocrx_word' id='word_1_306' title='bbox 1071 2234 1167 2304; x_wconf 90' lang='lat' dir='ltr'>(a).</span> <span class='ocrx_word' id='word_1_307' title='bbox 1198 2233 1543 2304; x_wconf 83' lang='lat' dir='ltr'>QuaprOpter</span> <span class='ocrx_word' id='word_1_308' title='bbox 1596 2234 1762 2288; x_wconf 88' lang='lat' dir='ltr'>multa</span> <span class='ocrx_word' id='word_1_309' title='bbox 1788 2234 1899 2289; x_wconf 91' lang='lat' dir='ltr'>cri-</span> 
     </span>
    </p>
   </div>
   <div class='ocr_carea' id='block_1_39' title="bbox 306 2322 1900 2396">
    <p class='ocr_par' dir='ltr' id='par_1_39' title="bbox 306 2322 1900 2396">
     <span class='ocr_line' id='line_1_39' title="bbox 306 2322 1900 2396; baseline 0 -17"><span class='ocrx_word' id='word_1_310' title='bbox 306 2326 456 2380; x_wconf 87' lang='lat' dir='ltr'>mina</span> <span class='ocrx_word' id='word_1_311' title='bbox 486 2332 842 2396; x_wconf 90' lang='lat' dir='ltr'>erupuerunt,</span> <span class='ocrx_word' id='word_1_312' title='bbox 874 2332 926 2379; x_wconf 91' lang='lat' dir='ltr'>et</span> <span class='ocrx_word' id='word_1_313' title='bbox 955 2324 1105 2379; x_wconf 86' lang='lat' dir='ltr'>nullo</span> <span class='ocrx_word' id='word_1_314' title='bbox 1131 2323 1221 2395; x_wconf 92' lang='lat' dir='ltr'>qui</span> <span class='ocrx_word' id='word_1_315' title='bbox 1254 2338 1318 2379; x_wconf 93' lang='lat' dir='ltr'>ea</span> <span class='ocrx_word' id='word_1_316' title='bbox 1346 2322 1610 2379; x_wconf 85' lang='lat' dir='ltr'>recideret</span> <span class='ocrx_word' id='word_1_317' title='bbox 1640 2323 1900 2379; x_wconf 84' lang='lat' dir='ltr'>existente</span> 
     </span>
    </p>
   </div>
   <div class='ocr_carea' id='block_1_40' title="bbox 306 2411 1897 2484">
    <p class='ocr_par' dir='ltr' id='par_1_40' title="bbox 306 2411 1897 2484">
     <span class='ocr_line' id='line_1_40' title="bbox 306 2411 1897 2484; baseline -0.001 -16"><span class='ocrx_word' id='word_1_318' title='bbox 306 2415 360 2469; x_wconf 90' lang='lat' dir='ltr'>in</span> <span class='ocrx_word' id='word_1_319' title='bbox 390 2413 617 2468; x_wconf 91' lang='lat' dir='ltr'>nimium</span> <span class='ocrx_word' id='word_1_320' title='bbox 648 2413 819 2468; x_wconf 90' lang='lat' dir='ltr'>robur</span> <span class='ocrx_word' id='word_1_321' title='bbox 846 2429 950 2484; x_wconf 89' lang='lat' dir='ltr'>per</span> <span class='ocrx_word' id='word_1_322' title='bbox 977 2411 1199 2483; x_wconf 85' lang='lat' dir='ltr'>pravaui</span> <span class='ocrx_word' id='word_1_323' title='bbox 1229 2412 1671 2467; x_wconf 88' lang='lat' dir='ltr'>consuetudinem</span> <span class='ocrx_word' id='word_1_324' title='bbox 1702 2427 1897 2468; x_wconf 79' lang='lat' dir='ltr'>excre-</span> 
     </span>
    </p>
   </div>
   <div class='ocr_carea' id='block_1_41' title="bbox 303 2501 1900 2571">
    <p class='ocr_par' dir='ltr' id='par_1_41' title="bbox 303 2501 1900 2571">
     <span class='ocr_line' id='line_1_41' title="bbox 303 2501 1900 2571; baseline -0.003 -13"><span class='ocrx_word' id='word_1_325' title='bbox 303 2510 519 2558; x_wconf 86' lang='lat' dir='ltr'>verunt.</span> <span class='ocrx_word' id='word_1_326' title='bbox 561 2525 584 2551; x_wconf 75' lang='grc' dir='ltr'>ι</span> <span class='ocrx_word' id='word_1_327' title='bbox 618 2505 685 2557; x_wconf 89' lang='lat' dir='ltr'>At</span> <span class='ocrx_word' id='word_1_328' title='bbox 716 2502 809 2557; x_wconf 91' lang='lat' dir='ltr'>ille</span> <span class='ocrx_word' id='word_1_329' title='bbox 842 2520 855 2556; x_wconf 89' lang='lat'>:</span> <span class='ocrx_word' id='word_1_330' title='bbox 890 2524 911 2550; x_wconf 76' lang='grc' dir='ltr'><em>α</em></span> <span class='ocrx_word' id='word_1_331' title='bbox 947 2502 1104 2569; x_wconf 91' lang='lat' dir='ltr'>Cum,</span> <span class='ocrx_word' id='word_1_332' title='bbox 1144 2501 1337 2571; x_wconf 89' lang='lat' dir='ltr'>inquit,</span> <span class='ocrx_word' id='word_1_333' title='bbox 1370 2502 1500 2556; x_wconf 89' lang='lat' dir='ltr'>mihi</span> <span class='ocrx_word' id='word_1_334' title='bbox 1532 2502 1709 2555; x_wconf 87' lang='lat' dir='ltr'>visum</span> <span class='ocrx_word' id='word_1_335' title='bbox 1742 2502 1900 2556; x_wconf 82' lang='lat' dir='ltr'>fuerit</span> 
     </span>
    </p>
   </div>
   <div class='ocr_carea' id='block_1_42' title="bbox 304 2590 1895 2663">
    <p class='ocr_par' dir='ltr' id='par_1_42' title="bbox 304 2590 1895 2663">
     <span class='ocr_line' id='line_1_42' title="bbox 304 2590 1895 2663; baseline -0.001 -18"><span class='ocrx_word' id='word_1_336' title='bbox 304 2592 372 2646; x_wconf 90' lang='lat' dir='ltr'>de</span> <span class='ocrx_word' id='word_1_337' title='bbox 403 2591 491 2645; x_wconf 91' lang='lat' dir='ltr'>his</span> <span class='ocrx_word' id='word_1_338' title='bbox 521 2605 707 2663; x_wconf 87' lang='lat' dir='ltr'>agam,</span> <span class='ocrx_word' id='word_1_339' title='bbox 738 2606 845 2645; x_wconf 92' lang='lat' dir='ltr'>non</span> <span class='ocrx_word' id='word_1_340' title='bbox 876 2591 946 2644; x_wconf 93' lang='lat' dir='ltr'>ad</span> <span class='ocrx_word' id='word_1_341' title='bbox 970 2599 1116 2645; x_wconf 86' lang='lat' dir='ltr'>tuam</span> <span class='ocrx_word' id='word_1_342' title='bbox 1137 2591 1231 2645; x_wconf 90' lang='lat' dir='ltr'>sed</span> <span class='ocrx_word' id='word_1_343' title='bbox 1255 2590 1323 2645; x_wconf 91' lang='lat' dir='ltr'>ad</span> <span class='ocrx_word' id='word_1_344' title='bbox 1345 2607 1520 2644; x_wconf 89' lang='lat' dir='ltr'>meam</span> <span class='ocrx_word' id='word_1_345' title='bbox 1544 2592 1895 2646; x_wconf 76' lang='lat' dir='ltr'>voluntatem.</span> 
     </span>
    </p>
   </div>
   <div class='ocr_carea' id='block_1_43' title="bbox 299 2678 1899 2750">
    <p class='ocr_par' dir='ltr' id='par_1_43' title="bbox 299 2678 1899 2750">
     <span class='ocr_line' id='line_1_43' title="bbox 299 2678 1899 2750; baseline 0 -16"><span class='ocrx_word' id='word_1_346' title='bbox 299 2679 407 2735; x_wconf 90' lang='lat' dir='ltr'>Sed</span> <span class='ocrx_word' id='word_1_347' title='bbox 440 2680 497 2733; x_wconf 92' lang='lat' dir='ltr'>in</span> <span class='ocrx_word' id='word_1_348' title='bbox 526 2680 631 2735; x_wconf 92' lang='lat' dir='ltr'>hoc</span> <span class='ocrx_word' id='word_1_349' title='bbox 673 2678 821 2733; x_wconf 88' lang='lat' dir='ltr'>aliud</span> <span class='ocrx_word' id='word_1_350' title='bbox 873 2688 1083 2750; x_wconf 89' lang='lat' dir='ltr'>tempus</span> <span class='ocrx_word' id='word_1_351' title='bbox 1122 2678 1480 2749; x_wconf 82' lang='lat' dir='ltr'>expendetur.</span> <span class='ocrx_word' id='word_1_352' title='bbox 1539 2704 1559 2726; x_wconf 75' lang='grc' dir='ltr'>ιι</span> <span class='ocrx_word' id='word_1_353' title='bbox 1592 2681 1661 2734; x_wconf 85' lang='lat' dir='ltr'>Et</span> <span class='ocrx_word' id='word_1_354' title='bbox 1701 2680 1899 2749; x_wconf 87' lang='lat' dir='ltr'>adjecit</span> 
     </span>
    </p>
   </div>
   <div class='ocr_carea' id='block_1_44' title="bbox 297 2766 1896 2839">
    <p class='ocr_par' dir='ltr' id='par_1_44' title="bbox 297 2766 1896 2839">
     <span class='ocr_line' id='line_1_44' title="bbox 297 2766 1896 2839; baseline 0.001 -18"><span class='ocrx_word' id='word_1_355' title='bbox 297 2767 642 2822; x_wconf 89' lang='lat' dir='ltr'>subsannans</span> <span class='ocrx_word' id='word_1_356' title='bbox 677 2785 689 2821; x_wconf 91' lang='lat'>:</span> <span class='ocrx_word' id='word_1_357' title='bbox 726 2789 747 2813; x_wconf 80' lang='grc' dir='ltr'>α</span> <span class='ocrx_word' id='word_1_358' title='bbox 785 2768 864 2822; x_wconf 88' lang='lat' dir='ltr'>Tu</span> <span class='ocrx_word' id='word_1_359' title='bbox 894 2783 1022 2822; x_wconf 88' lang='lat' dir='ltr'>vero</span> <span class='ocrx_word' id='word_1_360' title='bbox 1053 2767 1108 2821; x_wconf 92' lang='lat' dir='ltr'>in</span> <span class='ocrx_word' id='word_1_361' title='bbox 1138 2766 1369 2823; x_wconf 92' lang='lat' dir='ltr'>concilio</span> <span class='ocrx_word' id='word_1_362' title='bbox 1391 2768 1531 2822; x_wconf 90' lang='lat' dir='ltr'>unde</span> <span class='ocrx_word' id='word_1_363' title='bbox 1560 2768 1799 2839; x_wconf 90' lang='lat' dir='ltr'>loqueris</span> <span class='ocrx_word' id='word_1_364' title='bbox 1818 2769 1846 2823; x_wconf 64' lang='grc' dir='ltr'><em>Ὺ</em></span> <span class='ocrx_word' id='word_1_365' title='bbox 1871 2794 1896 2816; x_wconf 77' lang='grc' dir='ltr'>ιο</span> 
     </span>
    </p>
   </div>
   <div class='ocr_carea' id='block_1_45' title="bbox 298 2855 1901 2926">
    <p class='ocr_par' dir='ltr' id='par_1_45' title="bbox 298 2855 1901 2926">
     <span class='ocr_line' id='line_1_45' title="bbox 298 2855 1901 2926; baseline 0.001 -16"><span class='ocrx_word' id='word_1_366' title='bbox 298 2856 455 2911; x_wconf 89' lang='lat' dir='ltr'>Tunc</span> <span class='ocrx_word' id='word_1_367' title='bbox 498 2855 637 2911; x_wconf 87' lang='lat' dir='ltr'>ille:</span> <span class='ocrx_word' id='word_1_368' title='bbox 702 2878 723 2904; x_wconf 75' lang='grc' dir='ltr'>α</span> <span class='ocrx_word' id='word_1_369' title='bbox 759 2855 1218 2911; x_wconf 86' lang='lat' dir='ltr'>Nefandissimum</span> <span class='ocrx_word' id='word_1_370' title='bbox 1279 2857 1533 2912; x_wconf 78' lang='lat' dir='ltr'>Sodomae</span> <span class='ocrx_word' id='word_1_371' title='bbox 1588 2858 1785 2926; x_wconf 91' lang='lat' dir='ltr'>scelus,</span> <span class='ocrx_word' id='word_1_372' title='bbox 1843 2864 1901 2912; x_wconf 89' lang='lat' dir='ltr'>ut</span> 
     </span>
    </p>
   </div>
   <div class='ocr_carea' id='block_1_46' title="bbox 300 2943 1899 3016">
    <p class='ocr_par' dir='ltr' id='par_1_46' title="bbox 300 2943 1899 3016">
     <span class='ocr_line' id='line_1_46' title="bbox 300 2943 1899 3016; baseline 0.001 -17"><span class='ocrx_word' id='word_1_373' title='bbox 300 2943 494 3001; x_wconf 85' lang='lat' dir='ltr'>illicita</span> <span class='ocrx_word' id='word_1_374' title='bbox 550 2944 1086 3016; x_wconf 82' lang='lat' dir='ltr'>consanguineorum</span> <span class='ocrx_word' id='word_1_375' title='bbox 1134 2945 1423 3014; x_wconf 90' lang='lat' dir='ltr'>connubia,</span> <span class='ocrx_word' id='word_1_376' title='bbox 1482 2954 1534 3000; x_wconf 88' lang='lat' dir='ltr'>et</span> <span class='ocrx_word' id='word_1_377' title='bbox 1578 2946 1687 3001; x_wconf 89' lang='lat' dir='ltr'>alia</span> <span class='ocrx_word' id='word_1_378' title='bbox 1735 2947 1899 3002; x_wconf 88' lang='lat' dir='ltr'>multa</span> 
     </span>
    </p>
   </div>
   <div class='ocr_carea' id='block_1_47' title="bbox 299 3032 1894 3107">
    <p class='ocr_par' dir='ltr' id='par_1_47' title="bbox 299 3032 1894 3107">
     <span class='ocr_line' id='line_1_47' title="bbox 299 3032 1894 3107; baseline 0.002 -20"><span class='ocrx_word' id='word_1_379' title='bbox 299 3049 480 3089; x_wconf 88' lang='lat' dir='ltr'>rerum</span> <span class='ocrx_word' id='word_1_380' title='bbox 530 3032 969 3088; x_wconf 76' lang='lat' dir='ltr'>detestandarum</span> <span class='ocrx_word' id='word_1_381' title='bbox 1023 3033 1337 3089; x_wconf 86' lang='lat' dir='ltr'>facinorosa</span> <span class='ocrx_word' id='word_1_382' title='bbox 1397 3036 1617 3107; x_wconf 88' lang='lat' dir='ltr'>negotia</span> <span class='ocrx_word' id='word_1_383' title='bbox 1663 3043 1894 3104; x_wconf 87' lang='lat' dir='ltr'>taceam,</span> 
     </span>
    </p>
   </div>
   <div class='ocr_carea' id='block_1_48' title="bbox 2010 1880 3606 1952">
    <p class='ocr_par' dir='ltr' id='par_1_48' title="bbox 2010 1880 3606 1952">
     <span class='ocr_line' id='line_1_48' title="bbox 2010 1880 3606 1952; baseline 0.001 -18"><span class='ocrx_word' id='word_1_384' title='bbox 2010 1881 2295 1951; x_wconf 88' lang='lat' dir='ltr'>pristinam</span> <span class='ocrx_word' id='word_1_385' title='bbox 2354 1882 2495 1935; x_wconf 89' lang='lat' dir='ltr'>iram</span> <span class='ocrx_word' id='word_1_386' title='bbox 2552 1881 2819 1952; x_wconf 90' lang='lat' dir='ltr'>operari,</span> <span class='ocrx_word' id='word_1_387' title='bbox 2879 1889 2932 1937; x_wconf 93' lang='lat' dir='ltr'>et</span> <span class='ocrx_word' id='word_1_388' title='bbox 2990 1882 3347 1938; x_wconf 86' lang='lat' dir='ltr'>considerans</span> <span class='ocrx_word' id='word_1_389' title='bbox 3399 1880 3606 1937; x_wconf 74' lang='lat' dir='ltr'>offenso</span> 
     </span>
    </p>
   </div>
   <div class='ocr_carea' id='block_1_49' title="bbox 2009 1970 3605 2042">
    <p class='ocr_par' dir='ltr' id='par_1_49' title="bbox 2009 1970 3605 2042">
     <span class='ocr_line' id='line_1_49' title="bbox 2009 1970 3605 2042; baseline 0.002 -21"><span class='ocrx_word' id='word_1_390' title='bbox 2009 1970 2272 2041; x_wconf 91' lang='lat' dir='ltr'>principis</span> <span class='ocrx_word' id='word_1_391' title='bbox 2302 1970 2484 2025; x_wconf 91' lang='lat' dir='ltr'>animo</span> <span class='ocrx_word' id='word_1_392' title='bbox 2505 1986 2849 2042; x_wconf 88' lang='lat' dir='ltr'>nequaquam</span> <span class='ocrx_word' id='word_1_393' title='bbox 2867 1987 3029 2041; x_wconf 90' lang='lat' dir='ltr'>posse</span> <span class='ocrx_word' id='word_1_394' title='bbox 3050 1986 3242 2041; x_wconf 90' lang='lat' dir='ltr'>pacem</span> <span class='ocrx_word' id='word_1_395' title='bbox 3266 1971 3428 2026; x_wconf 87' lang='lat' dir='ltr'>rebus</span> <span class='ocrx_word' id='word_1_396' title='bbox 3448 1970 3566 2025; x_wconf 90' lang='lat' dir='ltr'>dari</span> <span class='ocrx_word' id='word_1_397' title='bbox 3591 1985 3605 2039; x_wconf 92' lang='lat'><strong>;</strong></span> 
     </span>
    </p>
   </div>
   <div class='ocr_carea' id='block_1_50' title="bbox 2010 2057 3610 2130">
    <p class='ocr_par' dir='ltr' id='par_1_50' title="bbox 2010 2057 3610 2130">
     <span class='ocr_line' id='line_1_50' title="bbox 2010 2057 3610 2130; baseline 0 -18"><span class='ocrx_word' id='word_1_398' title='bbox 2010 2073 2118 2130; x_wconf 92' lang='lat' dir='ltr'>quo</span> <span class='ocrx_word' id='word_1_399' title='bbox 2164 2066 2217 2113; x_wconf 89' lang='lat' dir='ltr'>et</span> <span class='ocrx_word' id='word_1_400' title='bbox 2264 2058 2426 2114; x_wconf 89' lang='lat' dir='ltr'>rebus</span> <span class='ocrx_word' id='word_1_401' title='bbox 2474 2059 2790 2114; x_wconf 87' lang='lat' dir='ltr'>consuleret</span> <span class='ocrx_word' id='word_1_402' title='bbox 2837 2066 2890 2114; x_wconf 86' lang='lat' dir='ltr'>et</span> <span class='ocrx_word' id='word_1_403' title='bbox 2940 2058 3182 2127; x_wconf 89' lang='lat' dir='ltr'>liberius,</span> <span class='ocrx_word' id='word_1_404' title='bbox 3231 2058 3444 2115; x_wconf 84' lang='lat' dir='ltr'>favente</span> <span class='ocrx_word' id='word_1_405' title='bbox 3493 2057 3610 2113; x_wconf 89' lang='lat' dir='ltr'>sibi</span> 
     </span>
    </p>
   </div>
   <div class='ocr_carea' id='block_1_51' title="bbox 2010 2146 3607 2218">
    <p class='ocr_par' dir='ltr' id='par_1_51' title="bbox 2010 2146 3607 2218">
     <span class='ocr_line' id='line_1_51' title="bbox 2010 2146 3607 2218; baseline -0.001 -18"><span class='ocrx_word' id='word_1_406' title='bbox 2010 2147 2178 2218; x_wconf 85' lang='lat' dir='ltr'>regali</span> <span class='ocrx_word' id='word_1_407' title='bbox 2211 2147 2574 2217; x_wconf 83' lang='lat' dir='ltr'>providentia,</span> <span class='ocrx_word' id='word_1_408' title='bbox 2608 2149 2724 2203; x_wconf 90' lang='lat' dir='ltr'>Deo</span> <span class='ocrx_word' id='word_1_409' title='bbox 2758 2146 3121 2214; x_wconf 85' lang='lat' dir='ltr'>fructiﬁcaret,</span> <span class='ocrx_word' id='word_1_410' title='bbox 3152 2147 3343 2203; x_wconf 90' lang='lat' dir='ltr'>humili</span> <span class='ocrx_word' id='word_1_411' title='bbox 3376 2162 3476 2218; x_wconf 89' lang='lat' dir='ltr'>per</span> <span class='ocrx_word' id='word_1_412' title='bbox 3496 2146 3607 2217; x_wconf 87' lang='lat' dir='ltr'>epi-</span> 
     </span>
    </p>
   </div>
   <div class='ocr_carea' id='block_1_52' title="bbox 2009 2234 3631 2309">
    <p class='ocr_par' dir='ltr' id='par_1_52' title="bbox 2009 2234 3631 2309">
     <span class='ocr_line' id='line_1_52' title="bbox 2009 2234 3631 2309; baseline -0.002 -19"><span class='ocrx_word' id='word_1_413' title='bbox 2009 2251 2213 2307; x_wconf 89' lang='lat' dir='ltr'>sc0pos</span> <span class='ocrx_word' id='word_1_414' title='bbox 2241 2252 2401 2307; x_wconf 88' lang='lat' dir='ltr'>prece</span> <span class='ocrx_word' id='word_1_415' title='bbox 2436 2252 2623 2309; x_wconf 81' lang='lat' dir='ltr'>regem</span> <span class='ocrx_word' id='word_1_416' title='bbox 2658 2237 2980 2306; x_wconf 88' lang='lat' dir='ltr'>deprecatus</span> <span class='ocrx_word' id='word_1_417' title='bbox 3009 2243 3107 2303; x_wconf 89' lang='lat' dir='ltr'>est,</span> <span class='ocrx_word' id='word_1_418' title='bbox 3142 2247 3198 2291; x_wconf 95' lang='lat' dir='ltr'>ut</span> <span class='ocrx_word' id='word_1_419' title='bbox 3228 2234 3283 2291; x_wconf 93' lang='lat' dir='ltr'>in</span> <span class='ocrx_word' id='word_1_420' title='bbox 3313 2234 3631 2291; x_wconf 85' lang='lat' dir='ltr'>amicitiam.</span> 
     </span>
    </p>
   </div>
   <div class='ocr_carea' id='block_1_53' title="bbox 2008 2323 3607 2396">
    <p class='ocr_par' dir='ltr' id='par_1_53' title="bbox 2008 2323 3607 2396">
     <span class='ocr_line' id='line_1_53' title="bbox 2008 2323 3607 2396; baseline 0 -19"><span class='ocrx_word' id='word_1_421' title='bbox 2008 2323 2090 2377; x_wconf 93' lang='lat' dir='ltr'>sui</span> <span class='ocrx_word' id='word_1_422' title='bbox 2116 2339 2238 2379; x_wconf 91' lang='lat' dir='ltr'>sese</span> <span class='ocrx_word' id='word_1_423' title='bbox 2268 2326 2439 2396; x_wconf 87' lang='lat' dir='ltr'>gratis</span> <span class='ocrx_word' id='word_1_424' title='bbox 2468 2326 2798 2381; x_wconf 88' lang='lat' dir='ltr'>admitteret.</span> <span class='ocrx_word' id='word_1_425' title='bbox 2838 2348 2860 2374; x_wconf 78' lang='lat' dir='ltr'><strong><em>u</em></strong></span> <span class='ocrx_word' id='word_1_426' title='bbox 2897 2325 3056 2395; x_wconf 87' lang='lat' dir='ltr'>Quod</span> <span class='ocrx_word' id='word_1_427' title='bbox 3086 2326 3152 2394; x_wconf 90' lang='lat' dir='ltr'>si,</span> <span class='ocrx_word' id='word_1_428' title='bbox 3180 2326 3272 2392; x_wconf 89' lang='lat' dir='ltr'>ait,</span> <span class='ocrx_word' id='word_1_429' title='bbox 3296 2324 3475 2380; x_wconf 84' lang='lat' dir='ltr'>facere</span> <span class='ocrx_word' id='word_1_430' title='bbox 3495 2339 3607 2377; x_wconf 92' lang='lat' dir='ltr'>non</span> 
     </span>
    </p>
   </div>
   <div class='ocr_carea' id='block_1_54' title="bbox 2007 2412 3605 2482">
    <p class='ocr_par' dir='ltr' id='par_1_54' title="bbox 2007 2412 3605 2482">
     <span class='ocr_line' id='line_1_54' title="bbox 2007 2412 3605 2482; baseline -0.001 -15"><span class='ocrx_word' id='word_1_431' title='bbox 2007 2412 2142 2480; x_wconf 89' lang='lat' dir='ltr'>vult,</span> <span class='ocrx_word' id='word_1_432' title='bbox 2174 2428 2270 2467; x_wconf 91' lang='lat' dir='ltr'>cur</span> <span class='ocrx_word' id='word_1_433' title='bbox 2299 2414 2431 2468; x_wconf 88' lang='lat' dir='ltr'>nolit</span> <span class='ocrx_word' id='word_1_434' title='bbox 2463 2414 2639 2469; x_wconf 90' lang='lat' dir='ltr'>edicat</span> <span class='ocrx_word' id='word_1_435' title='bbox 2666 2432 2679 2477; x_wconf 87' lang='lat'><strong>;</strong></span> <span class='ocrx_word' id='word_1_436' title='bbox 2714 2414 2827 2469; x_wconf 90' lang='lat' dir='ltr'>etsi</span> <span class='ocrx_word' id='word_1_437' title='bbox 2860 2413 3083 2482; x_wconf 72' lang='lat' dir='ltr'>offendi,</span> <span class='ocrx_word' id='word_1_438' title='bbox 3109 2413 3424 2468; x_wconf 84' lang='lat' dir='ltr'>satisfacere</span> <span class='ocrx_word' id='word_1_439' title='bbox 3448 2427 3605 2481; x_wconf 88' lang='lat' dir='ltr'>para-</span> 
     </span>
    </p>
   </div>
   <div class='ocr_carea' id='block_1_55' title="bbox 2007 2500 3603 2573">
    <p class='ocr_par' dir='ltr' id='par_1_55' title="bbox 2007 2500 3603 2573">
     <span class='ocr_line' id='line_1_55' title="bbox 2007 2500 3603 2573; baseline -0.001 -19"><span class='ocrx_word' id='word_1_440' title='bbox 2007 2508 2091 2555; x_wconf 91' lang='lat' dir='ltr'>tus</span> <span class='ocrx_word' id='word_1_441' title='bbox 2120 2517 2259 2555; x_wconf 87' lang='lat' dir='ltr'>sum.</span> <span class='ocrx_word' id='word_1_442' title='bbox 2301 2525 2322 2550; x_wconf 76' lang='grc'>·</span> <span class='ocrx_word' id='word_1_443' title='bbox 2359 2501 2546 2557; x_wconf 83' lang='lat' dir='ltr'>Relata</span> <span class='ocrx_word' id='word_1_444' title='bbox 2573 2510 2695 2556; x_wconf 91' lang='lat' dir='ltr'>sunt</span> <span class='ocrx_word' id='word_1_445' title='bbox 2727 2503 2829 2557; x_wconf 91' lang='lat' dir='ltr'>ista</span> <span class='ocrx_word' id='word_1_446' title='bbox 2860 2502 2927 2557; x_wconf 93' lang='lat' dir='ltr'>ad</span> <span class='ocrx_word' id='word_1_447' title='bbox 2957 2518 3165 2573; x_wconf 85' lang='lat' dir='ltr'>regem,</span> <span class='ocrx_word' id='word_1_448' title='bbox 3199 2508 3252 2557; x_wconf 92' lang='lat' dir='ltr'>et</span> <span class='ocrx_word' id='word_1_449' title='bbox 3283 2500 3603 2571; x_wconf 81' lang='lat' dir='ltr'>reSpondit:</span> 
     </span>
    </p>
   </div>
   <div class='ocr_carea' id='block_1_56' title="bbox 2012 2589 3604 2662">
    <p class='ocr_par' dir='ltr' id='par_1_56' title="bbox 2012 2589 3604 2662">
     <span class='ocr_line' id='line_1_56' title="bbox 2012 2589 3604 2662; baseline -0.001 -18"><span class='ocrx_word' id='word_1_450' title='bbox 2012 2613 2033 2637; x_wconf 81' lang='grc' dir='ltr'><strong><em>η</em></strong></span> <span class='ocrx_word' id='word_1_451' title='bbox 2069 2590 2148 2645; x_wconf 93' lang='lat' dir='ltr'>De</span> <span class='ocrx_word' id='word_1_452' title='bbox 2178 2590 2324 2644; x_wconf 89' lang='lat' dir='ltr'>nulla</span> <span class='ocrx_word' id='word_1_453' title='bbox 2355 2606 2412 2644; x_wconf 90' lang='lat' dir='ltr'>re</span> <span class='ocrx_word' id='word_1_454' title='bbox 2441 2590 2592 2645; x_wconf 83' lang='lat' dir='ltr'>illuni</span> <span class='ocrx_word' id='word_1_455' title='bbox 2627 2591 2869 2662; x_wconf 91' lang='lat' dir='ltr'>inculpo,</span> <span class='ocrx_word' id='word_1_456' title='bbox 2903 2606 3004 2646; x_wconf 90' lang='lat' dir='ltr'>nec</span> <span class='ocrx_word' id='word_1_457' title='bbox 3042 2599 3222 2645; x_wconf 89' lang='lat' dir='ltr'>tamen</span> <span class='ocrx_word' id='word_1_458' title='bbox 3273 2590 3321 2644; x_wconf 90' lang='lat' dir='ltr'>ei</span> <span class='ocrx_word' id='word_1_459' title='bbox 3370 2589 3604 2661; x_wconf 89' lang='lat' dir='ltr'>gratiam</span> 
     </span>
    </p>
   </div>
   <div class='ocr_carea' id='block_1_57' title="bbox 2007 2676 3605 2751">
    <p class='ocr_par' dir='ltr' id='par_1_57' title="bbox 2007 2676 3605 2751">
     <span class='ocr_line' id='line_1_57' title="bbox 2007 2676 3605 2751; baseline 0.001 -19"><span class='ocrx_word' id='word_1_460' title='bbox 2007 2694 2205 2747; x_wconf 87' lang='lat' dir='ltr'>meam,</span> <span class='ocrx_word' id='word_1_461' title='bbox 2239 2679 2366 2749; x_wconf 89' lang='lat' dir='ltr'>quia</span> <span class='ocrx_word' id='word_1_462' title='bbox 2388 2695 2493 2734; x_wconf 91' lang='lat' dir='ltr'>non</span> <span class='ocrx_word' id='word_1_463' title='bbox 2513 2680 2675 2735; x_wconf 91' lang='lat' dir='ltr'>audio</span> <span class='ocrx_word' id='word_1_464' title='bbox 2700 2696 2886 2749; x_wconf 92' lang='lat' dir='ltr'>quare,</span> <span class='ocrx_word' id='word_1_465' title='bbox 2909 2680 3196 2751; x_wconf 85' lang='lat' dir='ltr'>indulgere</span> <span class='ocrx_word' id='word_1_466' title='bbox 3218 2680 3366 2734; x_wconf 87' lang='lat' dir='ltr'>volo.</span> <span class='ocrx_word' id='word_1_467' title='bbox 3391 2700 3411 2730; x_wconf 71' lang='grc' dir='ltr'><strong>ι</strong></span> <span class='ocrx_word' id='word_1_468' title='bbox 3439 2676 3605 2747; x_wconf 86' lang='lat' dir='ltr'>Quod</span> 
     </span>
    </p>
   </div>
   <div class='ocr_carea' id='block_1_58' title="bbox 2006 2766 3606 2840">
    <p class='ocr_par' dir='ltr' id='par_1_58' title="bbox 2006 2766 3606 2840">
     <span class='ocr_line' id='line_1_58' title="bbox 2006 2766 3606 2840; baseline -0.002 -17"><span class='ocrx_word' id='word_1_469' title='bbox 2006 2782 2129 2823; x_wconf 91' lang='lat' dir='ltr'>cum</span> <span class='ocrx_word' id='word_1_470' title='bbox 2160 2768 2406 2839; x_wconf 90' lang='lat' dir='ltr'>episcopi</span> <span class='ocrx_word' id='word_1_471' title='bbox 2436 2767 2553 2823; x_wconf 89' lang='lat' dir='ltr'>viro</span> <span class='ocrx_word' id='word_1_472' title='bbox 2581 2768 2912 2835; x_wconf 83' lang='lat' dir='ltr'>retulissent,</span> <span class='ocrx_word' id='word_1_473' title='bbox 2945 2775 3323 2840; x_wconf 87' lang='lat' dir='ltr'>percunctatus</span> <span class='ocrx_word' id='word_1_474' title='bbox 3352 2774 3433 2822; x_wconf 91' lang='lat' dir='ltr'>est</span> <span class='ocrx_word' id='word_1_475' title='bbox 3450 2766 3606 2838; x_wconf 92' lang='lat' dir='ltr'>quid-</span> 
     </span>
    </p>
   </div>
   <div class='ocr_carea' id='block_1_59' title="bbox 2006 2856 3607 2929">
    <p class='ocr_par' dir='ltr' id='par_1_59' title="bbox 2006 2856 3607 2929">
     <span class='ocr_line' id='line_1_59' title="bbox 2006 2856 3607 2929; baseline -0.001 -18"><span class='ocrx_word' id='word_1_476' title='bbox 2006 2872 2133 2911; x_wconf 91' lang='lat' dir='ltr'>nam</span> <span class='ocrx_word' id='word_1_477' title='bbox 2164 2856 2297 2910; x_wconf 91' lang='lat' dir='ltr'>illud</span> <span class='ocrx_word' id='word_1_478' title='bbox 2343 2865 2488 2913; x_wconf 89' lang='lat' dir='ltr'>esset</span> <span class='ocrx_word' id='word_1_479' title='bbox 2535 2857 2702 2929; x_wconf 91' lang='lat' dir='ltr'>quod,</span> <span class='ocrx_word' id='word_1_480' title='bbox 2755 2858 2881 2927; x_wconf 89' lang='lat' dir='ltr'>quia</span> <span class='ocrx_word' id='word_1_481' title='bbox 2933 2873 3038 2912; x_wconf 90' lang='lat' dir='ltr'>non</span> <span class='ocrx_word' id='word_1_482' title='bbox 3086 2856 3363 2925; x_wconf 87' lang='lat' dir='ltr'>audiebat,</span> <span class='ocrx_word' id='word_1_483' title='bbox 3413 2870 3607 2925; x_wconf 90' lang='lat' dir='ltr'>preces</span> 
     </span>
    </p>
   </div>
   <div class='ocr_carea' id='block_1_60' title="bbox 2006 2944 3601 3017">
    <p class='ocr_par' dir='ltr' id='par_1_60' title="bbox 2006 2944 3601 3017">
     <span class='ocr_line' id='line_1_60' title="bbox 2006 2944 3601 3017; baseline -0.001 -18"><span class='ocrx_word' id='word_1_484' title='bbox 2006 2960 2131 2999; x_wconf 90' lang='lat' dir='ltr'>suas</span> <span class='ocrx_word' id='word_1_485' title='bbox 2160 2945 2426 3000; x_wconf 84' lang='lat' dir='ltr'>exaudire</span> <span class='ocrx_word' id='word_1_486' title='bbox 2474 2946 2715 3001; x_wconf 88' lang='lat' dir='ltr'>nolebat.</span> <span class='ocrx_word' id='word_1_487' title='bbox 2766 2969 2787 2994; x_wconf 71' lang='grc' dir='ltr'>κ</span> <span class='ocrx_word' id='word_1_488' title='bbox 2815 2946 3129 3017; x_wconf 85' lang='lat' dir='ltr'>Mysterium</span> <span class='ocrx_word' id='word_1_489' title='bbox 3160 2946 3285 3013; x_wconf 91' lang='lat' dir='ltr'>hoc,</span> <span class='ocrx_word' id='word_1_490' title='bbox 3331 2944 3601 3014; x_wconf 88' lang='lat' dir='ltr'>inquiunt,</span> 
     </span>
    </p>
   </div>
   <div class='ocr_carea' id='block_1_61' title="bbox 2007 3034 3607 3107">
    <p class='ocr_par' dir='ltr' id='par_1_61' title="bbox 2007 3034 3607 3107">
     <span class='ocr_line' id='line_1_61' title="bbox 2007 3034 3607 3107; baseline 0 -20"><span class='ocrx_word' id='word_1_491' title='bbox 2007 3034 2231 3105; x_wconf 90' lang='lat' dir='ltr'>planum</span> <span class='ocrx_word' id='word_1_492' title='bbox 2255 3042 2363 3089; x_wconf 89' lang='lat' dir='ltr'>est.</span> <span class='ocrx_word' id='word_1_493' title='bbox 2400 3035 2540 3090; x_wconf 90' lang='lat' dir='ltr'>Nam</span> <span class='ocrx_word' id='word_1_494' title='bbox 2570 3035 2614 3089; x_wconf 91' lang='lat' dir='ltr'>si</span> <span class='ocrx_word' id='word_1_495' title='bbox 2641 3050 2829 3105; x_wconf 89' lang='lat' dir='ltr'>pacem</span> <span class='ocrx_word' id='word_1_496' title='bbox 2862 3035 2982 3107; x_wconf 84' lang='lat' dir='ltr'>ejus</span> <span class='ocrx_word' id='word_1_497' title='bbox 3015 3034 3093 3091; x_wconf 91' lang='lat' dir='ltr'>vis</span> <span class='ocrx_word' id='word_1_498' title='bbox 3117 3035 3607 3101; x_wconf 87' lang='lat' dir='ltr'>habere,necessa-</span> 
     </span>
    </p>
   </div>
   <div class='ocr_carea' id='block_1_62' title="bbox 301 3122 3603 3206">
    <p class='ocr_par' dir='ltr' id='par_1_62' title="bbox 301 3122 3603 3206">
     <span class='ocr_line' id='line_1_62' title="bbox 301 3122 3603 3206; baseline -0.001 -28"><span class='ocrx_word' id='word_1_499' title='bbox 301 3122 502 3191; x_wconf 88' lang='lat' dir='ltr'>scelus,</span> <span class='ocrx_word' id='word_1_500' title='bbox 535 3122 779 3192; x_wconf 87' lang='lat' dir='ltr'>inquam,</span> <span class='ocrx_word' id='word_1_501' title='bbox 812 3122 1067 3178; x_wconf 75' lang='lat' dir='ltr'>Sodomae</span> <span class='ocrx_word' id='word_1_502' title='bbox 1095 3124 1306 3179; x_wconf 90' lang='lat' dir='ltr'>noviter</span> <span class='ocrx_word' id='word_1_503' title='bbox 1336 3124 1392 3178; x_wconf 94' lang='lat' dir='ltr'>in</span> <span class='ocrx_word' id='word_1_504' title='bbox 1423 3125 1529 3180; x_wconf 90' lang='lat' dir='ltr'>hac</span> <span class='ocrx_word' id='word_1_505' title='bbox 1558 3133 1702 3180; x_wconf 91' lang='lat' dir='ltr'>terra</span> <span class='ocrx_word' id='word_1_506' title='bbox 1723 3125 1897 3180; x_wconf 90' lang='lat' dir='ltr'>divul-</span> <span class='ocrx_word' id='word_1_507' title='bbox 1927 3141 1978 3206; x_wconf 71' lang='grc' dir='ltr'>α</span> <span class='ocrx_word' id='word_1_508' title='bbox 2008 3122 2089 3178; x_wconf 90' lang='lat' dir='ltr'>rio</span> <span class='ocrx_word' id='word_1_509' title='bbox 2114 3130 2162 3178; x_wconf 90' lang='lat' dir='ltr'>te</span> <span class='ocrx_word' id='word_1_510' title='bbox 2193 3129 2407 3193; x_wconf 90' lang='lat' dir='ltr'>oportet</span> <span class='ocrx_word' id='word_1_511' title='bbox 2454 3124 2503 3178; x_wconf 90' lang='lat' dir='ltr'>ei</span> <span class='ocrx_word' id='word_1_512' title='bbox 2552 3123 2621 3179; x_wconf 92' lang='lat' dir='ltr'>de</span> <span class='ocrx_word' id='word_1_513' title='bbox 2664 3124 2895 3193; x_wconf 88' lang='lat' dir='ltr'>pecunia</span> <span class='ocrx_word' id='word_1_514' title='bbox 2943 3131 3034 3178; x_wconf 89' lang='lat' dir='ltr'>tua</span> <span class='ocrx_word' id='word_1_515' title='bbox 3079 3124 3300 3194; x_wconf 88' lang='lat' dir='ltr'>copiose</span> <span class='ocrx_word' id='word_1_516' title='bbox 3338 3122 3603 3194; x_wconf 63' lang='lat' dir='ltr'>praebere.</span> 
     </span>
    </p>
   </div>
   <div class='ocr_carea' id='block_1_63' title="bbox 301 3210 1900 3283">
    <p class='ocr_par' dir='ltr' id='par_1_63' title="bbox 301 3210 1900 3283">
     <span class='ocr_line' id='line_1_63' title="bbox 301 3210 1900 3283; baseline 0.002 -18"><span class='ocrx_word' id='word_1_517' title='bbox 301 3218 493 3283; x_wconf 79' lang='lat' dir='ltr'>gatuni</span> <span class='ocrx_word' id='word_1_518' title='bbox 541 3210 663 3282; x_wconf 83' lang='lat' dir='ltr'>jam</span> <span class='ocrx_word' id='word_1_519' title='bbox 721 3211 1013 3282; x_wconf 85' lang='lat' dir='ltr'>plurimum</span> <span class='ocrx_word' id='word_1_520' title='bbox 1070 3211 1381 3283; x_wconf 88' lang='lat' dir='ltr'>pullulavit,</span> <span class='ocrx_word' id='word_1_521' title='bbox 1442 3211 1750 3283; x_wconf 80' lang='lat' dir='ltr'>multosque</span> <span class='ocrx_word' id='word_1_522' title='bbox 1802 3230 1900 3268; x_wconf 86' lang='lat' dir='ltr'>sua</span> 
     </span>
    </p>
   </div>
   <div class='ocr_carea' id='block_1_64' title="bbox 302 3300 1900 3368">
    <p class='ocr_par' dir='ltr' id='par_1_64' title="bbox 302 3300 1900 3368">
     <span class='ocr_line' id='line_1_64' title="bbox 302 3300 1900 3368; baseline 0.002 -14"><span class='ocrx_word' id='word_1_523' title='bbox 302 3300 643 3355; x_wconf 72' lang='lat' dir='ltr'>immanitate</span> <span class='ocrx_word' id='word_1_524' title='bbox 676 3300 919 3355; x_wconf 69' lang='lat' dir='ltr'>foedavit.</span> <span class='ocrx_word' id='word_1_525' title='bbox 954 3300 1072 3367; x_wconf 91' lang='lat' dir='ltr'>Cui,</span> <span class='ocrx_word' id='word_1_526' title='bbox 1104 3300 1299 3368; x_wconf 81' lang='lat' dir='ltr'>fateor,</span> <span class='ocrx_word' id='word_1_527' title='bbox 1331 3302 1437 3356; x_wconf 91' lang='lat' dir='ltr'>nisi</span> <span class='ocrx_word' id='word_1_528' title='bbox 1467 3302 1759 3358; x_wconf 86' lang='lat' dir='ltr'>districtius</span> <span class='ocrx_word' id='word_1_529' title='bbox 1787 3318 1820 3357; x_wconf 90' lang='lat' dir='ltr'>a</span> <span class='ocrx_word' id='word_1_530' title='bbox 1852 3310 1900 3357; x_wconf 93' lang='lat' dir='ltr'>te</span> 
     </span>
    </p>
   </div>
   <div class='ocr_carea' id='block_1_65' title="bbox 304 3389 1904 3463">
    <p class='ocr_par' dir='ltr' id='par_1_65' title="bbox 304 3389 1904 3463">
     <span class='ocr_line' id='line_1_65' title="bbox 304 3389 1904 3463; baseline 0.002 -21"><span class='ocrx_word' id='word_1_531' title='bbox 304 3389 568 3461; x_wconf 81' lang='lat' dir='ltr'>prodiens</span> <span class='ocrx_word' id='word_1_532' title='bbox 594 3389 865 3445; x_wconf 89' lang='lat' dir='ltr'>sententia</span> <span class='ocrx_word' id='word_1_533' title='bbox 915 3389 1131 3459; x_wconf 90' lang='lat' dir='ltr'>judicii,</span> <span class='ocrx_word' id='word_1_534' title='bbox 1202 3399 1255 3445; x_wconf 90' lang='lat' dir='ltr'>et</span> <span class='ocrx_word' id='word_1_535' title='bbox 1311 3390 1691 3446; x_wconf 75' lang='lat' dir='ltr'>ecclesiastica:</span> <span class='ocrx_word' id='word_1_536' title='bbox 1740 3392 1904 3463; x_wconf 85' lang='lat' dir='ltr'>vigor</span> 
     </span>
    </p>
   </div>
   <div class='ocr_carea' id='block_1_66' title="bbox 307 3477 1903 3551">
    <p class='ocr_par' dir='ltr' id='par_1_66' title="bbox 307 3477 1903 3551">
     <span class='ocr_line' id='line_1_66' title="bbox 307 3477 1903 3551; baseline 0.002 -19"><span class='ocrx_word' id='word_1_537' title='bbox 307 3477 607 3547; x_wconf 67' lang='lat' dir='ltr'>disciplinae</span> <span class='ocrx_word' id='word_1_538' title='bbox 635 3478 868 3533; x_wconf 88' lang='lat' dir='ltr'>celerius</span> <span class='ocrx_word' id='word_1_539' title='bbox 898 3478 1100 3547; x_wconf 83' lang='lat' dir='ltr'>obviet,</span> <span class='ocrx_word' id='word_1_540' title='bbox 1139 3486 1247 3534; x_wconf 91' lang='lat' dir='ltr'>tota</span> <span class='ocrx_word' id='word_1_541' title='bbox 1279 3487 1422 3534; x_wconf 90' lang='lat' dir='ltr'>terra</span> <span class='ocrx_word' id='word_1_542' title='bbox 1454 3496 1560 3534; x_wconf 91' lang='lat' dir='ltr'>non</span> <span class='ocrx_word' id='word_1_543' title='bbox 1591 3480 1757 3535; x_wconf 90' lang='lat' dir='ltr'>multo</span> <span class='ocrx_word' id='word_1_544' title='bbox 1780 3488 1903 3551; x_wconf 89' lang='lat' dir='ltr'>post</span> 
     </span>
    </p>
   </div>
   <div class='ocr_carea' id='block_1_67' title="bbox 303 3565 1901 3641">
    <p class='ocr_par' dir='ltr' id='par_1_67' title="bbox 303 3565 1901 3641">
     <span class='ocr_line' id='line_1_67' title="bbox 303 3565 1901 3641; baseline 0.001 -19"><span class='ocrx_word' id='word_1_545' title='bbox 303 3566 548 3622; x_wconf 90' lang='lat' dir='ltr'>Sodoma</span> <span class='ocrx_word' id='word_1_546' title='bbox 577 3565 684 3622; x_wconf 82' lang='lat' dir='ltr'>ﬁet.</span> <span class='ocrx_word' id='word_1_547' title='bbox 714 3566 824 3622; x_wconf 88' lang='lat' dir='ltr'>Sed</span> <span class='ocrx_word' id='word_1_548' title='bbox 871 3583 1136 3623; x_wconf 91' lang='lat' dir='ltr'>conemur</span> <span class='ocrx_word' id='word_1_549' title='bbox 1185 3583 1312 3636; x_wconf 87' lang='lat' dir='ltr'>una,</span> <span class='ocrx_word' id='word_1_550' title='bbox 1368 3585 1574 3640; x_wconf 74' lang='lat' dir='ltr'>quzeso,</span> <span class='ocrx_word' id='word_1_551' title='bbox 1638 3577 1691 3623; x_wconf 92' lang='lat' dir='ltr'>tu</span> <span class='ocrx_word' id='word_1_552' title='bbox 1747 3571 1901 3641; x_wconf 80' lang='lat' dir='ltr'>regia</span> 
     </span>
    </p>
   </div>
   <div class='ocr_carea' id='block_1_68' title="bbox 306 3655 1904 3731">
    <p class='ocr_par' dir='ltr' id='par_1_68' title="bbox 306 3655 1904 3731">
     <span class='ocr_line' id='line_1_68' title="bbox 306 3655 1904 3731; baseline 0.003 -21"><span class='ocrx_word' id='word_1_553' title='bbox 306 3663 574 3726; x_wconf 87' lang='lat' dir='ltr'>potestate</span> <span class='ocrx_word' id='word_1_554' title='bbox 606 3663 659 3711; x_wconf 86' lang='lat' dir='ltr'>et</span> <span class='ocrx_word' id='word_1_555' title='bbox 688 3671 794 3728; x_wconf 88' lang='lat' dir='ltr'>ego</span> <span class='ocrx_word' id='word_1_556' title='bbox 824 3655 1117 3727; x_wconf 84' lang='lat' dir='ltr'>pontificali</span> <span class='ocrx_word' id='word_1_557' title='bbox 1146 3657 1467 3713; x_wconf 88' lang='lat' dir='ltr'>auctoritate</span> <span class='ocrx_word' id='word_1_558' title='bbox 1504 3666 1767 3731; x_wconf 88' lang='lat' dir='ltr'>quatenus</span> <span class='ocrx_word' id='word_1_559' title='bbox 1800 3659 1904 3715; x_wconf 91' lang='lat' dir='ltr'>tale</span> 
     </span>
    </p>
   </div>
   <div class='ocr_carea' id='block_1_69' title="bbox 308 3743 1907 3817">
    <p class='ocr_par' dir='ltr' id='par_1_69' title="bbox 308 3743 1907 3817">
     <span class='ocr_line' id='line_1_69' title="bbox 308 3743 1907 3817; baseline 0.004 -19"><span class='ocrx_word' id='word_1_560' title='bbox 308 3744 438 3814; x_wconf 89' lang='lat' dir='ltr'>quid</span> <span class='ocrx_word' id='word_1_561' title='bbox 468 3743 600 3799; x_wconf 91' lang='lat' dir='ltr'>inde</span> <span class='ocrx_word' id='word_1_562' title='bbox 641 3749 925 3813; x_wconf 84' lang='lat' dir='ltr'>statuatur,</span> <span class='ocrx_word' id='word_1_563' title='bbox 988 3745 1132 3815; x_wconf 89' lang='lat' dir='ltr'>quod</span> <span class='ocrx_word' id='word_1_564' title='bbox 1189 3762 1312 3801; x_wconf 90' lang='lat' dir='ltr'>cum</span> <span class='ocrx_word' id='word_1_565' title='bbox 1370 3763 1467 3817; x_wconf 92' lang='lat' dir='ltr'>per</span> <span class='ocrx_word' id='word_1_566' title='bbox 1522 3756 1691 3802; x_wconf 90' lang='lat' dir='ltr'>totum</span> <span class='ocrx_word' id='word_1_567' title='bbox 1747 3749 1907 3805; x_wconf 88' lang='lat' dir='ltr'>fuerit</span> 
     </span>
    </p>
   </div>
   <div class='ocr_carea' id='block_1_70' title="bbox 307 3833 1905 3910">
    <p class='ocr_par' dir='ltr' id='par_1_70' title="bbox 307 3833 1905 3910">
     <span class='ocr_line' id='line_1_70' title="bbox 307 3833 1905 3910; baseline 0.004 -24"><span class='ocrx_word' id='word_1_568' title='bbox 307 3848 543 3904; x_wconf 88' lang='lat' dir='ltr'>regnum</span> <span class='ocrx_word' id='word_1_569' title='bbox 575 3833 943 3905; x_wconf 84' lang='lat' dir='ltr'>divulgatum,</span> <span class='ocrx_word' id='word_1_570' title='bbox 991 3833 1111 3889; x_wconf 90' lang='lat' dir='ltr'>solo</span> <span class='ocrx_word' id='word_1_571' title='bbox 1158 3834 1321 3888; x_wconf 89' lang='lat' dir='ltr'>etiam</span> <span class='ocrx_word' id='word_1_572' title='bbox 1368 3836 1552 3891; x_wconf 89' lang='lat' dir='ltr'>auditu</span> <span class='ocrx_word' id='word_1_573' title='bbox 1600 3838 1905 3910; x_wconf 84' lang='lat' dir='ltr'>quicunque</span> 
     </span>
    </p>
   </div>
   <div class='ocr_carea' id='block_1_71' title="bbox 307 3919 1905 3993">
    <p class='ocr_par' dir='ltr' id='par_1_71' title="bbox 307 3919 1905 3993">
     <span class='ocr_line' id='line_1_71' title="bbox 307 3919 1905 3993; baseline 0.004 -18"><span class='ocrx_word' id='word_1_574' title='bbox 307 3919 451 3977; x_wconf 88' lang='lat' dir='ltr'>illius</span> <span class='ocrx_word' id='word_1_575' title='bbox 480 3921 663 3977; x_wconf 85' lang='lat' dir='ltr'>fautor</span> <span class='ocrx_word' id='word_1_576' title='bbox 691 3930 794 3989; x_wconf 89' lang='lat' dir='ltr'>est,</span> <span class='ocrx_word' id='word_1_577' title='bbox 826 3930 1021 3992; x_wconf 90' lang='lat' dir='ltr'>paveat</span> <span class='ocrx_word' id='word_1_578' title='bbox 1051 3930 1102 3978; x_wconf 90' lang='lat' dir='ltr'>et</span> <span class='ocrx_word' id='word_1_579' title='bbox 1130 3923 1481 3993; x_wconf 86' lang='lat' dir='ltr'>deprimatur.</span> <span class='ocrx_word' id='word_1_580' title='bbox 1536 3947 1557 3972; x_wconf 82' lang='grc' dir='ltr'><strong>υ</strong></span> <span class='ocrx_word' id='word_1_581' title='bbox 1589 3927 1710 3981; x_wconf 90' lang='lat' dir='ltr'>Non</span> <span class='ocrx_word' id='word_1_582' title='bbox 1740 3927 1905 3982; x_wconf 91' lang='lat' dir='ltr'>sede-</span> 
     </span>
    </p>
   </div>
   <div class='ocr_carea' id='block_1_72' title="bbox 311 4010 1901 4086">
    <p class='ocr_par' dir='ltr' id='par_1_72' title="bbox 311 4010 1901 4086">
     <span class='ocr_line' id='line_1_72' title="bbox 311 4010 1901 4086; baseline 0.004 -22"><span class='ocrx_word' id='word_1_583' title='bbox 311 4017 435 4064; x_wconf 85' lang='lat' dir='ltr'>runt</span> <span class='ocrx_word' id='word_1_584' title='bbox 463 4011 583 4065; x_wconf 60' lang='lat' dir='ltr'>haec</span> <span class='ocrx_word' id='word_1_585' title='bbox 613 4010 795 4066; x_wconf 90' lang='lat' dir='ltr'>animo</span> <span class='ocrx_word' id='word_1_586' title='bbox 826 4011 1110 4083; x_wconf 90' lang='lat' dir='ltr'>principis,</span> <span class='ocrx_word' id='word_1_587' title='bbox 1144 4019 1197 4067; x_wconf 91' lang='lat' dir='ltr'>et</span> <span class='ocrx_word' id='word_1_588' title='bbox 1223 4012 1413 4082; x_wconf 85' lang='lat' dir='ltr'>paucis</span> <span class='ocrx_word' id='word_1_589' title='bbox 1454 4013 1528 4067; x_wconf 91' lang='lat' dir='ltr'>ita</span> <span class='ocrx_word' id='word_1_590' title='bbox 1581 4015 1857 4086; x_wconf 89' lang='lat' dir='ltr'>respondit</span> <span class='ocrx_word' id='word_1_591' title='bbox 1890 4034 1901 4070; x_wconf 91' lang='lat'><strong>:</strong></span> 
     </span>
    </p>
   </div>
   <div class='ocr_carea' id='block_1_73' title="bbox 320 4098 1911 4173">
    <p class='ocr_par' dir='ltr' id='par_1_73' title="bbox 320 4098 1911 4173">
     <span class='ocr_line' id='line_1_73' title="bbox 320 4098 1911 4173; baseline 0.006 -23"><span class='ocrx_word' id='word_1_592' title='bbox 320 4114 341 4150; x_wconf 75' lang='grc' dir='ltr'>ι</span> <span class='ocrx_word' id='word_1_593' title='bbox 377 4099 443 4154; x_wconf 85' lang='grc' dir='ltr'>Ει</span> <span class='ocrx_word' id='word_1_594' title='bbox 470 4099 527 4152; x_wconf 89' lang='lat' dir='ltr'>in</span> <span class='ocrx_word' id='word_1_595' title='bbox 557 4100 661 4154; x_wconf 88' lang='lat' dir='ltr'>hac</span> <span class='ocrx_word' id='word_1_596' title='bbox 690 4115 748 4154; x_wconf 92' lang='lat' dir='ltr'>re</span> <span class='ocrx_word' id='word_1_597' title='bbox 780 4099 907 4170; x_wconf 90' lang='lat' dir='ltr'>quid</span> <span class='ocrx_word' id='word_1_598' title='bbox 937 4098 1089 4155; x_wconf 84' lang='lat' dir='ltr'>fieret</span> <span class='ocrx_word' id='word_1_599' title='bbox 1115 4116 1214 4170; x_wconf 91' lang='lat' dir='ltr'>pro</span> <span class='ocrx_word' id='word_1_600' title='bbox 1246 4106 1334 4155; x_wconf 83' lang='lat' dir='ltr'>te?</span> <span class='ocrx_word' id='word_1_601' title='bbox 1361 4101 1416 4157; x_wconf 90' lang='lat' dir='ltr'>Si</span> <span class='ocrx_word' id='word_1_602' title='bbox 1445 4117 1576 4169; x_wconf 92' lang='lat' dir='ltr'>non,</span> <span class='ocrx_word' id='word_1_603' title='bbox 1602 4102 1774 4173; x_wconf 85' lang='lat' dir='ltr'>inquit</span> <span class='ocrx_word' id='word_1_604' title='bbox 1795 4106 1911 4159; x_wconf 79' lang='lat' dir='ltr'>An-</span> 
     </span>
    </p>
   </div>
   <div class='ocr_carea' id='block_1_74' title="bbox 308 4187 1907 4261">
    <p class='ocr_par' dir='ltr' id='par_1_74' title="bbox 308 4187 1907 4261">
     <span class='ocr_line' id='line_1_74' title="bbox 308 4187 1907 4261; baseline 0.005 -20"><span class='ocrx_word' id='word_1_605' title='bbox 308 4187 533 4253; x_wconf 90' lang='lat' dir='ltr'>selmus,</span> <span class='ocrx_word' id='word_1_606' title='bbox 565 4204 664 4258; x_wconf 93' lang='lat' dir='ltr'>pro</span> <span class='ocrx_word' id='word_1_607' title='bbox 695 4205 801 4255; x_wconf 88' lang='lat' dir='ltr'>me,</span> <span class='ocrx_word' id='word_1_608' title='bbox 835 4204 996 4259; x_wconf 89' lang='lat' dir='ltr'>spero</span> <span class='ocrx_word' id='word_1_609' title='bbox 1025 4188 1177 4244; x_wconf 84' lang='lat' dir='ltr'>ﬁeret</span> <span class='ocrx_word' id='word_1_610' title='bbox 1208 4205 1308 4260; x_wconf 93' lang='lat' dir='ltr'>pro</span> <span class='ocrx_word' id='word_1_611' title='bbox 1338 4191 1478 4254; x_wconf 92' lang='lat' dir='ltr'>Deo,</span> <span class='ocrx_word' id='word_1_612' title='bbox 1510 4200 1559 4246; x_wconf 92' lang='lat' dir='ltr'>et</span> <span class='ocrx_word' id='word_1_613' title='bbox 1584 4199 1655 4247; x_wconf 91' lang='lat' dir='ltr'>te.</span> <span class='ocrx_word' id='word_1_614' title='bbox 1683 4193 1907 4261; x_wconf 75' lang='lat' dir='ltr'>Sufficit,</span> 
     </span>
    </p>
   </div>
   <div class='ocr_carea' id='block_1_75' title="bbox 311 4273 1339 4347">
    <p class='ocr_par' dir='ltr' id='par_1_75' title="bbox 311 4273 1339 4347">
     <span class='ocr_line' id='line_1_75' title="bbox 311 4273 1339 4347; baseline -0.003 -19"><span class='ocrx_word' id='word_1_615' title='bbox 311 4273 463 4342; x_wconf 78' lang='lat' dir='ltr'>dixit,</span> <span class='ocrx_word' id='word_1_616' title='bbox 499 4274 628 4330; x_wconf 86' lang='lat' dir='ltr'>nolo</span> <span class='ocrx_word' id='word_1_617' title='bbox 656 4275 784 4330; x_wconf 90' lang='lat' dir='ltr'>inde</span> <span class='ocrx_word' id='word_1_618' title='bbox 816 4276 953 4331; x_wconf 87' lang='lat' dir='ltr'>ultra</span> <span class='ocrx_word' id='word_1_619' title='bbox 993 4276 1252 4347; x_wconf 89' lang='lat' dir='ltr'>loquaris.</span> <span class='ocrx_word' id='word_1_620' title='bbox 1319 4300 1339 4325; x_wconf 82' lang='grc' dir='ltr'><strong>υ</strong></span> 
     </span>
    </p>
   </div>
   <div class='ocr_carea' id='block_1_76' title="bbox 308 4363 1909 4424">
    <p class='ocr_par' dir='ltr' id='par_1_76' title="bbox 308 4363 1909 4424">
     <span class='ocr_line' id='line_1_76' title="bbox 308 4363 1909 4424; baseline 0.004 -7"><span class='ocrx_word' id='word_1_621' title='bbox 308 4378 439 4418; x_wconf 81' lang='lat' dir='ltr'>mox</span> <span class='ocrx_word' id='word_1_622' title='bbox 469 4363 641 4419; x_wconf 90' lang='lat' dir='ltr'>verba</span> <span class='ocrx_word' id='word_1_623' title='bbox 670 4380 763 4418; x_wconf 87' lang='lat' dir='ltr'>sua</span> <span class='ocrx_word' id='word_1_624' title='bbox 789 4364 945 4421; x_wconf 88' lang='lat' dir='ltr'>vertit</span> <span class='ocrx_word' id='word_1_625' title='bbox 977 4366 1045 4419; x_wconf 90' lang='lat' dir='ltr'>ad</span> <span class='ocrx_word' id='word_1_626' title='bbox 1077 4365 1183 4420; x_wconf 90' lang='lat' dir='ltr'>alia</span> <span class='ocrx_word' id='word_1_627' title='bbox 1215 4366 1403 4421; x_wconf 86' lang='lat' dir='ltr'>dicens</span> <span class='ocrx_word' id='word_1_628' title='bbox 1437 4385 1448 4419; x_wconf 91' lang='lat'>:</span> <span class='ocrx_word' id='word_1_629' title='bbox 1489 4391 1509 4415; x_wconf 77' lang='grc' dir='ltr'>α</span> <span class='ocrx_word' id='word_1_630' title='bbox 1546 4368 1640 4422; x_wconf 83' lang='lat' dir='ltr'>Est</span> <span class='ocrx_word' id='word_1_631' title='bbox 1672 4376 1723 4423; x_wconf 90' lang='lat' dir='ltr'>et</span> <span class='ocrx_word' id='word_1_632' title='bbox 1763 4369 1909 4424; x_wconf 89' lang='lat' dir='ltr'>aliud</span> 
     </span>
    </p>
   </div>
   <div class='ocr_carea' id='block_1_77' title="bbox 310 4451 1909 4522">
    <p class='ocr_par' dir='ltr' id='par_1_77' title="bbox 310 4451 1909 4522">
     <span class='ocr_line' id='line_1_77' title="bbox 310 4451 1909 4522; baseline 0.004 -15"><span class='ocrx_word' id='word_1_633' title='bbox 310 4451 399 4507; x_wconf 90' lang='lat' dir='ltr'>cui</span> <span class='ocrx_word' id='word_1_634' title='bbox 432 4459 577 4507; x_wconf 90' lang='lat' dir='ltr'>tuam</span> <span class='ocrx_word' id='word_1_635' title='bbox 601 4452 923 4508; x_wconf 88' lang='lat' dir='ltr'>industriam</span> <span class='ocrx_word' id='word_1_636' title='bbox 946 4454 1229 4509; x_wconf 82' lang='lat' dir='ltr'>intendere</span> <span class='ocrx_word' id='word_1_637' title='bbox 1253 4456 1476 4522; x_wconf 88' lang='lat' dir='ltr'>vellem,</span> <span class='ocrx_word' id='word_1_638' title='bbox 1506 4463 1558 4510; x_wconf 87' lang='lat' dir='ltr'>et</span> <span class='ocrx_word' id='word_1_639' title='bbox 1579 4457 1909 4515; x_wconf 83' lang='lat' dir='ltr'>intendenda</span> 
     </span>
    </p>
   </div>
   <div class='ocr_carea' id='block_1_78' title="bbox 312 4539 1911 4617">
    <p class='ocr_par' dir='ltr' id='par_1_78' title="bbox 312 4539 1911 4617">
     <span class='ocr_line' id='line_1_78' title="bbox 312 4539 1911 4617; baseline 0.004 -22"><span class='ocrx_word' id='word_1_640' title='bbox 312 4539 530 4595; x_wconf 87' lang='lat' dir='ltr'>consilii</span> <span class='ocrx_word' id='word_1_641' title='bbox 559 4540 637 4595; x_wconf 88' lang='lat' dir='ltr'>tui</span> <span class='ocrx_word' id='word_1_642' title='bbox 671 4556 891 4595; x_wconf 88' lang='lat' dir='ltr'>manum</span> <span class='ocrx_word' id='word_1_643' title='bbox 922 4544 1240 4598; x_wconf 82' lang='lat' dir='ltr'>extendere.</span> <span class='ocrx_word' id='word_1_644' title='bbox 1281 4543 1535 4599; x_wconf 70' lang='lat' dir='ltr'>Abbatire</span> <span class='ocrx_word' id='word_1_645' title='bbox 1565 4546 1911 4617; x_wconf 85' lang='lat' dir='ltr'>quamplures</span> 
     </span>
    </p>
   </div>
   <div class='ocr_carea' id='block_1_79' title="bbox 310 4629 1901 4704">
    <p class='ocr_par' dir='ltr' id='par_1_79' title="bbox 310 4629 1901 4704">
     <span class='ocr_line' id='line_1_79' title="bbox 310 4629 1901 4704; baseline 0.006 -22"><span class='ocrx_word' id='word_1_646' title='bbox 310 4632 439 4682; x_wconf 84' lang='lat' dir='ltr'>sunt</span> <span class='ocrx_word' id='word_1_647' title='bbox 468 4630 524 4684; x_wconf 93' lang='lat' dir='ltr'>in</span> <span class='ocrx_word' id='word_1_648' title='bbox 554 4629 655 4685; x_wconf 89' lang='lat' dir='ltr'>hac</span> <span class='ocrx_word' id='word_1_649' title='bbox 686 4637 827 4685; x_wconf 91' lang='lat' dir='ltr'>terra</span> <span class='ocrx_word' id='word_1_650' title='bbox 857 4630 970 4685; x_wconf 91' lang='lat' dir='ltr'>suis</span> <span class='ocrx_word' id='word_1_651' title='bbox 996 4632 1306 4702; x_wconf 86' lang='lat' dir='ltr'>pastoribus</span> <span class='ocrx_word' id='word_1_652' title='bbox 1366 4633 1631 4689; x_wconf 58' lang='lat' dir='ltr'>destitute.</span> <span class='ocrx_word' id='word_1_653' title='bbox 1693 4634 1901 4704; x_wconf 91' lang='lat' dir='ltr'>Quam-</span> 
     </span>
    </p>
   </div>
   <div class='ocr_carea' id='block_1_80' title="bbox 313 4716 1907 4792">
    <p class='ocr_par' dir='ltr' id='par_1_80' title="bbox 313 4716 1907 4792">
     <span class='ocr_line' id='line_1_80' title="bbox 313 4716 1907 4792; baseline 0.004 -21"><span class='ocrx_word' id='word_1_654' title='bbox 313 4716 505 4772; x_wconf 89' lang='lat' dir='ltr'>obrem</span> <span class='ocrx_word' id='word_1_655' title='bbox 535 4720 808 4785; x_wconf 87' lang='lat' dir='ltr'>monachi,</span> <span class='ocrx_word' id='word_1_656' title='bbox 843 4717 1031 4775; x_wconf 88' lang='lat' dir='ltr'>relicto</span> <span class='ocrx_word' id='word_1_657' title='bbox 1061 4720 1253 4776; x_wconf 93' lang='lat' dir='ltr'>ordine</span> <span class='ocrx_word' id='word_1_658' title='bbox 1281 4736 1401 4790; x_wconf 93' lang='lat' dir='ltr'>suo,</span> <span class='ocrx_word' id='word_1_659' title='bbox 1424 4738 1524 4792; x_wconf 91' lang='lat' dir='ltr'>per</span> <span class='ocrx_word' id='word_1_660' title='bbox 1551 4724 1709 4778; x_wconf 82' lang='lat' dir='ltr'>luxus</span> <span class='ocrx_word' id='word_1_661' title='bbox 1728 4726 1907 4780; x_wconf 64' lang='lat' dir='ltr'>saeculi</span> 
     </span>
    </p>
   </div>
   <div class='ocr_carea' id='block_1_81' title="bbox 310 4806 1903 4875">
    <p class='ocr_par' dir='ltr' id='par_1_81' title="bbox 310 4806 1903 4875">
     <span class='ocr_line' id='line_1_81' title="bbox 310 4806 1903 4875; baseline 0.006 -16"><span class='ocrx_word' id='word_1_662' title='bbox 310 4806 539 4875; x_wconf 88' lang='lat' dir='ltr'>vadunt,</span> <span class='ocrx_word' id='word_1_663' title='bbox 584 4814 639 4862; x_wconf 88' lang='lat' dir='ltr'>et</span> <span class='ocrx_word' id='word_1_664' title='bbox 685 4807 802 4862; x_wconf 91' lang='lat' dir='ltr'>sine</span> <span class='ocrx_word' id='word_1_665' title='bbox 841 4808 1190 4865; x_wconf 88' lang='lat' dir='ltr'>confessione</span> <span class='ocrx_word' id='word_1_666' title='bbox 1239 4810 1307 4865; x_wconf 89' lang='lat' dir='ltr'>de</span> <span class='ocrx_word' id='word_1_667' title='bbox 1366 4811 1469 4866; x_wconf 88' lang='lat' dir='ltr'>hac</span> <span class='ocrx_word' id='word_1_668' title='bbox 1514 4812 1623 4866; x_wconf 88' lang='lat' dir='ltr'>vita</span> <span class='ocrx_word' id='word_1_669' title='bbox 1680 4821 1903 4869; x_wconf 84' lang='lat' dir='ltr'>exeunt.</span> 
     </span>
    </p>
   </div>
   <div class='ocr_carea' id='block_1_82' title="bbox 311 4894 1906 4971">
    <p class='ocr_par' dir='ltr' id='par_1_82' title="bbox 311 4894 1906 4971">
     <span class='ocr_line' id='line_1_82' title="bbox 311 4894 1906 4971; baseline 0.006 -22"><span class='ocrx_word' id='word_1_670' title='bbox 311 4894 464 4950; x_wconf 91' lang='lat' dir='ltr'>Unde</span> <span class='ocrx_word' id='word_1_671' title='bbox 510 4896 757 4965; x_wconf 90' lang='lat' dir='ltr'>consulo,</span> <span class='ocrx_word' id='word_1_672' title='bbox 809 4912 1021 4966; x_wconf 88' lang='lat' dir='ltr'>precor,</span> <span class='ocrx_word' id='word_1_673' title='bbox 1071 4914 1287 4966; x_wconf 85' lang='lat' dir='ltr'>moneo,</span> <span class='ocrx_word' id='word_1_674' title='bbox 1336 4908 1607 4971; x_wconf 89' lang='lat' dir='ltr'>quatenus</span> <span class='ocrx_word' id='word_1_675' title='bbox 1653 4909 1801 4957; x_wconf 88' lang='lat' dir='ltr'>tanta</span> <span class='ocrx_word' id='word_1_676' title='bbox 1849 4919 1906 4958; x_wconf 91' lang='lat' dir='ltr'>re</span> 
     </span>
    </p>
   </div>
   <div class='ocr_carea' id='block_1_83' title="bbox 309 4981 1904 5062">
    <p class='ocr_par' dir='ltr' id='par_1_83' title="bbox 309 4981 1904 5062">
     <span class='ocr_line' id='line_1_83' title="bbox 309 4981 1904 5062; baseline 0.006 -26"><span class='ocrx_word' id='word_1_677' title='bbox 309 4981 606 5055; x_wconf 86' lang='lat' dir='ltr'>diligenter</span> <span class='ocrx_word' id='word_1_678' title='bbox 635 4985 875 5056; x_wconf 89' lang='lat' dir='ltr'>inspecta</span> <span class='ocrx_word' id='word_1_679' title='bbox 904 4988 1199 5042; x_wconf 91' lang='lat' dir='ltr'>secundum</span> <span class='ocrx_word' id='word_1_680' title='bbox 1260 4989 1592 5045; x_wconf 88' lang='lat' dir='ltr'>voluntatem</span> <span class='ocrx_word' id='word_1_681' title='bbox 1636 4991 1760 5062; x_wconf 90' lang='lat' dir='ltr'>Dei,</span> <span class='ocrx_word' id='word_1_682' title='bbox 1800 4991 1904 5046; x_wconf 93' lang='lat' dir='ltr'>ab-</span> 
     </span>
    </p>
   </div>
   <div class='ocr_carea' id='block_1_84' title="bbox 307 5070 1905 5143">
    <p class='ocr_par' dir='ltr' id='par_1_84' title="bbox 307 5070 1905 5143">
     <span class='ocr_line' id='line_1_84' title="bbox 307 5070 1905 5143; baseline 0.006 -17"><span class='ocrx_word' id='word_1_683' title='bbox 307 5070 465 5128; x_wconf 86' lang='lat' dir='ltr'>bates</span> <span class='ocrx_word' id='word_1_684' title='bbox 492 5073 602 5129; x_wconf 90' lang='lat' dir='ltr'>illis</span> <span class='ocrx_word' id='word_1_685' title='bbox 630 5074 900 5143; x_wconf 88' lang='lat' dir='ltr'>instituas,</span> <span class='ocrx_word' id='word_1_686' title='bbox 933 5091 1001 5131; x_wconf 91' lang='lat' dir='ltr'>ne</span> <span class='ocrx_word' id='word_1_687' title='bbox 1028 5076 1086 5130; x_wconf 92' lang='lat' dir='ltr'>in</span> <span class='ocrx_word' id='word_1_688' title='bbox 1115 5077 1481 5134; x_wconf 90' lang='lat' dir='ltr'>destructione</span> <span class='ocrx_word' id='word_1_689' title='bbox 1517 5080 1905 5136; x_wconf 89' lang='lat' dir='ltr'>monasterium</span> 
     </span>
    </p>
   </div>
   <div class='ocr_carea' id='block_1_85' title="bbox 307 5161 1901 5237">
    <p class='ocr_par' dir='ltr' id='par_1_85' title="bbox 307 5161 1901 5237">
     <span class='ocr_line' id='line_1_85' title="bbox 307 5161 1901 5237; baseline 0.006 -23"><span class='ocrx_word' id='word_1_690' title='bbox 307 5168 365 5215; x_wconf 90' lang='lat' dir='ltr'>et</span> <span class='ocrx_word' id='word_1_691' title='bbox 394 5161 697 5231; x_wconf 91' lang='lat' dir='ltr'>perditione</span> <span class='ocrx_word' id='word_1_692' title='bbox 723 5164 1116 5219; x_wconf 89' lang='lat' dir='ltr'>monachorum</span> <span class='ocrx_word' id='word_1_693' title='bbox 1146 5165 1262 5234; x_wconf 89' lang='lat' dir='ltr'>tibi,</span> <span class='ocrx_word' id='word_1_694' title='bbox 1296 5167 1442 5236; x_wconf 89' lang='lat' dir='ltr'>quod</span> <span class='ocrx_word' id='word_1_695' title='bbox 1468 5166 1624 5237; x_wconf 90' lang='lat' dir='ltr'>absit,</span> <span class='ocrx_word' id='word_1_696' title='bbox 1670 5169 1901 5223; x_wconf 88' lang='lat' dir='ltr'>damna-</span> 
     </span>
    </p>
   </div>
   <div class='ocr_carea' id='block_1_86' title="bbox 304 5248 1902 5329">
    <p class='ocr_par' dir='ltr' id='par_1_86' title="bbox 304 5248 1902 5329">
     <span class='ocr_line' id='line_1_86' title="bbox 304 5248 1902 5329; baseline 0.006 -27"><span class='ocrx_word' id='word_1_697' title='bbox 304 5248 515 5307; x_wconf 85' lang='lat' dir='ltr'>tionem</span> <span class='ocrx_word' id='word_1_698' title='bbox 561 5252 830 5321; x_wconf 84' lang='lat' dir='ltr'>acquiras.</span> <span class='ocrx_word' id='word_1_699' title='bbox 868 5275 890 5300; x_wconf 74' lang='lat' dir='ltr'>n</span> <span class='ocrx_word' id='word_1_700' title='bbox 953 5253 1073 5308; x_wconf 88' lang='lat' dir='ltr'>Non</span> <span class='ocrx_word' id='word_1_701' title='bbox 1130 5255 1312 5324; x_wconf 86' lang='lat' dir='ltr'>potuit</span> <span class='ocrx_word' id='word_1_702' title='bbox 1362 5255 1597 5326; x_wconf 89' lang='lat' dir='ltr'>amplius</span> <span class='ocrx_word' id='word_1_703' title='bbox 1651 5257 1902 5329; x_wconf 91' lang='lat' dir='ltr'>spiritum</span> 
     </span>
    </p>
   </div>
   <div class='ocr_carea' id='block_1_87' title="bbox 2006 3210 3605 3283">
    <p class='ocr_par' dir='ltr' id='par_1_87' title="bbox 2006 3210 3605 3283">
     <span class='ocr_line' id='line_1_87' title="bbox 2006 3210 3605 3283; baseline 0.001 -18"><span class='ocrx_word' id='word_1_704' title='bbox 2006 3211 2126 3265; x_wconf 82' lang='lat' dir='ltr'>Jam</span> <span class='ocrx_word' id='word_1_705' title='bbox 2159 3227 2332 3281; x_wconf 91' lang='lat' dir='ltr'>nuper</span> <span class='ocrx_word' id='word_1_706' title='bbox 2358 3211 2603 3266; x_wconf 90' lang='lat' dir='ltr'>obtulisti</span> <span class='ocrx_word' id='word_1_707' title='bbox 2632 3211 2681 3266; x_wconf 88' lang='lat' dir='ltr'>ei</span> <span class='ocrx_word' id='word_1_708' title='bbox 2713 3213 3044 3283; x_wconf 77' lang='lat' dir='ltr'>quingentas</span> <span class='ocrx_word' id='word_1_709' title='bbox 3076 3210 3277 3278; x_wconf 87' lang='lat' dir='ltr'>libras;</span> <span class='ocrx_word' id='word_1_710' title='bbox 3318 3211 3417 3266; x_wconf 92' lang='lat' dir='ltr'>sed</span> <span class='ocrx_word' id='word_1_711' title='bbox 3462 3225 3605 3282; x_wconf 88' lang='lat' dir='ltr'>quo-</span> 
     </span>
    </p>
   </div>
   <div class='ocr_carea' id='block_1_88' title="bbox 2009 3299 3605 3370">
    <p class='ocr_par' dir='ltr' id='par_1_88' title="bbox 2009 3299 3605 3370">
     <span class='ocr_line' id='line_1_88' title="bbox 2009 3299 3605 3370; baseline 0.001 -18"><span class='ocrx_word' id='word_1_712' title='bbox 2009 3299 2152 3353; x_wconf 89' lang='lat' dir='ltr'>niam</span> <span class='ocrx_word' id='word_1_713' title='bbox 2200 3315 2389 3370; x_wconf 91' lang='lat' dir='ltr'>parum</span> <span class='ocrx_word' id='word_1_714' title='bbox 2437 3299 2540 3354; x_wconf 91' lang='lat' dir='ltr'>sibi</span> <span class='ocrx_word' id='word_1_715' title='bbox 2589 3300 2763 3355; x_wconf 89' lang='lat' dir='ltr'>visum</span> <span class='ocrx_word' id='word_1_716' title='bbox 2816 3308 2918 3365; x_wconf 88' lang='lat' dir='ltr'>est,</span> <span class='ocrx_word' id='word_1_717' title='bbox 2971 3300 3140 3354; x_wconf 90' lang='lat' dir='ltr'>noluit</span> <span class='ocrx_word' id='word_1_718' title='bbox 3181 3300 3304 3354; x_wconf 90' lang='lat' dir='ltr'>illas</span> <span class='ocrx_word' id='word_1_719' title='bbox 3334 3300 3605 3370; x_wconf 89' lang='lat' dir='ltr'>recipere.</span> 
     </span>
    </p>
   </div>
   <div class='ocr_carea' id='block_1_89' title="bbox 2007 3387 3611 3456">
    <p class='ocr_par' dir='ltr' id='par_1_89' title="bbox 2007 3387 3611 3456">
     <span class='ocr_line' id='line_1_89' title="bbox 2007 3387 3611 3456; baseline -0.001 -14"><span class='ocrx_word' id='word_1_720' title='bbox 2007 3388 2167 3444; x_wconf 91' lang='lat' dir='ltr'>Nunc</span> <span class='ocrx_word' id='word_1_721' title='bbox 2197 3388 2241 3441; x_wconf 92' lang='lat' dir='ltr'>si</span> <span class='ocrx_word' id='word_1_722' title='bbox 2269 3388 2353 3443; x_wconf 86' lang='lat' dir='ltr'>vis</span> <span class='ocrx_word' id='word_1_723' title='bbox 2384 3397 2570 3442; x_wconf 91' lang='lat' dir='ltr'>nostro</span> <span class='ocrx_word' id='word_1_724' title='bbox 2600 3387 2829 3443; x_wconf 89' lang='lat' dir='ltr'>consilio</span> <span class='ocrx_word' id='word_1_725' title='bbox 2848 3388 3097 3455; x_wconf 88' lang='lat' dir='ltr'>credere,</span> <span class='ocrx_word' id='word_1_726' title='bbox 3123 3395 3175 3441; x_wconf 91' lang='lat' dir='ltr'>et</span> <span class='ocrx_word' id='word_1_727' title='bbox 3197 3388 3341 3456; x_wconf 90' lang='lat' dir='ltr'>quod</span> <span class='ocrx_word' id='word_1_728' title='bbox 3362 3387 3415 3441; x_wconf 93' lang='lat' dir='ltr'>in</span> <span class='ocrx_word' id='word_1_729' title='bbox 3443 3387 3611 3441; x_wconf 90' lang='lat' dir='ltr'>simili</span> 
     </span>
    </p>
   </div>
   <div class='ocr_carea' id='block_1_90' title="bbox 2010 3475 3612 3548">
    <p class='ocr_par' dir='ltr' id='par_1_90' title="bbox 2010 3475 3612 3548">
     <span class='ocr_line' id='line_1_90' title="bbox 2010 3475 3612 3548; baseline -0.001 -17"><span class='ocrx_word' id='word_1_730' title='bbox 2010 3477 2230 3548; x_wconf 84' lang='lat' dir='ltr'>negotio</span> <span class='ocrx_word' id='word_1_731' title='bbox 2257 3476 2492 3532; x_wconf 88' lang='lat' dir='ltr'>facimus</span> <span class='ocrx_word' id='word_1_732' title='bbox 2524 3484 2574 3531; x_wconf 90' lang='lat' dir='ltr'>te</span> <span class='ocrx_word' id='word_1_733' title='bbox 2605 3490 2818 3545; x_wconf 89' lang='lat' dir='ltr'>quoque</span> <span class='ocrx_word' id='word_1_734' title='bbox 2850 3475 3028 3531; x_wconf 86' lang='lat' dir='ltr'>facere</span> <span class='ocrx_word' id='word_1_735' title='bbox 3073 3476 3367 3530; x_wconf 90' lang='lat' dir='ltr'>suademus</span> <span class='ocrx_word' id='word_1_736' title='bbox 3403 3492 3416 3529; x_wconf 91' lang='lat'>:</span> <span class='ocrx_word' id='word_1_737' title='bbox 3468 3475 3612 3545; x_wconf 87' lang='lat' dir='ltr'>ipsas</span> 
     </span>
    </p>
   </div>
   <div class='ocr_carea' id='block_1_91' title="bbox 2011 3564 3610 3638">
    <p class='ocr_par' dir='ltr' id='par_1_91' title="bbox 2011 3564 3610 3638">
     <span class='ocr_line' id='line_1_91' title="bbox 2011 3564 3610 3638; baseline -0.003 -16"><span class='ocrx_word' id='word_1_738' title='bbox 2011 3566 2062 3622; x_wconf 91' lang='lat' dir='ltr'>ei</span> <span class='ocrx_word' id='word_1_739' title='bbox 2096 3566 2421 3638; x_wconf 86' lang='lat' dir='ltr'>quingentas</span> <span class='ocrx_word' id='word_1_740' title='bbox 2445 3564 2616 3620; x_wconf 90' lang='lat' dir='ltr'>libras</span> <span class='ocrx_word' id='word_1_741' title='bbox 2646 3566 2717 3619; x_wconf 89' lang='lat' dir='ltr'>ad</span> <span class='ocrx_word' id='word_1_742' title='bbox 2748 3580 2992 3635; x_wconf 69' lang='lat' dir='ltr'>prmsens</span> <span class='ocrx_word' id='word_1_743' title='bbox 3022 3564 3112 3632; x_wconf 89' lang='lat' dir='ltr'>da,</span> <span class='ocrx_word' id='word_1_744' title='bbox 3161 3569 3216 3619; x_wconf 86' lang='lat' dir='ltr'>et</span> <span class='ocrx_word' id='word_1_745' title='bbox 3275 3564 3610 3619; x_wconf 89' lang='lat' dir='ltr'>tantumdem</span> 
     </span>
    </p>
   </div>
   <div class='ocr_carea' id='block_1_92' title="bbox 2012 3653 3610 3726">
    <p class='ocr_par' dir='ltr' id='par_1_92' title="bbox 2012 3653 3610 3726">
     <span class='ocr_line' id='line_1_92' title="bbox 2012 3653 3610 3726; baseline -0.002 -16"><span class='ocrx_word' id='word_1_746' title='bbox 2012 3654 2260 3726; x_wconf 68' lang='lat' dir='ltr'>pecuniae</span> <span class='ocrx_word' id='word_1_747' title='bbox 2291 3670 2456 3726; x_wconf 87' lang='lat' dir='ltr'>quam</span> <span class='ocrx_word' id='word_1_748' title='bbox 2503 3654 2571 3708; x_wconf 82' lang='lat' dir='ltr'>ab</span> <span class='ocrx_word' id='word_1_749' title='bbox 2602 3654 2913 3709; x_wconf 88' lang='lat' dir='ltr'>hominibus</span> <span class='ocrx_word' id='word_1_750' title='bbox 2946 3654 3052 3709; x_wconf 84' lang='lat' dir='ltr'>tuis</span> <span class='ocrx_word' id='word_1_751' title='bbox 3083 3654 3318 3723; x_wconf 88' lang='lat' dir='ltr'>accipies</span> <span class='ocrx_word' id='word_1_752' title='bbox 3351 3653 3430 3707; x_wconf 91' lang='lat' dir='ltr'>illi</span> <span class='ocrx_word' id='word_1_753' title='bbox 3472 3669 3610 3723; x_wconf 91' lang='lat' dir='ltr'>pro-</span> 
     </span>
    </p>
   </div>
   <div class='ocr_carea' id='block_1_93' title="bbox 2016 3741 3612 3813">
    <p class='ocr_par' dir='ltr' id='par_1_93' title="bbox 2016 3741 3612 3813">
     <span class='ocr_line' id='line_1_93' title="bbox 2016 3741 3612 3813; baseline 0 -17"><span class='ocrx_word' id='word_1_754' title='bbox 2016 3743 2204 3805; x_wconf 91' lang='lat' dir='ltr'>mitte;</span> <span class='ocrx_word' id='word_1_755' title='bbox 2239 3750 2290 3797; x_wconf 86' lang='lat' dir='ltr'>et</span> <span class='ocrx_word' id='word_1_756' title='bbox 2331 3742 2655 3798; x_wconf 85' lang='lat' dir='ltr'>conﬁdimus</span> <span class='ocrx_word' id='word_1_757' title='bbox 2704 3742 2848 3813; x_wconf 90' lang='lat' dir='ltr'>quod</span> <span class='ocrx_word' id='word_1_758' title='bbox 2892 3746 2947 3797; x_wconf 88' lang='lat' dir='ltr'>et</span> <span class='ocrx_word' id='word_1_759' title='bbox 2994 3741 3089 3796; x_wconf 92' lang='lat' dir='ltr'>tibi</span> <span class='ocrx_word' id='word_1_760' title='bbox 3137 3741 3427 3797; x_wconf 90' lang='lat' dir='ltr'>amicitiam</span> <span class='ocrx_word' id='word_1_761' title='bbox 3457 3758 3612 3797; x_wconf 89' lang='lat' dir='ltr'>suam</span> 
     </span>
    </p>
   </div>
   <div class='ocr_carea' id='block_1_94' title="bbox 2014 3831 3610 3903">
    <p class='ocr_par' dir='ltr' id='par_1_94' title="bbox 2014 3831 3610 3903">
     <span class='ocr_line' id='line_1_94' title="bbox 2014 3831 3610 3903; baseline 0 -16"><span class='ocrx_word' id='word_1_762' title='bbox 2014 3831 2282 3894; x_wconf 81' lang='lat' dir='ltr'>restituet,</span> <span class='ocrx_word' id='word_1_763' title='bbox 2305 3838 2359 3886; x_wconf 89' lang='lat' dir='ltr'>et</span> <span class='ocrx_word' id='word_1_764' title='bbox 2390 3839 2536 3886; x_wconf 92' lang='lat' dir='ltr'>tuam</span> <span class='ocrx_word' id='word_1_765' title='bbox 2566 3839 2623 3886; x_wconf 90' lang='lat' dir='ltr'>ut</span> <span class='ocrx_word' id='word_1_766' title='bbox 2654 3832 2806 3887; x_wconf 90' lang='lat' dir='ltr'>voles</span> <span class='ocrx_word' id='word_1_767' title='bbox 2836 3847 3030 3903; x_wconf 88' lang='lat' dir='ltr'>pacem</span> <span class='ocrx_word' id='word_1_768' title='bbox 3068 3831 3269 3887; x_wconf 87' lang='lat' dir='ltr'>habere</span> <span class='ocrx_word' id='word_1_769' title='bbox 3312 3831 3610 3902; x_wconf 88' lang='lat' dir='ltr'>permittet.</span> 
     </span>
    </p>
   </div>
   <div class='ocr_carea' id='block_1_95' title="bbox 2016 3919 3615 3992">
    <p class='ocr_par' dir='ltr' id='par_1_95' title="bbox 2016 3919 3615 3992">
     <span class='ocr_line' id='line_1_95' title="bbox 2016 3919 3615 3992; baseline 0 -17"><span class='ocrx_word' id='word_1_770' title='bbox 2016 3920 2194 3975; x_wconf 89' lang='lat' dir='ltr'>Aliam</span> <span class='ocrx_word' id='word_1_771' title='bbox 2225 3935 2332 3991; x_wconf 90' lang='lat' dir='ltr'>qua</span> <span class='ocrx_word' id='word_1_772' title='bbox 2362 3936 2526 3975; x_wconf 82' lang='lat' dir='ltr'>exeas</span> <span class='ocrx_word' id='word_1_773' title='bbox 2548 3920 2696 3975; x_wconf 90' lang='lat' dir='ltr'>viam</span> <span class='ocrx_word' id='word_1_774' title='bbox 2726 3937 2835 3975; x_wconf 92' lang='lat' dir='ltr'>non</span> <span class='ocrx_word' id='word_1_775' title='bbox 2877 3920 3162 3989; x_wconf 87' lang='lat' dir='ltr'>videmus;</span> <span class='ocrx_word' id='word_1_776' title='bbox 3209 3935 3309 3977; x_wconf 91' lang='lat' dir='ltr'>nec</span> <span class='ocrx_word' id='word_1_777' title='bbox 3355 3936 3455 3977; x_wconf 91' lang='lat' dir='ltr'>nos</span> <span class='ocrx_word' id='word_1_778' title='bbox 3495 3919 3615 3992; x_wconf 89' lang='lat' dir='ltr'>pari</span> 
     </span>
    </p>
   </div>
   <div class='ocr_carea' id='block_1_96' title="bbox 2021 4009 3614 4080">
    <p class='ocr_par' dir='ltr' id='par_1_96' title="bbox 2021 4009 3614 4080">
     <span class='ocr_line' id='line_1_96' title="bbox 2021 4009 3614 4080; baseline 0.003 -18"><span class='ocrx_word' id='word_1_779' title='bbox 2021 4009 2268 4080; x_wconf 90' lang='lat' dir='ltr'>angustia</span> <span class='ocrx_word' id='word_1_780' title='bbox 2294 4009 2463 4064; x_wconf 85' lang='lat' dir='ltr'>clausi</span> <span class='ocrx_word' id='word_1_781' title='bbox 2512 4009 2676 4064; x_wconf 88' lang='lat' dir='ltr'>aliam</span> <span class='ocrx_word' id='word_1_782' title='bbox 2722 4009 2953 4065; x_wconf 89' lang='lat' dir='ltr'>exeundi</span> <span class='ocrx_word' id='word_1_783' title='bbox 3008 4010 3295 4065; x_wconf 86' lang='lat' dir='ltr'>habemus.</span> <span class='ocrx_word' id='word_1_784' title='bbox 3333 4033 3356 4058; x_wconf 78' lang='grc' dir='ltr'><strong><em>ιι</em></strong></span> <span class='ocrx_word' id='word_1_785' title='bbox 3398 4009 3475 4065; x_wconf 83' lang='lat' dir='ltr'>At</span> <span class='ocrx_word' id='word_1_786' title='bbox 3520 4010 3614 4066; x_wconf 88' lang='lat' dir='ltr'>ille</span> 
     </span>
    </p>
   </div>
   <div class='ocr_carea' id='block_1_97' title="bbox 2018 4096 3608 4169">
    <p class='ocr_par' dir='ltr' id='par_1_97' title="bbox 2018 4096 3608 4169">
     <span class='ocr_line' id='line_1_97' title="bbox 2018 4096 3608 4169; baseline 0 -16"><span class='ocrx_word' id='word_1_787' title='bbox 2018 4098 2271 4153; x_wconf 91' lang='lat' dir='ltr'>continuo</span> <span class='ocrx_word' id='word_1_788' title='bbox 2302 4096 2615 4167; x_wconf 89' lang='lat' dir='ltr'>intelligens</span> <span class='ocrx_word' id='word_1_789' title='bbox 2648 4097 2737 4167; x_wconf 89' lang='lat' dir='ltr'>qui</span> <span class='ocrx_word' id='word_1_790' title='bbox 2767 4097 2979 4153; x_wconf 90' lang='lat' dir='ltr'>consilii</span> <span class='ocrx_word' id='word_1_791' title='bbox 3010 4099 3170 4167; x_wconf 84' lang='lat' dir='ltr'>hujus</span> <span class='ocrx_word' id='word_1_792' title='bbox 3201 4096 3421 4153; x_wconf 79' lang='lat' dir='ltr'>effectus</span> <span class='ocrx_word' id='word_1_793' title='bbox 3462 4114 3608 4169; x_wconf 67' lang='lat' dir='ltr'>prae-</span> 
     </span>
    </p>
   </div>
   <div class='ocr_carea' id='block_1_98' title="bbox 2019 4185 3612 4253">
    <p class='ocr_par' dir='ltr' id='par_1_98' title="bbox 2019 4185 3612 4253">
     <span class='ocr_line' id='line_1_98' title="bbox 2019 4185 3612 4253; baseline 0 -13"><span class='ocrx_word' id='word_1_794' title='bbox 2019 4186 2288 4253; x_wconf 88' lang='lat' dir='ltr'>tenderet,</span> <span class='ocrx_word' id='word_1_795' title='bbox 2322 4186 2395 4239; x_wconf 91' lang='lat' dir='ltr'>ait</span> <span class='ocrx_word' id='word_1_796' title='bbox 2428 4200 2439 4238; x_wconf 89' lang='lat'><strong>:</strong></span> <span class='ocrx_word' id='word_1_797' title='bbox 2478 4209 2499 4233; x_wconf 81' lang='grc' dir='ltr'>ιι</span> <span class='ocrx_word' id='word_1_798' title='bbox 2535 4185 2687 4239; x_wconf 82' lang='lat' dir='ltr'>Absit</span> <span class='ocrx_word' id='word_1_799' title='bbox 2716 4185 2808 4241; x_wconf 91' lang='lat' dir='ltr'>hic</span> <span class='ocrx_word' id='word_1_800' title='bbox 2837 4186 3010 4241; x_wconf 86' lang='lat' dir='ltr'>exitus</span> <span class='ocrx_word' id='word_1_801' title='bbox 3040 4202 3071 4240; x_wconf 90' lang='lat' dir='ltr'>a</span> <span class='ocrx_word' id='word_1_802' title='bbox 3129 4187 3249 4240; x_wconf 85' lang='lat' dir='ltr'>me!</span> <span class='ocrx_word' id='word_1_803' title='bbox 3299 4187 3439 4241; x_wconf 87' lang='lat' dir='ltr'>Nam</span> <span class='ocrx_word' id='word_1_804' title='bbox 3488 4202 3612 4241; x_wconf 91' lang='lat' dir='ltr'>cum</span> 
     </span>
    </p>
   </div>
   <div class='ocr_carea' id='block_1_99' title="bbox 1396 4272 3612 4348">
    <p class='ocr_par' dir='ltr' id='par_1_99' title="bbox 1396 4272 3612 4348">
     <span class='ocr_line' id='line_1_99' title="bbox 1396 4272 3612 4348; baseline -0 -18"><span class='ocrx_word' id='word_1_805' title='bbox 1396 4279 1584 4334; x_wconf 85' lang='lat' dir='ltr'>Tacuit</span> <span class='ocrx_word' id='word_1_806' title='bbox 1641 4279 1748 4348; x_wconf 81' lang='lat' dir='ltr'>ille,</span> <span class='ocrx_word' id='word_1_807' title='bbox 1807 4282 1905 4336; x_wconf 80' lang='lat' dir='ltr'>sed</span> <span class='ocrx_word' id='word_1_808' title='bbox 1938 4285 1994 4346; x_wconf 84' lang='lat' dir='ltr'>D</span> <span class='ocrx_word' id='word_1_809' title='bbox 2017 4274 2133 4345; x_wconf 91' lang='lat' dir='ltr'>ipse</span> <span class='ocrx_word' id='word_1_810' title='bbox 2166 4274 2293 4328; x_wconf 86' lang='lat' dir='ltr'>mihi</span> <span class='ocrx_word' id='word_1_811' title='bbox 2312 4274 2467 4343; x_wconf 84' lang='lat' dir='ltr'>juxta</span> <span class='ocrx_word' id='word_1_812' title='bbox 2495 4274 2641 4343; x_wconf 90' lang='lat' dir='ltr'>quod</span> <span class='ocrx_word' id='word_1_813' title='bbox 2671 4273 2869 4340; x_wconf 91' lang='lat' dir='ltr'>dicitis,</span> <span class='ocrx_word' id='word_1_814' title='bbox 2903 4274 3107 4328; x_wconf 90' lang='lat' dir='ltr'>nullam</span> <span class='ocrx_word' id='word_1_815' title='bbox 3130 4273 3361 4343; x_wconf 89' lang='lat' dir='ltr'>alicujus</span> <span class='ocrx_word' id='word_1_816' title='bbox 3384 4272 3612 4329; x_wconf 68' lang='lat' dir='ltr'>oﬂensm</span> 
     </span>
    </p>
   </div>
   <div class='ocr_carea' id='block_1_100' title="bbox 2010 4362 3613 4433">
    <p class='ocr_par' dir='ltr' id='par_1_100' title="bbox 2010 4362 3613 4433">
     <span class='ocr_line' id='line_1_100' title="bbox 2010 4362 3613 4433; baseline -0.001 -14"><span class='ocrx_word' id='word_1_817' title='bbox 2010 4363 2332 4419; x_wconf 89' lang='lat' dir='ltr'>calumniam</span> <span class='ocrx_word' id='word_1_818' title='bbox 2396 4362 2660 4433; x_wconf 87' lang='lat' dir='ltr'>imponat,</span> <span class='ocrx_word' id='word_1_819' title='bbox 2719 4369 2771 4417; x_wconf 86' lang='lat' dir='ltr'>et</span> <span class='ocrx_word' id='word_1_820' title='bbox 2833 4369 3015 4417; x_wconf 86' lang='lat' dir='ltr'>tamen</span> <span class='ocrx_word' id='word_1_821' title='bbox 3061 4368 3267 4415; x_wconf 89' lang='lat' dir='ltr'>tantum</span> <span class='ocrx_word' id='word_1_822' title='bbox 3311 4362 3482 4416; x_wconf 85' lang='lat' dir='ltr'>iratus</span> <span class='ocrx_word' id='word_1_823' title='bbox 3530 4371 3613 4417; x_wconf 90' lang='lat' dir='ltr'>est</span> 
     </span>
    </p>
   </div>
   <div class='ocr_carea' id='block_1_101' title="bbox 2009 4450 3604 4523">
    <p class='ocr_par' dir='ltr' id='par_1_101' title="bbox 2009 4450 3604 4523">
     <span class='ocr_line' id='line_1_101' title="bbox 2009 4450 3604 4523; baseline 0 -18"><span class='ocrx_word' id='word_1_824' title='bbox 2009 4452 2139 4506; x_wconf 88' lang='lat' dir='ltr'>mihi</span> <span class='ocrx_word' id='word_1_825' title='bbox 2171 4459 2226 4506; x_wconf 90' lang='lat' dir='ltr'>ut</span> <span class='ocrx_word' id='word_1_826' title='bbox 2256 4451 2472 4506; x_wconf 86' lang='lat' dir='ltr'>nonnisi</span> <span class='ocrx_word' id='word_1_827' title='bbox 2506 4451 2654 4506; x_wconf 91' lang='lat' dir='ltr'>mille</span> <span class='ocrx_word' id='word_1_828' title='bbox 2683 4451 2836 4505; x_wconf 87' lang='lat' dir='ltr'>libris</span> <span class='ocrx_word' id='word_1_829' title='bbox 2895 4450 3103 4523; x_wconf 91' lang='lat' dir='ltr'>argenti</span> <span class='ocrx_word' id='word_1_830' title='bbox 3156 4450 3338 4522; x_wconf 88' lang='lat' dir='ltr'>pacari</span> <span class='ocrx_word' id='word_1_831' title='bbox 3393 4459 3558 4521; x_wconf 89' lang='lat' dir='ltr'>queat</span> <span class='ocrx_word' id='word_1_832' title='bbox 3590 4468 3604 4505; x_wconf 89' lang='lat'>:</span> 
     </span>
    </p>
   </div>
   <div class='ocr_carea' id='block_1_102' title="bbox 2010 4537 3613 4611">
    <p class='ocr_par' dir='ltr' id='par_1_102' title="bbox 2010 4537 3613 4611">
     <span class='ocr_line' id='line_1_102' title="bbox 2010 4537 3613 4611; baseline 0 -17"><span class='ocrx_word' id='word_1_833' title='bbox 2010 4539 2148 4595; x_wconf 84' lang='lat' dir='ltr'>forte</span> <span class='ocrx_word' id='word_1_834' title='bbox 2188 4540 2234 4594; x_wconf 92' lang='lat' dir='ltr'>si</span> <span class='ocrx_word' id='word_1_835' title='bbox 2265 4556 2403 4596; x_wconf 89' lang='lat' dir='ltr'>nunc</span> <span class='ocrx_word' id='word_1_836' title='bbox 2444 4556 2617 4595; x_wconf 91' lang='lat' dir='ltr'>novus</span> <span class='ocrx_word' id='word_1_837' title='bbox 2662 4540 2953 4611; x_wconf 89' lang='lat' dir='ltr'>episcopus</span> <span class='ocrx_word' id='word_1_838' title='bbox 3000 4540 3103 4595; x_wconf 87' lang='lat' dir='ltr'>hac</span> <span class='ocrx_word' id='word_1_839' title='bbox 3146 4555 3266 4594; x_wconf 90' lang='lat' dir='ltr'>eum</span> <span class='ocrx_word' id='word_1_840' title='bbox 3315 4537 3613 4594; x_wconf 90' lang='lat' dir='ltr'>donatione</span> 
     </span>
    </p>
   </div>
   <div class='ocr_carea' id='block_1_103' title="bbox 2016 4626 3605 4700">
    <p class='ocr_par' dir='ltr' id='par_1_103' title="bbox 2016 4626 3605 4700">
     <span class='ocr_line' id='line_1_103' title="bbox 2016 4626 3605 4700; baseline -0.001 -16"><span class='ocrx_word' id='word_1_841' title='bbox 2016 4645 2320 4700; x_wconf 90' lang='lat' dir='ltr'>parcarem,</span> <span class='ocrx_word' id='word_1_842' title='bbox 2354 4644 2417 4684; x_wconf 87' lang='lat' dir='ltr'>ex</span> <span class='ocrx_word' id='word_1_843' title='bbox 2446 4630 2565 4699; x_wconf 88' lang='lat' dir='ltr'>ipso</span> <span class='ocrx_word' id='word_1_844' title='bbox 2595 4645 2697 4683; x_wconf 90' lang='lat' dir='ltr'>usu</span> <span class='ocrx_word' id='word_1_845' title='bbox 2728 4629 2836 4683; x_wconf 89' lang='lat' dir='ltr'>alia</span> <span class='ocrx_word' id='word_1_846' title='bbox 2856 4628 2974 4683; x_wconf 89' lang='lat' dir='ltr'>vice</span> <span class='ocrx_word' id='word_1_847' title='bbox 2995 4627 3243 4682; x_wconf 90' lang='lat' dir='ltr'>similiter</span> <span class='ocrx_word' id='word_1_848' title='bbox 3261 4626 3605 4696; x_wconf 90' lang='lat' dir='ltr'>irasceretur,</span> 
     </span>
    </p>
   </div>
   <div class='ocr_carea' id='block_1_104' title="bbox 2016 4716 3609 4790">
    <p class='ocr_par' dir='ltr' id='par_1_104' title="bbox 2016 4716 3609 4790">
     <span class='ocr_line' id='line_1_104' title="bbox 2016 4716 3609 4790; baseline -0.003 -16"><span class='ocrx_word' id='word_1_849' title='bbox 2016 4728 2073 4775; x_wconf 90' lang='lat' dir='ltr'>ut</span> <span class='ocrx_word' id='word_1_850' title='bbox 2100 4718 2222 4790; x_wconf 90' lang='lat' dir='ltr'>pari</span> <span class='ocrx_word' id='word_1_851' title='bbox 2252 4726 2376 4773; x_wconf 90' lang='lat' dir='ltr'>voto</span> <span class='ocrx_word' id='word_1_852' title='bbox 2407 4725 2709 4789; x_wconf 89' lang='lat' dir='ltr'>pacaretur.</span> <span class='ocrx_word' id='word_1_853' title='bbox 2734 4717 2985 4789; x_wconf 89' lang='lat' dir='ltr'>Amplius</span> <span class='ocrx_word' id='word_1_854' title='bbox 3012 4735 3024 4770; x_wconf 90' lang='lat'>:</span> <span class='ocrx_word' id='word_1_855' title='bbox 3052 4716 3311 4772; x_wconf 87' lang='lat' dir='ltr'>Homines</span> <span class='ocrx_word' id='word_1_856' title='bbox 3335 4716 3462 4786; x_wconf 88' lang='lat' dir='ltr'>mei,</span> <span class='ocrx_word' id='word_1_857' title='bbox 3483 4723 3609 4787; x_wconf 90' lang='lat' dir='ltr'>post</span> 
     </span>
    </p>
   </div>
   <div class='ocr_carea' id='block_1_105' title="bbox 2008 4805 3607 4863">
    <p class='ocr_par' dir='ltr' id='par_1_105' title="bbox 2008 4805 3607 4863">
     <span class='ocr_line' id='line_1_105' title="bbox 2008 4805 3607 4863; baseline -0.001 0"><span class='ocrx_word' id='word_1_858' title='bbox 2008 4809 2212 4863; x_wconf 89' lang='lat' dir='ltr'>obitum</span> <span class='ocrx_word' id='word_1_859' title='bbox 2245 4806 2571 4862; x_wconf 87' lang='lat' dir='ltr'>venerabilis</span> <span class='ocrx_word' id='word_1_860' title='bbox 2592 4807 2870 4861; x_wconf 76' lang='lat' dir='ltr'>memoriae</span> <span class='ocrx_word' id='word_1_861' title='bbox 2887 4805 3217 4861; x_wconf 88' lang='lat' dir='ltr'>Lanfranchi</span> <span class='ocrx_word' id='word_1_862' title='bbox 3240 4805 3607 4861; x_wconf 85' lang='lat' dir='ltr'>antecesseris</span> 
     </span>
    </p>
   </div>
   <div class='ocr_carea' id='block_1_106' title="bbox 2008 4894 3603 4968">
    <p class='ocr_par' dir='ltr' id='par_1_106' title="bbox 2008 4894 3603 4968">
     <span class='ocr_line' id='line_1_106' title="bbox 2008 4894 3603 4968; baseline 0 -17"><span class='ocrx_word' id='word_1_863' title='bbox 2008 4896 2134 4964; x_wconf 88' lang='lat' dir='ltr'>mei,</span> <span class='ocrx_word' id='word_1_864' title='bbox 2158 4894 2457 4967; x_wconf 71' lang='lat' dir='ltr'>depraedati</span> <span class='ocrx_word' id='word_1_865' title='bbox 2482 4902 2609 4950; x_wconf 80' lang='lat' dir='ltr'>sunt</span> <span class='ocrx_word' id='word_1_866' title='bbox 2628 4903 2681 4950; x_wconf 90' lang='lat' dir='ltr'>et</span> <span class='ocrx_word' id='word_1_867' title='bbox 2699 4894 2935 4965; x_wconf 85' lang='lat' dir='ltr'>spoliati,</span> <span class='ocrx_word' id='word_1_868' title='bbox 2962 4902 3018 4951; x_wconf 92' lang='lat' dir='ltr'>et</span> <span class='ocrx_word' id='word_1_869' title='bbox 3034 4910 3138 4968; x_wconf 83' lang='lat' dir='ltr'>ego</span> <span class='ocrx_word' id='word_1_870' title='bbox 3163 4910 3287 4949; x_wconf 88' lang='lat' dir='ltr'>cum</span> <span class='ocrx_word' id='word_1_871' title='bbox 3318 4895 3603 4967; x_wconf 89' lang='lat' dir='ltr'>hucusque</span> 
     </span>
    </p>
   </div>
   <div class='ocr_carea' id='block_1_107' title="bbox 2007 4982 3606 5054">
    <p class='ocr_par' dir='ltr' id='par_1_107' title="bbox 2007 4982 3606 5054">
     <span class='ocr_line' id='line_1_107' title="bbox 2007 4982 3606 5054; baseline 0 -15"><span class='ocrx_word' id='word_1_872' title='bbox 2007 4983 2141 5039; x_wconf 89' lang='lat' dir='ltr'>nihil</span> <span class='ocrx_word' id='word_1_873' title='bbox 2170 4984 2250 5039; x_wconf 89' lang='lat' dir='ltr'>eis</span> <span class='ocrx_word' id='word_1_874' title='bbox 2281 4984 2421 5038; x_wconf 85' lang='lat' dir='ltr'>unde</span> <span class='ocrx_word' id='word_1_875' title='bbox 2444 4983 2687 5039; x_wconf 84' lang='lat' dir='ltr'>revestiri</span> <span class='ocrx_word' id='word_1_876' title='bbox 2715 4983 2925 5054; x_wconf 90' lang='lat' dir='ltr'>possint</span> <span class='ocrx_word' id='word_1_877' title='bbox 2955 4982 3297 5051; x_wconf 91' lang='lat' dir='ltr'>contulerim,</span> <span class='ocrx_word' id='word_1_878' title='bbox 3346 4983 3464 5053; x_wconf 87' lang='lat' dir='ltr'>jam</span> <span class='ocrx_word' id='word_1_879' title='bbox 3511 4998 3606 5039; x_wconf 92' lang='lat' dir='ltr'>eos</span> 
     </span>
    </p>
   </div>
   <div class='ocr_carea' id='block_1_108' title="bbox 2007 5071 3601 5143">
    <p class='ocr_par' dir='ltr' id='par_1_108' title="bbox 2007 5071 3601 5143">
     <span class='ocr_line' id='line_1_108' title="bbox 2007 5071 3601 5143; baseline -0.001 -15"><span class='ocrx_word' id='word_1_880' title='bbox 2007 5074 2182 5129; x_wconf 90' lang='lat' dir='ltr'>nudos</span> <span class='ocrx_word' id='word_1_881' title='bbox 2212 5072 2525 5143; x_wconf 88' lang='lat' dir='ltr'>spoliarem,</span> <span class='ocrx_word' id='word_1_882' title='bbox 2558 5072 2670 5127; x_wconf 92' lang='lat' dir='ltr'>imo</span> <span class='ocrx_word' id='word_1_883' title='bbox 2701 5071 2968 5142; x_wconf 89' lang='lat' dir='ltr'>spoliatos</span> <span class='ocrx_word' id='word_1_884' title='bbox 2997 5072 3333 5129; x_wconf 85' lang='lat' dir='ltr'>excoriarem</span> <span class='ocrx_word' id='word_1_885' title='bbox 3354 5072 3383 5127; x_wconf 86' lang='lat'><strong>?</strong></span> <span class='ocrx_word' id='word_1_886' title='bbox 3407 5071 3564 5128; x_wconf 85' lang='lat' dir='ltr'>Absit</span> <span class='ocrx_word' id='word_1_887' title='bbox 3588 5071 3601 5127; x_wconf 86' lang='grc' dir='ltr'><strong>Ι</strong></span> 
     </span>
    </p>
   </div>
   <div class='ocr_carea' id='block_1_109' title="bbox 2004 5160 3603 5232">
    <p class='ocr_par' dir='ltr' id='par_1_109' title="bbox 2004 5160 3603 5232">
     <span class='ocr_line' id='line_1_109' title="bbox 2004 5160 3603 5232; baseline 0 -15"><span class='ocrx_word' id='word_1_888' title='bbox 2004 5162 2187 5218; x_wconf 90' lang='lat' dir='ltr'>Nihilo</span> <span class='ocrx_word' id='word_1_889' title='bbox 2219 5175 2435 5232; x_wconf 90' lang='lat' dir='ltr'>quoque</span> <span class='ocrx_word' id='word_1_890' title='bbox 2465 5160 2641 5215; x_wconf 91' lang='lat' dir='ltr'>minus</span> <span class='ocrx_word' id='word_1_891' title='bbox 2671 5162 2775 5216; x_wconf 90' lang='lat' dir='ltr'>hoc</span> <span class='ocrx_word' id='word_1_892' title='bbox 2806 5161 2951 5217; x_wconf 88' lang='lat' dir='ltr'>absit</span> <span class='ocrx_word' id='word_1_893' title='bbox 2982 5178 3013 5216; x_wconf 91' lang='lat' dir='ltr'>a</span> <span class='ocrx_word' id='word_1_894' title='bbox 3042 5177 3147 5230; x_wconf 90' lang='lat' dir='ltr'>me,</span> <span class='ocrx_word' id='word_1_895' title='bbox 3201 5177 3443 5217; x_wconf 89' lang='lat' dir='ltr'>amorem</span> <span class='ocrx_word' id='word_1_896' title='bbox 3497 5162 3603 5217; x_wconf 92' lang='lat' dir='ltr'>do-</span> 
     </span>
    </p>
   </div>
   <div class='ocr_carea' id='block_1_110' title="bbox 2004 5244 3601 5303">
    <p class='ocr_par' dir='ltr' id='par_1_110' title="bbox 2004 5244 3601 5303">
     <span class='ocr_line' id='line_1_110' title="bbox 2004 5244 3601 5303; baseline 0 -3"><span class='ocrx_word' id='word_1_897' title='bbox 2004 5246 2140 5301; x_wconf 89' lang='lat' dir='ltr'>mini</span> <span class='ocrx_word' id='word_1_898' title='bbox 2171 5246 2275 5301; x_wconf 90' lang='lat' dir='ltr'>mei</span> <span class='ocrx_word' id='word_1_899' title='bbox 2312 5245 2457 5301; x_wconf 87' lang='lat' dir='ltr'>facto</span> <span class='ocrx_word' id='word_1_900' title='bbox 2487 5245 2770 5302; x_wconf 90' lang='lat' dir='ltr'>ostendere</span> <span class='ocrx_word' id='word_1_901' title='bbox 2827 5246 3076 5303; x_wconf 89' lang='lat' dir='ltr'>venalem</span> <span class='ocrx_word' id='word_1_902' title='bbox 3134 5262 3255 5303; x_wconf 90' lang='lat' dir='ltr'>esse</span> <span class='ocrx_word' id='word_1_903' title='bbox 3311 5245 3501 5303; x_wconf 86' lang='lat' dir='ltr'>Fidem</span> <span class='ocrx_word' id='word_1_904' title='bbox 3551 5244 3601 5301; x_wconf 89' lang='lat' dir='ltr'>ei</span> 
     </span>
    </p>
   </div>
   <div class='ocr_carea' id='block_1_111' title="bbox 1606 5378 2290 5440">
    <p class='ocr_par' dir='ltr' id='par_1_111' title="bbox 1606 5378 2290 5440">
     <span class='ocr_line' id='line_1_111' title="bbox 1606 5378 2290 5440; baseline -0.003 -5"><span class='ocrx_word' id='word_1_905' title='bbox 1606 5381 2031 5440; x_wconf 81' lang='lat' dir='ltr'>HENSCHENII</span> <span class='ocrx_word' id='word_1_906' title='bbox 2063 5378 2290 5435; x_wconf 68' lang='lat' dir='ltr'>NOTAE.</span> 
     </span>
    </p>
   </div>
   <div class='ocr_carea' id='block_1_112' title="bbox 377 5487 1901 5562">
    <p class='ocr_par' dir='ltr' id='par_1_112' title="bbox 377 5487 1901 5562">
     <span class='ocr_line' id='line_1_112' title="bbox 377 5487 1901 5562; baseline 0.005 -18"><span class='ocrx_word' id='word_1_907' title='bbox 377 5490 455 5559; x_wconf 83' lang='grc' dir='ltr'>(α)</span> <span class='ocrx_word' id='word_1_908' title='bbox 489 5487 851 5562; x_wconf 82' lang='lat' dir='ltr'>Spelmannus</span> <span class='ocrx_word' id='word_1_909' title='bbox 880 5490 936 5544; x_wconf 89' lang='lat' dir='ltr'>in</span> <span class='ocrx_word' id='word_1_910' title='bbox 965 5492 1226 5562; x_wconf 85' lang='lat' dir='ltr'>Catalogo</span> <span class='ocrx_word' id='word_1_911' title='bbox 1254 5492 1629 5562; x_wconf 89' lang='lat' dir='ltr'>conciliorum,</span> <span class='ocrx_word' id='word_1_912' title='bbox 1655 5495 1901 5552; x_wconf 89' lang='lat' dir='ltr'>ultimum</span> 
     </span>
    </p>
   </div>
   <div class='ocr_carea' id='block_1_113' title="bbox 344 5559 1901 5636">
    <p class='ocr_par' dir='ltr' id='par_1_113' title="bbox 344 5559 1901 5636">
     <span class='ocr_line' id='line_1_113' title="bbox 344 5559 1901 5636; baseline 0.006 -22"><span class='ocrx_word' id='word_1_913' title='bbox 344 5559 881 5636; x_wconf 52' lang='lat' dir='ltr'>eneraleponcilium</span> <span class='ocrx_word' id='word_1_914' title='bbox 912 5559 1492 5636; x_wconf 22' lang='lat' dir='ltr'>statuitiEnbamense,</span> <span class='ocrx_word' id='word_1_915' title='bbox 1517 5559 1662 5636; x_wconf 85' lang='lat' dir='ltr'>quod</span> <span class='ocrx_word' id='word_1_916' title='bbox 1695 5568 1901 5624; x_wconf 85' lang='lat' dir='ltr'>hortatu</span> 
     </span>
    </p>
   </div>
   <div class='ocr_carea' id='block_1_114' title="bbox 368 5628 1901 5705">
    <p class='ocr_par' dir='ltr' id='par_1_114' title="bbox 368 5628 1901 5705">
     <span class='ocr_line' id='line_1_114' title="bbox 368 5628 1901 5705; baseline 0.007 -20"><span class='ocrx_word' id='word_1_917' title='bbox 368 5628 533 5705; x_wconf 74' lang='lat' dir='ltr'>lfeagi</span> <span class='ocrx_word' id='word_1_918' title='bbox 564 5631 1001 5691; x_wconf 89' lang='lat' dir='ltr'>Dorobernensis</span> <span class='ocrx_word' id='word_1_919' title='bbox 1028 5642 1081 5689; x_wconf 91' lang='lat' dir='ltr'>et</span> <span class='ocrx_word' id='word_1_920' title='bbox 1107 5635 1388 5692; x_wconf 88' lang='lat' dir='ltr'>Wulstani</span> <span class='ocrx_word' id='word_1_921' title='bbox 1417 5628 1775 5694; x_wconf 75' lang='lat' dir='ltr'>Eboracensis</span> <span class='ocrx_word' id='word_1_922' title='bbox 1830 5639 1901 5695; x_wconf 89' lang='lat' dir='ltr'>ab</span> 
     </span>
    </p>
   </div>
   <div class='ocr_carea' id='block_1_115' title="bbox 2003 5493 3605 5567">
    <p class='ocr_par' dir='ltr' id='par_1_115' title="bbox 2003 5493 3605 5567">
     <span class='ocr_line' id='line_1_115' title="bbox 2003 5493 3605 5567; baseline -0.001 -16"><span class='ocrx_word' id='word_1_923' title='bbox 2003 5494 2292 5567; x_wconf 78' lang='lat' dir='ltr'>Ethelredo</span> <span class='ocrx_word' id='word_1_924' title='bbox 2323 5510 2458 5567; x_wconf 83' lang='lat' dir='ltr'>rege</span> <span class='ocrx_word' id='word_1_925' title='bbox 2487 5494 2745 5551; x_wconf 87' lang='lat' dir='ltr'>indictum</span> <span class='ocrx_word' id='word_1_926' title='bbox 2779 5496 2900 5561; x_wconf 84' lang='lat' dir='ltr'>fuit,</span> <span class='ocrx_word' id='word_1_927' title='bbox 2933 5510 3078 5551; x_wconf 88' lang='lat' dir='ltr'>anno</span> <span class='ocrx_word' id='word_1_928' title='bbox 3108 5494 3249 5552; x_wconf 76' lang='lat'>1009</span> <span class='ocrx_word' id='word_1_929' title='bbox 3268 5493 3406 5567; x_wconf 19' lang='lat' dir='ltr'>:‘sub</span> <span class='ocrx_word' id='word_1_930' title='bbox 3464 5507 3605 5550; x_wconf 81' lang='lat' dir='ltr'>novo</span> 
     </span>
    </p>
   </div>
   <div class='ocr_carea' id='block_1_116' title="bbox 2002 5565 3604 5635">
    <p class='ocr_par' dir='ltr' id='par_1_116' title="bbox 2002 5565 3604 5635">
     <span class='ocr_line' id='line_1_116' title="bbox 2002 5565 3604 5635; baseline -0.003 -12"><span class='ocrx_word' id='word_1_931' title='bbox 2002 5575 2185 5623; x_wconf 87' lang='lat' dir='ltr'>autem</span> <span class='ocrx_word' id='word_1_932' title='bbox 2212 5565 2710 5622; x_wconf 83' lang='lat' dir='ltr'>Northmannorum</span> <span class='ocrx_word' id='word_1_933' title='bbox 2742 5567 3020 5623; x_wconf 90' lang='lat' dir='ltr'>dominatu</span> <span class='ocrx_word' id='word_1_934' title='bbox 3050 5567 3186 5622; x_wconf 91' lang='lat' dir='ltr'>mire</span> <span class='ocrx_word' id='word_1_935' title='bbox 3214 5565 3474 5635; x_wconf 65' lang='lat' dir='ltr'>collapsa</span> <span class='ocrx_word' id='word_1_936' title='bbox 3514 5579 3604 5635; x_wconf 76' lang='lat' dir='ltr'>res</span> 
     </span>
    </p>
   </div>
   <div class='ocr_carea' id='block_1_117' title="bbox 2000 5633 3602 5710">
    <p class='ocr_par' dir='ltr' id='par_1_117' title="bbox 2000 5633 3602 5710">
     <span class='ocr_line' id='line_1_117' title="bbox 2000 5633 3602 5710; baseline -0.004 -13"><span class='ocrx_word' id='word_1_937' title='bbox 2000 5637 2393 5699; x_wconf 63' lang='lat' dir='ltr'>ecclesiastica</span> <span class='ocrx_word' id='word_1_938' title='bbox 2437 5636 2827 5696; x_wconf 85' lang='lat' dir='ltr'>reformatione</span> <span class='ocrx_word' id='word_1_939' title='bbox 2890 5653 3091 5710; x_wconf 75' lang='lat' dir='ltr'>magna</span> <span class='ocrx_word' id='word_1_940' title='bbox 3142 5633 3397 5710; x_wconf 77' lang='lat' dir='ltr'>egebant.</span> <span class='ocrx_word' id='word_1_941' title='bbox 3453 5633 3602 5692; x_wconf 81' lang='lat' dir='ltr'>Infra</span> 
     </span>
    </p>
   </div>
  </div>
