4044 6074
439 264 543 324 3’19

1429 258 1751 316 EADMERI
1796 256 2364 315 CANTUARIENSIS
2400 258 2718 317 ΜΟΝΑοΗί

2700 128 2711 154 \

3638 265 3744 318 380

445 366 622 422 debeo
651 372 705 420 et
729 364 1009 431 honorem,
1041 368 1094 416 et
1115 375 1219 433 ego
1248 359 1328 414 illi
1362 361 1468 414 hoc
1511 357 1747 413 dedecus
1777 355 2028 427 iacerem,
2064 354 2120 417 Α
2151 357 2270 428 Quo
2318 375 2415 414 rex
2462 360 2666 430 audito,
2700 359 2837 416 dixit
2865 360 3017 415 illum
3047 374 3149 431 pro
3180 359 3481 431 apostolico
3510 376 3569 416 se
3598 376 3741 417 non-

449 455 655 511 scilicet
682 452 910 526 gratiam
940 466 1090 506 suam
1124 449 1279 519 quasi
1306 462 1506 519 equum
1535 447 1624 503 vel
1652 446 1868 503 asinum
1916 446 2043 503 vili-

451 544 552 599 bus
580 541 872 597 nummulis
900 539 1184 593 emerem?
1228 536 1483 607 Emptum
1524 536 1756 606 denique
1798 551 2043 591 amorem

453 634 574 703 ejus
604 630 786 701 utique
821 627 949 683 tanti
994 626 1233 698 pendere
1277 632 1469 696 postea
1511 634 1770 696 quantum
1810 625 2046 696 pretium

451 736 552 794 pro
582 735 649 775 eo
677 718 857 773 datum
887 715 1231 771 aestimarem.
1266 714 1372 770 Sed
1405 714 1569 787 longe
1596 715 1665 768 sit
1693 731 1723 769 a
1754 731 1844 769 me
1873 714 2045 769 subli—

452 810 696 864 mitatem
728 814 888 861 tantae
918 804 995 860 rei
1027 804 1215 859 humili
1264 803 1439 874 pretio
1482 818 1819 874 comparare.
1872 803 2046 875 Magis

450 905 632 953 autem
662 895 914 966 satagite,
948 909 1053 964 quo
1080 893 1251 963 gratis
1277 901 1330 949 et
1359 895 1582 948 honeste
1613 908 1699 947 me
1755 893 1894 947 sicut
1947 908 2043 948 ar-

450 985 855 1055 chiepiscopum
882 982 1317 1038 Cantuariensem
1349 988 1401 1036 et
1434 982 1645 1036 Patrem
1677 997 1832 1036 suum
1875 981 2043 1053 spiri-

449 1070 650 1125 tualem
678 1068 889 1139 diligat,
921 1074 974 1121 et
1003 1081 1108 1138 ego
1138 1081 1209 1121 ex
1241 1080 1360 1121 mea
1389 1074 1541 1136 parte
1571 1066 1711 1121 dabo
1740 1082 1956 1137 Operam
1989 1072 2047 1122 ut

450 1174 537 1214 me
566 1167 620 1214 et
648 1173 771 1212 mea
799 1156 869 1211 ad
915 1155 1199 1211 servitium
1258 1162 1310 1210 et
1355 1155 1686 1211 voluntatem
1716 1156 1833 1224 ejus
1883 1156 2034 1225 juxta

451 1245 605 1318 quod
635 1242 850 1299 debebo
872 1241 1179 1298 exhibeam.
1218 1263 1239 1289 ι»
1274 1241 1534 1296 Dixerunt
1567 1260 1581 1296 :
1617 1266 1635 1290 ιι
1672 1242 1880 1297 Scimus
1899 1242 2045 1313 quod

447 1335 644 1389 saltem
674 1332 886 1387 oblatas
914 1331 964 1386 ei
991 1331 1319 1402 quingentas
1347 1330 1517 1385 libras
1570 1347 1679 1387 non
1733 1331 1980 1404 negabis.
2018 1356 2040 1382 ι»

447 1415 785 1488 Respondit:
827 1437 849 1462 α
884 1416 997 1470 Nec
1027 1415 1172 1485 ipsas
1197 1414 1389 1486 utique
1442 1414 1521 1469 illi
1576 1415 1821 1486 amplius
1877 1416 2038 1486 dabo,

449 1504 574 1577 quia
604 1519 731 1560 cum
762 1519 855 1560 eas
882 1502 987 1558 sibi
1017 1502 1265 1560 offerrem
1296 1502 1573 1575 suscipere
1604 1504 1794 1573 noluit,
1835 1513 1887 1560 et
1929 1506 2044 1576 jam

449 1594 739 1666 plurimam
791 1600 996 1663 partem
1049 1608 1228 1648 earum
1296 1601 1355 1647 ut
1425 1591 1647 1663 promisi
1716 1594 2042 1665 pauperibus

2152 447 2280 503 dum
2312 448 2611 520 accepisse,
2643 464 2745 505 nec
2770 465 2881 504 sua:
2910 448 3003 505 vel
3029 456 3273 521 paternae
3327 449 3741 507 consuetudinis

2152 546 2378 593 eatenus
2430 537 2717 605 exstitisse,
2767 547 2823 592 ut
2881 547 3084 609 praeter
3136 552 3290 593 suam
3331 536 3599 594 licentiam
3651 548 3748 595 aut

2153 625 2474 682 electionem
2506 626 2699 698 aliquis
2726 627 2780 681 in
2811 642 2982 700 regno
3012 626 3225 699 Angliae
3254 641 3456 697 papam
3486 627 3743 683 nomina-

2151 723 2251 781 ret,
2286 724 2337 770 et
2380 715 2686 787 quicunque
2727 716 2833 772 sibi
2876 716 3038 787 hujus
3084 714 3364 788 dignitatis
3417 723 3747 786 potestatem

2152 803 2316 859 vellet
2352 805 2662 876 prteripere,
2693 820 2859 860 unum
2897 803 3035 860 foret
3077 818 3142 860 ac
3188 804 3235 859 si
3286 819 3542 861 coronam
3590 821 3745 861 suam

2151 892 2251 947 sibi
2302 902 2591 949 conaretur
2637 893 2868 949 auferre.
2902 892 2982 949 Ad
3012 910 3135 964 qua:
3164 892 3448 950 Anselmus
3468 893 3746 951 admirans

2152 979 2208 1034 in
2238 982 2476 1037 medium
2505 983 2729 1053 protulit
2757 984 2900 1054 quod
2929 999 3095 1054 supra
3120 982 3431 1050 retulimus,
3471 999 3528 1039 se
3586 982 3746 1039 vide-

2151 1069 2277 1126 licet
2305 1079 2591 1142 antequam
2624 1072 2913 1142 episcopus
2938 1071 3050 1127 ﬁeri
3082 1072 3431 1138 consentiret,
3488 1070 3538 1127 ei
3596 1072 3746 1142 apud

2152 1160 2538 1216 Rovecestram
2603 1160 2803 1216 dixisse
2859 1161 3008 1231 quod
3064 1161 3181 1232 ipse
3235 1159 3404 1215 abbas
3457 1161 3745 1216 Beccensis

2152 1244 2395 1300 existens
2424 1244 2702 1301 Urbanum
2732 1261 2831 1315 pro
2861 1261 3006 1315 papa
3034 1244 3349 1314 susceperit,
3372 1258 3474 1299 nec
3501 1243 3571 1298 ab
3600 1242 3744 1298 illius

2153 1333 2464 1389 obedientia
2496 1343 2550 1388 et
2599 1333 2931 1403 subjectione
2978 1348 3194 1403 quoque
3238 1332 3400 1388 modo
3458 1331 3742 1389 discedere

2153 1417 2395 1474 voluerit.
2429 1418 2635 1486 Quibus
2663 1417 2751 1473 illc
2768 1418 2983 1486 auditis,
3017 1418 3110 1473 ira;
3160 1416 3390 1472 stimulis
3435 1416 3745 1489 exagitatus

2150 1515 2475 1578 protestatus
2504 1515 2585 1561 est
2631 1506 2783 1562 illum
2825 1522 3163 1580 nequaquam
3210 1504 3373 1562 ﬁdem
3424 1522 3584 1576 quam
3640 1505 3743 1562 sibi

2150 1592 2389 1647 debebat
2416 1591 2576 1646 simul
2607 1599 2659 1646 et
2690 1591 3009 1661 apostolicae
3033 1590 3177 1647 sedis
3213 1590 3597 1659 obedientiam,
3617 1607 3744 1647 con-

448 1682 595 1739 dedi.
632 1708 654 1732 »
688 1682 949 1737 Nuntiata
978 1688 1109 1736 sunt
1136 1680 1241 1736 ista
1296 1681 1434 1752 regi,
1494 1689 1547 1737 et
1597 1682 1759 1752 jussit
1815 1683 1938 1739 haec
1994 1683 2044 1739 ei
2069 1710 2124 1772 Β
2158 1684 2240 1731 tra
2268 1693 2422 1731 suam
2450 1676 2803 1742 voluntatem,
2837 1692 2996 1747 posse
3025 1691 3264 1731 servare.
3304 1675 3587 1731 Anselmus
3633 1675 3745 1749 igi-

448 1778 636 1827 contra
663 1770 853 1827 referri
887 1787 901 1825 :
931 1793 952 1819 α
987 1769 1115 1825 Heri
1145 1785 1369 1842 magno,
1403 1776 1455 1825 et
1485 1770 1647 1827 hodie
1675 1769 1827 1826 illum
1850 1771 2043 1843 majori

452 1858 579 1915 odio
601 1859 795 1928 habeo,
824 1867 877 1915 et
906 1858 1040 1913 sciat
1067 1874 1258 1915 revera
1302 1858 1444 1929 quod
1500 1875 1625 1914 cras
1682 1868 1734 1914 et
1788 1860 2048 1931 deinceps

445 1948 646 2004 acriori
676 1956 729 2004 et
759 1948 1025 2003 acerbiori
1056 1947 1182 2002 odio
1214 1963 1432 2019 semper
1459 1947 1690 2004 habebo.
1728 1950 1830 2003 Pro
1891 1950 2045 2004 Patre

445 2051 575 2092 vero
604 2036 691 2093 vel
720 2036 1136 2107 archiepiscopo
1168 2050 1515 2107 nequaquam
1545 2036 1698 2091 illum
1732 2036 1869 2092 ultra
1899 2045 2044 2093 tene-

445 2125 538 2191 bo,
572 2124 670 2181 sed
701 2125 1110 2181 benedictiones
1157 2133 1209 2180 et
1255 2126 1529 2181 orationes
1584 2127 1705 2196 ejus
1760 2143 2045 2183 exsecrans

444 2214 659 2286 penitus
687 2229 906 2285 respuo.
935 2215 1039 2269 Eat
1071 2229 1179 2286 quo
1205 2214 1337 2283 vult,
1396 2231 1497 2270 nec
1550 2230 1637 2270 me
1665 2215 2040 2271 transfretatu-

443 2319 564 2359 rum
617 2318 715 2374 pro
771 2303 953 2359 dando
1000 2303 1377 2359 benedictione
1432 2303 1633 2359 diutius
1680 2313 1974 2375 exspectet.
2014 2330 2034 2354 ι»

447 2391 810 2448 Festinantius
838 2392 1006 2466 igitur
1058 2409 1090 2447 a
1146 2391 1295 2449 curia
1349 2392 1716 2463 discessimus,
1777 2394 1827 2449 ei
1864 2394 2038 2464 ipsum

444 2480 712 2538 voluntati
743 2497 856 2537 suae
885 2480 1228 2553 reliquimus.
1260 2482 1329 2537 Et
1358 2482 1472 2553 ipse
1504 2482 1720 2553 quidem
1750 2482 1805 2537 in
1828 2483 2037 2538 North-

446 2569 720 2625 manniam
754 2570 978 2637 transiit,
1008 2586 1358 2641 expensaque
1379 2571 1646 2626 immensa
1670 2572 1900 2642 pecunia
1921 2586 2039 2626 eam

443 2657 544 2713 sibi
574 2658 878 2713 nullatenus
908 2658 1166 2731 subigere
1193 2660 1384 2731 potuit.
1417 2658 1621 2715 Infecto
1647 2659 1829 2731 itaque
1862 2675 2038 2731 nego-

443 2746 517 2803 tio
555 2746 610 2800 in
641 2746 905 2820 Angliam
931 2764 1186 2804 reversus
1215 2758 1318 2804 est.

515 2835 694 2905 Quem
727 2836 1112 2892 consistentem
1138 2836 1193 2891 in
1224 2838 1458 2908 quadam
1509 2838 1658 2907 villa,
1692 2856 1814 2910 quae
1869 2841 2043 2895 tribus

446 2924 694 2980 milliaris
720 2940 751 2979 a
782 2924 1146 2981 Sceftesberia
1175 2925 1387 2981 distans
1419 2926 1756 2999 llingheham
1797 2937 2039 2987 vocatur,

445 3014 733 3070 Anselmus
762 3013 912 3082 adiit,
946 3014 1106 3087 eique
1132 3030 1286 3070 suam
1315 3014 1645 3071 voluntatem
1671 3017 1725 3071 in
1775 3018 1880 3073 hoc
1926 3034 2042 3073 esse

444 3102 696 3171 innotuit,
728 3109 783 3157 ut
817 3103 1125 3158 Romanum
1156 3101 1467 3175 pontificem
1497 3121 1595 3175 pro
1626 3105 1777 3175 pallii
1810 3106 1891 3161 sui
1939 3123 2040 3176 pe-

444 3186 633 3242 titione
662 3186 855 3242 adiret.
889 3188 969 3242 Ad
1002 3187 1148 3258 quod
1177 3202 1279 3243 rex
1310 3207 1320 3242 :
1361 3209 1382 3237 ι
1416 3190 1459 3243 Δ
1489 3204 1616 3259 quo,
1666 3190 1858 3262 inquit,
1902 3207 2042 3262 papa

443 3274 574 3330 illud
605 3275 880 3348 requirere
910 3276 1063 3347 cupis
1088 3278 1117 3330 εν
1149 3299 1171 3326 υ
1212 3277 1377 3332 Erant
1416 3277 1618 3349 quippe
1656 3279 1748 3334 illo
1802 3288 2044 3351 tempore

443 3363 551 3420 duo
579 3364 682 3435 (α),
697 3364 823 3420 utin
840 3365 1037 3437 Anglia
1055 3364 1349 3434 ferebatur,
1370 3366 1460 3438 qui
1476 3367 1799 3424 dicebantur
1815 3368 2042 3424 Romani

444 3452 731 3524 pontiﬁces
758 3468 790 3507 a
819 3469 879 3508 se
911 3453 1145 3510 invicem
1176 3455 1574 3524 discordantes,
1631 3465 1685 3512 et
1738 3457 2042 3512 Ecclesiam

443 3542 542 3597 Dei
574 3542 716 3597 inter
740 3557 799 3597 se
828 3541 1059 3597 divisam
1114 3552 1237 3613 post
1291 3559 1351 3598 se
1410 3543 1731 3600 trahentes:
1792 3546 2043 3602 Urbanus

443 3629 715 3697 videlicet,
750 3630 840 3701 qui
870 3630 1047 3699 primo
1101 3640 1327 3686 vocatus
1383 3632 1502 3687 Odo
1558 3632 1738 3688 fuerat
1782 3635 2042 3705 epicopus

442 3715 741 3780 Ostiensis;
778 3726 831 3772 et
862 3718 1132 3786 Clemens,
1166 3719 1258 3789 qui
1289 3720 1573 3775 Wibertus
1602 3722 1906 3793 appellatus
1926 3722 2041 3778 fue-

441 3814 547 3873 rat,
580 3805 1026 3877 archiepiscopus
1056 3808 1358 3864 Ravennas.
1393 3808 1527 3877 Qua
1552 3826 1641 3865 res
1684 3815 1742 3864 ut
1796 3811 1864 3866 de
1924 3813 2043 3867 aliis

440 3893 628 3948 mundi
658 3894 903 3965 partibus
930 3896 1138 3964 sileam,
1168 3912 1270 3966 per
1295 3896 1481 3967 plures
1511 3912 1684 3954 annos
1742 3899 2039 3955 Ecclesiam

441 3981 666 4053 Anglia
694 3982 750 4036 in
782 3990 991 4038 tantum
1020 3986 1324 4055 occupavit,
1351 3990 1409 4041 ut
1453 4001 1519 4041 ex
1569 4003 1677 4058 quo
1715 3988 2042 4044 venerandae

439 4070 723 4127 memorias
754 4070 1076 4143 Gregorius,
1111 4073 1202 4143 qui
1233 4081 1394 4130 antea
1415 4074 1708 4131 vocabatur
1722 4076 2041 4133 Hildebran-

441 4158 567 4227 dus,
599 4158 880 4216 defunctus
908 4160 1044 4232 fuit;
1078 4162 1230 4229 nulli,
1264 4162 1387 4219 loco
1417 4178 1593 4235 papae,
1627 4182 1796 4238 usque
1840 4166 1905 4221 ad
1937 4166 2043 4223 hoc

442 4255 658 4319 tempus
686 4248 845 4304 subdi
877 4248 965 4306 vel
995 4249 1223 4306 obedire
1252 4252 1442 4308 voluit.
1464 4252 1571 4308 Sed
1594 4253 1808 4309 Urbano
1823 4256 2041 4324 jamdu-

441 4333 571 4388 dum
612 4348 715 4406 pro
773 4333 973 4390 vicario
1029 4334 1174 4391 beati
1236 4336 1379 4391 Petri
1434 4336 1502 4391 ab
1558 4336 1712 4392 Italia
1755 4338 2039 4409 Galliaque

435 4428 679 4494 recepto,
711 4422 995 4479 Anselmus
1024 4424 1187 4480 etiam
1218 4432 1406 4494 utpote
1433 4423 1600 4479 abbas
1620 4424 1689 4481 de
1713 4426 2038 4483 Northman-
2065 4413 2119 4474 D

435 4510 526 4566 nia
556 4526 680 4566 eum
704 4527 803 4583 pro
833 4527 977 4583 papa
1007 4518 1304 4582 receperat,
1339 4520 1390 4569 et
1419 4511 1562 4569 sicut
1589 4514 1674 4570 vir
1703 4516 2031 4572 nominatis-

432 4599 627 4667 simus,
658 4614 759 4655 nec
785 4615 893 4656 non
923 4599 1244 4655 auctoritate
1268 4600 1465 4670 plenus
1487 4602 1606 4672 ejus
1628 4602 1834 4659 litteras
1854 4621 2033 4663 susce-

428 4695 602 4758 perat,
634 4687 793 4759 eique
822 4688 971 4745 velut
999 4703 1214 4744 summo
1262 4696 1463 4746 sanctas
1511 4690 1771 4747 Ecclesiae
1824 4697 2031 4763 pastori

434 4790 562 4829 suas
592 4775 882 4833 direxerat.
912 4776 1228 4849 Requisitus
1258 4792 1390 4849 ergo
1420 4792 1452 4832 a
1483 4794 1617 4850 rege
1672 4795 1704 4833 a
1734 4796 1841 4852 quo
1888 4798 2033 4854 papa

434 4878 596 4934 usum
623 4864 774 4935 pallii
806 4873 998 4939 petere
1022 4864 1300 4935 voluisset,
1334 4866 1619 4937 respondit
1648 4882 1661 4922 :
1685 4869 1769 4924 Ab
1789 4870 2028 4930 Urbano.

2157 1775 2259 1835 tur,
2293 1766 2441 1821 salva
2469 1765 2677 1820 ratione
2707 1782 2825 1833 sua,
2856 1780 3019 1835 quam
3044 1764 3112 1820 de
3143 1763 3479 1835 subjectione
3508 1771 3562 1819 et
3607 1763 3747 1821 obe-

2150 1854 2352 1910 dientia
2385 1855 2640 1910 Romanae
2670 1855 2929 1910 Ecclesiae
2952 1854 3006 1908 in
3036 1853 3278 1909 medium
3308 1854 3526 1922 tulerat,
3555 1852 3753 1925 petivit

2151 1943 2397 2000 inducias
2443 1943 2510 1997 ad
2576 1942 2728 1998 istius
2792 1943 2867 1997 rei
2935 1941 3431 2011 examinationem;
3488 1949 3753 2013 quatenus

2155 2032 2449 2104 episcopis,
2489 2032 2802 2098 abbatibus,
2852 2031 3164 2102 cunctisque
3221 2030 3373 2104 regni
3418 2029 3751 2102 principibus

2153 2137 2257 2176 una
2284 2120 2603 2177 coeuntibus
2630 2121 2905 2175 communi
2935 2136 3152 2175 assensu
3178 2118 3502 2174 definiretur
3547 2126 3747 2187 utrum,

2151 2210 2303 2266 salva
2330 2209 2636 2266 reverentia
2665 2217 2717 2265 et
2743 2208 3055 2265 obedientia
3075 2209 3221 2264 sedis
3249 2208 3582 2279 apostolicae,
3608 2223 3747 2278 pos-

2149 2309 2228 2355 set
2277 2298 2436 2353 tidem
2474 2306 2686 2354 terreno
2739 2296 2856 2368 regi
2918 2313 3156 2362 servare,
3226 2312 3428 2352 annon.
3477 2294 3633 2365 Quod
3699 2295 3747 2350 si

2150 2388 2457 2459 probatum,
2525 2386 2715 2457 inquit,
2784 2386 2943 2441 fuerit
3009 2394 3291 2456 utrumque
3354 2383 3467 2440 ﬁeri
3514 2384 3744 2440 minime

2149 2493 2327 2549 posse,
2351 2475 2703 2542 fateor,malo
2735 2483 2928 2530 terram
2963 2484 3128 2541 tuam,
3160 2474 3335 2529 donec
3383 2471 3744 2544 apostolicum

2150 2566 2428 2636 suscipias,
2454 2564 2701 2621 exeundo
2732 2564 2995 2633 devitarc,
3034 2579 3199 2634 quam
3242 2561 3387 2618 beati
3419 2562 3559 2617 Petri
3606 2563 3748 2634 ejus-

2151 2672 2255 2726 que
2304 2654 2491 2710 vicarii
2532 2653 2896 2709 obedientiam
2946 2651 3039 2707 vel
3087 2650 3155 2706 ad
3217 2652 3404 2706 horam
3449 2650 3745 2723 abnegare.

2151 2746 2357 2800 Dantur
2400 2759 2531 2816 ergo
2580 2742 2830 2810 induciae,
2895 2750 3054 2812 atque
3109 2756 3179 2796 ex
3244 2740 3400 2814 regia
3465 2739 3749 2798 sanctione

2151 2833 2325 2889 ferme
2349 2833 2512 2887 totius
2535 2831 2691 2904 regni
2728 2831 2984 2887 nobilitas
3026 2829 3211 2901 quinto
3256 2828 3383 2885 Idus
3428 2828 3603 2884 Martii
3645 2845 3748 2902 pro

2149 2921 2500 2978 ventilatione
2529 2919 2683 2976 istius
2712 2936 2889 2976 causae
2919 2919 2974 2974 in
3003 2936 3165 2973 unum
3199 2918 3343 2991 apud
3394 2917 3747 2990 Rocbinghe-

2153 3012 2280 3066 ham
2309 3011 2438 3066 coit.

2070 3059 2119 3124 ϐ
2220 3099 2302 3153 Fit
2331 3099 2513 3168 itaque
2542 3103 2839 3153 conventus
2868 3096 3113 3152 omnium
3143 3096 3427 3152 Dominico
3457 3095 3545 3151 die
3582 3095 3663 3165 (ὁ)
3691 3095 3749 3151 in

2148 3187 2377 3244 ecclesia
2407 3203 2528 3259 quae
2561 3195 2640 3242 est
2669 3187 2724 3240 in
2757 3187 2876 3256 ipso
2910 3195 3084 3241 castro
3115 3185 3218 3240 sita
3263 3184 3332 3240 ab
3378 3184 3512 3241 hora
3546 3184 3745 3256 prima,

2147 3293 2277 3346 rege
2307 3286 2359 3331 et
2414 3276 2526 3330 suis
2584 3275 2842 3331 secretius
2903 3275 2957 3329 in
3012 3274 3305 3330 Anselmun
3356 3274 3580 3330 consilia
3648 3289 3747 3329 sua

2148 3367 2389 3421 studiose
2448 3363 2772 3421 tcxentibus.
2839 3364 3128 3419 Anselmus
3197 3371 3376 3418 autem
3449 3363 3742 3434 episcopis,

2150 3454 2436 3510 abbatibus
2466 3460 2519 3509 et
2539 3452 2879 3525 principibus
2907 3452 2977 3507 ad
3006 3468 3063 3507 se
3106 3468 3137 3507 a
3178 3453 3331 3525 regio
3375 3460 3581 3509 secreto
3636 3468 3743 3509 vo-

2148 3544 2302 3611 catis,
2336 3558 2430 3597 eos
2460 3549 2512 3597 et
2540 3540 2884 3596 assistentem
2928 3541 3337 3608 monachorum,
3397 3539 3740 3609 clericorum,

2145 3630 2409 3688 laiuorum
2438 3646 2782 3685 numerosam
2812 3628 3211 3685 multitudinem
3254 3630 3357 3685 hac
3411 3644 3545 3685 voce
3599 3629 3744 3686 allo-

2149 3721 2372 3791 quitur:
2413 3741 2434 3770 ι
2486 3720 2695 3774 Fratres
2726 3718 2854 3787 mei,
2915 3717 3013 3773 lilii
3059 3717 3319 3774 Ecclesiae
3376 3718 3495 3787 Dei,
3554 3734 3745 3775 omnes

2150 3809 2269 3864 dico
2299 3808 2387 3878 qui
2420 3807 2508 3862 hic
2562 3807 2877 3879 congregati
2933 3807 3063 3863 estis
3118 3806 3172 3861 in
3227 3806 3448 3862 nomine
3500 3806 3741 3875 Domini,

2146 3912 2357 3968 precor,
2391 3895 2669 3964 intendite,
2702 3903 2753 3951 et
2782 3910 2962 3951 causa:
2994 3903 3218 3967 pr0pter
3252 3909 3415 3967 quam
3473 3895 3746 3952 ventilan-

2151 3987 2270 4040 dam
2302 3985 2517 4040 adunati
2550 3985 2697 4053 estis,
2728 3999 2828 4054 pro
2877 3983 3079 4039 viribus
3122 4000 3285 4054 opem
3324 3984 3484 4040 vestri
3532 3983 3745 4040 consilii

2150 4075 2301 4130 ferte.
2337 4073 2470 4143 Quae
2501 4081 2683 4129 autem
2713 4072 2831 4144 ipsa
2859 4088 3021 4128 causa
3050 4072 3136 4141 sit,
3168 4072 3319 4127 brevi
3363 4072 3453 4145 qui
3500 4072 3744 4129 nondum

2146 4163 2375 4235 pleniter
2402 4162 2645 4230 audistis,
2678 4161 2722 4215 si
2749 4159 2948 4231 placet,
2998 4161 3197 4217 audite.
3259 4160 3439 4216 Verba
3496 4178 3741 4232 quanam

2147 4260 2264 4308 orta
2292 4259 2414 4305 sunt
2468 4251 2607 4306 inter
2661 4248 2938 4305 dominum
2995 4258 3233 4305 nostrum
3282 4266 3468 4322 regem
3524 4257 3576 4306 et
3631 4268 3738 4319 me,

2149 4357 2271 4412 qua:
2291 4340 2583 4411 quamdam
2600 4337 2849 4397 videntur
2869 4337 3257 4393 dissensionem
3274 4354 3560 4410 generare.
3576 4338 3738 4409 Nam,

2150 4444 2273 4485 cum
2302 4445 2475 4499 nuper
2503 4427 2780 4485 licentiam
2811 4426 3046 4482 adeundi
3075 4426 3350 4483 Urbanum
3392 4427 3541 4483 sedis
3595 4442 3737 4499 apo-

2142 4519 2344 4573 stolicae
2372 4516 2838 4587 psaasulemjuxta
2868 4532 3075 4571 morem
3122 4523 3523 4572 antecessorum
3580 4531 3738 4573 meo-

2138 4623 2258 4664 rum
2290 4623 2385 4679 pro
2415 4605 2566 4676 pallii
2596 4605 2702 4660 mei
2756 4604 3048 4675 adeptione
3103 4604 3173 4658 ab
3228 4620 3294 4661 eo
3347 4606 3733 4675 postulassem,

2141 4697 2276 4754 dixit
2304 4712 2360 4751 se
2393 4694 2669 4750 Urbanum
2702 4692 2872 4763 ipsum
2905 4709 3004 4764 pro
3032 4709 3178 4765 papa
3207 4692 3437 4750 necdum
3468 4693 3734 4764 suscepis-

2140 4803 2217 4856 se,
2251 4794 2303 4842 et
2332 4783 2455 4839 ideo
2487 4782 2631 4838 nolle
2659 4797 2747 4837 me
2777 4782 2847 4837 ad
2876 4798 3001 4837 eum
3028 4782 3172 4837 illius
3200 4782 3275 4838 rei
3304 4783 3482 4854 gratia
3535 4798 3733 4853 prope-

2140 4890 2282 4929 rare.
2342 4870 2647 4940 Quinetiam
2705 4868 2797 4940 ait,
2857 4870 2903 4925 si
2969 4870 3222 4927 eumdem
3295 4870 3572 4928 Urbanum
3646 4879 3739 4927 aut

1741 4968 2173 5029 IIENSCHENII
2211 4969 2446 5025 ΝΟΤλΕ.

437 5059 618 5115 famen
637 5058 789 5139 .libro
842 5074 921 5139 ni,
953 5076 1110 5139 num.
1137 5064 1189 5139 6_,
1249 5061 1461 5139 videtur
1513 5061 1744 5120 indicari
1801 5067 2024 5139 aliquod

429 5129 688 5213 generale
714 5130 1133 5213 concilinm‘sub
1156 5132 1487 5213 Ianfranco.

436 5200 583 5281 1(a)
614 5202 865 5327 Gtt-(perat
892 5200 1024 5283 illud
1055 5203 1291 5257 schisma
1320 5204 1419 5258 sub
1441 5204 1497 5259 S.
1524 5205 1791 5279 Gregorio
1813 5208 1928 5273 VII,
1949 5209 2025 5264 uti

434 5270 702 5352 dicetur__a_
769 5274 886 5343 ejus
915 5274 1054 5352 diem
1074 5273 1323 5352 natalem
1354 5276 1629 5352 xxv_ltlaii,
1651 5287 1840 5333 contra
1860 5296 2027 5352 quem

433 5357 527 5425 era
589 5343 873 5425 Wibertus
915 5344 1379 5425 archiepiscopus
1450 5343 1755 5415 Ravennas',
1790 5343 2029 5425 “agente

430 5414 670 5470 Henrico
700 5415 1027 5485 imperatore
1052 5429 1195 5470 anno
1228 5417 1363 5469 1083
1392 5425 1630 5484 creatus,
1672 5414 1749 5474 et
1780 5414 2030 5477 Clemens

432 5485 626 5542 dictus.
656 5488 725 5540 At
754 5493 967 5541 mortuo
989 5485 1045 5541 S.
1070 5485 1340 5548 Gregorio
1369 5490 1623 5544 successit
1642 5490 1692 5545 ei
1716 5492 2030 5548 Desiderius

431 5556 601 5615 abbas
623 5557 950 5627 Casinensis,
982 5572 1070 5614 an.
1105 5556 1242 5616 1086
1271 5565 1325 5613 et
1354 5558 1538 5618 Victor
1565 5560 1639 5616 III
1669 5561 1883 5628 dictus;
1941 5563 2027 5620 cui

2137 5066 2398 5126 successit
2424 5082 2531 5139 ann
2562 5066 2697 5121 1088
2728 5064 2846 5121 Odo
2885 5066 3173 5139 episcopus
3212 5065 3499 5134 Ostiensis,
3558 5065 3736 5124 Urba-

2136 5157 2236 5195 nus
2266 5140 2313 5193 ΙΙ
2344 5137 2678 5208 appellatus.

2208 5211 2279 5280 (b)
2313 5206 2667 5280 Dominicav
2688 5206 3161 5280 Quadragesimte,
3194 5224 3315 5278 quas
3342 5206 3510 5280 vulgo
3539 5206 3734 5280 Domi-

2136 5277 2267 5336 nica'
2289 5279 2560 5334 Passionis
2591 5277 2813 5344 dicitur,
2866 5277 3052 5333 incidit
3097 5277 3240 5334 anno
3272 5279 3409 5333 1095
3441 5279 3495 5332 in
3524 5278 3670 5333 diem
3702 5294 3738 5331 v

2136 5352 2265 5406 Idus
2297 5350 2484 5404 Martii
2514 5348 2753 5420 citatum,
2786 5349 2839 5420 id
2864 5356 2944 5420 est
2972 5350 3170 5404 mensis
3197 5349 3443 5420 praedicti
3473 5349 3618 5405 diem
3675 5364 3733 5404 xi

2137 5437 2203 5477 ac
2230 5421 2357 5493 dein
2388 5422 2597 5493 Pascha
2623 5419 2735 5493 fuit,
2752 5419 3088 5476 celebratum
3119 5419 3233 5478 m
3261 5420 3508 5493 ejusdem
3532 5420 3731 5489 Martii,

2137 5494 2314 5551 littera
2343 5490 2665 5548 Dominicali
2697 5491 2764 5547 G.
