4044 6074
331 278 429 334 381

1423 275 1753 333 HISTORIA
1788 276 2158 338 NOVORUM.
2200 311 2267 323 —
2307 284 2443 340 LIB.
2486 285 2529 340 Ι.

3521 293 3624 351 382

324 400 616 473 quemlibet
644 401 814 457 alium
843 403 963 459 sine
993 418 1118 460 mea
1173 402 1442 460 electione
1470 413 1523 460 et
1580 404 1910 461 auctoritate.
1940 405 2002 469 A
2029 408 2185 464 nobis
2212 410 2371 481 petis,
2403 426 2569 483 penes
2603 419 2656 468 te
2682 420 2765 468 est
2791 432 2802 476 ;
2838 430 2998 484 quem
3028 415 3349 487 prudentem
3407 418 3463 473 in
3508 419 3626 476 Deo

324 490 385 545 In
414 504 587 563 regno
621 506 742 547 meo
763 507 865 562 pro
881 507 1027 564 papa
1053 493 1286 563 suscipis
1306 499 1396 549 aut
1418 502 1729 564 susceptum
1753 503 1921 565 tenes,

335 588 520 635 contra
546 578 715 635 ﬁdem
746 595 907 651 quam
931 582 1065 638 mihi
1095 582 1265 638 debes
1306 582 1462 653 facis,
1495 598 1595 639 nec
1623 583 1677 638 in
1708 585 1810 638 hoc
1838 599 1927 641 me

334 668 516 722 minus
543 667 793 736 oﬁendis,
827 687 991 741 quam
1018 670 1065 726 si
1094 686 1351 727 coronam
1380 686 1559 728 meam
1580 672 1713 727 mihi
1735 673 1929 729 tollere

334 756 637 813 conareris.
682 757 837 815 Unde
893 760 1035 815 scias
1091 759 1147 815 in
1203 776 1376 834 regno
1432 776 1555 816 meo
1611 760 1818 817 nullum
1876 769 1927 817 te

325 844 678 916 participium
708 846 1036 917 habiturum,
1070 848 1112 903 si
1142 865 1252 906 non
1289 850 1487 921 apertis
1532 850 1926 906 assertionibus

336 934 649 1005 probavero
682 940 735 991 te
765 936 941 992 omnis
957 937 1283 994 obedientiaa
1296 939 1693 1009 subjectionem
1709 939 1923 996 Urbano

333 1023 403 1079 de
428 1039 535 1095 quo
565 1024 760 1097 agitur,
780 1042 880 1097 pro
908 1034 1037 1082 voto
1063 1043 1209 1094 meo,
1242 1036 1588 1100 negaturum.
1613 1028 1772 1098 Quod
1792 1044 1923 1101 ergo

324 1111 580 1183 audiens,
613 1113 912 1169 admiratus
942 1130 1090 1171 sum.
1132 1116 1414 1188 Siquidem
1444 1117 1612 1173 abbas
1667 1133 1837 1186 eram,
1867 1122 1927 1173 ut

321 1200 523 1269 nostis,
554 1200 611 1256 in
642 1202 751 1258 alio
782 1218 953 1274 regno
982 1220 1078 1276 per
1105 1205 1531 1262 misericordiam
1562 1206 1663 1263 Dei
1691 1222 1923 1264 conver-

317 1297 469 1345 satus
498 1290 570 1346 ad
600 1307 793 1348 omnes
849 1292 967 1348 sine
1022 1294 1261 1364 querela.
1319 1295 1483 1351 Nulla
1539 1312 1665 1352 vero
1709 1313 1808 1367 spe
1838 1297 1926 1353 vel

327 1378 602 1436 desiderio
632 1379 1001 1451 pontiﬁcatus,
1049 1383 1150 1438 sed
1167 1383 1497 1455 quibusdam
1518 1384 1928 1442 rationabilibus

336 1467 536 1537 causis,
570 1485 705 1540 quas
734 1469 1041 1526 nullatenus
1069 1474 1323 1528 omittere
1350 1482 1622 1545 poteram,
1672 1474 1726 1529 in
1784 1476 1923 1531 hanc

330 1563 525 1611 terram
556 1572 678 1612 sum
711 1558 897 1615 venire
926 1569 1160 1616 coactus.
1192 1564 1320 1632 Ipso
1350 1571 1530 1618 autem
1584 1579 1716 1637 rege
1768 1563 1919 1620 inﬁr-

319 1652 492 1713 mato,
526 1661 718 1702 omnes
749 1646 840 1717 qui
872 1653 1003 1704 tunc
1031 1650 1272 1706 aderatis
1300 1651 1349 1707 ei
1380 1660 1437 1707 ut
1489 1654 1645 1707 matri
1703 1669 1817 1708 suae
1872 1662 1926 1709 et

2035 512 2101 555 ac
2126 500 2387 555 bonitatis
2415 508 2713 558 amatorem
2742 517 2863 558 esse
2890 504 3289 575 cognoscimus,
3340 513 3394 562 et
3421 506 3493 562 ob
3522 508 3624 563 hoc

2033 587 2088 643 in
2117 596 2227 643 tam
2252 588 2523 659 profunda
2551 606 2612 645 re
2640 590 2868 647 consilio
2893 599 3075 648 nostro
3104 607 3212 649 non
3241 609 3391 667 eges.
3425 594 3623 651 Verum

2033 676 2099 745 si,
2132 686 2341 732 remota
2371 678 2518 733 omni
2546 678 2657 734 alia
2686 678 3015 747 conditione,
3049 680 3368 752 simpliciter
3422 684 3492 738 ad
3520 699 3622 739 vo-

2032 765 2291 822 luntatem
2321 766 2529 821 domini
2557 766 2733 822 nostri
2763 769 2908 840 regis
2965 769 3176 825 consilii
3234 771 3308 825 tui
3353 786 3625 828 summam

2036 855 2326 911 transferre
2355 855 2539 923 velles,
2570 863 2822 926 prompta
2880 856 2975 912 tibi
3032 857 3325 926 voluntate,
3359 868 3416 915 ut
3468 859 3628 917 nobis

2033 945 2188 1016 ipsis,
2220 945 2645 1000 consuleremus.
2677 948 2948 1013 Attamen,
2999 946 3049 1002 si
3099 947 3280 1016 jubes,
3336 947 3507 1004 verba
3537 956 3626 1005 tua

2032 1034 2137 1106 ipsi
2166 1034 2390 1090 domino
2422 1041 2608 1089 nostro
2638 1033 2960 1103 referemus,
3018 1042 3072 1090 et
3125 1051 3246 1091 cum
3293 1036 3630 1093 audierimus

2034 1122 2162 1193 quid
2190 1122 2316 1178 inde
2338 1122 2552 1190 sentiat,
2577 1121 2822 1177 dicemus
2872 1122 2987 1177 tibi.
3060 1144 3084 1174 ι
3146 1124 3355 1180 Annuit
3384 1124 3522 1197 ipse,
3573 1133 3627 1182 et

2034 1214 2279 1269 fecerunt
2303 1219 2359 1266 ut
2388 1210 2655 1266 dixerant.
2691 1210 2955 1281 Praecepit
2984 1210 3165 1281 itaque
3191 1228 3290 1269 rex
3336 1219 3394 1268 ut
3440 1215 3625 1270 omnia

2032 1302 2087 1357 in
2116 1302 2436 1367 crastinum,
2461 1300 2586 1370 quia
2616 1300 2733 1355 dies
2791 1299 3076 1355 Dominica
3122 1310 3257 1369 erat,
3310 1299 3630 1359 diﬁ‘erentur

2032 1399 2085 1446 et
2138 1389 2424 1445 Anselmus
2473 1389 2544 1444 ad
2601 1388 2898 1459 hospitium
2951 1405 3129 1454 suum,
3197 1388 3404 1444 curiam
3466 1406 3626 1446 mane

2030 1479 2376 1549 repetiturus,
2411 1486 2787 1534 reverteretur.
2822 1478 3046 1533 Factum
3072 1484 3155 1533 est
3181 1477 3275 1533 ita.
3308 1478 3377 1533 Et
3433 1493 3615 1548 mane,

2026 1570 2182 1640 juxta
2209 1567 2539 1633 condictum,
2573 1566 2772 1622 reversi
2828 1582 3032 1621 sumus.
3091 1568 3279 1636 Itaque
3334 1565 3626 1622 Anselmus

2029 1660 2084 1714 in
2117 1656 2297 1713 medio
2326 1670 2610 1727 procerum
2640 1663 2692 1711 et
2720 1655 3069 1725 conglobatae
3118 1652 3485 1710 multitudinis
3527 1670 3623 1711 se-

323 1741 522 1791 vestrte
551 1735 764 1792 scilicet
788 1736 1059 1795 Ecclesiae
1088 1739 1461 1797 Cantuariensi
1489 1757 1589 1812 per
1615 1742 1917 1798 institutio-
1948 1757 2003 1818 Β
2033 1747 2185 1811 dens,
2219 1745 2292 1800 ita
2321 1760 2476 1800 orsus
2505 1751 2585 1799 est
2609 1759 2621 1798 :
2659 1766 2680 1790 α
2716 1743 2769 1798 Si
2797 1744 2959 1814 juxta
2988 1742 3134 1815 quod
3163 1758 3193 1797 a
3221 1742 3398 1813 vobis,
3419 1742 3627 1798 domini

333 1837 459 1878 nem
480 1823 754 1894 pontiﬁcis
798 1833 921 1882 ante
962 1835 1199 1884 mortem
1247 1845 1396 1884 suam
1457 1830 1775 1900 consuleret,
1819 1848 1917 1903 pro

320 1917 452 1967 voto
483 1912 855 1971 consuluistis.
896 1913 1034 1985 Quid
1066 1917 1243 1973 dicam
1266 1919 1294 1971 ‘I
1350 1918 1615 1990 Suscepto
1670 1920 1916 1989 consilio,

321 1997 531 2070 placuit
569 2000 648 2056 illi
679 2010 733 2059 et
763 2003 920 2060 vobis
948 2004 1004 2059 in
1035 2004 1138 2061 hoc
1167 2021 1303 2077 opus
1334 2006 1544 2080 eligere
1586 2023 1692 2063 me.
1727 2007 1921 2079 Objeci

321 2088 578 2160 plurima,
610 2089 921 2149 subducere
951 2109 1038 2149 me
1068 2094 1341 2165 praesulati
1371 2096 1633 2167 gestiens,
1692 2113 1792 2153 nec
1820 2112 1918 2154 ac-

324 2177 625 2248 quievistis.
658 2180 952 2237 Professus
980 2199 1099 2237 sum
1128 2184 1273 2239 inter
1295 2184 1402 2240 alia
1430 2201 1518 2241 me
1549 2187 1690 2241 hunc
1720 2186 1789 2242 de
1812 2203 1921 2256 quo

323 2283 464 2322 nunc
496 2268 716 2338 querela
738 2269 840 2325 ista
872 2272 1175 2327 conseritur
1204 2273 1475 2330 Urbanum
1498 2290 1595 2345 pro
1617 2276 1920 2346 apostolico

324 2357 656 2427 suscepisse,
688 2373 884 2430 meque
913 2360 982 2415 ab
1011 2362 1129 2432 ejus
1157 2361 1498 2431 subjectione
1529 2366 1710 2434 quoad
1764 2365 1921 2423 vive-

327 2454 407 2502 ret
436 2446 524 2502 vel
553 2446 623 2502 ad
652 2448 844 2503 horam
877 2447 1154 2506 discedere
1211 2451 1390 2515 nolle;
1450 2460 1503 2507 et
1558 2452 1648 2523 qui
1704 2454 1771 2508 ad
1820 2455 1923 2509 hoc

320 2542 443 2591 tunc
475 2537 734 2606 temporis
764 2536 894 2592 mihi
954 2539 1363 2596 contradiceret
1417 2556 1581 2597 nemo
1639 2542 1759 2596 fuit.
1815 2541 1923 2598 Sed

322 2623 454 2693 quid
474 2624 502 2677 ἢ
524 2624 802 2695 Rapuistis
832 2642 919 2682 me
948 2635 1001 2684 et
1030 2627 1189 2701 coegi
1208 2628 1303 2683 stis
1335 2645 1477 2685 onus
1495 2629 1735 2686 omnium
1755 2631 1927 2688 susci-

320 2727 470 2782 pere,
496 2712 587 2783 qui
607 2714 852 2785 corporis
870 2714 1231 2773 imbecilitate
1252 2716 1522 2787 defessus,
1544 2719 1812 2789 meipsum
1835 2720 1924 2774 vix

319 2806 564 2869 poteram
596 2800 760 2857 ferre.
793 2804 856 2857 In
884 2819 994 2876 quo
1017 2803 1163 2860 facta
1188 2806 1461 2876 putabatis
1489 2806 1674 2862 forsan
1702 2807 1834 2862 mihi
1854 2807 1925 2862 ad

320 2895 512 2945 votum
537 2890 880 2948 servire.Sed
892 2901 1148 2963 quantum
1163 2894 1296 2949 illud
1308 2894 1925 2968 desideraverim,quam

321 2988 541 3050 gratum
574 2980 877 3048 habuerim,
910 2989 1183 3053 quantum
1234 2982 1288 3037 in
1338 2985 1433 3040 illo
1473 2985 1768 3041 delectatus
1799 2985 1924 3054 sim,

322 3068 505 3124 dicere
544 3070 598 3123 in
629 3072 883 3140 pimsenti
913 3071 1154 3142 quidem,
1186 3088 1309 3128 cum
1338 3072 1472 3128 nihil
1503 3074 1691 3145 prosit,
1725 3090 1925 3144 super-

323 3173 554 3215 vacuum
582 3158 814 3217 mstimo.
848 3162 1044 3217 Verum
1075 3177 1144 3217 ne
1173 3162 1291 3235 quis
1323 3163 1378 3217 in
1402 3165 1505 3220 hac
1532 3179 1590 3219 re
1635 3164 1929 3220 conscien-

325 3247 459 3303 tiam
488 3264 669 3303 mcam
700 3248 950 3306 nesciens
978 3250 1373 3307 scandalizetur
1426 3252 1484 3308 in
1531 3269 1618 3308 me
1680 3271 1692 3307 ε
1753 3253 1927 3308 fateor

327 3352 522 3392 verum
551 3336 680 3393 dico
711 3338 839 3408 quia
867 3338 1026 3394 salva
1055 3341 1363 3395 reverentia
1393 3340 1678 3395 voluntatis
1706 3341 1803 3396 Dei
1821 3355 1927 3396 ma'

321 3424 548 3480 luissem
580 3424 676 3481 illa
706 3426 814 3495 die,
853 3426 898 3480 si
930 3427 1080 3498 optio
1109 3427 1240 3483 mihi
1275 3429 1511 3497 daretur,
1545 3428 1602 3483 in
1645 3429 1927 3484 ardentum

322 3529 523 3586 rogum
588 3514 993 3571 comburendus
1070 3516 1414 3588 praecipitari,
1499 3534 1664 3591 quam
1739 3518 1921 3573 archi-

323 3603 670 3674 episcopatus
726 3602 991 3675 dignitate
1046 3604 1351 3660 sublimari.
1416 3608 1665 3661 Attamen
1730 3606 1923 3664 videns

318 3691 688 3764 importunam
721 3691 1054 3748 voluntatem
1078 3701 1333 3761 vestram,
1357 3694 1562 3750 credidi
1579 3711 1665 3750 me
1695 3695 1850 3751 vobis
1870 3704 1923 3751 et

323 3782 541 3853 suscepi
572 3796 713 3837 onus
739 3781 886 3851 quod
915 3781 1266 3853 imposuistis,
1300 3782 1544 3839 conﬁsus
1574 3800 1668 3854 Spe
1726 3784 1917 3839 auxilii

322 3868 498 3925 vestri
524 3869 674 3942 quod
706 3869 938 3941 polliciti
968 3872 1121 3927 estis.
1150 3871 1311 3928 Nunc
1341 3887 1496 3943 ergo,
1528 3888 1656 3929 ecce
1709 3881 1921 3943 tempus

320 3959 479 4014 adest
509 3974 616 4029 quo
655 3974 776 4014 sese
803 3974 971 4014 causa
1002 3959 1218 4027 obtulit,
1248 3968 1308 4015 ut
1334 3976 1471 4017 onus
1500 3976 1680 4016 meum
1710 3961 1920 4017 consilii

314 4047 489 4104 vestri
519 4062 683 4102 manu
730 4047 939 4104 levetis.
999 4049 1101 4104 Pro
1156 4048 1314 4119 cujus
1369 4049 1583 4105 consilii
1628 4049 1921 4120 adeptione

312 4135 482 4202 petivi
513 4135 757 4191 inducias
785 4135 853 4191 ab
909 4152 974 4192 eo
1033 4136 1120 4192 die
1176 4153 1282 4209 quo
1314 4137 1447 4193 mihi
1475 4138 1701 4209 praefata
1756 4138 1921 4195 verba

322 4224 466 4279 dicta
496 4233 641 4293 sunt,
673 4224 728 4279 in
758 4224 906 4280 hunc
928 4223 1076 4280 diem
1114 4242 1127 4279 ε
1162 4233 1423 4296 quatenus
1473 4228 1529 4282 in
1586 4244 1751 4283 unum
1780 4243 1916 4283 con-

326 4312 602 4381 veniretis,
635 4313 913 4369 communi
942 4313 1171 4370 consilio
1223 4314 1647 4387 investigaretis,
1705 4324 1918 4371 utrum-

314 4416 442 4456 nam
470 4401 703 4473 possim,
730 4400 883 4459 salva
909 4401 1171 4459 ﬁdelitate
1201 4403 1370 4475 regis,
1403 4419 1620 4460 servare
1649 4404 1917 4460 obedien-

2027 1836 2236 1903 fratres,
2272 1835 2522 1889 hesterno
2554 1832 2660 1900 die,
2693 1830 2975 1888 consilium
3029 1831 3097 1887 de
3153 1831 3409 1902 presenti
3465 1846 3626 1887 causa

2027 1923 2213 1996 petivi,
2243 1920 2329 1977 vel
2361 1936 2504 1975 nunc
2532 1919 2664 1975 dare
2705 1918 2935 1986 velletis,
2984 1918 3306 1989 acciperem.
3344 1942 3366 1967 ιο
3399 1920 3468 1974 At
3493 1917 3575 1974 illi
3609 1932 3622 1973 :

2033 2036 2055 2062 α
2091 2011 2248 2080 Quod
2280 2008 2397 2065 heri
2425 2008 2828 2079 respondimus,
2860 2007 3026 2063 modo
3063 2006 3491 2079 respondemus:
3522 2006 3628 2063 sci-

2028 2101 2174 2169 licet,
2204 2099 2249 2155 si
2279 2114 2421 2171 pure
2452 2098 2521 2152 ad
2576 2095 2905 2153 voluntatem
2962 2095 3179 2152 domini
3236 2094 3382 2169 regis
3411 2094 3623 2151 consilii

2030 2190 2105 2246 tui
2169 2204 2438 2243 summam
2505 2184 2797 2241 transferre
2853 2184 3110 2253 volueris,
3173 2190 3504 2255 promptum,
3570 2190 3627 2239 et

2031 2279 2176 2350 quod
2207 2279 2261 2332 in
2291 2275 2450 2332 nobis
2480 2274 2614 2346 ipsis
2643 2274 2773 2329 utile
2816 2273 3123 2340 didicimus,
3156 2288 3189 2327 a
3217 2271 3378 2329 nobis
3434 2271 3618 2328 consi-

2031 2366 2162 2422 lium
2194 2373 2398 2420 certum
2428 2363 2680 2419 habebis.
2740 2362 2800 2418 Si
2838 2368 3018 2417 autem
3076 2359 3376 2417 secundum
3429 2361 3621 2428 Deum,

2031 2455 2176 2526 quod
2206 2452 2475 2509 ullatenus
2505 2450 2766 2508 voluntati
2796 2451 2941 2523 regis
2970 2449 3193 2506 obviare
3247 2450 3442 2519 possit,
3495 2464 3623 2505 con-

2031 2544 2214 2600 silium
2238 2559 2269 2597 a
2297 2540 2455 2597 nobis
2483 2542 2787 2610 exspectas,
2847 2539 3049 2594 frustra
3104 2537 3326 2600 niteris;
3387 2538 3510 2607 quia
3567 2536 3622 2592 in

2032 2630 2345 2701 huiusmodi
2374 2644 2651 2701 nunquam
2683 2627 2775 2683 tibi
2806 2642 2903 2683 nos
2932 2625 3306 2682 adminiculari
3327 2624 3559 2683 videbis.
3595 2647 3617 2675 υ

2033 2721 2241 2790 Quibus
2269 2719 2425 2775 dictis
2453 2716 2841 2783 conticuerunt,
2874 2724 2926 2771 et
2954 2715 3135 2787 capita
3189 2729 3285 2770 sua
3341 2714 3495 2784 quasi
3554 2714 3626 2770 ad

2032 2825 2097 2866 ea
2127 2825 2247 2881 quae
2276 2809 2393 2880 ipse
2420 2807 2669 2862 illaturus
2699 2813 2815 2860 erat
2870 2804 3206 2859 dimiserunt.
3265 2804 3415 2859 Tunc
3469 2804 3627 2859 Pater

2032 2899 2317 2954 Anselmus
2348 2894 2549 2952 erectis
2581 2895 2636 2949 in
2666 2894 2830 2949 altum
2886 2891 3182 2948 luminibus
3223 2891 3405 2950 vivido
3455 2892 3624 2960 vultu,

2034 2986 2336 3043 reverenda
2392 3000 2526 3042 voce
2580 2983 2682 3038 ista
2731 2982 2941 3038 locutus
2996 2988 3120 3037 est:
3159 3002 3181 3033 ι
3218 2982 3350 3036 Cum
3408 2993 3510 3037 nos
3537 2979 3632 3052 qui

2039 3075 2356 3131 Christianae
2387 3073 2562 3144 plebis
2616 3080 2885 3142 pastores,
2941 3077 2995 3126 et
3026 3086 3119 3127 vos
3150 3070 3244 3142 qui
3299 3068 3626 3140 populorum

2036 3165 2311 3237 principes
2339 3161 2626 3230 vocamini,
2657 3160 2942 3217 consilium
2999 3159 3134 3214 mihi
3162 3158 3391 3230 principi
3447 3166 3627 3214 vestro

2034 3252 2250 3309 nonnisi
2301 3252 2370 3307 ad
2424 3250 2580 3306 unius
2625 3249 2859 3304 hominis
2909 3248 3241 3305 voluntatem
3273 3246 3401 3302 dare
3431 3246 3631 3312 vultis;

2034 3357 2138 3413 ego
2166 3341 2234 3396 ad
2275 3355 2553 3395 summum
2584 3345 2872 3409 pastorem,
2903 3345 2957 3393 et
3009 3335 3316 3407 principem
3360 3334 3623 3402 omnium,

2042 3446 2147 3503 ego
2175 3431 2243 3485 ad
2273 3429 2459 3500 magni
2488 3426 2695 3483 consilii
2725 3426 2980 3497 angelum
3010 3439 3226 3481 curram
3279 3429 3333 3478 et
3386 3423 3440 3477 in
3478 3437 3624 3490 meo,

2033 3520 2144 3575 imo
2176 3519 2229 3572 in
2260 3533 2359 3573 suo
2389 3522 2442 3572 et
2465 3516 2721 3572 Ecclesiae
2750 3531 2863 3570 suae
2894 3513 3133 3586 negotio,
3166 3510 3453 3568 consilium
3480 3510 3627 3581 quod

2031 3623 2224 3680 sequar
2250 3606 2321 3661 ab
2349 3622 2414 3662 eo
2446 3605 2729 3677 accipiam.
2787 3603 2931 3660 Dicit
2982 3600 3292 3657 beatissimo
3344 3598 3626 3670 apostolo-

2030 3712 2148 3751 rum
2181 3697 2335 3751 Petro
2369 3709 2383 3751 :
2423 3696 2499 3750 Tu
2528 3709 2585 3750 es
2610 3696 3078 3765 Petrus,etsuper
3094 3691 3240 3747 hanc
3256 3693 3480 3762 petram
3501 3687 3632 3744 aedi-

2027 3786 2202 3856 ﬁcabo
2229 3784 2541 3841 Ecclesium
2579 3798 2763 3839 meam
2787 3800 2803 3850 ;
2844 3785 2900 3839 et
2934 3784 3113 3853 porta:
3130 3780 3311 3851 inferi
3339 3795 3457 3835 non
3477 3793 3629 3851 pra:-

2028 3874 2297 3931 valebunt
2319 3874 2584 3929 adversus
2605 3888 2751 3940 eam,
2770 3875 2825 3928 et
2852 3871 2955 3927 tibi
2967 3869 3105 3927 dabo
3126 3870 3310 3926 claves
3327 3868 3491 3941 regni
3509 3882 3623 3923 cte-

2031 3964 2216 4020 lorum
2236 3983 2256 4031 ;
2278 3967 2332 4019 et
2362 3962 2727 4035 quodcunque
2752 3960 3018 4031 ligaveris
3043 3975 3215 4030 super
3249 3961 3485 4024 terram,
3508 3958 3622 4012 erit

2027 4057 2083 4109 et
2103 4054 2165 4107 in
2183 4053 2340 4107 caelis
2354 4052 2467 4122 liga
2475 4049 3067 4121 tum:etjquodcunque
3083 4047 3318 4105 solveris
3328 4061 3498 4119 super
3514 4050 3629 4101 ter-

2024 4158 2151 4197 ram
2169 4142 2282 4196 erit
2308 4140 2561 4196 solutum
2583 4142 2639 4194 et
2663 4139 2727 4193 in
2773 4138 2928 4193 cretis
2972 4137 3194 4204 (Matth.
3227 4151 3340 4202 xVi,
3383 4133 3471 4200 t8,
3511 4134 3619 4204 19).

2022 4227 2395 4284 Communiter
2410 4227 2574 4282 etiam
2594 4225 2855 4295 apostolis
2874 4223 3126 4281 omnibus
3150 4241 3163 4277 ε
3193 4223 3298 4291 Qui
3322 4239 3413 4279 vos
3433 4223 3620 4291 audit,

2025 4334 2116 4375 me
2132 4317 2293 4373 audit
2306 4337 2330 4379 ,-
2350 4322 2405 4373 et
2426 4318 2522 4389 qui
2539 4331 2637 4373 vos
2651 4316 2897 4387 spernit,
2916 4328 3004 4369 me
3020 4312 3241 4385 spernit
3255 4310 3580 4381 (Luc.x,16)
3602 4331 3623 4379 ,-

2025 4412 2081 4463 et
2096 4407 2195 4479 qui
2214 4407 2401 4477 tangit
2419 4420 2530 4472 vos,
2563 4406 2712 4460 sicut
2724 4405 2819 4475 qui
2841 4402 3026 4473 tangit
3040 4400 3322 4474 pupillam
3338 4400 3489 4456 oculi
3506 4401 3623 4456 mei

308 4488 444 4545 tiam
471 4471 787 4562 apostolica:
814 4491 984 4547 sedis.
1022 4492 1213 4557 Petivi,
1262 4471 1509 4564 inquam,
1554 4492 1804 4547 inducias
1856 4501 1910 4548 et
1935 4471 1989 4531 D
2021 4471 2212 4567 (zach.
2246 4471 2410 4564 n,'8).
2443 4471 2570 4549 Haec
2598 4471 2744 4549 sicut
2792 4471 3165 4563 principaliter
3217 4488 3378 4544 beato
3432 4488 3628 4556 Petro,

312 4579 518 4651 accepi,
549 4586 607 4635 et
635 4594 760 4636 ecce
780 4580 958 4653 gratia
984 4579 1084 4635 Dei
1114 4580 1341 4637 adestis.
1365 4581 1569 4637 Omnes
1599 4581 1799 4652 itaque,
1822 4582 1918 4638 sed

313 4684 412 4725 vos
444 4668 738 4741 prmoipue,
771 4669 964 4724 fratres
1019 4676 1072 4725 et
1126 4669 1447 4740 coepiscOpi
1502 4671 1607 4726 mei
1647 4687 1839 4742 precor
1865 4680 1918 4727 et

310 4772 531 4827 moneo,
551 4765 816 4831 quatenus
843 4757 972 4813 istis
1002 4756 1295 4830 diligenter
1323 4758 1580 4830 inspectis
1602 4759 1912 4828 studiosius,

307 4845 448 4902 sicut
477 4862 573 4903 vos
602 4845 777 4915 decet,
812 4862 921 4919 quo
976 4846 1135 4901 inniti
1196 4862 1392 4917 queam
1450 4847 1588 4902 mihi
1628 4848 1916 4905 consilium

309 4934 473 5003 detis,
505 4935 581 4991 ita
609 4943 668 4991 ut
693 4943 943 4992 etcontra
971 4934 1340 4993 obedientiam
1372 4952 1528 5007 papae
1554 4938 1689 4993 nihil
1730 4954 1910 5011 agam,

310 5033 368 5081 et
397 5024 564 5082 fidem
592 5040 755 5095 quam
804 5024 1025 5081 domino
1084 5024 1202 5095 regi
1257 5024 1432 5081 debeo
1460 5039 1571 5081 non
1616 5024 1911 5081 oﬁendam.

314 5114 500 5171 Grave
528 5113 803 5185 siquidem
838 5113 969 5168 mihi
1001 5121 1084 5170 est
1111 5113 1381 5168 vicarium
1439 5112 1585 5169 beati
1617 5115 1760 5169 Patri
1788 5129 1915 5171 con-

307 5202 604 5259 temnendo
634 5202 914 5275 abnegare
939 5220 953 5267 ;
983 5218 1176 5275 grave,
1207 5201 1371 5259 ﬁdem
1436 5218 1597 5273 quam
1653 5202 1772 5275 regi
1828 5218 1916 5258 me

306 5292 612 5350 secundum
679 5291 852 5347 Deum
922 5299 1258 5347 servaturum
1352 5290 1608 5363 promisi,
1668 5290 1910 5359 violare;

305 5396 483 5454 grave
535 5378 899 5437 nihilominus
947 5378 1094 5452 quod
1151 5378 1367 5448 dicitur,
1415 5378 1752 5450 impossibile
1781 5380 1915 5435 mihi

301 5468 428 5526 fore
458 5485 626 5524 unum
653 5470 870 5537 horum,
903 5484 1014 5524 non
1041 5467 1245 5525 violato
1302 5467 1492 5535 altero,
1552 5470 1846 5526 custodire.
1885 5494 1907 5518 ι»

300 5557 397 5616 Ad
425 5559 542 5615 hac
581 5557 826 5630 episcopi
857 5558 1251 5635 responderunt
1284 5574 1298 5612 :
1328 5579 1349 5605 ι
1385 5556 1680 5613 Consilium
1712 5557 1857 5631 quod
1877 5573 1910 5615 a

2024 4591 2075 4639 et
2126 4583 2183 4638 in
2236 4584 2354 4654 ipso
2408 4580 2622 4639 caeteris
2670 4580 2936 4652 apostolis
2984 4578 3128 4634 dicta
3182 4576 3501 4648 accipimus,
3552 4576 3629 4632 ita

2022 4672 2402 4745 principaliter
2429 4670 2634 4729 vicario
2661 4670 2807 4727 beati
2838 4667 2998 4735 Petri,
3030 4675 3085 4723 et
3125 4683 3227 4739 per
3285 4666 3461 4738 ipsum
3517 4681 3620 4723 cm-

2022 4761 2150 4817 teris
2179 4760 2470 4832 episcopis,
2505 4760 2597 4831 qui
2626 4760 2772 4817 vices
2800 4764 2968 4831 agunt
3009 4757 3398 4829 apostolorum,
3430 4756 3624 4812 eadem

2023 4850 2168 4906 dicta
2200 4858 2444 4905 tenemus
2470 4866 2490 4905 :
2520 4865 2629 4904 non
2656 4847 2883 4904 cuilibet
2925 4845 3259 4915 imperatori.
3320 4860 3429 4901 non
3460 4844 3620 4901 alicui

2024 4938 2168 5012 regi,
2200 4939 2309 4994 don
2335 4937 2481 5005 duci,
2505 4953 2613 4993 non
2639 4935 2841 4993 comiti.
2901 4937 2964 4991 In
3020 4950 3128 5005 quo
3174 4942 3359 4990 tamen
3396 4932 3622 4989 terrenis

2021 5025 2364 5099 principibus
2393 5024 2553 5081 subdi
2582 5040 2647 5081 ac
2676 5023 2983 5079 ministrare
3012 5021 3315 5079 debeamus
3371 5023 3529 5079 docet
3577 5028 3631 5077 et

2021 5114 2241 5170 instruit
2269 5114 2415 5170 idem
2457 5114 2578 5184 ipse
2607 5112 2794 5186 magni
2823 5110 3032 5167 consilii
3059 5110 3320 5183 Angelus,
3381 5110 3575 5167 dicens
3611 5129 3624 5166 :

2024 5203 2254 5261 Reddite
2282 5219 2407 5275 quae
2425 5207 2564 5259 sunt
2586 5202 2821 5259 Caesaris
2841 5198 3073 5268 Caesari,
3115 5204 3172 5256 et
3204 5215 3327 5273 quas
3352 5200 3493 5257 sunt
3526 5200 3628 5256 Dei

2024 5294 2134 5349 Deo
2157 5292 2379 5361 (Natta.
2404 5307 2542 5357 xxii,
2576 5294 2688 5353 21).
2720 5291 2851 5346 Haec
2882 5289 3070 5357 verba,
3100 5289 3221 5345 haec
3249 5287 3477 5345 consilia
3526 5288 3626 5343 Dei

2017 5388 2166 5436 sunt.
2196 5380 2323 5436 Haec
2354 5380 2619 5451 approbo,
2650 5380 2770 5436 hate
2799 5377 3059 5450 suscipio,
3093 5377 3212 5434 haec
3240 5375 3388 5432 nulla
3416 5375 3629 5431 ratione

2020 5468 2206 5526 exibo.
2238 5468 2419 5538 Quare
2448 5468 2628 5525 cuncti
2656 5466 2915 5525 noveritis
2947 5467 3003 5521 in
3033 5464 3329 5531 communi,
3387 5462 3532 5536 quod
3561 5462 3620 5520 in

2019 5557 2104 5616 his
2134 5573 2254 5634 quae
2278 5557 2381 5614 Dei
2410 5565 2533 5615 sunt
2557 5557 2767 5615 vicario
2795 5554 2938 5613 beati
2970 5554 3110 5612 Petri
3140 5552 3531 5620 obedientiam,
3561 5558 3616 5609 et
