  <div class='ocr_page' id='page_1' title='image "/cluster/home/n/w/nwhite01/storage/ocr_20150623/159/hvd.32044054760178/197.png"; bbox 0 0 3996 6084; ppageno 0'>
   <div class='ocr_carea' id='block_1_1' title="bbox 355 232 457 287">
    <p class='ocr_par' dir='ltr' id='par_1_1' title="bbox 355 232 457 287">
     <span class='ocr_line' id='line_1_1' title="bbox 355 232 457 287; baseline 0 0"><span class='ocrx_word' id='word_1_1' title='bbox 355 232 457 287; x_wconf 86' lang='lat'><strong>383</strong></span> 
     </span>
    </p>
   </div>
   <div class='ocr_carea' id='block_1_2' title="bbox 1365 226 2625 288">
    <p class='ocr_par' dir='ltr' id='par_1_2' title="bbox 1365 226 2625 288">
     <span class='ocr_line' id='line_1_2' title="bbox 1365 226 2625 288; baseline 0 -2"><span class='ocrx_word' id='word_1_2' title='bbox 1365 226 1675 286; x_wconf 76' lang='lat' dir='ltr'><strong>EADMERI</strong></span> <span class='ocrx_word' id='word_1_3' title='bbox 1709 228 2257 287; x_wconf 80' lang='lat' dir='ltr'><strong>CANTUARIENSIS</strong></span> <span class='ocrx_word' id='word_1_4' title='bbox 2292 230 2625 288; x_wconf 79' lang='lat' dir='ltr'><strong>MONACHI.</strong></span> 
     </span>
    </p>
   </div>
   <div class='ocr_carea' id='block_1_3' title="bbox 3549 230 3655 285">
    <p class='ocr_par' dir='ltr' id='par_1_3' title="bbox 3549 230 3655 285">
     <span class='ocr_line' id='line_1_3' title="bbox 3549 230 3655 285; baseline 0.009 -1"><span class='ocrx_word' id='word_1_5' title='bbox 3549 230 3655 285; x_wconf 70' lang='lat' dir='ltr'><strong>38L</strong></span> 
     </span>
    </p>
   </div>
   <div class='ocr_carea' id='block_1_4' title="bbox 354 354 3660 429">
    <p class='ocr_par' dir='ltr' id='par_1_4' title="bbox 354 354 3660 429">
     <span class='ocr_line' id='line_1_4' title="bbox 354 354 3660 429; baseline -0.001 -17"><span class='ocrx_word' id='word_1_6' title='bbox 354 355 412 412; x_wconf 88' lang='lat' dir='ltr'><strong>in</strong></span> <span class='ocrx_word' id='word_1_7' title='bbox 440 356 523 413; x_wconf 89' lang='lat' dir='ltr'><strong>his</strong></span> <span class='ocrx_word' id='word_1_8' title='bbox 551 365 670 429; x_wconf 75' lang='lat' dir='ltr'><strong>qua:</strong></span> <span class='ocrx_word' id='word_1_9' title='bbox 700 367 930 415; x_wconf 72' lang='lat' dir='ltr'><strong>terrena:</strong></span> <span class='ocrx_word' id='word_1_10' title='bbox 960 357 1162 413; x_wconf 85' lang='lat' dir='ltr'><strong>domini</strong></span> <span class='ocrx_word' id='word_1_11' title='bbox 1194 357 1296 411; x_wconf 91' lang='lat' dir='ltr'><strong>mei</strong></span> <span class='ocrx_word' id='word_1_12' title='bbox 1328 357 1474 427; x_wconf 87' lang='lat' dir='ltr'><strong>regis</strong></span> <span class='ocrx_word' id='word_1_13' title='bbox 1521 355 1769 427; x_wconf 92' lang='lat' dir='ltr'><strong>dignitati</strong></span> <span class='ocrx_word' id='word_1_14' title='bbox 1820 355 1945 424; x_wconf 85' lang='lat' dir='ltr'>jure</span> <span class='ocrx_word' id='word_1_15' title='bbox 1972 356 2029 416; x_wconf 89' lang='lat' dir='ltr'><strong>A</strong></span> <span class='ocrx_word' id='word_1_16' title='bbox 2057 356 2335 421; x_wconf 78' lang='lat' dir='ltr'><strong>desistere,</strong></span> <span class='ocrx_word' id='word_1_17' title='bbox 2367 356 2565 411; x_wconf 83' lang='lat' dir='ltr'><strong>reversi</strong></span> <span class='ocrx_word' id='word_1_18' title='bbox 2604 356 2676 410; x_wconf 92' lang='lat' dir='ltr'><strong>ad</strong></span> <span class='ocrx_word' id='word_1_19' title='bbox 2733 371 2922 428; x_wconf 82' lang='lat' dir='ltr'><strong>regem</strong></span> <span class='ocrx_word' id='word_1_20' title='bbox 2978 363 3354 425; x_wconf 86' lang='lat' dir='ltr'><strong>persuaserunt</strong></span> <span class='ocrx_word' id='word_1_21' title='bbox 3410 354 3660 410; x_wconf 87' lang='lat' dir='ltr'><strong>inducias</strong></span> 
     </span>
    </p>
   </div>
   <div class='ocr_carea' id='block_1_5' title="bbox 356 444 1948 517">
    <p class='ocr_par' dir='ltr' id='par_1_5' title="bbox 356 444 1948 517">
     <span class='ocr_line' id='line_1_5' title="bbox 356 444 1948 517; baseline -0.003 -16"><span class='ocrx_word' id='word_1_22' title='bbox 356 455 669 517; x_wconf 86' lang='lat' dir='ltr'><strong>competunt</strong></span> <span class='ocrx_word' id='word_1_23' title='bbox 694 455 747 502; x_wconf 90' lang='lat' dir='ltr'><strong>et</strong></span> <span class='ocrx_word' id='word_1_24' title='bbox 772 446 930 501; x_wconf 86' lang='lat' dir='ltr'><strong>ﬁdele</strong></span> <span class='ocrx_word' id='word_1_25' title='bbox 956 445 1242 501; x_wconf 88' lang='lat' dir='ltr'><strong>consilium</strong></span> <span class='ocrx_word' id='word_1_26' title='bbox 1273 452 1325 499; x_wconf 90' lang='lat' dir='ltr'><strong>et</strong></span> <span class='ocrx_word' id='word_1_27' title='bbox 1353 444 1612 498; x_wconf 86' lang='lat' dir='ltr'><strong>auxilium</strong></span> <span class='ocrx_word' id='word_1_28' title='bbox 1661 460 1761 513; x_wconf 90' lang='lat' dir='ltr'><strong>pro</strong></span> <span class='ocrx_word' id='word_1_29' title='bbox 1818 459 1948 498; x_wconf 86' lang='lat' dir='ltr'><strong>sen-</strong></span> 
     </span>
    </p>
   </div>
   <div class='ocr_carea' id='block_1_6' title="bbox 358 532 1952 604">
    <p class='ocr_par' dir='ltr' id='par_1_6' title="bbox 358 532 1952 604">
     <span class='ocr_line' id='line_1_6' title="bbox 358 532 1952 604; baseline -0.003 -16"><span class='ocrx_word' id='word_1_30' title='bbox 358 550 452 589; x_wconf 89' lang='lat' dir='ltr'><strong>sus</strong></span> <span class='ocrx_word' id='word_1_31' title='bbox 508 536 615 590; x_wconf 92' lang='lat' dir='ltr'><strong>mei</strong></span> <span class='ocrx_word' id='word_1_32' title='bbox 671 535 966 604; x_wconf 88' lang='lat' dir='ltr'><strong>capacitate</strong></span> <span class='ocrx_word' id='word_1_33' title='bbox 1021 534 1360 602; x_wconf 77' lang='lat' dir='ltr'><strong>impendam.</strong></span> <span class='ocrx_word' id='word_1_34' title='bbox 1419 533 1656 587; x_wconf 79' lang='lat' dir='ltr'><strong>Finierat</strong></span> <span class='ocrx_word' id='word_1_35' title='bbox 1707 532 1868 586; x_wconf 85' lang='lat' dir='ltr'><strong>Pater</strong></span> <span class='ocrx_word' id='word_1_36' title='bbox 1898 532 1952 585; x_wconf 87' lang='lat' dir='ltr'><strong>in</strong></span> 
     </span>
    </p>
   </div>
   <div class='ocr_carea' id='block_1_7' title="bbox 359 621 1953 694">
    <p class='ocr_par' dir='ltr' id='par_1_7' title="bbox 359 621 1953 694">
     <span class='ocr_line' id='line_1_7' title="bbox 359 621 1953 694; baseline -0.003 -17"><span class='ocrx_word' id='word_1_37' title='bbox 359 623 496 677; x_wconf 88' lang='lat' dir='ltr'><strong>istis.</strong></span> <span class='ocrx_word' id='word_1_38' title='bbox 529 622 730 678; x_wconf 85' lang='lat' dir='ltr'><strong>Omnes</strong></span> <span class='ocrx_word' id='word_1_39' title='bbox 755 624 916 694; x_wconf 88' lang='lat' dir='ltr'><strong>igitur</strong></span> <span class='ocrx_word' id='word_1_40' title='bbox 965 622 1260 676; x_wconf 82' lang='lat' dir='ltr'><strong>assidentes</strong></span> <span class='ocrx_word' id='word_1_41' title='bbox 1310 621 1514 692; x_wconf 85' lang='lat' dir='ltr'><strong>Oppido</strong></span> <span class='ocrx_word' id='word_1_42' title='bbox 1572 621 1787 687; x_wconf 85' lang='lat' dir='ltr'><strong>turbati,</strong></span> <span class='ocrx_word' id='word_1_43' title='bbox 1831 636 1953 675; x_wconf 91' lang='lat' dir='ltr'><strong>cum</strong></span> 
     </span>
    </p>
   </div>
   <div class='ocr_carea' id='block_1_8' title="bbox 360 710 1948 781">
    <p class='ocr_par' dir='ltr' id='par_1_8' title="bbox 360 710 1948 781">
     <span class='ocr_line' id='line_1_8' title="bbox 360 710 1948 781; baseline -0.003 -16"><span class='ocrx_word' id='word_1_44' title='bbox 360 711 697 765; x_wconf 83' lang='lat' dir='ltr'><strong>festinatione</strong></span> <span class='ocrx_word' id='word_1_45' title='bbox 748 720 801 765; x_wconf 90' lang='lat' dir='ltr'><strong>et</strong></span> <span class='ocrx_word' id='word_1_46' title='bbox 856 725 1055 781; x_wconf 86' lang='lat' dir='ltr'><strong>magno</strong></span> <span class='ocrx_word' id='word_1_47' title='bbox 1115 710 1340 764; x_wconf 86' lang='lat' dir='ltr'><strong>tumultu</strong></span> <span class='ocrx_word' id='word_1_48' title='bbox 1390 717 1760 773; x_wconf 81' lang='lat' dir='ltr'><strong>surrexerunt,</strong></span> <span class='ocrx_word' id='word_1_49' title='bbox 1841 717 1948 763; x_wconf 89' lang='lat' dir='ltr'><strong>tur-</strong></span> 
     </span>
    </p>
   </div>
   <div class='ocr_carea' id='block_1_9' title="bbox 360 798 1953 868">
    <p class='ocr_par' dir='ltr' id='par_1_9' title="bbox 360 798 1953 868">
     <span class='ocr_line' id='line_1_9' title="bbox 360 798 1953 868; baseline 0 -16"><span class='ocrx_word' id='word_1_50' title='bbox 360 798 631 853; x_wconf 89' lang='lat' dir='ltr'><strong>bationem</strong></span> <span class='ocrx_word' id='word_1_51' title='bbox 664 814 819 852; x_wconf 86' lang='lat' dir='ltr'><strong>suam</strong></span> <span class='ocrx_word' id='word_1_52' title='bbox 880 798 1118 853; x_wconf 90' lang='lat' dir='ltr'><strong>confusis</strong></span> <span class='ocrx_word' id='word_1_53' title='bbox 1174 798 1399 854; x_wconf 84' lang='lat' dir='ltr'><strong>vocibus</strong></span> <span class='ocrx_word' id='word_1_54' title='bbox 1449 798 1863 868; x_wconf 84' lang='lat' dir='ltr'><strong>experimentes,</strong></span> <span class='ocrx_word' id='word_1_55' title='bbox 1894 805 1953 852; x_wconf 93' lang='lat' dir='ltr'><strong>ut</strong></span> 
     </span>
    </p>
   </div>
   <div class='ocr_carea' id='block_1_10' title="bbox 353 886 1949 957">
    <p class='ocr_par' dir='ltr' id='par_1_10' title="bbox 353 886 1949 957">
     <span class='ocr_line' id='line_1_10' title="bbox 353 886 1949 957; baseline -0.001 -15"><span class='ocrx_word' id='word_1_56' title='bbox 353 901 450 942; x_wconf 85' lang='lat' dir='ltr'><strong>eos</strong></span> <span class='ocrx_word' id='word_1_57' title='bbox 479 886 630 941; x_wconf 91' lang='lat' dir='ltr'><strong>illum</strong></span> <span class='ocrx_word' id='word_1_58' title='bbox 663 903 782 941; x_wconf 87' lang='lat' dir='ltr'><strong>esse</strong></span> <span class='ocrx_word' id='word_1_59' title='bbox 828 903 978 942; x_wconf 92' lang='lat' dir='ltr'><strong>reum</strong></span> <span class='ocrx_word' id='word_1_60' title='bbox 1028 888 1217 943; x_wconf 89' lang='lat' dir='ltr'><strong>mortis</strong></span> <span class='ocrx_word' id='word_1_61' title='bbox 1258 904 1362 942; x_wconf 89' lang='lat' dir='ltr'><strong>una</strong></span> <span class='ocrx_word' id='word_1_62' title='bbox 1416 888 1655 941; x_wconf 89' lang='lat' dir='ltr'><strong>clamare</strong></span> <span class='ocrx_word' id='word_1_63' title='bbox 1710 895 1949 957; x_wconf 87' lang='lat' dir='ltr'><strong>putares.</strong></span> 
     </span>
    </p>
   </div>
   <div class='ocr_carea' id='block_1_11' title="bbox 358 974 1954 1047">
    <p class='ocr_par' dir='ltr' id='par_1_11' title="bbox 358 974 1954 1047">
     <span class='ocr_line' id='line_1_11' title="bbox 358 974 1954 1047; baseline -0.001 -17"><span class='ocrx_word' id='word_1_64' title='bbox 358 975 725 1047; x_wconf 86' lang='lat' dir='ltr'><strong>Conversique</strong></span> <span class='ocrx_word' id='word_1_65' title='bbox 780 977 848 1030; x_wconf 90' lang='lat' dir='ltr'><strong>ad</strong></span> <span class='ocrx_word' id='word_1_66' title='bbox 908 976 1083 1044; x_wconf 89' lang='lat' dir='ltr'><strong>illum,</strong></span> <span class='ocrx_word' id='word_1_67' title='bbox 1141 992 1261 1031; x_wconf 92' lang='lat' dir='ltr'><strong>cum</strong></span> <span class='ocrx_word' id='word_1_68' title='bbox 1318 976 1500 1047; x_wconf 82' lang='lat' dir='ltr'><strong>jurgio</strong></span> <span class='ocrx_word' id='word_1_69' title='bbox 1558 994 1633 1030; x_wconf 74' lang='grc' dir='ltr'><strong>ευ</strong></span> <span class='ocrx_word' id='word_1_70' title='bbox 1661 976 1831 1043; x_wconf 85' lang='lat' dir='ltr'><strong>Scias,</strong></span> <span class='ocrx_word' id='word_1_71' title='bbox 1866 974 1954 1029; x_wconf 92' lang='lat' dir='ltr'><strong>in-</strong></span> 
     </span>
    </p>
   </div>
   <div class='ocr_carea' id='block_1_12' title="bbox 362 1064 1955 1135">
    <p class='ocr_par' dir='ltr' id='par_1_12' title="bbox 362 1064 1955 1135">
     <span class='ocr_line' id='line_1_12' title="bbox 362 1064 1955 1135; baseline 0 -18"><span class='ocrx_word' id='word_1_72' title='bbox 362 1064 574 1135; x_wconf 89' lang='lat' dir='ltr'><strong>quiunt,</strong></span> <span class='ocrx_word' id='word_1_73' title='bbox 606 1080 704 1119; x_wconf 90' lang='lat' dir='ltr'><strong>nos</strong></span> <span class='ocrx_word' id='word_1_74' title='bbox 732 1066 849 1119; x_wconf 72' lang='lat' dir='ltr'><strong>haec</strong></span> <span class='ocrx_word' id='word_1_75' title='bbox 879 1064 1045 1119; x_wconf 89' lang='lat' dir='ltr'><strong>verba</strong></span> <span class='ocrx_word' id='word_1_76' title='bbox 1076 1073 1165 1119; x_wconf 92' lang='lat' dir='ltr'><strong>tua</strong></span> <span class='ocrx_word' id='word_1_77' title='bbox 1222 1064 1445 1119; x_wconf 91' lang='lat' dir='ltr'><strong>minime</strong></span> <span class='ocrx_word' id='word_1_78' title='bbox 1499 1064 1723 1120; x_wconf 86' lang='lat' dir='ltr'><strong>domino</strong></span> <span class='ocrx_word' id='word_1_79' title='bbox 1770 1072 1955 1118; x_wconf 88' lang='lat' dir='ltr'><strong>nostro</strong></span> 
     </span>
    </p>
   </div>
   <div class='ocr_carea' id='block_1_13' title="bbox 358 1152 1952 1225">
    <p class='ocr_par' dir='ltr' id='par_1_13' title="bbox 358 1152 1952 1225">
     <span class='ocr_line' id='line_1_13' title="bbox 358 1152 1952 1225; baseline -0.001 -18"><span class='ocrx_word' id='word_1_80' title='bbox 358 1161 445 1207; x_wconf 89' lang='lat' dir='ltr'><strong>tua</strong></span> <span class='ocrx_word' id='word_1_81' title='bbox 474 1153 591 1208; x_wconf 84' lang='lat' dir='ltr'><strong>vice</strong></span> <span class='ocrx_word' id='word_1_82' title='bbox 619 1158 944 1222; x_wconf 84' lang='lat' dir='ltr'><strong>portaturos.</strong></span> <span class='ocrx_word' id='word_1_83' title='bbox 984 1177 1005 1201; x_wconf 73' lang='grc' dir='ltr'><strong>ν</strong></span> <span class='ocrx_word' id='word_1_84' title='bbox 1041 1152 1255 1222; x_wconf 86' lang='lat' dir='ltr'><strong>Quibus</strong></span> <span class='ocrx_word' id='word_1_85' title='bbox 1306 1153 1462 1219; x_wconf 81' lang='lat' dir='ltr'><strong>dictis</strong></span> <span class='ocrx_word' id='word_1_86' title='bbox 1514 1154 1583 1208; x_wconf 89' lang='lat' dir='ltr'><strong>ad</strong></span> <span class='ocrx_word' id='word_1_87' title='bbox 1640 1170 1825 1225; x_wconf 86' lang='lat' dir='ltr'><strong>regem</strong></span> <span class='ocrx_word' id='word_1_88' title='bbox 1872 1169 1952 1207; x_wconf 90' lang='lat' dir='ltr'><strong>re-</strong></span> 
     </span>
    </p>
   </div>
   <div class='ocr_carea' id='block_1_14' title="bbox 361 1240 1950 1314">
    <p class='ocr_par' dir='ltr' id='par_1_14' title="bbox 361 1240 1950 1314">
     <span class='ocr_line' id='line_1_14' title="bbox 361 1240 1950 1314; baseline 0 -19"><span class='ocrx_word' id='word_1_89' title='bbox 361 1242 503 1296; x_wconf 84' lang='lat' dir='ltr'><strong>versi</strong></span> <span class='ocrx_word' id='word_1_90' title='bbox 551 1249 693 1297; x_wconf 91' lang='lat' dir='ltr'><strong>sunt.</strong></span> <span class='ocrx_word' id='word_1_91' title='bbox 724 1240 866 1310; x_wconf 86' lang='lat' dir='ltr'><strong>Quia</strong></span> <span class='ocrx_word' id='word_1_92' title='bbox 896 1258 1028 1313; x_wconf 88' lang='lat' dir='ltr'><strong>ergo</strong></span> <span class='ocrx_word' id='word_1_93' title='bbox 1059 1258 1220 1297; x_wconf 91' lang='lat' dir='ltr'><strong>nemo</strong></span> <span class='ocrx_word' id='word_1_94' title='bbox 1247 1243 1332 1297; x_wconf 89' lang='lat' dir='ltr'><strong>cui</strong></span> <span class='ocrx_word' id='word_1_95' title='bbox 1377 1242 1540 1297; x_wconf 88' lang='lat' dir='ltr'><strong>verba</strong></span> <span class='ocrx_word' id='word_1_96' title='bbox 1588 1258 1683 1297; x_wconf 90' lang='lat' dir='ltr'><strong>sua</strong></span> <span class='ocrx_word' id='word_1_97' title='bbox 1714 1242 1827 1314; x_wconf 85' lang='lat' dir='ltr'><strong>regi</strong></span> <span class='ocrx_word' id='word_1_98' title='bbox 1861 1242 1950 1295; x_wconf 90' lang='lat' dir='ltr'><strong>de-</strong></span> 
     </span>
    </p>
   </div>
   <div class='ocr_carea' id='block_1_15' title="bbox 357 1327 1948 1396">
    <p class='ocr_par' dir='ltr' id='par_1_15' title="bbox 357 1327 1948 1396">
     <span class='ocr_line' id='line_1_15' title="bbox 357 1327 1948 1396; baseline 0 -14"><span class='ocrx_word' id='word_1_99' title='bbox 357 1327 580 1384; x_wconf 89' lang='lat' dir='ltr'><strong>ferenda</strong></span> <span class='ocrx_word' id='word_1_100' title='bbox 611 1338 723 1383; x_wconf 92' lang='lat' dir='ltr'><strong>tuto</strong></span> <span class='ocrx_word' id='word_1_101' title='bbox 751 1331 1134 1396; x_wconf 88' lang='lat' dir='ltr'><strong>committeret,</strong></span> <span class='ocrx_word' id='word_1_102' title='bbox 1174 1347 1296 1385; x_wconf 90' lang='lat' dir='ltr'><strong>cum</strong></span> <span class='ocrx_word' id='word_1_103' title='bbox 1348 1330 1604 1386; x_wconf 81' lang='lat' dir='ltr'><strong>Anselmo</strong></span> <span class='ocrx_word' id='word_1_104' title='bbox 1649 1330 1902 1386; x_wconf 86' lang='lat' dir='ltr'><strong>remansit</strong></span> <span class='ocrx_word' id='word_1_105' title='bbox 1937 1349 1948 1390; x_wconf 86' lang='lat'><strong>;</strong></span> 
     </span>
    </p>
   </div>
   <div class='ocr_carea' id='block_1_16' title="bbox 355 1418 1954 1492">
    <p class='ocr_par' dir='ltr' id='par_1_16' title="bbox 355 1418 1954 1492">
     <span class='ocr_line' id='line_1_16' title="bbox 355 1418 1954 1492; baseline 0.001 -22"><span class='ocrx_word' id='word_1_106' title='bbox 355 1418 592 1487; x_wconf 87' lang='lat' dir='ltr'><strong>ipsemet</strong></span> <span class='ocrx_word' id='word_1_107' title='bbox 648 1419 715 1471; x_wconf 90' lang='lat' dir='ltr'><strong>ad</strong></span> <span class='ocrx_word' id='word_1_108' title='bbox 766 1434 947 1490; x_wconf 84' lang='lat' dir='ltr'><strong>regem</strong></span> <span class='ocrx_word' id='word_1_109' title='bbox 1006 1419 1333 1492; x_wconf 83' lang='lat' dir='ltr'><strong>ingrediens,</strong></span> <span class='ocrx_word' id='word_1_110' title='bbox 1393 1436 1513 1491; x_wconf 68' lang='lat' dir='ltr'><strong>quae</strong></span> <span class='ocrx_word' id='word_1_111' title='bbox 1570 1420 1775 1474; x_wconf 81' lang='lat' dir='ltr'><strong>dixerat</strong></span> <span class='ocrx_word' id='word_1_112' title='bbox 1830 1419 1954 1475; x_wconf 90' lang='lat' dir='ltr'><strong>viva</strong></span> 
     </span>
    </p>
   </div>
   <div class='ocr_carea' id='block_1_17' title="bbox 360 1505 1952 1577">
    <p class='ocr_par' dir='ltr' id='par_1_17' title="bbox 360 1505 1952 1577">
     <span class='ocr_line' id='line_1_17' title="bbox 360 1505 1952 1577; baseline -0.001 -16"><span class='ocrx_word' id='word_1_113' title='bbox 360 1520 495 1561; x_wconf 89' lang='lat' dir='ltr'><strong>voce</strong></span> <span class='ocrx_word' id='word_1_114' title='bbox 535 1505 785 1574; x_wconf 89' lang='lat' dir='ltr'><strong>innotuit,</strong></span> <span class='ocrx_word' id='word_1_115' title='bbox 828 1507 1078 1577; x_wconf 88' lang='lat' dir='ltr'><strong>illicoque</strong></span> <span class='ocrx_word' id='word_1_116' title='bbox 1118 1524 1369 1563; x_wconf 80' lang='lat' dir='ltr'><strong>reversus</strong></span> <span class='ocrx_word' id='word_1_117' title='bbox 1407 1517 1503 1563; x_wconf 84' lang='lat' dir='ltr'><strong>est.</strong></span> <span class='ocrx_word' id='word_1_118' title='bbox 1557 1509 1640 1562; x_wconf 82' lang='lat' dir='ltr'><strong>Ad</strong></span> <span class='ocrx_word' id='word_1_119' title='bbox 1692 1524 1811 1577; x_wconf 66' lang='lat' dir='ltr'><strong>quae</strong></span> <span class='ocrx_word' id='word_1_120' title='bbox 1858 1523 1952 1561; x_wconf 79' lang='lat' dir='ltr'><strong>rex</strong></span> 
     </span>
    </p>
   </div>
   <div class='ocr_carea' id='block_1_18' title="bbox 360 1593 1946 1667">
    <p class='ocr_par' dir='ltr' id='par_1_18' title="bbox 360 1593 1946 1667">
     <span class='ocr_line' id='line_1_18' title="bbox 360 1593 1946 1667; baseline 0.003 -23"><span class='ocrx_word' id='word_1_121' title='bbox 360 1593 710 1648; x_wconf 85' lang='lat' dir='ltr'><strong>vehementer</strong></span> <span class='ocrx_word' id='word_1_122' title='bbox 728 1595 911 1661; x_wconf 88' lang='lat' dir='ltr'><strong>iratus,</strong></span> <span class='ocrx_word' id='word_1_123' title='bbox 945 1611 1066 1651; x_wconf 88' lang='lat' dir='ltr'><strong>cum</strong></span> <span class='ocrx_word' id='word_1_124' title='bbox 1110 1596 1382 1666; x_wconf 89' lang='lat' dir='ltr'><strong>episc0pis</strong></span> <span class='ocrx_word' id='word_1_125' title='bbox 1421 1605 1580 1666; x_wconf 88' lang='lat' dir='ltr'><strong>atque</strong></span> <span class='ocrx_word' id='word_1_126' title='bbox 1614 1596 1946 1667; x_wconf 85' lang='lat' dir='ltr'><strong>principibus</strong></span> 
     </span>
    </p>
   </div>
   <div class='ocr_carea' id='block_1_19' title="bbox 2059 443 3656 511">
    <p class='ocr_par' dir='ltr' id='par_1_19' title="bbox 2059 443 3656 511">
     <span class='ocr_line' id='line_1_19' title="bbox 2059 443 3656 511; baseline 0.001 -13"><span class='ocrx_word' id='word_1_127' title='bbox 2059 445 2207 499; x_wconf 88' lang='lat' dir='ltr'><strong>nulla</strong></span> <span class='ocrx_word' id='word_1_128' title='bbox 2236 445 2444 500; x_wconf 85' lang='lat' dir='ltr'><strong>ratione</strong></span> <span class='ocrx_word' id='word_1_129' title='bbox 2473 444 2699 511; x_wconf 88' lang='lat' dir='ltr'><strong>dandas,</strong></span> <span class='ocrx_word' id='word_1_130' title='bbox 2734 445 2829 499; x_wconf 89' lang='lat' dir='ltr'><strong>sed</strong></span> <span class='ocrx_word' id='word_1_131' title='bbox 2847 461 3012 499; x_wconf 86' lang='lat' dir='ltr'><strong>causa</strong></span> <span class='ocrx_word' id='word_1_132' title='bbox 3040 445 3239 500; x_wconf 90' lang='lat' dir='ltr'><strong>recenti</strong></span> <span class='ocrx_word' id='word_1_133' title='bbox 3253 443 3656 499; x_wconf 85' lang='lat' dir='ltr'><strong>examinatione</strong></span> 
     </span>
    </p>
   </div>
   <div class='ocr_carea' id='block_1_20' title="bbox 2059 532 3650 605">
    <p class='ocr_par' dir='ltr' id='par_1_20' title="bbox 2059 532 3650 605">
     <span class='ocr_line' id='line_1_20' title="bbox 2059 532 3650 605; baseline -0.001 -18"><span class='ocrx_word' id='word_1_134' title='bbox 2059 533 2315 601; x_wconf 86' lang='lat' dir='ltr'><strong>discussa,</strong></span> <span class='ocrx_word' id='word_1_135' title='bbox 2376 549 2705 603; x_wconf 84' lang='lat' dir='ltr'><strong>supremam,</strong></span> <span class='ocrx_word' id='word_1_136' title='bbox 2764 533 2807 586; x_wconf 90' lang='lat' dir='ltr'><strong>si</strong></span> <span class='ocrx_word' id='word_1_137' title='bbox 2860 533 2969 587; x_wconf 89' lang='lat' dir='ltr'><strong>suis</strong></span> <span class='ocrx_word' id='word_1_138' title='bbox 3023 532 3373 605; x_wconf 87' lang='lat' dir='ltr'><strong>acquiescere</strong></span> <span class='ocrx_word' id='word_1_139' title='bbox 3402 532 3650 588; x_wconf 87' lang='lat' dir='ltr'><strong>consiliis</strong></span> 
     </span>
    </p>
   </div>
   <div class='ocr_carea' id='block_1_21' title="bbox 2060 622 3659 692">
    <p class='ocr_par' dir='ltr' id='par_1_21' title="bbox 2060 622 3659 692">
     <span class='ocr_line' id='line_1_21' title="bbox 2060 622 3659 692; baseline -0.001 -14"><span class='ocrx_word' id='word_1_140' title='bbox 2060 623 2245 689; x_wconf 89' lang='lat' dir='ltr'><strong>nollet,</strong></span> <span class='ocrx_word' id='word_1_141' title='bbox 2268 623 2323 677; x_wconf 92' lang='lat' dir='ltr'><strong>in</strong></span> <span class='ocrx_word' id='word_1_142' title='bbox 2352 639 2473 677; x_wconf 90' lang='lat' dir='ltr'><strong>eum</strong></span> <span class='ocrx_word' id='word_1_143' title='bbox 2504 639 2632 677; x_wconf 88' lang='lat' dir='ltr'><strong>mox</strong></span> <span class='ocrx_word' id='word_1_144' title='bbox 2657 623 2847 692; x_wconf 88' lang='lat' dir='ltr'><strong>judicii</strong></span> <span class='ocrx_word' id='word_1_145' title='bbox 2879 623 3202 677; x_wconf 88' lang='lat' dir='ltr'><strong>sententiam</strong></span> <span class='ocrx_word' id='word_1_146' title='bbox 3261 622 3439 677; x_wconf 86' lang='lat' dir='ltr'><strong>invehi</strong></span> <span class='ocrx_word' id='word_1_147' title='bbox 3487 622 3659 691; x_wconf 87' lang='lat' dir='ltr'><strong>jube-</strong></span> 
     </span>
    </p>
   </div>
   <div class='ocr_carea' id='block_1_22' title="bbox 2060 709 3660 782">
    <p class='ocr_par' dir='ltr' id='par_1_22' title="bbox 2060 709 3660 782">
     <span class='ocr_line' id='line_1_22' title="bbox 2060 709 3660 782; baseline -0.001 -16"><span class='ocrx_word' id='word_1_148' title='bbox 2060 720 2159 766; x_wconf 88' lang='lat' dir='ltr'><strong>ret.</strong></span> <span class='ocrx_word' id='word_1_149' title='bbox 2194 712 2316 765; x_wconf 88' lang='lat' dir='ltr'><strong>Erat</strong></span> <span class='ocrx_word' id='word_1_150' title='bbox 2346 721 2527 765; x_wconf 92' lang='lat' dir='ltr'><strong>autem</strong></span> <span class='ocrx_word' id='word_1_151' title='bbox 2557 709 2712 781; x_wconf 86' lang='lat' dir='ltr'><strong>quasi</strong></span> <span class='ocrx_word' id='word_1_152' title='bbox 2744 712 2949 780; x_wconf 90' lang='lat' dir='ltr'><strong>primus</strong></span> <span class='ocrx_word' id='word_1_153' title='bbox 2979 719 3032 766; x_wconf 93' lang='lat' dir='ltr'><strong>et</strong></span> <span class='ocrx_word' id='word_1_154' title='bbox 3081 710 3394 781; x_wconf 89' lang='lat' dir='ltr'><strong>prolocutor</strong></span> <span class='ocrx_word' id='word_1_155' title='bbox 3425 710 3571 782; x_wconf 87' lang='lat' dir='ltr'><strong>regis</strong></span> <span class='ocrx_word' id='word_1_156' title='bbox 3602 709 3660 764; x_wconf 89' lang='lat' dir='ltr'><strong>in</strong></span> 
     </span>
    </p>
   </div>
   <div class='ocr_carea' id='block_1_23' title="bbox 2062 798 3661 872">
    <p class='ocr_par' dir='ltr' id='par_1_23' title="bbox 2062 798 3661 872">
     <span class='ocr_line' id='line_1_23' title="bbox 2062 798 3661 872; baseline -0.001 -19"><span class='ocrx_word' id='word_1_157' title='bbox 2062 800 2164 854; x_wconf 88' lang='lat' dir='ltr'><strong>hoc</strong></span> <span class='ocrx_word' id='word_1_158' title='bbox 2219 800 2435 872; x_wconf 90' lang='lat' dir='ltr'><strong>negotio</strong></span> <span class='ocrx_word' id='word_1_159' title='bbox 2504 800 2856 856; x_wconf 86' lang='lat' dir='ltr'><strong>Willbelmus</strong></span> <span class='ocrx_word' id='word_1_160' title='bbox 2885 816 3047 869; x_wconf 84' lang='lat' dir='ltr'><strong>supra</strong></span> <span class='ocrx_word' id='word_1_161' title='bbox 3095 799 3401 853; x_wconf 89' lang='lat' dir='ltr'><strong>nominatus</strong></span> <span class='ocrx_word' id='word_1_162' title='bbox 3450 798 3661 853; x_wconf 89' lang='lat' dir='ltr'><strong>Dunel-</strong></span> 
     </span>
    </p>
   </div>
   <div class='ocr_carea' id='block_1_24' title="bbox 2062 886 3658 959">
    <p class='ocr_par' dir='ltr' id='par_1_24' title="bbox 2062 886 3658 959">
     <span class='ocr_line' id='line_1_24' title="bbox 2062 886 3658 959; baseline 0 -18"><span class='ocrx_word' id='word_1_163' title='bbox 2062 890 2260 943; x_wconf 89' lang='lat' dir='ltr'><strong>mensis</strong></span> <span class='ocrx_word' id='word_1_164' title='bbox 2287 888 2595 959; x_wconf 87' lang='lat' dir='ltr'><strong>episcopus,</strong></span> <span class='ocrx_word' id='word_1_165' title='bbox 2628 889 2791 944; x_wconf 90' lang='lat' dir='ltr'><strong>homo</strong></span> <span class='ocrx_word' id='word_1_166' title='bbox 2816 889 3015 958; x_wconf 67' lang='lat' dir='ltr'><strong>linguae</strong></span> <span class='ocrx_word' id='word_1_167' title='bbox 3062 886 3395 943; x_wconf 85' lang='lat' dir='ltr'><strong>volubilitate</strong></span> <span class='ocrx_word' id='word_1_168' title='bbox 3425 887 3658 955; x_wconf 89' lang='lat' dir='ltr'><strong>facetus,</strong></span> 
     </span>
    </p>
   </div>
   <div class='ocr_carea' id='block_1_25' title="bbox 2061 974 3660 1048">
    <p class='ocr_par' dir='ltr' id='par_1_25' title="bbox 2061 974 3660 1048">
     <span class='ocr_line' id='line_1_25' title="bbox 2061 974 3660 1048; baseline -0.001 -18"><span class='ocrx_word' id='word_1_169' title='bbox 2061 992 2222 1046; x_wconf 91' lang='lat' dir='ltr'><strong>quam</strong></span> <span class='ocrx_word' id='word_1_170' title='bbox 2251 994 2384 1047; x_wconf 91' lang='lat' dir='ltr'><strong>pura</strong></span> <span class='ocrx_word' id='word_1_171' title='bbox 2413 977 2680 1047; x_wconf 84' lang='lat' dir='ltr'><strong>sapientia</strong></span> <span class='ocrx_word' id='word_1_172' title='bbox 2709 979 2992 1048; x_wconf 71' lang='lat' dir='ltr'><strong>prazditus.</strong></span> <span class='ocrx_word' id='word_1_173' title='bbox 3020 977 3192 1047; x_wconf 87' lang='lat' dir='ltr'><strong>Hujus</strong></span> <span class='ocrx_word' id='word_1_174' title='bbox 3241 991 3457 1047; x_wconf 88' lang='lat' dir='ltr'><strong>quoque</strong></span> <span class='ocrx_word' id='word_1_175' title='bbox 3489 974 3660 1031; x_wconf 88' lang='lat' dir='ltr'><strong>disci-</strong></span> 
     </span>
    </p>
   </div>
   <div class='ocr_carea' id='block_1_26' title="bbox 2063 1065 3659 1137">
    <p class='ocr_par' dir='ltr' id='par_1_26' title="bbox 2063 1065 3659 1137">
     <span class='ocr_line' id='line_1_26' title="bbox 2063 1065 3659 1137; baseline -0.001 -18"><span class='ocrx_word' id='word_1_176' title='bbox 2063 1065 2135 1119; x_wconf 87' lang='lat' dir='ltr'><strong>dii</strong></span> <span class='ocrx_word' id='word_1_177' title='bbox 2167 1067 2311 1135; x_wconf 87' lang='lat' dir='ltr'><strong>quod</strong></span> <span class='ocrx_word' id='word_1_178' title='bbox 2342 1066 2479 1121; x_wconf 89' lang='lat' dir='ltr'><strong>inter</strong></span> <span class='ocrx_word' id='word_1_179' title='bbox 2507 1083 2694 1137; x_wconf 86' lang='lat' dir='ltr'><strong>regem</strong></span> <span class='ocrx_word' id='word_1_180' title='bbox 2725 1074 2778 1121; x_wconf 90' lang='lat' dir='ltr'><strong>et</strong></span> <span class='ocrx_word' id='word_1_181' title='bbox 2801 1066 3115 1121; x_wconf 80' lang='lat' dir='ltr'><strong>Anselmum</strong></span> <span class='ocrx_word' id='word_1_182' title='bbox 3145 1065 3477 1132; x_wconf 86' lang='lat' dir='ltr'><strong>versabatur,</strong></span> <span class='ocrx_word' id='word_1_183' title='bbox 3537 1072 3659 1119; x_wconf 87' lang='lat' dir='ltr'><strong>erat</strong></span> 
     </span>
    </p>
   </div>
   <div class='ocr_carea' id='block_1_27' title="bbox 2060 1154 3661 1226">
    <p class='ocr_par' dir='ltr' id='par_1_27' title="bbox 2060 1154 3661 1226">
     <span class='ocr_line' id='line_1_27' title="bbox 2060 1154 3661 1226; baseline 0 -18"><span class='ocrx_word' id='word_1_184' title='bbox 2060 1161 2247 1209; x_wconf 88' lang='lat' dir='ltr'><strong>auctor</strong></span> <span class='ocrx_word' id='word_1_185' title='bbox 2275 1154 2479 1225; x_wconf 79' lang='lat' dir='ltr'><strong>gravis,</strong></span> <span class='ocrx_word' id='word_1_186' title='bbox 2514 1164 2565 1209; x_wconf 91' lang='lat' dir='ltr'><strong>et</strong></span> <span class='ocrx_word' id='word_1_187' title='bbox 2590 1156 2850 1221; x_wconf 88' lang='lat' dir='ltr'><strong>incentor,</strong></span> <span class='ocrx_word' id='word_1_188' title='bbox 2894 1154 3123 1226; x_wconf 87' lang='lat' dir='ltr'><strong>regique</strong></span> <span class='ocrx_word' id='word_1_189' title='bbox 3175 1154 3545 1223; x_wconf 87' lang='lat' dir='ltr'><strong>spoponderat</strong></span> <span class='ocrx_word' id='word_1_190' title='bbox 3599 1169 3661 1208; x_wconf 88' lang='lat' dir='ltr'><strong>se</strong></span> 
     </span>
    </p>
   </div>
   <div class='ocr_carea' id='block_1_28' title="bbox 2062 1240 3659 1313">
    <p class='ocr_par' dir='ltr' id='par_1_28' title="bbox 2062 1240 3659 1313">
     <span class='ocr_line' id='line_1_28' title="bbox 2062 1240 3659 1313; baseline 0 -18"><span class='ocrx_word' id='word_1_191' title='bbox 2062 1243 2353 1310; x_wconf 87' lang='lat' dir='ltr'><strong>facturum,</strong></span> <span class='ocrx_word' id='word_1_192' title='bbox 2387 1253 2442 1298; x_wconf 93' lang='lat' dir='ltr'><strong>ut</strong></span> <span class='ocrx_word' id='word_1_193' title='bbox 2484 1243 2767 1299; x_wconf 83' lang='lat' dir='ltr'><strong>Anselmus</strong></span> <span class='ocrx_word' id='word_1_194' title='bbox 2801 1252 2893 1298; x_wconf 90' lang='lat' dir='ltr'><strong>aut</strong></span> <span class='ocrx_word' id='word_1_195' title='bbox 2936 1243 3164 1299; x_wconf 86' lang='lat' dir='ltr'><strong>Romani</strong></span> <span class='ocrx_word' id='word_1_196' title='bbox 3195 1240 3464 1313; x_wconf 82' lang='lat' dir='ltr'><strong>pontificis</strong></span> <span class='ocrx_word' id='word_1_197' title='bbox 3482 1241 3659 1296; x_wconf 87' lang='lat' dir='ltr'><strong>fundi-</strong></span> 
     </span>
    </p>
   </div>
   <div class='ocr_carea' id='block_1_29' title="bbox 2063 1330 3655 1404">
    <p class='ocr_par' dir='ltr' id='par_1_29' title="bbox 2063 1330 3655 1404">
     <span class='ocr_line' id='line_1_29' title="bbox 2063 1330 3655 1404; baseline -0.001 -20"><span class='ocrx_word' id='word_1_198' title='bbox 2063 1338 2146 1384; x_wconf 89' lang='lat' dir='ltr'><strong>tus</strong></span> <span class='ocrx_word' id='word_1_199' title='bbox 2196 1331 2563 1386; x_wconf 86' lang='lat' dir='ltr'><strong>obedientiam</strong></span> <span class='ocrx_word' id='word_1_200' title='bbox 2620 1331 2939 1404; x_wconf 75' lang='lat' dir='ltr'><strong>abnegaret,</strong></span> <span class='ocrx_word' id='word_1_201' title='bbox 3000 1340 3089 1386; x_wconf 91' lang='lat' dir='ltr'><strong>aut</strong></span> <span class='ocrx_word' id='word_1_202' title='bbox 3144 1330 3655 1400; x_wconf 89' lang='lat' dir='ltr'><strong>archiepiscopatui,</strong></span> 
     </span>
    </p>
   </div>
   <div class='ocr_carea' id='block_1_30' title="bbox 2062 1418 3654 1489">
    <p class='ocr_par' dir='ltr' id='par_1_30' title="bbox 2062 1418 3654 1489">
     <span class='ocr_line' id='line_1_30' title="bbox 2062 1418 3654 1489; baseline 0 -16"><span class='ocrx_word' id='word_1_203' title='bbox 2062 1420 2272 1473; x_wconf 87' lang='lat' dir='ltr'><strong>reddito</strong></span> <span class='ocrx_word' id='word_1_204' title='bbox 2305 1420 2500 1475; x_wconf 87' lang='lat' dir='ltr'><strong>baculo</strong></span> <span class='ocrx_word' id='word_1_205' title='bbox 2530 1426 2584 1475; x_wconf 89' lang='lat' dir='ltr'><strong>et</strong></span> <span class='ocrx_word' id='word_1_206' title='bbox 2612 1422 2831 1487; x_wconf 90' lang='lat' dir='ltr'><strong>annulo,</strong></span> <span class='ocrx_word' id='word_1_207' title='bbox 2862 1421 3277 1475; x_wconf 88' lang='lat' dir='ltr'><strong>abrenuntiaret.</strong></span> <span class='ocrx_word' id='word_1_208' title='bbox 3311 1418 3431 1488; x_wconf 89' lang='lat' dir='ltr'><strong>Qua</strong></span> <span class='ocrx_word' id='word_1_209' title='bbox 3478 1434 3654 1489; x_wconf 90' lang='lat' dir='ltr'><strong>spon-</strong></span> 
     </span>
    </p>
   </div>
   <div class='ocr_carea' id='block_1_31' title="bbox 2062 1507 3661 1581">
    <p class='ocr_par' dir='ltr' id='par_1_31' title="bbox 2062 1507 3661 1581">
     <span class='ocr_line' id='line_1_31' title="bbox 2062 1507 3661 1581; baseline 0.001 -20"><span class='ocrx_word' id='word_1_210' title='bbox 2062 1508 2215 1563; x_wconf 88' lang='lat' dir='ltr'><strong>sione</strong></span> <span class='ocrx_word' id='word_1_211' title='bbox 2245 1508 2411 1563; x_wconf 87' lang='lat' dir='ltr'><strong>fretus</strong></span> <span class='ocrx_word' id='word_1_212' title='bbox 2441 1526 2537 1564; x_wconf 86' lang='lat' dir='ltr'><strong>rex</strong></span> <span class='ocrx_word' id='word_1_213' title='bbox 2569 1510 2932 1581; x_wconf 90' lang='lat' dir='ltr'><strong>applaudebat</strong></span> <span class='ocrx_word' id='word_1_214' title='bbox 2960 1508 3064 1563; x_wconf 91' lang='lat' dir='ltr'><strong>sibi</strong></span> <span class='ocrx_word' id='word_1_215' title='bbox 3095 1525 3325 1579; x_wconf 88' lang='lat' dir='ltr'><strong>sperans</strong></span> <span class='ocrx_word' id='word_1_216' title='bbox 3377 1507 3530 1562; x_wconf 88' lang='lat' dir='ltr'><strong>illum</strong></span> <span class='ocrx_word' id='word_1_217' title='bbox 3571 1508 3661 1565; x_wconf 90' lang='lat' dir='ltr'><strong>vel</strong></span> 
     </span>
    </p>
   </div>
   <div class='ocr_carea' id='block_1_32' title="bbox 2062 1596 3663 1668">
    <p class='ocr_par' dir='ltr' id='par_1_32' title="bbox 2062 1596 3663 1668">
     <span class='ocr_line' id='line_1_32' title="bbox 2062 1596 3663 1668; baseline 0 -18"><span class='ocrx_word' id='word_1_218' title='bbox 2062 1596 2308 1665; x_wconf 89' lang='lat' dir='ltr'><strong>abjurato</strong></span> <span class='ocrx_word' id='word_1_219' title='bbox 2342 1598 2642 1666; x_wconf 86' lang='lat' dir='ltr'><strong>apostolico</strong></span> <span class='ocrx_word' id='word_1_220' title='bbox 2673 1598 2931 1653; x_wconf 86' lang='lat' dir='ltr'><strong>infamem</strong></span> <span class='ocrx_word' id='word_1_221' title='bbox 2963 1612 3242 1653; x_wconf 90' lang='lat' dir='ltr'><strong>remanere</strong></span> <span class='ocrx_word' id='word_1_222' title='bbox 3270 1597 3322 1651; x_wconf 92' lang='lat' dir='ltr'><strong>in</strong></span> <span class='ocrx_word' id='word_1_223' title='bbox 3347 1612 3514 1668; x_wconf 87' lang='lat' dir='ltr'><strong>regno</strong></span> <span class='ocrx_word' id='word_1_224' title='bbox 3535 1612 3663 1652; x_wconf 90' lang='lat' dir='ltr'><strong>suo.</strong></span> 
     </span>
    </p>
   </div>
   <div class='ocr_carea' id='block_1_33' title="bbox 362 1680 3667 1763">
    <p class='ocr_par' dir='ltr' id='par_1_33' title="bbox 362 1680 3667 1763">
     <span class='ocr_line' id='line_1_33' title="bbox 362 1680 3667 1763; baseline 0.002 -29"><span class='ocrx_word' id='word_1_225' title='bbox 362 1680 725 1737; x_wconf 86' lang='lat' dir='ltr'><strong>intentissime</strong></span> <span class='ocrx_word' id='word_1_226' title='bbox 756 1700 995 1755; x_wconf 67' lang='lat' dir='ltr'><strong>quaerere</strong></span> <span class='ocrx_word' id='word_1_227' title='bbox 1046 1686 1210 1754; x_wconf 71' lang='lat' dir='ltr'><strong>etrapit</strong></span> <span class='ocrx_word' id='word_1_228' title='bbox 1261 1686 1387 1755; x_wconf 90' lang='lat' dir='ltr'><strong>quid</strong></span> <span class='ocrx_word' id='word_1_229' title='bbox 1446 1685 1604 1741; x_wconf 90' lang='lat' dir='ltr'><strong>dictis</strong></span> <span class='ocrx_word' id='word_1_230' title='bbox 1642 1686 1760 1754; x_wconf 86' lang='lat' dir='ltr'><strong>ejus</strong></span> <span class='ocrx_word' id='word_1_231' title='bbox 1797 1684 1946 1755; x_wconf 91' lang='lat' dir='ltr'><strong>obji-</strong></span> <span class='ocrx_word' id='word_1_232' title='bbox 1980 1704 2033 1763; x_wconf 81' lang='grc' dir='ltr'>Β</span> <span class='ocrx_word' id='word_1_233' title='bbox 2062 1685 2130 1738; x_wconf 83' lang='grc' dir='ltr'><strong>Ει</strong></span> <span class='ocrx_word' id='word_1_234' title='bbox 2160 1685 2263 1738; x_wconf 90' lang='lat' dir='ltr'><strong>ista</strong></span> <span class='ocrx_word' id='word_1_235' title='bbox 2296 1684 2510 1754; x_wconf 72' lang='lat' dir='ltr'><strong>qtﬁdem</strong></span> <span class='ocrx_word' id='word_1_236' title='bbox 2542 1687 2758 1741; x_wconf 90' lang='lat' dir='ltr'><strong>volebat</strong></span> <span class='ocrx_word' id='word_1_237' title='bbox 2790 1695 3073 1757; x_wconf 88' lang='lat' dir='ltr'><strong>propterea</strong></span> <span class='ocrx_word' id='word_1_238' title='bbox 3102 1686 3247 1758; x_wconf 91' lang='lat' dir='ltr'><strong>quod</strong></span> <span class='ocrx_word' id='word_1_239' title='bbox 3305 1701 3520 1741; x_wconf 91' lang='lat' dir='ltr'><strong>omnem</strong></span> <span class='ocrx_word' id='word_1_240' title='bbox 3558 1702 3667 1740; x_wconf 86' lang='lat' dir='ltr'><strong>au-</strong></span> 
     </span>
    </p>
   </div>
   <div class='ocr_carea' id='block_1_34' title="bbox 364 1772 1950 1846">
    <p class='ocr_par' dir='ltr' id='par_1_34' title="bbox 364 1772 1950 1846">
     <span class='ocr_line' id='line_1_34' title="bbox 364 1772 1950 1846; baseline 0.003 -23"><span class='ocrx_word' id='word_1_241' title='bbox 364 1784 487 1824; x_wconf 89' lang='lat' dir='ltr'><strong>cere</strong></span> <span class='ocrx_word' id='word_1_242' title='bbox 518 1780 720 1842; x_wconf 88' lang='lat' dir='ltr'><strong>posset,</strong></span> <span class='ocrx_word' id='word_1_243' title='bbox 753 1787 856 1828; x_wconf 88' lang='lat' dir='ltr'><strong>nec</strong></span> <span class='ocrx_word' id='word_1_244' title='bbox 884 1772 1109 1828; x_wconf 89' lang='lat' dir='ltr'><strong>invenit.</strong></span> <span class='ocrx_word' id='word_1_245' title='bbox 1150 1774 1505 1829; x_wconf 89' lang='lat' dir='ltr'><strong>Scandalizati</strong></span> <span class='ocrx_word' id='word_1_246' title='bbox 1536 1791 1670 1846; x_wconf 89' lang='lat' dir='ltr'><strong>ergo</strong></span> <span class='ocrx_word' id='word_1_247' title='bbox 1707 1775 1847 1828; x_wconf 88' lang='lat' dir='ltr'><strong>inter</strong></span> <span class='ocrx_word' id='word_1_248' title='bbox 1874 1790 1950 1839; x_wconf 88' lang='lat' dir='ltr'><strong>se,</strong></span> 
     </span>
    </p>
   </div>
   <div class='ocr_carea' id='block_1_35' title="bbox 366 1858 1954 1932">
    <p class='ocr_par' dir='ltr' id='par_1_35' title="bbox 366 1858 1954 1932">
     <span class='ocr_line' id='line_1_35' title="bbox 366 1858 1954 1932; baseline 0.002 -20"><span class='ocrx_word' id='word_1_249' title='bbox 366 1858 435 1912; x_wconf 88' lang='lat' dir='ltr'><strong>ab</strong></span> <span class='ocrx_word' id='word_1_250' title='bbox 468 1859 698 1915; x_wconf 88' lang='lat' dir='ltr'><strong>invicem</strong></span> <span class='ocrx_word' id='word_1_251' title='bbox 740 1868 862 1914; x_wconf 90' lang='lat' dir='ltr'><strong>sunt</strong></span> <span class='ocrx_word' id='word_1_252' title='bbox 915 1862 970 1915; x_wconf 91' lang='lat' dir='ltr'><strong>in</strong></span> <span class='ocrx_word' id='word_1_253' title='bbox 1022 1871 1201 1932; x_wconf 91' lang='lat' dir='ltr'><strong>partes</strong></span> <span class='ocrx_word' id='word_1_254' title='bbox 1231 1862 1391 1917; x_wconf 87' lang='lat' dir='ltr'><strong>divisi</strong></span> <span class='ocrx_word' id='word_1_255' title='bbox 1425 1882 1438 1925; x_wconf 89' lang='lat'><strong>;</strong></span> <span class='ocrx_word' id='word_1_256' title='bbox 1481 1871 1533 1917; x_wconf 92' lang='lat' dir='ltr'><strong>et</strong></span> <span class='ocrx_word' id='word_1_257' title='bbox 1571 1863 1657 1917; x_wconf 89' lang='lat' dir='ltr'><strong>hic</strong></span> <span class='ocrx_word' id='word_1_258' title='bbox 1693 1864 1821 1929; x_wconf 93' lang='lat' dir='ltr'><strong>duo,</strong></span> <span class='ocrx_word' id='word_1_259' title='bbox 1882 1862 1954 1915; x_wconf 90' lang='lat' dir='ltr'><strong>ibi</strong></span> 
     </span>
    </p>
   </div>
   <div class='ocr_carea' id='block_1_36' title="bbox 365 1947 1954 2019">
    <p class='ocr_par' dir='ltr' id='par_1_36' title="bbox 365 1947 1954 2019">
     <span class='ocr_line' id='line_1_36' title="bbox 365 1947 1954 2019; baseline 0.003 -19"><span class='ocrx_word' id='word_1_260' title='bbox 365 1954 491 2016; x_wconf 91' lang='lat' dir='ltr'><strong>tres,</strong></span> <span class='ocrx_word' id='word_1_261' title='bbox 527 1947 638 2003; x_wconf 87' lang='lat' dir='ltr'><strong>illic</strong></span> <span class='ocrx_word' id='word_1_262' title='bbox 684 1957 915 2019; x_wconf 91' lang='lat' dir='ltr'><strong>quatuor</strong></span> <span class='ocrx_word' id='word_1_263' title='bbox 967 1951 1023 2004; x_wconf 91' lang='lat' dir='ltr'><strong>in</strong></span> <span class='ocrx_word' id='word_1_264' title='bbox 1060 1967 1221 2005; x_wconf 90' lang='lat' dir='ltr'><strong>unum</strong></span> <span class='ocrx_word' id='word_1_265' title='bbox 1262 1951 1703 2015; x_wconf 86' lang='lat' dir='ltr'><strong>consiliabantar,</strong></span> <span class='ocrx_word' id='word_1_266' title='bbox 1743 1951 1954 2005; x_wconf 90' lang='lat' dir='ltr'><strong>studio-</strong></span> 
     </span>
    </p>
   </div>
   <div class='ocr_carea' id='block_1_37' title="bbox 366 2034 1954 2111">
    <p class='ocr_par' dir='ltr' id='par_1_37' title="bbox 366 2034 1954 2111">
     <span class='ocr_line' id='line_1_37' title="bbox 366 2034 1954 2111; baseline 0.004 -23"><span class='ocrx_word' id='word_1_267' title='bbox 366 2034 576 2091; x_wconf 90' lang='lat' dir='ltr'><strong>sissime</strong></span> <span class='ocrx_word' id='word_1_268' title='bbox 640 2036 993 2107; x_wconf 89' lang='lat' dir='ltr'><strong>disquirentes</strong></span> <span class='ocrx_word' id='word_1_269' title='bbox 1046 2039 1089 2093; x_wconf 91' lang='lat' dir='ltr'><strong>si</strong></span> <span class='ocrx_word' id='word_1_270' title='bbox 1127 2054 1236 2111; x_wconf 85' lang='lat' dir='ltr'><strong>quo</strong></span> <span class='ocrx_word' id='word_1_271' title='bbox 1275 2040 1436 2095; x_wconf 90' lang='lat' dir='ltr'><strong>modo</strong></span> <span class='ocrx_word' id='word_1_272' title='bbox 1476 2050 1696 2108; x_wconf 74' lang='lat' dir='ltr'><strong>possent</strong></span> <span class='ocrx_word' id='word_1_273' title='bbox 1734 2040 1954 2110; x_wconf 86' lang='lat' dir='ltr'><strong>aliquod</strong></span> 
     </span>
    </p>
   </div>
   <div class='ocr_carea' id='block_1_38' title="bbox 361 2129 1952 2199">
    <p class='ocr_par' dir='ltr' id='par_1_38' title="bbox 361 2129 1952 2199">
     <span class='ocr_line' id='line_1_38' title="bbox 361 2129 1952 2199; baseline 0.003 -22"><span class='ocrx_word' id='word_1_274' title='bbox 361 2139 659 2194; x_wconf 89' lang='lat' dir='ltr'><strong>reponsum</strong></span> <span class='ocrx_word' id='word_1_275' title='bbox 688 2134 876 2182; x_wconf 89' lang='lat' dir='ltr'><strong>contra</strong></span> <span class='ocrx_word' id='word_1_276' title='bbox 912 2129 1027 2184; x_wconf 51' lang='lat' dir='ltr'><strong>haec</strong></span> <span class='ocrx_word' id='word_1_277' title='bbox 1066 2144 1412 2198; x_wconf 88' lang='lat' dir='ltr'><strong>componere,</strong></span> <span class='ocrx_word' id='word_1_278' title='bbox 1456 2130 1599 2199; x_wconf 93' lang='lat' dir='ltr'><strong>quod</strong></span> <span class='ocrx_word' id='word_1_279' title='bbox 1638 2138 1686 2184; x_wconf 90' lang='lat' dir='ltr'><strong>et</strong></span> <span class='ocrx_word' id='word_1_280' title='bbox 1745 2129 1952 2199; x_wconf 85' lang='lat' dir='ltr'><strong>regiam</strong></span> 
     </span>
    </p>
   </div>
   <div class='ocr_carea' id='block_1_39' title="bbox 364 2213 1952 2289">
    <p class='ocr_par' dir='ltr' id='par_1_39' title="bbox 364 2213 1952 2289">
     <span class='ocr_line' id='line_1_39' title="bbox 364 2213 1952 2289; baseline 0.003 -23"><span class='ocrx_word' id='word_1_281' title='bbox 364 2213 765 2269; x_wconf 86' lang='lat' dir='ltr'><strong>animositatem</strong></span> <span class='ocrx_word' id='word_1_282' title='bbox 796 2214 1065 2281; x_wconf 88' lang='lat' dir='ltr'><strong>deliniret,</strong></span> <span class='ocrx_word' id='word_1_283' title='bbox 1099 2226 1152 2272; x_wconf 91' lang='lat' dir='ltr'><strong>et</strong></span> <span class='ocrx_word' id='word_1_284' title='bbox 1178 2219 1486 2289; x_wconf 69' lang='lat' dir='ltr'><strong>praelibatas</strong></span> <span class='ocrx_word' id='word_1_285' title='bbox 1536 2218 1826 2273; x_wconf 78' lang='lat' dir='ltr'><strong>sententias</strong></span> <span class='ocrx_word' id='word_1_286' title='bbox 1856 2217 1952 2271; x_wconf 89' lang='lat' dir='ltr'><strong>Dei</strong></span> 
     </span>
    </p>
   </div>
   <div class='ocr_carea' id='block_1_40' title="bbox 367 2300 1955 2377">
    <p class='ocr_par' dir='ltr' id='par_1_40' title="bbox 367 2300 1955 2377">
     <span class='ocr_line' id='line_1_40' title="bbox 367 2300 1955 2377; baseline 0.003 -22"><span class='ocrx_word' id='word_1_287' title='bbox 367 2300 594 2357; x_wconf 87' lang='lat' dir='ltr'><strong>adversa</strong></span> <span class='ocrx_word' id='word_1_288' title='bbox 626 2302 804 2359; x_wconf 88' lang='lat' dir='ltr'><strong>fronte</strong></span> <span class='ocrx_word' id='word_1_289' title='bbox 833 2319 941 2360; x_wconf 91' lang='lat' dir='ltr'><strong>non</strong></span> <span class='ocrx_word' id='word_1_290' title='bbox 996 2305 1368 2377; x_wconf 79' lang='lat' dir='ltr'><strong>impugnaret.</strong></span> <span class='ocrx_word' id='word_1_291' title='bbox 1431 2308 1591 2363; x_wconf 88' lang='lat' dir='ltr'><strong>Solus</strong></span> <span class='ocrx_word' id='word_1_292' title='bbox 1651 2309 1787 2361; x_wconf 86' lang='lat' dir='ltr'><strong>inter</strong></span> <span class='ocrx_word' id='word_1_293' title='bbox 1839 2308 1955 2361; x_wconf 83' lang='lat' dir='ltr'><strong>haec</strong></span> 
     </span>
    </p>
   </div>
   <div class='ocr_carea' id='block_1_41' title="bbox 367 2392 1963 2463">
    <p class='ocr_par' dir='ltr' id='par_1_41' title="bbox 367 2392 1963 2463">
     <span class='ocr_line' id='line_1_41' title="bbox 367 2392 1963 2463; baseline 0.003 -18"><span class='ocrx_word' id='word_1_294' title='bbox 367 2392 653 2446; x_wconf 85' lang='lat' dir='ltr'><strong>Anselmus</strong></span> <span class='ocrx_word' id='word_1_295' title='bbox 685 2392 909 2448; x_wconf 83' lang='lat' dir='ltr'><strong>sedebat</strong></span> <span class='ocrx_word' id='word_1_296' title='bbox 938 2402 1143 2449; x_wconf 91' lang='lat' dir='ltr'><strong>tantum</strong></span> <span class='ocrx_word' id='word_1_297' title='bbox 1172 2395 1478 2452; x_wconf 88' lang='lat' dir='ltr'><strong>innocentia</strong></span> <span class='ocrx_word' id='word_1_298' title='bbox 1519 2397 1698 2452; x_wconf 87' lang='lat' dir='ltr'><strong>cordis</strong></span> <span class='ocrx_word' id='word_1_299' title='bbox 1752 2395 1855 2463; x_wconf 85' lang='lat' dir='ltr'><strong>sui,</strong></span> <span class='ocrx_word' id='word_1_300' title='bbox 1911 2403 1963 2449; x_wconf 92' lang='lat' dir='ltr'><strong>et</strong></span> 
     </span>
    </p>
   </div>
   <div class='ocr_carea' id='block_1_42' title="bbox 369 2480 1961 2540">
    <p class='ocr_par' dir='ltr' id='par_1_42' title="bbox 369 2480 1961 2540">
     <span class='ocr_line' id='line_1_42' title="bbox 369 2480 1961 2540; baseline 0.003 -7"><span class='ocrx_word' id='word_1_301' title='bbox 369 2480 422 2533; x_wconf 93' lang='lat' dir='ltr'><strong>in</strong></span> <span class='ocrx_word' id='word_1_302' title='bbox 455 2480 827 2536; x_wconf 84' lang='lat' dir='ltr'><strong>misericordia</strong></span> <span class='ocrx_word' id='word_1_303' title='bbox 855 2481 1076 2537; x_wconf 87' lang='lat' dir='ltr'><strong>Domini</strong></span> <span class='ocrx_word' id='word_1_304' title='bbox 1106 2484 1203 2539; x_wconf 91' lang='lat' dir='ltr'><strong>Dei</strong></span> <span class='ocrx_word' id='word_1_305' title='bbox 1232 2483 1482 2540; x_wconf 85' lang='lat' dir='ltr'><strong>ﬁduciam</strong></span> <span class='ocrx_word' id='word_1_306' title='bbox 1512 2486 1739 2540; x_wconf 88' lang='lat' dir='ltr'><strong>habens.</strong></span> <span class='ocrx_word' id='word_1_307' title='bbox 1761 2486 1961 2539; x_wconf 85' lang='lat' dir='ltr'><strong>Adver-</strong></span> 
     </span>
    </p>
   </div>
   <div class='ocr_carea' id='block_1_43' title="bbox 372 2568 1957 2644">
    <p class='ocr_par' dir='ltr' id='par_1_43' title="bbox 372 2568 1957 2644">
     <span class='ocr_line' id='line_1_43' title="bbox 372 2568 1957 2644; baseline 0.001 -21"><span class='ocrx_word' id='word_1_308' title='bbox 372 2568 533 2623; x_wconf 89' lang='lat' dir='ltr'><strong>sariis</strong></span> <span class='ocrx_word' id='word_1_309' title='bbox 562 2583 693 2624; x_wconf 85' lang='lat' dir='ltr'><strong>vero</strong></span> <span class='ocrx_word' id='word_1_310' title='bbox 724 2570 842 2639; x_wconf 86' lang='lat' dir='ltr'><strong>ejus</strong></span> <span class='ocrx_word' id='word_1_311' title='bbox 870 2571 1225 2627; x_wconf 89' lang='lat' dir='ltr'><strong>consiliabula</strong></span> <span class='ocrx_word' id='word_1_312' title='bbox 1270 2589 1365 2628; x_wconf 90' lang='lat' dir='ltr'><strong>sua</strong></span> <span class='ocrx_word' id='word_1_313' title='bbox 1420 2573 1474 2627; x_wconf 92' lang='lat' dir='ltr'><strong>in</strong></span> <span class='ocrx_word' id='word_1_314' title='bbox 1518 2574 1739 2644; x_wconf 87' lang='lat' dir='ltr'><strong>longum</strong></span> <span class='ocrx_word' id='word_1_315' title='bbox 1771 2580 1957 2644; x_wconf 85' lang='lat' dir='ltr'><strong>prote-</strong></span> 
     </span>
    </p>
   </div>
   <div class='ocr_carea' id='block_1_44' title="bbox 375 2656 1958 2730">
    <p class='ocr_par' dir='ltr' id='par_1_44' title="bbox 375 2656 1958 2730">
     <span class='ocr_line' id='line_1_44' title="bbox 375 2656 1958 2730; baseline 0.004 -21"><span class='ocrx_word' id='word_1_316' title='bbox 375 2656 634 2723; x_wconf 88' lang='lat' dir='ltr'><strong>lantibus,</strong></span> <span class='ocrx_word' id='word_1_317' title='bbox 666 2657 784 2727; x_wconf 88' lang='lat' dir='ltr'><strong>ipse</strong></span> <span class='ocrx_word' id='word_1_318' title='bbox 812 2658 877 2713; x_wconf 89' lang='lat' dir='ltr'><strong>ad</strong></span> <span class='ocrx_word' id='word_1_319' title='bbox 906 2660 1169 2730; x_wconf 89' lang='lat' dir='ltr'><strong>parietem</strong></span> <span class='ocrx_word' id='word_1_320' title='bbox 1198 2677 1258 2716; x_wconf 86' lang='lat' dir='ltr'><strong>se</strong></span> <span class='ocrx_word' id='word_1_321' title='bbox 1287 2661 1554 2716; x_wconf 87' lang='lat' dir='ltr'><strong>reclinans</strong></span> <span class='ocrx_word' id='word_1_322' title='bbox 1603 2661 1707 2716; x_wconf 91' lang='lat' dir='ltr'><strong>leni</strong></span> <span class='ocrx_word' id='word_1_323' title='bbox 1768 2676 1958 2716; x_wconf 89' lang='lat' dir='ltr'><strong>somno</strong></span> 
     </span>
    </p>
   </div>
   <div class='ocr_carea' id='block_1_45' title="bbox 370 2745 1959 2822">
    <p class='ocr_par' dir='ltr' id='par_1_45' title="bbox 370 2745 1959 2822">
     <span class='ocr_line' id='line_1_45' title="bbox 370 2745 1959 2822; baseline 0.003 -23"><span class='ocrx_word' id='word_1_324' title='bbox 370 2745 700 2816; x_wconf 88' lang='lat' dir='ltr'><strong>quiescebat.</strong></span> <span class='ocrx_word' id='word_1_325' title='bbox 744 2747 906 2802; x_wconf 87' lang='lat' dir='ltr'><strong>Facta</strong></span> <span class='ocrx_word' id='word_1_326' title='bbox 942 2748 1124 2819; x_wconf 87' lang='lat' dir='ltr'><strong>itaque</strong></span> <span class='ocrx_word' id='word_1_327' title='bbox 1153 2749 1317 2822; x_wconf 89' lang='lat' dir='ltr'><strong>longa</strong></span> <span class='ocrx_word' id='word_1_328' title='bbox 1354 2766 1527 2815; x_wconf 89' lang='lat' dir='ltr'><strong>mora,</strong></span> <span class='ocrx_word' id='word_1_329' title='bbox 1586 2750 1809 2805; x_wconf 88' lang='lat' dir='ltr'><strong>redeunt</strong></span> <span class='ocrx_word' id='word_1_330' title='bbox 1838 2751 1959 2821; x_wconf 90' lang='lat' dir='ltr'><strong>epi-</strong></span> 
     </span>
    </p>
   </div>
   <div class='ocr_carea' id='block_1_46' title="bbox 371 2833 1959 2911">
    <p class='ocr_par' dir='ltr' id='par_1_46' title="bbox 371 2833 1959 2911">
     <span class='ocr_line' id='line_1_46' title="bbox 371 2833 1959 2911; baseline 0.003 -23"><span class='ocrx_word' id='word_1_331' title='bbox 371 2833 523 2904; x_wconf 90' lang='lat' dir='ltr'><strong>scopi</strong></span> <span class='ocrx_word' id='word_1_332' title='bbox 553 2850 675 2890; x_wconf 90' lang='lat' dir='ltr'><strong>cum</strong></span> <span class='ocrx_word' id='word_1_333' title='bbox 706 2836 983 2891; x_wconf 90' lang='lat' dir='ltr'><strong>nonnullis</strong></span> <span class='ocrx_word' id='word_1_334' title='bbox 1032 2837 1373 2908; x_wconf 85' lang='lat' dir='ltr'><strong>principibus</strong></span> <span class='ocrx_word' id='word_1_335' title='bbox 1426 2856 1455 2892; x_wconf 91' lang='lat' dir='ltr'><strong>a</strong></span> <span class='ocrx_word' id='word_1_336' title='bbox 1495 2855 1640 2911; x_wconf 87' lang='lat' dir='ltr'><strong>rege,</strong></span> <span class='ocrx_word' id='word_1_337' title='bbox 1683 2840 1802 2895; x_wconf 72' lang='lat' dir='ltr'><strong>haec</strong></span> <span class='ocrx_word' id='word_1_338' title='bbox 1843 2841 1959 2893; x_wconf 82' lang='lat' dir='ltr'><strong>viro</strong></span> 
     </span>
    </p>
   </div>
   <div class='ocr_carea' id='block_1_47' title="bbox 368 2921 1961 2981">
    <p class='ocr_par' dir='ltr' id='par_1_47' title="bbox 368 2921 1961 2981">
     <span class='ocr_line' id='line_1_47' title="bbox 368 2921 1961 2981; baseline 0.003 -5"><span class='ocrx_word' id='word_1_339' title='bbox 368 2921 609 2978; x_wconf 88' lang='lat' dir='ltr'><strong>dicentes</strong></span> <span class='ocrx_word' id='word_1_340' title='bbox 642 2940 653 2976; x_wconf 92' lang='lat'>:</span> <span class='ocrx_word' id='word_1_341' title='bbox 691 2943 713 2969; x_wconf 72' lang='grc' dir='ltr'><strong><em>α</em></strong></span> <span class='ocrx_word' id='word_1_342' title='bbox 749 2924 869 2978; x_wconf 90' lang='lat' dir='ltr'><strong>Vult</strong></span> <span class='ocrx_word' id='word_1_343' title='bbox 926 2925 1177 2980; x_wconf 89' lang='lat' dir='ltr'><strong>dominus</strong></span> <span class='ocrx_word' id='word_1_344' title='bbox 1206 2935 1391 2981; x_wconf 92' lang='lat' dir='ltr'><strong>noster</strong></span> <span class='ocrx_word' id='word_1_345' title='bbox 1446 2942 1542 2981; x_wconf 86' lang='lat' dir='ltr'><strong>rex</strong></span> <span class='ocrx_word' id='word_1_346' title='bbox 1575 2928 1790 2981; x_wconf 81' lang='lat' dir='ltr'><strong>omissis</strong></span> <span class='ocrx_word' id='word_1_347' title='bbox 1841 2926 1961 2981; x_wconf 88' lang='lat' dir='ltr'><strong>aliis</strong></span> 
     </span>
    </p>
   </div>
   <div class='ocr_carea' id='block_1_48' title="bbox 367 3011 1962 3078">
    <p class='ocr_par' dir='ltr' id='par_1_48' title="bbox 367 3011 1962 3078">
     <span class='ocr_line' id='line_1_48' title="bbox 367 3011 1962 3078; baseline 0.004 -14"><span class='ocrx_word' id='word_1_348' title='bbox 367 3011 548 3067; x_wconf 81' lang='lat' dir='ltr'><strong>verbis</strong></span> <span class='ocrx_word' id='word_1_349' title='bbox 590 3026 622 3066; x_wconf 89' lang='lat' dir='ltr'><strong>a</strong></span> <span class='ocrx_word' id='word_1_350' title='bbox 660 3019 712 3067; x_wconf 84' lang='lat' dir='ltr'><strong>te</strong></span> <span class='ocrx_word' id='word_1_351' title='bbox 753 3014 854 3068; x_wconf 89' lang='lat' dir='ltr'><strong>sub</strong></span> <span class='ocrx_word' id='word_1_352' title='bbox 892 3013 1160 3068; x_wconf 88' lang='lat' dir='ltr'><strong>celeritate</strong></span> <span class='ocrx_word' id='word_1_353' title='bbox 1191 3016 1510 3070; x_wconf 89' lang='lat' dir='ltr'><strong>sententiam</strong></span> <span class='ocrx_word' id='word_1_354' title='bbox 1535 3015 1756 3078; x_wconf 89' lang='lat' dir='ltr'><strong>audire;</strong></span> <span class='ocrx_word' id='word_1_355' title='bbox 1790 3015 1962 3070; x_wconf 88' lang='lat' dir='ltr'><strong>dehis</strong></span> 
     </span>
    </p>
   </div>
   <div class='ocr_carea' id='block_1_49' title="bbox 366 3100 1955 3174">
    <p class='ocr_par' dir='ltr' id='par_1_49' title="bbox 366 3100 1955 3174">
     <span class='ocr_line' id='line_1_49' title="bbox 366 3100 1955 3174; baseline 0.003 -19"><span class='ocrx_word' id='word_1_356' title='bbox 366 3100 616 3157; x_wconf 89' lang='lat' dir='ltr'><strong>videlicet</strong></span> <span class='ocrx_word' id='word_1_357' title='bbox 644 3119 764 3173; x_wconf 73' lang='lat' dir='ltr'><strong>quae</strong></span> <span class='ocrx_word' id='word_1_358' title='bbox 801 3103 941 3159; x_wconf 91' lang='lat' dir='ltr'><strong>inter</strong></span> <span class='ocrx_word' id='word_1_359' title='bbox 975 3103 1126 3157; x_wconf 91' lang='lat' dir='ltr'><strong>illum</strong></span> <span class='ocrx_word' id='word_1_360' title='bbox 1165 3112 1217 3158; x_wconf 91' lang='lat' dir='ltr'><strong>et</strong></span> <span class='ocrx_word' id='word_1_361' title='bbox 1254 3111 1306 3159; x_wconf 91' lang='lat' dir='ltr'><strong>te</strong></span> <span class='ocrx_word' id='word_1_362' title='bbox 1344 3104 1484 3159; x_wconf 89' lang='lat' dir='ltr'><strong>dicta</strong></span> <span class='ocrx_word' id='word_1_363' title='bbox 1542 3104 1759 3158; x_wconf 89' lang='lat' dir='ltr'><strong>fuerunt</strong></span> <span class='ocrx_word' id='word_1_364' title='bbox 1808 3105 1955 3174; x_wconf 87' lang='lat' dir='ltr'><strong>apud</strong></span> 
     </span>
    </p>
   </div>
   <div class='ocr_carea' id='block_1_50' title="bbox 367 3191 1956 3263">
    <p class='ocr_par' dir='ltr' id='par_1_50' title="bbox 367 3191 1956 3263">
     <span class='ocr_line' id='line_1_50' title="bbox 367 3191 1956 3263; baseline 0.002 -19"><span class='ocrx_word' id='word_1_365' title='bbox 367 3191 728 3263; x_wconf 79' lang='lat' dir='ltr'><strong>Hingheham,</strong></span> <span class='ocrx_word' id='word_1_366' title='bbox 806 3191 954 3247; x_wconf 89' lang='lat' dir='ltr'><strong>unde</strong></span> <span class='ocrx_word' id='word_1_367' title='bbox 990 3193 1165 3263; x_wconf 89' lang='lat' dir='ltr'><strong>petisti</strong></span> <span class='ocrx_word' id='word_1_368' title='bbox 1234 3193 1481 3248; x_wconf 89' lang='lat' dir='ltr'><strong>inducias</strong></span> <span class='ocrx_word' id='word_1_369' title='bbox 1522 3194 1574 3247; x_wconf 91' lang='lat' dir='ltr'><strong>in</strong></span> <span class='ocrx_word' id='word_1_370' title='bbox 1614 3194 1755 3248; x_wconf 89' lang='lat' dir='ltr'><strong>hunc</strong></span> <span class='ocrx_word' id='word_1_371' title='bbox 1812 3193 1956 3248; x_wconf 90' lang='lat' dir='ltr'><strong>diem</strong></span> 
     </span>
    </p>
   </div>
   <div class='ocr_carea' id='block_1_51' title="bbox 367 3280 1957 3351">
    <p class='ocr_par' dir='ltr' id='par_1_51' title="bbox 367 3280 1957 3351">
     <span class='ocr_line' id='line_1_51' title="bbox 367 3280 1957 3351; baseline 0.001 -18"><span class='ocrx_word' id='word_1_372' title='bbox 367 3280 749 3350; x_wconf 88' lang='lat' dir='ltr'><strong>respondendi.</strong></span> <span class='ocrx_word' id='word_1_373' title='bbox 784 3281 889 3337; x_wconf 80' lang='lat' dir='ltr'><strong>Res</strong></span> <span class='ocrx_word' id='word_1_374' title='bbox 917 3290 1045 3336; x_wconf 89' lang='lat' dir='ltr'><strong>nota</strong></span> <span class='ocrx_word' id='word_1_375' title='bbox 1074 3290 1172 3347; x_wconf 89' lang='lat' dir='ltr'><strong>est,</strong></span> <span class='ocrx_word' id='word_1_376' title='bbox 1223 3290 1275 3336; x_wconf 87' lang='lat' dir='ltr'><strong>et</strong></span> <span class='ocrx_word' id='word_1_377' title='bbox 1297 3281 1636 3351; x_wconf 78' lang='lat' dir='ltr'><strong>expositione</strong></span> <span class='ocrx_word' id='word_1_378' title='bbox 1675 3298 1781 3336; x_wconf 92' lang='lat' dir='ltr'><strong>non</strong></span> <span class='ocrx_word' id='word_1_379' title='bbox 1812 3282 1957 3336; x_wconf 90' lang='lat' dir='ltr'><strong>indi-</strong></span> 
     </span>
    </p>
   </div>
   <div class='ocr_carea' id='block_1_52' title="bbox 366 3371 1958 3443">
    <p class='ocr_par' dir='ltr' id='par_1_52' title="bbox 366 3371 1958 3443">
     <span class='ocr_line' id='line_1_52' title="bbox 366 3371 1958 3443; baseline 0.001 -20"><span class='ocrx_word' id='word_1_380' title='bbox 366 3377 483 3440; x_wconf 83' lang='lat' dir='ltr'><strong>get.</strong></span> <span class='ocrx_word' id='word_1_381' title='bbox 536 3371 936 3425; x_wconf 86' lang='lat' dir='ltr'><strong>Verumtamem</strong></span> <span class='ocrx_word' id='word_1_382' title='bbox 971 3371 1186 3426; x_wconf 89' lang='lat' dir='ltr'><strong>noveris</strong></span> <span class='ocrx_word' id='word_1_383' title='bbox 1224 3378 1394 3426; x_wconf 91' lang='lat' dir='ltr'><strong>totum</strong></span> <span class='ocrx_word' id='word_1_384' title='bbox 1418 3388 1644 3443; x_wconf 79' lang='lat' dir='ltr'><strong>regnum</strong></span> <span class='ocrx_word' id='word_1_385' title='bbox 1703 3371 1958 3443; x_wconf 90' lang='lat' dir='ltr'><strong>conqueri</strong></span> 
     </span>
    </p>
   </div>
   <div class='ocr_carea' id='block_1_53' title="bbox 369 3457 1961 3528">
    <p class='ocr_par' dir='ltr' id='par_1_53' title="bbox 369 3457 1961 3528">
     <span class='ocr_line' id='line_1_53' title="bbox 369 3457 1961 3528; baseline 0.002 -17"><span class='ocrx_word' id='word_1_386' title='bbox 369 3457 656 3513; x_wconf 90' lang='lat' dir='ltr'><strong>adversum</strong></span> <span class='ocrx_word' id='word_1_387' title='bbox 690 3467 739 3513; x_wconf 90' lang='lat' dir='ltr'><strong>te</strong></span> <span class='ocrx_word' id='word_1_388' title='bbox 766 3459 913 3528; x_wconf 87' lang='lat' dir='ltr'><strong>quod</strong></span> <span class='ocrx_word' id='word_1_389' title='bbox 940 3467 1121 3514; x_wconf 89' lang='lat' dir='ltr'><strong>nostro</strong></span> <span class='ocrx_word' id='word_1_390' title='bbox 1153 3459 1426 3515; x_wconf 89' lang='lat' dir='ltr'><strong>communi</strong></span> <span class='ocrx_word' id='word_1_391' title='bbox 1479 3460 1700 3515; x_wconf 87' lang='lat' dir='ltr'><strong>domino</strong></span> <span class='ocrx_word' id='word_1_392' title='bbox 1757 3459 1961 3515; x_wconf 89' lang='lat' dir='ltr'><strong>conaris</strong></span> 
     </span>
    </p>
   </div>
   <div class='ocr_carea' id='block_1_54' title="bbox 372 3545 1961 3618">
    <p class='ocr_par' dir='ltr' id='par_1_54' title="bbox 372 3545 1961 3618">
     <span class='ocr_line' id='line_1_54' title="bbox 372 3545 1961 3618; baseline 0.001 -19"><span class='ocrx_word' id='word_1_393' title='bbox 372 3546 537 3599; x_wconf 85' lang='lat' dir='ltr'><strong>decus</strong></span> <span class='ocrx_word' id='word_1_394' title='bbox 566 3545 778 3614; x_wconf 88' lang='lat' dir='ltr'><strong>imperii</strong></span> <span class='ocrx_word' id='word_1_395' title='bbox 810 3547 894 3600; x_wconf 89' lang='lat' dir='ltr'><strong>sui</strong></span> <span class='ocrx_word' id='word_1_396' title='bbox 922 3562 1177 3601; x_wconf 89' lang='lat' dir='ltr'><strong>coronam</strong></span> <span class='ocrx_word' id='word_1_397' title='bbox 1210 3546 1435 3602; x_wconf 85' lang='lat' dir='ltr'><strong>auferre.</strong></span> <span class='ocrx_word' id='word_1_398' title='bbox 1469 3547 1787 3618; x_wconf 87' lang='lat' dir='ltr'><strong>Quicunque</strong></span> <span class='ocrx_word' id='word_1_399' title='bbox 1817 3549 1961 3602; x_wconf 90' lang='lat' dir='ltr'><strong>enim</strong></span> 
     </span>
    </p>
   </div>
   <div class='ocr_carea' id='block_1_55' title="bbox 368 3632 1963 3703">
    <p class='ocr_par' dir='ltr' id='par_1_55' title="bbox 368 3632 1963 3703">
     <span class='ocr_line' id='line_1_55' title="bbox 368 3632 1963 3703; baseline 0.002 -17"><span class='ocrx_word' id='word_1_400' title='bbox 368 3632 534 3703; x_wconf 70' lang='lat' dir='ltr'><strong>regite</strong></span> <span class='ocrx_word' id='word_1_401' title='bbox 589 3632 867 3703; x_wconf 87' lang='lat' dir='ltr'><strong>dignitatis</strong></span> <span class='ocrx_word' id='word_1_402' title='bbox 921 3634 971 3686; x_wconf 92' lang='lat' dir='ltr'><strong>ei</strong></span> <span class='ocrx_word' id='word_1_403' title='bbox 1029 3635 1468 3702; x_wconf 87' lang='lat' dir='ltr'><strong>consuetudines,</strong></span> <span class='ocrx_word' id='word_1_404' title='bbox 1543 3635 1673 3689; x_wconf 90' lang='lat' dir='ltr'><strong>tollit</strong></span> <span class='ocrx_word' id='word_1_405' title='bbox 1706 3651 1963 3690; x_wconf 88' lang='lat' dir='ltr'><strong>coronam</strong></span> 
     </span>
    </p>
   </div>
   <div class='ocr_carea' id='block_1_56' title="bbox 371 3718 1962 3792">
    <p class='ocr_par' dir='ltr' id='par_1_56' title="bbox 371 3718 1962 3792">
     <span class='ocr_line' id='line_1_56' title="bbox 371 3718 1962 3792; baseline 0.003 -19"><span class='ocrx_word' id='word_1_406' title='bbox 371 3718 529 3773; x_wconf 89' lang='lat' dir='ltr'><strong>simul</strong></span> <span class='ocrx_word' id='word_1_407' title='bbox 560 3727 613 3773; x_wconf 91' lang='lat' dir='ltr'><strong>et</strong></span> <span class='ocrx_word' id='word_1_408' title='bbox 640 3735 869 3790; x_wconf 86' lang='lat' dir='ltr'><strong>regnum</strong></span> <span class='ocrx_word' id='word_1_409' title='bbox 895 3719 1055 3774; x_wconf 90' lang='lat' dir='ltr'><strong>tollit.</strong></span> <span class='ocrx_word' id='word_1_410' title='bbox 1100 3721 1272 3776; x_wconf 91' lang='lat' dir='ltr'><strong>Unum</strong></span> <span class='ocrx_word' id='word_1_411' title='bbox 1306 3724 1507 3792; x_wconf 88' lang='lat' dir='ltr'><strong>quippe</strong></span> <span class='ocrx_word' id='word_1_412' title='bbox 1556 3723 1671 3777; x_wconf 91' lang='lat' dir='ltr'><strong>sine</strong></span> <span class='ocrx_word' id='word_1_413' title='bbox 1708 3723 1814 3778; x_wconf 87' lang='lat' dir='ltr'><strong>alio</strong></span> <span class='ocrx_word' id='word_1_414' title='bbox 1864 3724 1962 3778; x_wconf 90' lang='lat' dir='ltr'><strong>de-</strong></span> 
     </span>
    </p>
   </div>
   <div class='ocr_carea' id='block_1_57' title="bbox 374 3805 1963 3882">
    <p class='ocr_par' dir='ltr' id='par_1_57' title="bbox 374 3805 1963 3882">
     <span class='ocr_line' id='line_1_57' title="bbox 374 3805 1963 3882; baseline 0.001 -20"><span class='ocrx_word' id='word_1_415' title='bbox 374 3816 564 3862; x_wconf 90' lang='lat' dir='ltr'><strong>center</strong></span> <span class='ocrx_word' id='word_1_416' title='bbox 593 3805 783 3862; x_wconf 87' lang='lat' dir='ltr'><strong>haberi</strong></span> <span class='ocrx_word' id='word_1_417' title='bbox 823 3824 931 3862; x_wconf 90' lang='lat' dir='ltr'><strong>non</strong></span> <span class='ocrx_word' id='word_1_418' title='bbox 968 3823 1133 3878; x_wconf 88' lang='lat' dir='ltr'><strong>posse</strong></span> <span class='ocrx_word' id='word_1_419' title='bbox 1168 3810 1485 3879; x_wconf 86' lang='lat' dir='ltr'><strong>probamus.</strong></span> <span class='ocrx_word' id='word_1_420' title='bbox 1552 3808 1665 3865; x_wconf 90' lang='lat' dir='ltr'><strong>Sed</strong></span> <span class='ocrx_word' id='word_1_421' title='bbox 1704 3812 1963 3882; x_wconf 88' lang='lat' dir='ltr'><strong>recogita,</strong></span> 
     </span>
    </p>
   </div>
   <div class='ocr_carea' id='block_1_58' title="bbox 374 3896 1968 3973">
    <p class='ocr_par' dir='ltr' id='par_1_58' title="bbox 374 3896 1968 3973">
     <span class='ocr_line' id='line_1_58' title="bbox 374 3896 1968 3973; baseline 0.004 -24"><span class='ocrx_word' id='word_1_422' title='bbox 374 3910 631 3967; x_wconf 84' lang='lat' dir='ltr'><strong>rogamus</strong></span> <span class='ocrx_word' id='word_1_423' title='bbox 660 3903 728 3964; x_wconf 90' lang='lat' dir='ltr'><strong>te,</strong></span> <span class='ocrx_word' id='word_1_424' title='bbox 762 3903 814 3951; x_wconf 91' lang='lat' dir='ltr'><strong>et</strong></span> <span class='ocrx_word' id='word_1_425' title='bbox 834 3896 1036 3951; x_wconf 89' lang='lat' dir='ltr'><strong>Urbani</strong></span> <span class='ocrx_word' id='word_1_426' title='bbox 1061 3896 1204 3951; x_wconf 90' lang='lat' dir='ltr'><strong>illius</strong></span> <span class='ocrx_word' id='word_1_427' title='bbox 1234 3898 1324 3968; x_wconf 89' lang='lat' dir='ltr'><strong>qui</strong></span> <span class='ocrx_word' id='word_1_428' title='bbox 1353 3897 1561 3954; x_wconf 76' lang='lat' dir='ltr'><strong>offenso</strong></span> <span class='ocrx_word' id='word_1_429' title='bbox 1589 3899 1810 3955; x_wconf 90' lang='lat' dir='ltr'><strong>domino</strong></span> <span class='ocrx_word' id='word_1_430' title='bbox 1841 3916 1968 3973; x_wconf 87' lang='lat' dir='ltr'><strong>rege</strong></span> 
     </span>
    </p>
   </div>
   <div class='ocr_carea' id='block_1_59' title="bbox 381 3983 1966 4060">
    <p class='ocr_par' dir='ltr' id='par_1_59' title="bbox 381 3983 1966 4060">
     <span class='ocr_line' id='line_1_59' title="bbox 381 3983 1966 4060; baseline 0.004 -22"><span class='ocrx_word' id='word_1_431' title='bbox 381 3983 521 4038; x_wconf 89' lang='lat' dir='ltr'><strong>nihil</strong></span> <span class='ocrx_word' id='word_1_432' title='bbox 570 3984 662 4039; x_wconf 92' lang='lat' dir='ltr'><strong>tibi</strong></span> <span class='ocrx_word' id='word_1_433' title='bbox 708 3985 990 4054; x_wconf 85' lang='lat' dir='ltr'><strong>prodesse,</strong></span> <span class='ocrx_word' id='word_1_434' title='bbox 1022 4001 1121 4041; x_wconf 88' lang='lat' dir='ltr'><strong>nec</strong></span> <span class='ocrx_word' id='word_1_435' title='bbox 1149 3986 1270 4057; x_wconf 90' lang='lat' dir='ltr'><strong>ipso</strong></span> <span class='ocrx_word' id='word_1_436' title='bbox 1298 3996 1519 4057; x_wconf 87' lang='lat' dir='ltr'><strong>peccato</strong></span> <span class='ocrx_word' id='word_1_437' title='bbox 1547 3988 1643 4042; x_wconf 91' lang='lat' dir='ltr'><strong>tibi</strong></span> <span class='ocrx_word' id='word_1_438' title='bbox 1673 3989 1966 4060; x_wconf 88' lang='lat' dir='ltr'><strong>quidquam</strong></span> 
     </span>
    </p>
   </div>
   <div class='ocr_carea' id='block_1_60' title="bbox 374 4073 1967 4150">
    <p class='ocr_par' dir='ltr' id='par_1_60' title="bbox 374 4073 1967 4150">
     <span class='ocr_line' id='line_1_60' title="bbox 374 4073 1967 4150; baseline 0.003 -23"><span class='ocrx_word' id='word_1_439' title='bbox 374 4073 517 4128; x_wconf 85' lang='lat' dir='ltr'><strong>valet</strong></span> <span class='ocrx_word' id='word_1_440' title='bbox 547 4073 756 4138; x_wconf 88' lang='lat' dir='ltr'><strong>obesse,</strong></span> <span class='ocrx_word' id='word_1_441' title='bbox 812 4074 1173 4129; x_wconf 90' lang='lat' dir='ltr'><strong>obedientiam</strong></span> <span class='ocrx_word' id='word_1_442' title='bbox 1224 4074 1422 4145; x_wconf 86' lang='lat' dir='ltr'><strong>abjice,</strong></span> <span class='ocrx_word' id='word_1_443' title='bbox 1482 4076 1830 4145; x_wconf 87' lang='lat' dir='ltr'><strong>subjectionis</strong></span> <span class='ocrx_word' id='word_1_444' title='bbox 1879 4078 1967 4150; x_wconf 86' lang='lat' dir='ltr'><strong>ju-</strong></span> 
     </span>
    </p>
   </div>
   <div class='ocr_carea' id='block_1_61' title="bbox 372 4162 1968 4235">
    <p class='ocr_par' dir='ltr' id='par_1_61' title="bbox 372 4162 1968 4235">
     <span class='ocr_line' id='line_1_61' title="bbox 372 4162 1968 4235; baseline 0.004 -19"><span class='ocrx_word' id='word_1_445' title='bbox 372 4178 501 4233; x_wconf 90' lang='lat' dir='ltr'><strong>gum</strong></span> <span class='ocrx_word' id='word_1_446' title='bbox 532 4170 742 4229; x_wconf 84' lang='lat' dir='ltr'><strong>excute,</strong></span> <span class='ocrx_word' id='word_1_447' title='bbox 777 4169 830 4217; x_wconf 92' lang='lat' dir='ltr'><strong>et</strong></span> <span class='ocrx_word' id='word_1_448' title='bbox 856 4162 1017 4232; x_wconf 89' lang='lat' dir='ltr'><strong>liber,</strong></span> <span class='ocrx_word' id='word_1_449' title='bbox 1051 4172 1107 4218; x_wconf 92' lang='lat' dir='ltr'><strong>ut</strong></span> <span class='ocrx_word' id='word_1_450' title='bbox 1137 4164 1601 4235; x_wconf 86' lang='lat' dir='ltr'><strong>archiepiscopum</strong></span> <span class='ocrx_word' id='word_1_451' title='bbox 1626 4167 1968 4222; x_wconf 87' lang='lat' dir='ltr'><strong>Cantuarien-</strong></span> 
     </span>
    </p>
   </div>
   <div class='ocr_carea' id='block_1_62' title="bbox 368 4251 1964 4319">
    <p class='ocr_par' dir='ltr' id='par_1_62' title="bbox 368 4251 1964 4319">
     <span class='ocr_line' id='line_1_62' title="bbox 368 4251 1964 4319; baseline 0.003 -14"><span class='ocrx_word' id='word_1_452' title='bbox 368 4267 481 4307; x_wconf 90' lang='lat' dir='ltr'><strong>sem</strong></span> <span class='ocrx_word' id='word_1_453' title='bbox 514 4252 688 4319; x_wconf 90' lang='lat' dir='ltr'><strong>decet,</strong></span> <span class='ocrx_word' id='word_1_454' title='bbox 729 4251 784 4306; x_wconf 92' lang='lat' dir='ltr'><strong>in</strong></span> <span class='ocrx_word' id='word_1_455' title='bbox 821 4252 1027 4307; x_wconf 88' lang='lat' dir='ltr'><strong>cunctis</strong></span> <span class='ocrx_word' id='word_1_456' title='bbox 1087 4252 1297 4307; x_wconf 88' lang='lat' dir='ltr'><strong>actibus</strong></span> <span class='ocrx_word' id='word_1_457' title='bbox 1336 4254 1440 4308; x_wconf 91' lang='lat' dir='ltr'><strong>tuis</strong></span> <span class='ocrx_word' id='word_1_458' title='bbox 1479 4255 1807 4310; x_wconf 85' lang='lat' dir='ltr'><strong>voluntatem</strong></span> <span class='ocrx_word' id='word_1_459' title='bbox 1860 4257 1964 4310; x_wconf 89' lang='lat' dir='ltr'><strong>do-</strong></span> 
     </span>
    </p>
   </div>
   <div class='ocr_carea' id='block_1_63' title="bbox 373 4339 1965 4413">
    <p class='ocr_par' dir='ltr' id='par_1_63' title="bbox 373 4339 1965 4413">
     <span class='ocr_line' id='line_1_63' title="bbox 373 4339 1965 4413; baseline 0.003 -20"><span class='ocrx_word' id='word_1_460' title='bbox 373 4339 505 4394; x_wconf 89' lang='lat' dir='ltr'><strong>mini</strong></span> <span class='ocrx_word' id='word_1_461' title='bbox 580 4340 743 4412; x_wconf 89' lang='lat' dir='ltr'><strong>regis,</strong></span> <span class='ocrx_word' id='word_1_462' title='bbox 786 4348 839 4395; x_wconf 90' lang='lat' dir='ltr'><strong>et</strong></span> <span class='ocrx_word' id='word_1_463' title='bbox 870 4340 1176 4409; x_wconf 90' lang='lat' dir='ltr'><strong>jussionem</strong></span> <span class='ocrx_word' id='word_1_464' title='bbox 1215 4350 1466 4412; x_wconf 87' lang='lat' dir='ltr'><strong>exspecta</strong></span> <span class='ocrx_word' id='word_1_465' title='bbox 1524 4359 1536 4398; x_wconf 95' lang='lat'>:</span> <span class='ocrx_word' id='word_1_466' title='bbox 1598 4359 1765 4398; x_wconf 87' lang='lat' dir='ltr'><strong>necne</strong></span> <span class='ocrx_word' id='word_1_467' title='bbox 1822 4346 1965 4413; x_wconf 87' lang='lat' dir='ltr'><strong>quod</strong></span> 
     </span>
    </p>
   </div>
   <div class='ocr_carea' id='block_1_64' title="bbox 376 4414 2043 4503">
    <p class='ocr_par' dir='ltr' id='par_1_64' title="bbox 376 4414 2043 4503">
     <span class='ocr_line' id='line_1_64' title="bbox 376 4414 2043 4503; baseline 0.003 -20"><span class='ocrx_word' id='word_1_468' title='bbox 376 4444 538 4484; x_wconf 87' lang='lat' dir='ltr'><strong>secus</strong></span> <span class='ocrx_word' id='word_1_469' title='bbox 575 4429 740 4502; x_wconf 85' lang='lat' dir='ltr'><strong>egisti</strong></span> <span class='ocrx_word' id='word_1_470' title='bbox 779 4429 993 4500; x_wconf 87' lang='lat' dir='ltr'><strong>culpam</strong></span> <span class='ocrx_word' id='word_1_471' title='bbox 1029 4445 1287 4501; x_wconf 86' lang='lat' dir='ltr'><strong>agnosce,</strong></span> <span class='ocrx_word' id='word_1_472' title='bbox 1330 4445 1395 4485; x_wconf 88' lang='lat' dir='ltr'><strong>ac</strong></span> <span class='ocrx_word' id='word_1_473' title='bbox 1432 4439 1490 4485; x_wconf 92' lang='lat' dir='ltr'><strong>ut</strong></span> <span class='ocrx_word' id='word_1_474' title='bbox 1544 4431 1640 4485; x_wconf 91' lang='lat' dir='ltr'><strong>tibi</strong></span> <span class='ocrx_word' id='word_1_475' title='bbox 1721 4432 1966 4503; x_wconf 86' lang='lat' dir='ltr'><strong>ignoscat</strong></span> <span class='ocrx_word' id='word_1_476' title='bbox 1994 4414 2043 4477; x_wconf 81' lang='lat' dir='ltr'><strong>D</strong></span> 
     </span>
    </p>
   </div>
   <div class='ocr_carea' id='block_1_65' title="bbox 375 4517 1966 4590">
    <p class='ocr_par' dir='ltr' id='par_1_65' title="bbox 375 4517 1966 4590">
     <span class='ocr_line' id='line_1_65' title="bbox 375 4517 1966 4590; baseline 0.003 -19"><span class='ocrx_word' id='word_1_477' title='bbox 375 4526 500 4574; x_wconf 92' lang='lat' dir='ltr'><strong>voto</strong></span> <span class='ocrx_word' id='word_1_478' title='bbox 524 4517 666 4573; x_wconf 91' lang='lat' dir='ltr'><strong>illius</strong></span> <span class='ocrx_word' id='word_1_479' title='bbox 712 4518 767 4572; x_wconf 91' lang='lat' dir='ltr'><strong>in</strong></span> <span class='ocrx_word' id='word_1_480' title='bbox 798 4519 941 4588; x_wconf 88' lang='lat' dir='ltr'><strong>quod</strong></span> <span class='ocrx_word' id='word_1_481' title='bbox 964 4535 997 4573; x_wconf 91' lang='lat' dir='ltr'><strong>a</strong></span> <span class='ocrx_word' id='word_1_482' title='bbox 1024 4527 1074 4574; x_wconf 91' lang='lat' dir='ltr'><strong>te</strong></span> <span class='ocrx_word' id='word_1_483' title='bbox 1105 4518 1230 4573; x_wconf 90' lang='lat' dir='ltr'><strong>inde</strong></span> <span class='ocrx_word' id='word_1_484' title='bbox 1262 4518 1475 4589; x_wconf 88' lang='lat' dir='ltr'><strong>petierit</strong></span> <span class='ocrx_word' id='word_1_485' title='bbox 1521 4520 1779 4590; x_wconf 89' lang='lat' dir='ltr'><strong>sapientis</strong></span> <span class='ocrx_word' id='word_1_486' title='bbox 1811 4537 1966 4576; x_wconf 90' lang='lat' dir='ltr'><strong>more</strong></span> 
     </span>
    </p>
   </div>
   <div class='ocr_carea' id='block_1_66' title="bbox 377 4607 1967 4678">
    <p class='ocr_par' dir='ltr' id='par_1_66' title="bbox 377 4607 1967 4678">
     <span class='ocr_line' id='line_1_66' title="bbox 377 4607 1967 4678; baseline 0.002 -17"><span class='ocrx_word' id='word_1_487' title='bbox 377 4621 653 4674; x_wconf 85' lang='lat' dir='ltr'><strong>concurre,</strong></span> <span class='ocrx_word' id='word_1_488' title='bbox 687 4615 954 4677; x_wconf 89' lang='lat' dir='ltr'><strong>quatenus</strong></span> <span class='ocrx_word' id='word_1_489' title='bbox 984 4607 1189 4664; x_wconf 89' lang='lat' dir='ltr'><strong>inimici</strong></span> <span class='ocrx_word' id='word_1_490' title='bbox 1216 4607 1311 4673; x_wconf 89' lang='lat' dir='ltr'><strong>tui,</strong></span> <span class='ocrx_word' id='word_1_491' title='bbox 1342 4608 1431 4678; x_wconf 92' lang='lat' dir='ltr'><strong>qui</strong></span> <span class='ocrx_word' id='word_1_492' title='bbox 1461 4607 1678 4663; x_wconf 87' lang='lat' dir='ltr'><strong>casibus</strong></span> <span class='ocrx_word' id='word_1_493' title='bbox 1709 4610 1811 4663; x_wconf 86' lang='lat' dir='ltr'><strong>tuis</strong></span> <span class='ocrx_word' id='word_1_494' title='bbox 1827 4626 1967 4665; x_wconf 92' lang='lat' dir='ltr'><strong>nunc</strong></span> 
     </span>
    </p>
   </div>
   <div class='ocr_carea' id='block_1_67' title="bbox 378 4694 1971 4768">
    <p class='ocr_par' dir='ltr' id='par_1_67' title="bbox 378 4694 1971 4768">
     <span class='ocr_line' id='line_1_67' title="bbox 378 4694 1971 4768; baseline 0.004 -21"><span class='ocrx_word' id='word_1_495' title='bbox 378 4694 660 4762; x_wconf 87' lang='lat' dir='ltr'><strong>insultant,</strong></span> <span class='ocrx_word' id='word_1_496' title='bbox 692 4694 805 4749; x_wconf 90' lang='lat' dir='ltr'><strong>visa</strong></span> <span class='ocrx_word' id='word_1_497' title='bbox 863 4696 1141 4768; x_wconf 84' lang='lat' dir='ltr'><strong>dignitatis</strong></span> <span class='ocrx_word' id='word_1_498' title='bbox 1199 4704 1302 4751; x_wconf 68' lang='lat' dir='ltr'><strong>tuae</strong></span> <span class='ocrx_word' id='word_1_499' title='bbox 1355 4697 1747 4762; x_wconf 89' lang='lat' dir='ltr'><strong>sublevatione,</strong></span> <span class='ocrx_word' id='word_1_500' title='bbox 1783 4697 1971 4754; x_wconf 90' lang='lat' dir='ltr'><strong>erube-</strong></span> 
     </span>
    </p>
   </div>
   <div class='ocr_carea' id='block_1_68' title="bbox 377 4782 1970 4855">
    <p class='ocr_par' dir='ltr' id='par_1_68' title="bbox 377 4782 1970 4855">
     <span class='ocr_line' id='line_1_68' title="bbox 377 4782 1970 4855; baseline 0.003 -19"><span class='ocrx_word' id='word_1_501' title='bbox 377 4790 546 4836; x_wconf 88' lang='lat' dir='ltr'><strong>scant.</strong></span> <span class='ocrx_word' id='word_1_502' title='bbox 578 4782 724 4851; x_wconf 69' lang='lat' dir='ltr'><strong>Haec,</strong></span> <span class='ocrx_word' id='word_1_503' title='bbox 774 4783 1015 4853; x_wconf 88' lang='lat' dir='ltr'><strong>inquam,</strong></span> <span class='ocrx_word' id='word_1_504' title='bbox 1036 4784 1153 4840; x_wconf 66' lang='lat' dir='ltr'><strong>haec</strong></span> <span class='ocrx_word' id='word_1_505' title='bbox 1179 4800 1453 4855; x_wconf 84' lang='lat' dir='ltr'><strong>rogamus,</strong></span> <span class='ocrx_word' id='word_1_506' title='bbox 1486 4786 1601 4840; x_wconf 64' lang='lat' dir='ltr'><strong>haec</strong></span> <span class='ocrx_word' id='word_1_507' title='bbox 1638 4786 1970 4841; x_wconf 86' lang='lat' dir='ltr'><strong>consulimus</strong></span> 
     </span>
    </p>
   </div>
   <div class='ocr_carea' id='block_1_69' title="bbox 378 4870 1967 4940">
    <p class='ocr_par' dir='ltr' id='par_1_69' title="bbox 378 4870 1967 4940">
     <span class='ocr_line' id='line_1_69' title="bbox 378 4870 1967 4940; baseline 0.003 -16"><span class='ocrx_word' id='word_1_508' title='bbox 378 4870 495 4925; x_wconf 66' lang='lat' dir='ltr'><strong>haec</strong></span> <span class='ocrx_word' id='word_1_509' title='bbox 515 4870 610 4924; x_wconf 88' lang='lat' dir='ltr'><strong>tibi</strong></span> <span class='ocrx_word' id='word_1_510' title='bbox 641 4870 849 4940; x_wconf 85' lang='lat' dir='ltr'><strong>tuisque</strong></span> <span class='ocrx_word' id='word_1_511' title='bbox 876 4872 1177 4927; x_wconf 89' lang='lat' dir='ltr'><strong>necessaria</strong></span> <span class='ocrx_word' id='word_1_512' title='bbox 1207 4888 1326 4927; x_wconf 90' lang='lat' dir='ltr'><strong>esse</strong></span> <span class='ocrx_word' id='word_1_513' title='bbox 1380 4874 1629 4937; x_wconf 87' lang='lat' dir='ltr'><strong>dicimus,</strong></span> <span class='ocrx_word' id='word_1_514' title='bbox 1674 4883 1727 4929; x_wconf 93' lang='lat' dir='ltr'><strong>et</strong></span> <span class='ocrx_word' id='word_1_515' title='bbox 1774 4873 1967 4929; x_wconf 86' lang='lat' dir='ltr'><strong>confir-</strong></span> 
     </span>
    </p>
   </div>
   <div class='ocr_carea' id='block_1_70' title="bbox 378 4957 1972 5029">
    <p class='ocr_par' dir='ltr' id='par_1_70' title="bbox 378 4957 1972 5029">
     <span class='ocr_line' id='line_1_70' title="bbox 378 4957 1972 5029; baseline 0.003 -18"><span class='ocrx_word' id='word_1_516' title='bbox 378 4973 608 5013; x_wconf 89' lang='lat' dir='ltr'><strong>mamus.</strong></span> <span class='ocrx_word' id='word_1_517' title='bbox 646 4981 669 5007; x_wconf 75' lang='grc' dir='ltr'><strong><em>ιι</em></strong></span> <span class='ocrx_word' id='word_1_518' title='bbox 702 4957 1002 5028; x_wconf 88' lang='lat' dir='ltr'><strong>Respondit</strong></span> <span class='ocrx_word' id='word_1_519' title='bbox 1033 4977 1046 5013; x_wconf 90' lang='lat'><strong>:</strong></span> <span class='ocrx_word' id='word_1_520' title='bbox 1084 4982 1105 5008; x_wconf 76' lang='grc' dir='ltr'><strong><em>α</em></strong></span> <span class='ocrx_word' id='word_1_521' title='bbox 1144 4960 1278 5028; x_wconf 71' lang='lat' dir='ltr'><strong>Quae</strong></span> <span class='ocrx_word' id='word_1_522' title='bbox 1307 4960 1487 5015; x_wconf 86' lang='lat' dir='ltr'><strong>dicitis</strong></span> <span class='ocrx_word' id='word_1_523' title='bbox 1515 4962 1698 5029; x_wconf 91' lang='lat' dir='ltr'><strong>audio,</strong></span> <span class='ocrx_word' id='word_1_524' title='bbox 1736 4962 1853 5029; x_wconf 87' lang='lat' dir='ltr'><strong>sed,</strong></span> <span class='ocrx_word' id='word_1_525' title='bbox 1915 4971 1972 5016; x_wconf 94' lang='lat' dir='ltr'><strong>ut</strong></span> 
     </span>
    </p>
   </div>
   <div class='ocr_carea' id='block_1_71' title="bbox 379 5044 1973 5120">
    <p class='ocr_par' dir='ltr' id='par_1_71' title="bbox 379 5044 1973 5120">
     <span class='ocr_line' id='line_1_71' title="bbox 379 5044 1973 5120; baseline 0.003 -19"><span class='ocrx_word' id='word_1_526' title='bbox 379 5046 449 5101; x_wconf 88' lang='lat' dir='ltr'><strong>ad</strong></span> <span class='ocrx_word' id='word_1_527' title='bbox 486 5044 593 5100; x_wconf 89' lang='lat' dir='ltr'><strong>alia</strong></span> <span class='ocrx_word' id='word_1_528' title='bbox 629 5054 858 5114; x_wconf 88' lang='lat' dir='ltr'><strong>taceam,</strong></span> <span class='ocrx_word' id='word_1_529' title='bbox 889 5046 1162 5118; x_wconf 86' lang='lat' dir='ltr'><strong>abnegare</strong></span> <span class='ocrx_word' id='word_1_530' title='bbox 1192 5047 1553 5103; x_wconf 89' lang='lat' dir='ltr'><strong>obedientiam</strong></span> <span class='ocrx_word' id='word_1_531' title='bbox 1585 5050 1789 5104; x_wconf 89' lang='lat' dir='ltr'><strong>domini</strong></span> <span class='ocrx_word' id='word_1_532' title='bbox 1814 5066 1973 5120; x_wconf 75' lang='lat' dir='ltr'><strong>papae</strong></span> 
     </span>
    </p>
   </div>
   <div class='ocr_carea' id='block_1_72' title="bbox 379 5133 1968 5208">
    <p class='ocr_par' dir='ltr' id='par_1_72' title="bbox 379 5133 1968 5208">
     <span class='ocr_line' id='line_1_72' title="bbox 379 5133 1968 5208; baseline 0.003 -21"><span class='ocrx_word' id='word_1_533' title='bbox 379 5133 680 5188; x_wconf 90' lang='lat' dir='ltr'><strong>nullatenus</strong></span> <span class='ocrx_word' id='word_1_534' title='bbox 711 5134 855 5189; x_wconf 91' lang='lat' dir='ltr'><strong>volo.</strong></span> <span class='ocrx_word' id='word_1_535' title='bbox 886 5135 1002 5189; x_wconf 89' lang='lat' dir='ltr'><strong>Jam</strong></span> <span class='ocrx_word' id='word_1_536' title='bbox 1033 5135 1150 5191; x_wconf 89' lang='lat' dir='ltr'><strong>dies</strong></span> <span class='ocrx_word' id='word_1_537' title='bbox 1180 5136 1416 5191; x_wconf 89' lang='lat' dir='ltr'><strong>declinat</strong></span> <span class='ocrx_word' id='word_1_538' title='bbox 1445 5136 1499 5190; x_wconf 93' lang='lat' dir='ltr'><strong>in</strong></span> <span class='ocrx_word' id='word_1_539' title='bbox 1528 5152 1835 5208; x_wconf 87' lang='lat' dir='ltr'><strong>vesperam.</strong></span> <span class='ocrx_word' id='word_1_540' title='bbox 1857 5138 1968 5192; x_wconf 86' lang='lat' dir='ltr'><strong>Dif-</strong></span> 
     </span>
    </p>
   </div>
   <div class='ocr_carea' id='block_1_73' title="bbox 379 5221 1966 5296">
    <p class='ocr_par' dir='ltr' id='par_1_73' title="bbox 379 5221 1966 5296">
     <span class='ocr_line' id='line_1_73' title="bbox 379 5221 1966 5296; baseline 0.003 -20"><span class='ocrx_word' id='word_1_541' title='bbox 379 5221 599 5290; x_wconf 88' lang='lat' dir='ltr'><strong>feratur,</strong></span> <span class='ocrx_word' id='word_1_542' title='bbox 631 5222 675 5276; x_wconf 91' lang='lat' dir='ltr'><strong>si</strong></span> <span class='ocrx_word' id='word_1_543' title='bbox 699 5222 896 5293; x_wconf 86' lang='lat' dir='ltr'><strong>placet,</strong></span> <span class='ocrx_word' id='word_1_544' title='bbox 925 5224 979 5278; x_wconf 90' lang='lat' dir='ltr'><strong>in</strong></span> <span class='ocrx_word' id='word_1_545' title='bbox 1004 5224 1298 5279; x_wconf 90' lang='lat' dir='ltr'><strong>crastinum</strong></span> <span class='ocrx_word' id='word_1_546' title='bbox 1329 5240 1488 5279; x_wconf 91' lang='lat' dir='ltr'><strong>causa</strong></span> <span class='ocrx_word' id='word_1_547' title='bbox 1518 5226 1653 5291; x_wconf 87' lang='lat' dir='ltr'><strong>ista;</strong></span> <span class='ocrx_word' id='word_1_548' title='bbox 1679 5226 1823 5296; x_wconf 91' lang='lat' dir='ltr'><strong>quod</strong></span> <span class='ocrx_word' id='word_1_549' title='bbox 1856 5234 1966 5281; x_wconf 89' lang='lat' dir='ltr'><strong>tra-</strong></span> 
     </span>
    </p>
   </div>
   <div class='ocr_carea' id='block_1_74' title="bbox 372 5312 1969 5384">
    <p class='ocr_par' dir='ltr' id='par_1_74' title="bbox 372 5312 1969 5384">
     <span class='ocr_line' id='line_1_74' title="bbox 372 5312 1969 5384; baseline 0.002 -19"><span class='ocrx_word' id='word_1_550' title='bbox 372 5319 522 5366; x_wconf 88' lang='lat' dir='ltr'><strong>ctans</strong></span> <span class='ocrx_word' id='word_1_551' title='bbox 576 5326 807 5377; x_wconf 88' lang='lat' dir='ltr'><strong>mecum,</strong></span> <span class='ocrx_word' id='word_1_552' title='bbox 878 5312 1241 5382; x_wconf 87' lang='lat' dir='ltr'><strong>respondeam</strong></span> <span class='ocrx_word' id='word_1_553' title='bbox 1307 5314 1450 5383; x_wconf 88' lang='lat' dir='ltr'><strong>quod</strong></span> <span class='ocrx_word' id='word_1_554' title='bbox 1510 5314 1655 5368; x_wconf 88' lang='lat' dir='ltr'><strong>Deus</strong></span> <span class='ocrx_word' id='word_1_555' title='bbox 1709 5314 1969 5384; x_wconf 89' lang='lat' dir='ltr'><strong>inspirare</strong></span> 
     </span>
    </p>
   </div>
   <div class='ocr_carea' id='block_1_75' title="bbox 375 5398 1968 5473">
    <p class='ocr_par' dir='ltr' id='par_1_75' title="bbox 375 5398 1968 5473">
     <span class='ocr_line' id='line_1_75' title="bbox 375 5398 1968 5473; baseline 0.003 -18"><span class='ocrx_word' id='word_1_556' title='bbox 375 5398 720 5472; x_wconf 75' lang='lat' dir='ltr'><strong>dignabitur.</strong></span> <span class='ocrx_word' id='word_1_557' title='bbox 763 5424 786 5450; x_wconf 73' lang='grc' dir='ltr'><strong>ιι</strong></span> <span class='ocrx_word' id='word_1_558' title='bbox 828 5399 1094 5472; x_wconf 88' lang='lat' dir='ltr'><strong>Suspicati</strong></span> <span class='ocrx_word' id='word_1_559' title='bbox 1132 5416 1262 5471; x_wconf 86' lang='lat' dir='ltr'><strong>ergo</strong></span> <span class='ocrx_word' id='word_1_560' title='bbox 1300 5401 1451 5456; x_wconf 91' lang='lat' dir='ltr'><strong>illum</strong></span> <span class='ocrx_word' id='word_1_561' title='bbox 1489 5410 1580 5457; x_wconf 90' lang='lat' dir='ltr'><strong>aut</strong></span> <span class='ocrx_word' id='word_1_562' title='bbox 1610 5403 1736 5473; x_wconf 87' lang='lat' dir='ltr'><strong>quid</strong></span> <span class='ocrx_word' id='word_1_563' title='bbox 1762 5403 1968 5459; x_wconf 89' lang='lat' dir='ltr'><strong>diceret</strong></span> 
     </span>
    </p>
   </div>
   <div class='ocr_carea' id='block_1_76' title="bbox 380 5489 1965 5565">
    <p class='ocr_par' dir='ltr' id='par_1_76' title="bbox 380 5489 1965 5565">
     <span class='ocr_line' id='line_1_76' title="bbox 380 5489 1965 5565; baseline 0.006 -23"><span class='ocrx_word' id='word_1_564' title='bbox 380 5491 515 5544; x_wconf 90' lang='lat' dir='ltr'><strong>ultra</strong></span> <span class='ocrx_word' id='word_1_565' title='bbox 551 5490 781 5558; x_wconf 89' lang='lat' dir='ltr'><strong>nescire,</strong></span> <span class='ocrx_word' id='word_1_566' title='bbox 823 5498 913 5545; x_wconf 89' lang='lat' dir='ltr'><strong>aut</strong></span> <span class='ocrx_word' id='word_1_567' title='bbox 941 5498 1085 5545; x_wconf 90' lang='lat' dir='ltr'><strong>metu</strong></span> <span class='ocrx_word' id='word_1_568' title='bbox 1133 5489 1406 5545; x_wconf 88' lang='lat' dir='ltr'><strong>addictum</strong></span> <span class='ocrx_word' id='word_1_569' title='bbox 1430 5491 1541 5559; x_wconf 90' lang='lat' dir='ltr'><strong>jam</strong></span> <span class='ocrx_word' id='word_1_570' title='bbox 1573 5491 1757 5547; x_wconf 88' lang='lat' dir='ltr'><strong>statim</strong></span> <span class='ocrx_word' id='word_1_571' title='bbox 1788 5500 1965 5565; x_wconf 77' lang='lat' dir='ltr'><strong>coepto</strong></span> 
     </span>
    </p>
   </div>
   <div class='ocr_carea' id='block_1_77' title="bbox 1986 3057 2035 3119">
    <p class='ocr_par' dir='ltr' id='par_1_77' title="bbox 1986 3057 2035 3119">
     <span class='ocr_line' id='line_1_77' title="bbox 1986 3057 2035 3119; baseline 0 0"><span class='ocrx_word' id='word_1_572' title='bbox 1986 3057 2035 3119; x_wconf 80' lang='grc' dir='ltr'>Ο</span> 
     </span>
    </p>
   </div>
   <div class='ocr_carea' id='block_1_78' title="bbox 2063 1773 3672 1830">
    <p class='ocr_par' dir='ltr' id='par_1_78' title="bbox 2063 1773 3672 1830">
     <span class='ocr_line' id='line_1_78' title="bbox 2063 1773 3672 1830; baseline 0.001 -3"><span class='ocrx_word' id='word_1_573' title='bbox 2063 1774 2369 1828; x_wconf 87' lang='lat' dir='ltr'><strong>ctoritatem</strong></span> <span class='ocrx_word' id='word_1_574' title='bbox 2427 1774 2746 1829; x_wconf 69' lang='lat' dir='ltr'><strong>exercendae</strong></span> <span class='ocrx_word' id='word_1_575' title='bbox 2804 1774 3221 1830; x_wconf 85' lang='lat' dir='ltr'><strong>Christianitatis</strong></span> <span class='ocrx_word' id='word_1_576' title='bbox 3283 1774 3360 1829; x_wconf 92' lang='lat' dir='ltr'><strong>illi</strong></span> <span class='ocrx_word' id='word_1_577' title='bbox 3424 1773 3672 1829; x_wconf 87' lang='lat' dir='ltr'><strong>adimere</strong></span> 
     </span>
    </p>
   </div>
   <div class='ocr_carea' id='block_1_79' title="bbox 2065 1862 3675 1937">
    <p class='ocr_par' dir='ltr' id='par_1_79' title="bbox 2065 1862 3675 1937">
     <span class='ocr_line' id='line_1_79' title="bbox 2065 1862 3675 1937; baseline 0.001 -20"><span class='ocrx_word' id='word_1_578' title='bbox 2065 1862 2345 1931; x_wconf 87' lang='lat' dir='ltr'><strong>cupiebat.</strong></span> <span class='ocrx_word' id='word_1_579' title='bbox 2377 1864 2489 1917; x_wconf 82' lang='lat' dir='ltr'><strong>Nec</strong></span> <span class='ocrx_word' id='word_1_580' title='bbox 2518 1863 2661 1917; x_wconf 90' lang='lat' dir='ltr'><strong>enim</strong></span> <span class='ocrx_word' id='word_1_581' title='bbox 2712 1864 2865 1934; x_wconf 88' lang='lat' dir='ltr'><strong>regia</strong></span> <span class='ocrx_word' id='word_1_582' title='bbox 2893 1863 3159 1937; x_wconf 86' lang='lat' dir='ltr'><strong>dignitate</strong></span> <span class='ocrx_word' id='word_1_583' title='bbox 3190 1863 3396 1936; x_wconf 86' lang='lat' dir='ltr'><strong>integre</strong></span> <span class='ocrx_word' id='word_1_584' title='bbox 3426 1879 3486 1918; x_wconf 87' lang='lat' dir='ltr'><strong>se</strong></span> <span class='ocrx_word' id='word_1_585' title='bbox 3514 1863 3675 1934; x_wconf 86' lang='lat' dir='ltr'><strong>poti-</strong></span> 
     </span>
    </p>
   </div>
   <div class='ocr_carea' id='block_1_80' title="bbox 2067 1951 3675 2024">
    <p class='ocr_par' dir='ltr' id='par_1_80' title="bbox 2067 1951 3675 2024">
     <span class='ocr_line' id='line_1_80' title="bbox 2067 1951 3675 2024; baseline 0.002 -21"><span class='ocrx_word' id='word_1_586' title='bbox 2067 1959 2179 2004; x_wconf 92' lang='lat' dir='ltr'><strong>tum</strong></span> <span class='ocrx_word' id='word_1_587' title='bbox 2209 1951 2602 2021; x_wconf 88' lang='lat' dir='ltr'><strong>suspicabatur,</strong></span> <span class='ocrx_word' id='word_1_588' title='bbox 2637 1953 2873 2021; x_wconf 88' lang='lat' dir='ltr'><strong>quandiu</strong></span> <span class='ocrx_word' id='word_1_589' title='bbox 2906 1952 3101 2024; x_wconf 89' lang='lat' dir='ltr'><strong>aliquis</strong></span> <span class='ocrx_word' id='word_1_590' title='bbox 3130 1952 3183 2006; x_wconf 91' lang='lat' dir='ltr'><strong>in</strong></span> <span class='ocrx_word' id='word_1_591' title='bbox 3217 1960 3328 2007; x_wconf 91' lang='lat' dir='ltr'><strong>tota</strong></span> <span class='ocrx_word' id='word_1_592' title='bbox 3386 1960 3544 2020; x_wconf 84' lang='lat' dir='ltr'><strong>terra,</strong></span> <span class='ocrx_word' id='word_1_593' title='bbox 3580 1953 3675 2007; x_wconf 88' lang='lat' dir='ltr'><strong>vel</strong></span> 
     </span>
    </p>
   </div>
   <div class='ocr_carea' id='block_1_81' title="bbox 2067 2039 3675 2112">
    <p class='ocr_par' dir='ltr' id='par_1_81' title="bbox 2067 2039 3675 2112">
     <span class='ocr_line' id='line_1_81' title="bbox 2067 2039 3675 2112; baseline 0.002 -21"><span class='ocrx_word' id='word_1_594' title='bbox 2067 2039 2231 2093; x_wconf 87' lang='lat' dir='ltr'><strong>etiam</strong></span> <span class='ocrx_word' id='word_1_595' title='bbox 2282 2040 2579 2094; x_wconf 89' lang='lat' dir='ltr'><strong>secundum</strong></span> <span class='ocrx_word' id='word_1_596' title='bbox 2631 2042 2822 2106; x_wconf 86' lang='lat' dir='ltr'><strong>Deum,</strong></span> <span class='ocrx_word' id='word_1_597' title='bbox 2882 2040 2987 2095; x_wconf 89' lang='lat' dir='ltr'><strong>nisi</strong></span> <span class='ocrx_word' id='word_1_598' title='bbox 3046 2057 3145 2111; x_wconf 90' lang='lat' dir='ltr'><strong>per</strong></span> <span class='ocrx_word' id='word_1_599' title='bbox 3196 2056 3320 2096; x_wconf 91' lang='lat' dir='ltr'><strong>eum</strong></span> <span class='ocrx_word' id='word_1_600' title='bbox 3363 2040 3675 2112; x_wconf 89' lang='lat' dir='ltr'><strong>quidquam</strong></span> 
     </span>
    </p>
   </div>
   <div class='ocr_carea' id='block_1_82' title="bbox 2069 2128 3676 2199">
    <p class='ocr_par' dir='ltr' id='par_1_82' title="bbox 2069 2128 3676 2199">
     <span class='ocr_line' id='line_1_82' title="bbox 2069 2128 3676 2199; baseline -0.001 -16"><span class='ocrx_word' id='word_1_601' title='bbox 2069 2129 2272 2184; x_wconf 87' lang='lat' dir='ltr'><strong>habere</strong></span> <span class='ocrx_word' id='word_1_602' title='bbox 2304 2130 2454 2194; x_wconf 88' lang='lat' dir='ltr'><strong>(nnta</strong></span> <span class='ocrx_word' id='word_1_603' title='bbox 2485 2128 2626 2198; x_wconf 91' lang='lat' dir='ltr'><strong>dico)</strong></span> <span class='ocrx_word' id='word_1_604' title='bbox 2654 2130 2737 2184; x_wconf 91' lang='lat' dir='ltr'><strong>vel</strong></span> <span class='ocrx_word' id='word_1_605' title='bbox 2769 2145 2931 2199; x_wconf 88' lang='lat' dir='ltr'><strong>posse</strong></span> <span class='ocrx_word' id='word_1_606' title='bbox 2960 2128 3258 2183; x_wconf 88' lang='lat' dir='ltr'><strong>dicebatur.</strong></span> <span class='ocrx_word' id='word_1_607' title='bbox 3285 2130 3459 2197; x_wconf 89' lang='lat' dir='ltr'><strong>Quam</strong></span> <span class='ocrx_word' id='word_1_608' title='bbox 3486 2129 3676 2183; x_wconf 89' lang='lat' dir='ltr'><strong>cordis</strong></span> 
     </span>
    </p>
   </div>
   <div class='ocr_carea' id='block_1_83' title="bbox 2068 2217 3673 2289">
    <p class='ocr_par' dir='ltr' id='par_1_83' title="bbox 2068 2217 3673 2289">
     <span class='ocr_line' id='line_1_83' title="bbox 2068 2217 3673 2289; baseline 0.001 -18"><span class='ocrx_word' id='word_1_609' title='bbox 2068 2218 2214 2289; x_wconf 69' lang='lat' dir='ltr'><strong>illius</strong></span> <span class='ocrx_word' id='word_1_610' title='bbox 2290 2218 2618 2272; x_wconf 90' lang='lat' dir='ltr'><strong>voluntatem</strong></span> <span class='ocrx_word' id='word_1_611' title='bbox 2682 2217 3070 2273; x_wconf 89' lang='lat' dir='ltr'><strong>Dunelmensis</strong></span> <span class='ocrx_word' id='word_1_612' title='bbox 3130 2217 3456 2289; x_wconf 88' lang='lat' dir='ltr'><strong>intelligens,</strong></span> <span class='ocrx_word' id='word_1_613' title='bbox 3519 2219 3673 2273; x_wconf 88' lang='lat' dir='ltr'><strong>omni</strong></span> 
     </span>
    </p>
   </div>
   <div class='ocr_carea' id='block_1_84' title="bbox 2070 2305 3677 2378">
    <p class='ocr_par' dir='ltr' id='par_1_84' title="bbox 2070 2305 3677 2378">
     <span class='ocr_line' id='line_1_84' title="bbox 2070 2305 3677 2378; baseline 0.002 -19"><span class='ocrx_word' id='word_1_614' title='bbox 2070 2306 2287 2376; x_wconf 85' lang='lat' dir='ltr'><strong>ingenio</strong></span> <span class='ocrx_word' id='word_1_615' title='bbox 2317 2306 2595 2377; x_wconf 86' lang='lat' dir='ltr'><strong>satagebat</strong></span> <span class='ocrx_word' id='word_1_616' title='bbox 2615 2307 2659 2359; x_wconf 88' lang='lat' dir='ltr'><strong>si</strong></span> <span class='ocrx_word' id='word_1_617' title='bbox 2682 2322 2789 2378; x_wconf 85' lang='lat' dir='ltr'><strong>quo</strong></span> <span class='ocrx_word' id='word_1_618' title='bbox 2808 2307 2972 2361; x_wconf 91' lang='lat' dir='ltr'><strong>modo</strong></span> <span class='ocrx_word' id='word_1_619' title='bbox 2992 2305 3305 2360; x_wconf 86' lang='lat' dir='ltr'><strong>Anselmum</strong></span> <span class='ocrx_word' id='word_1_620' title='bbox 3320 2305 3677 2362; x_wconf 87' lang='lat' dir='ltr'><strong>calumniosis</strong></span> 
     </span>
    </p>
   </div>
   <div class='ocr_carea' id='block_1_85' title="bbox 2068 2394 3672 2466">
    <p class='ocr_par' dir='ltr' id='par_1_85' title="bbox 2068 2394 3672 2466">
     <span class='ocr_line' id='line_1_85' title="bbox 2068 2394 3672 2466; baseline 0 -18"><span class='ocrx_word' id='word_1_621' title='bbox 2068 2394 2466 2462; x_wconf 89' lang='lat' dir='ltr'><strong>objectionibus</strong></span> <span class='ocrx_word' id='word_1_622' title='bbox 2499 2395 2776 2465; x_wconf 85' lang='lat' dir='ltr'><strong>fatigatum</strong></span> <span class='ocrx_word' id='word_1_623' title='bbox 2807 2410 2975 2466; x_wconf 86' lang='lat' dir='ltr'><strong>regno</strong></span> <span class='ocrx_word' id='word_1_624' title='bbox 3019 2394 3342 2460; x_wconf 88' lang='lat' dir='ltr'><strong>eliminaret,</strong></span> <span class='ocrx_word' id='word_1_625' title='bbox 3388 2403 3556 2461; x_wconf 89' lang='lat' dir='ltr'><strong>ratus,</strong></span> <span class='ocrx_word' id='word_1_626' title='bbox 3589 2402 3672 2462; x_wconf 88' lang='lat' dir='ltr'><strong>ut,</strong></span> 
     </span>
    </p>
   </div>
   <div class='ocr_carea' id='block_1_86' title="bbox 2067 2482 3673 2553">
    <p class='ocr_par' dir='ltr' id='par_1_86' title="bbox 2067 2482 3673 2553">
     <span class='ocr_line' id='line_1_86' title="bbox 2067 2482 3673 2553; baseline 0.001 -17"><span class='ocrx_word' id='word_1_627' title='bbox 2067 2482 2364 2551; x_wconf 83' lang='lat' dir='ltr'><strong>dicebatur,</strong></span> <span class='ocrx_word' id='word_1_628' title='bbox 2398 2483 2515 2553; x_wconf 85' lang='lat' dir='ltr'><strong>ipso</strong></span> <span class='ocrx_word' id='word_1_629' title='bbox 2548 2483 2878 2547; x_wconf 85' lang='lat' dir='ltr'><strong>discedente,</strong></span> <span class='ocrx_word' id='word_1_630' title='bbox 2914 2499 2971 2537; x_wconf 90' lang='lat' dir='ltr'><strong>se</strong></span> <span class='ocrx_word' id='word_1_631' title='bbox 3001 2483 3499 2553; x_wconf 87' lang='lat' dir='ltr'><strong>archiepiscopatus</strong></span> <span class='ocrx_word' id='word_1_632' title='bbox 3527 2482 3673 2538; x_wconf 90' lang='lat' dir='ltr'><strong>solio</strong></span> 
     </span>
    </p>
   </div>
   <div class='ocr_carea' id='block_1_87' title="bbox 2068 2571 3677 2643">
    <p class='ocr_par' dir='ltr' id='par_1_87' title="bbox 2068 2571 3677 2643">
     <span class='ocr_line' id='line_1_87' title="bbox 2068 2571 3677 2643; baseline 0.001 -18"><span class='ocrx_word' id='word_1_633' title='bbox 2068 2572 2492 2625; x_wconf 89' lang='lat' dir='ltr'><strong>sublimandum.</strong></span> <span class='ocrx_word' id='word_1_634' title='bbox 2528 2574 2658 2625; x_wconf 77' lang='lat' dir='ltr'><strong>Cum</strong></span> <span class='ocrx_word' id='word_1_635' title='bbox 2692 2572 2855 2642; x_wconf 84' lang='lat' dir='ltr'><strong>igitur</strong></span> <span class='ocrx_word' id='word_1_636' title='bbox 2883 2571 2997 2642; x_wconf 90' lang='lat' dir='ltr'><strong>regi</strong></span> <span class='ocrx_word' id='word_1_637' title='bbox 3031 2571 3385 2642; x_wconf 86' lang='lat' dir='ltr'><strong>persuasisset</strong></span> <span class='ocrx_word' id='word_1_638' title='bbox 3418 2573 3677 2643; x_wconf 60' lang='lat' dir='ltr'><strong>quasitas</strong></span> 
     </span>
    </p>
   </div>
   <div class='ocr_carea' id='block_1_88' title="bbox 2070 2659 3673 2727">
    <p class='ocr_par' dir='ltr' id='par_1_88' title="bbox 2070 2659 3673 2727">
     <span class='ocr_line' id='line_1_88' title="bbox 2070 2659 3673 2727; baseline -0.001 -13"><span class='ocrx_word' id='word_1_639' title='bbox 2070 2660 2317 2715; x_wconf 90' lang='lat' dir='ltr'><strong>inducias</strong></span> <span class='ocrx_word' id='word_1_640' title='bbox 2378 2660 2638 2714; x_wconf 85' lang='lat' dir='ltr'><strong>Anselmo</strong></span> <span class='ocrx_word' id='word_1_641' title='bbox 2703 2676 2809 2714; x_wconf 90' lang='lat' dir='ltr'><strong>non</strong></span> <span class='ocrx_word' id='word_1_642' title='bbox 2877 2676 2996 2715; x_wconf 90' lang='lat' dir='ltr'><strong>esse</strong></span> <span class='ocrx_word' id='word_1_643' title='bbox 3061 2659 3290 2727; x_wconf 88' lang='lat' dir='ltr'><strong>dandas,</strong></span> <span class='ocrx_word' id='word_1_644' title='bbox 3379 2659 3673 2715; x_wconf 89' lang='lat' dir='ltr'><strong>comitatus</strong></span> 
     </span>
    </p>
   </div>
   <div class='ocr_carea' id='block_1_89' title="bbox 2070 2748 3673 2820">
    <p class='ocr_par' dir='ltr' id='par_1_89' title="bbox 2070 2748 3673 2820">
     <span class='ocr_line' id='line_1_89' title="bbox 2070 2748 3673 2820; baseline 0.001 -18"><span class='ocrx_word' id='word_1_645' title='bbox 2070 2748 2479 2820; x_wconf 87' lang='lat' dir='ltr'><strong>quampluribus</strong></span> <span class='ocrx_word' id='word_1_646' title='bbox 2509 2749 2596 2818; x_wconf 88' lang='lat' dir='ltr'><strong>qni</strong></span> <span class='ocrx_word' id='word_1_647' title='bbox 2627 2749 2797 2803; x_wconf 86' lang='lat' dir='ltr'><strong>verba</strong></span> <span class='ocrx_word' id='word_1_648' title='bbox 2819 2764 2929 2803; x_wconf 87' lang='lat' dir='ltr'><strong>sua</strong></span> <span class='ocrx_word' id='word_1_649' title='bbox 2956 2764 3055 2802; x_wconf 91' lang='lat' dir='ltr'><strong>suo</strong></span> <span class='ocrx_word' id='word_1_650' title='bbox 3106 2748 3361 2803; x_wconf 89' lang='lat' dir='ltr'><strong>fulcirent</strong></span> <span class='ocrx_word' id='word_1_651' title='bbox 3417 2748 3673 2804; x_wconf 88' lang='lat' dir='ltr'><strong>testimo-</strong></span> 
     </span>
    </p>
   </div>
   <div class='ocr_carea' id='block_1_90' title="bbox 2072 2836 3674 2907">
    <p class='ocr_par' dir='ltr' id='par_1_90' title="bbox 2072 2836 3674 2907">
     <span class='ocr_line' id='line_1_90' title="bbox 2072 2836 3674 2907; baseline 0.001 -17"><span class='ocrx_word' id='word_1_652' title='bbox 2072 2837 2181 2904; x_wconf 89' lang='lat' dir='ltr'><strong>nio,</strong></span> <span class='ocrx_word' id='word_1_653' title='bbox 2215 2838 2285 2892; x_wconf 92' lang='lat' dir='ltr'><strong>ad</strong></span> <span class='ocrx_word' id='word_1_654' title='bbox 2316 2838 2488 2891; x_wconf 91' lang='lat' dir='ltr'><strong>virum</strong></span> <span class='ocrx_word' id='word_1_655' title='bbox 2542 2837 2872 2907; x_wconf 86' lang='lat' dir='ltr'><strong>ingrediens,</strong></span> <span class='ocrx_word' id='word_1_656' title='bbox 2905 2838 2978 2891; x_wconf 90' lang='lat' dir='ltr'><strong>ait</strong></span> <span class='ocrx_word' id='word_1_657' title='bbox 3011 2851 3023 2891; x_wconf 94' lang='lat'>:</span> <span class='ocrx_word' id='word_1_658' title='bbox 3062 2860 3084 2885; x_wconf 78' lang='grc' dir='ltr'><strong><em>α</em></strong></span> <span class='ocrx_word' id='word_1_659' title='bbox 3134 2838 3327 2893; x_wconf 82' lang='lat' dir='ltr'><strong>Audivi</strong></span> <span class='ocrx_word' id='word_1_660' title='bbox 3387 2836 3674 2907; x_wconf 88' lang='lat' dir='ltr'><strong>querimo-</strong></span> 
     </span>
    </p>
   </div>
   <div class='ocr_carea' id='block_1_91' title="bbox 2074 2926 3673 2998">
    <p class='ocr_par' dir='ltr' id='par_1_91' title="bbox 2074 2926 3673 2998">
     <span class='ocr_line' id='line_1_91' title="bbox 2074 2926 3673 2998; baseline 0.001 -19"><span class='ocrx_word' id='word_1_661' title='bbox 2074 2926 2221 2980; x_wconf 92' lang='lat' dir='ltr'><strong>niam</strong></span> <span class='ocrx_word' id='word_1_662' title='bbox 2280 2928 2425 2998; x_wconf 92' lang='lat' dir='ltr'><strong>regis</strong></span> <span class='ocrx_word' id='word_1_663' title='bbox 2479 2934 2666 2981; x_wconf 90' lang='lat' dir='ltr'><strong>contra</strong></span> <span class='ocrx_word' id='word_1_664' title='bbox 2718 2934 2792 2980; x_wconf 91' lang='lat' dir='ltr'><strong>te.</strong></span> <span class='ocrx_word' id='word_1_665' title='bbox 2860 2926 2998 2980; x_wconf 89' lang='lat' dir='ltr'><strong>Dicit</strong></span> <span class='ocrx_word' id='word_1_666' title='bbox 3054 2926 3199 2996; x_wconf 90' lang='lat' dir='ltr'><strong>quod</strong></span> <span class='ocrx_word' id='word_1_667' title='bbox 3265 2933 3521 2997; x_wconf 91' lang='lat' dir='ltr'><strong>quantum</strong></span> <span class='ocrx_word' id='word_1_668' title='bbox 3580 2934 3673 2980; x_wconf 86' lang='lat' dir='ltr'><strong>tua</strong></span> 
     </span>
    </p>
   </div>
   <div class='ocr_carea' id='block_1_92' title="bbox 2068 3012 3669 3087">
    <p class='ocr_par' dir='ltr' id='par_1_92' title="bbox 2068 3012 3669 3087">
     <span class='ocr_line' id='line_1_92' title="bbox 2068 3012 3669 3087; baseline 0.001 -21"><span class='ocrx_word' id='word_1_669' title='bbox 2068 3014 2309 3082; x_wconf 89' lang='lat' dir='ltr'><strong>interest,</strong></span> <span class='ocrx_word' id='word_1_670' title='bbox 2340 3031 2462 3070; x_wconf 91' lang='lat' dir='ltr'><strong>eum</strong></span> <span class='ocrx_word' id='word_1_671' title='bbox 2491 3029 2588 3068; x_wconf 88' lang='lat' dir='ltr'><strong>sua</strong></span> <span class='ocrx_word' id='word_1_672' title='bbox 2619 3014 2885 3087; x_wconf 86' lang='lat' dir='ltr'><strong>dignitate</strong></span> <span class='ocrx_word' id='word_1_673' title='bbox 2914 3014 3179 3084; x_wconf 89' lang='lat' dir='ltr'><strong>spoliasti,</strong></span> <span class='ocrx_word' id='word_1_674' title='bbox 3221 3014 3350 3068; x_wconf 92' lang='lat' dir='ltr'><strong>dum</strong></span> <span class='ocrx_word' id='word_1_675' title='bbox 3409 3012 3669 3070; x_wconf 90' lang='lat' dir='ltr'><strong>Odonem</strong></span> 
     </span>
    </p>
   </div>
   <div class='ocr_carea' id='block_1_93' title="bbox 2065 3101 3673 3172">
    <p class='ocr_par' dir='ltr' id='par_1_93' title="bbox 2065 3101 3673 3172">
     <span class='ocr_line' id='line_1_93' title="bbox 2065 3101 3673 3172; baseline 0.001 -15"><span class='ocrx_word' id='word_1_676' title='bbox 2065 3103 2378 3172; x_wconf 90' lang='lat' dir='ltr'><strong>episcopum</strong></span> <span class='ocrx_word' id='word_1_677' title='bbox 2410 3101 2711 3158; x_wconf 86' lang='lat' dir='ltr'><strong>Ostiensem</strong></span> <span class='ocrx_word' id='word_1_678' title='bbox 2743 3103 2863 3157; x_wconf 92' lang='lat' dir='ltr'><strong>sine</strong></span> <span class='ocrx_word' id='word_1_679' title='bbox 2896 3102 2978 3156; x_wconf 91' lang='lat' dir='ltr'><strong>sui</strong></span> <span class='ocrx_word' id='word_1_680' title='bbox 3031 3102 3350 3158; x_wconf 73' lang='lat' dir='ltr'><strong>auctoritate</strong></span> <span class='ocrx_word' id='word_1_681' title='bbox 3403 3103 3673 3172; x_wconf 58' lang='lat' dir='ltr'><strong>praecepti</strong></span> 
     </span>
    </p>
   </div>
   <div class='ocr_carea' id='block_1_94' title="bbox 2065 3190 3673 3262">
    <p class='ocr_par' dir='ltr' id='par_1_94' title="bbox 2065 3190 3673 3262">
     <span class='ocr_line' id='line_1_94' title="bbox 2065 3190 3673 3262; baseline -0.001 -17"><span class='ocrx_word' id='word_1_682' title='bbox 2065 3208 2264 3262; x_wconf 88' lang='lat' dir='ltr'><strong>papam</strong></span> <span class='ocrx_word' id='word_1_683' title='bbox 2295 3193 2349 3245; x_wconf 90' lang='lat' dir='ltr'><strong>in</strong></span> <span class='ocrx_word' id='word_1_684' title='bbox 2378 3208 2474 3245; x_wconf 88' lang='lat' dir='ltr'><strong>sua</strong></span> <span class='ocrx_word' id='word_1_685' title='bbox 2504 3192 2698 3262; x_wconf 82' lang='lat' dir='ltr'><strong>Anglia</strong></span> <span class='ocrx_word' id='word_1_686' title='bbox 2746 3191 2904 3257; x_wconf 85' lang='lat' dir='ltr'><strong>facis,</strong></span> <span class='ocrx_word' id='word_1_687' title='bbox 2961 3200 3013 3246; x_wconf 89' lang='lat' dir='ltr'><strong>et</strong></span> <span class='ocrx_word' id='word_1_688' title='bbox 3069 3191 3149 3246; x_wconf 91' lang='lat' dir='ltr'><strong>sic</strong></span> <span class='ocrx_word' id='word_1_689' title='bbox 3204 3191 3498 3262; x_wconf 90' lang='lat' dir='ltr'><strong>spoliatum</strong></span> <span class='ocrx_word' id='word_1_690' title='bbox 3526 3190 3673 3262; x_wconf 87' lang='lat' dir='ltr'><strong>petis</strong></span> 
     </span>
    </p>
   </div>
   <div class='ocr_carea' id='block_1_95' title="bbox 2067 3278 3671 3351">
    <p class='ocr_par' dir='ltr' id='par_1_95' title="bbox 2067 3278 3671 3351">
     <span class='ocr_line' id='line_1_95' title="bbox 2067 3278 3671 3351; baseline -0.001 -17"><span class='ocrx_word' id='word_1_691' title='bbox 2067 3280 2167 3334; x_wconf 88' lang='lat' dir='ltr'><strong>tibi</strong></span> <span class='ocrx_word' id='word_1_692' title='bbox 2198 3280 2444 3334; x_wconf 90' lang='lat' dir='ltr'><strong>inducias</strong></span> <span class='ocrx_word' id='word_1_693' title='bbox 2474 3281 2603 3334; x_wconf 90' lang='lat' dir='ltr'><strong>dare</strong></span> <span class='ocrx_word' id='word_1_694' title='bbox 2634 3295 2741 3349; x_wconf 92' lang='lat' dir='ltr'><strong>quo</strong></span> <span class='ocrx_word' id='word_1_695' title='bbox 2773 3280 2946 3351; x_wconf 87' lang='lat' dir='ltr'><strong>possis</strong></span> <span class='ocrx_word' id='word_1_696' title='bbox 2977 3280 3230 3334; x_wconf 89' lang='lat' dir='ltr'><strong>eamdem</strong></span> <span class='ocrx_word' id='word_1_697' title='bbox 3287 3278 3671 3349; x_wconf 88' lang='lat' dir='ltr'><strong>spoliationem</strong></span> 
     </span>
    </p>
   </div>
   <div class='ocr_carea' id='block_1_96' title="bbox 2069 3368 3672 3437">
    <p class='ocr_par' dir='ltr' id='par_1_96' title="bbox 2069 3368 3672 3437">
     <span class='ocr_line' id='line_1_96' title="bbox 2069 3368 3672 3437; baseline -0.001 -13"><span class='ocrx_word' id='word_1_698' title='bbox 2069 3368 2170 3424; x_wconf 86' lang='lat' dir='ltr'><strong>tuis</strong></span> <span class='ocrx_word' id='word_1_699' title='bbox 2200 3368 2676 3424; x_wconf 85' lang='lat' dir='ltr'><strong>adinventionibus</strong></span> <span class='ocrx_word' id='word_1_700' title='bbox 2701 3368 2906 3437; x_wconf 89' lang='lat' dir='ltr'><strong>justam</strong></span> <span class='ocrx_word' id='word_1_701' title='bbox 2946 3384 3062 3423; x_wconf 87' lang='lat' dir='ltr'><strong>esse</strong></span> <span class='ocrx_word' id='word_1_702' title='bbox 3108 3368 3503 3423; x_wconf 88' lang='lat' dir='ltr'><strong>demonstrare.</strong></span> <span class='ocrx_word' id='word_1_703' title='bbox 3556 3368 3672 3423; x_wconf 87' lang='lat' dir='ltr'><strong>Re-</strong></span> 
     </span>
    </p>
   </div>
   <div class='ocr_carea' id='block_1_97' title="bbox 2068 3455 3666 3527">
    <p class='ocr_par' dir='ltr' id='par_1_97' title="bbox 2068 3455 3666 3527">
     <span class='ocr_line' id='line_1_97' title="bbox 2068 3455 3666 3527; baseline -0.001 -14"><span class='ocrx_word' id='word_1_704' title='bbox 2068 3457 2203 3513; x_wconf 89' lang='lat' dir='ltr'><strong>vesti</strong></span> <span class='ocrx_word' id='word_1_705' title='bbox 2257 3474 2380 3512; x_wconf 90' lang='lat' dir='ltr'><strong>eum</strong></span> <span class='ocrx_word' id='word_1_706' title='bbox 2438 3458 2633 3527; x_wconf 89' lang='lat' dir='ltr'><strong>primo,</strong></span> <span class='ocrx_word' id='word_1_707' title='bbox 2692 3458 2736 3511; x_wconf 90' lang='lat' dir='ltr'><strong>si</strong></span> <span class='ocrx_word' id='word_1_708' title='bbox 2792 3457 2987 3527; x_wconf 90' lang='lat' dir='ltr'><strong>placet,</strong></span> <span class='ocrx_word' id='word_1_709' title='bbox 3042 3456 3224 3511; x_wconf 89' lang='lat' dir='ltr'><strong>debita</strong></span> <span class='ocrx_word' id='word_1_710' title='bbox 3280 3456 3495 3526; x_wconf 91' lang='lat' dir='ltr'><strong>imperii</strong></span> <span class='ocrx_word' id='word_1_711' title='bbox 3576 3455 3666 3511; x_wconf 84' lang='lat' dir='ltr'><strong>sui</strong></span> 
     </span>
    </p>
   </div>
   <div class='ocr_carea' id='block_1_98' title="bbox 2067 3543 3659 3617">
    <p class='ocr_par' dir='ltr' id='par_1_98' title="bbox 2067 3543 3659 3617">
     <span class='ocr_line' id='line_1_98' title="bbox 2067 3543 3659 3617; baseline -0.003 -16"><span class='ocrx_word' id='word_1_712' title='bbox 2067 3546 2350 3617; x_wconf 89' lang='lat' dir='ltr'><strong>dignitate,</strong></span> <span class='ocrx_word' id='word_1_713' title='bbox 2383 3555 2433 3600; x_wconf 92' lang='lat' dir='ltr'><strong>et</strong></span> <span class='ocrx_word' id='word_1_714' title='bbox 2463 3554 2588 3600; x_wconf 89' lang='lat' dir='ltr'><strong>tunc</strong></span> <span class='ocrx_word' id='word_1_715' title='bbox 2616 3546 2831 3600; x_wconf 91' lang='lat' dir='ltr'><strong>demum</strong></span> <span class='ocrx_word' id='word_1_716' title='bbox 2859 3546 2928 3600; x_wconf 90' lang='lat' dir='ltr'><strong>de</strong></span> <span class='ocrx_word' id='word_1_717' title='bbox 2960 3546 3189 3600; x_wconf 88' lang='lat' dir='ltr'><strong>induciis</strong></span> <span class='ocrx_word' id='word_1_718' title='bbox 3241 3561 3364 3615; x_wconf 85' lang='lat' dir='ltr'><strong>age.</strong></span> <span class='ocrx_word' id='word_1_719' title='bbox 3402 3543 3659 3615; x_wconf 83' lang='lat' dir='ltr'><strong>Alioquin</strong></span> 
     </span>
    </p>
   </div>
   <div class='ocr_carea' id='block_1_99' title="bbox 2072 3631 3676 3704">
    <p class='ocr_par' dir='ltr' id='par_1_99' title="bbox 2072 3631 3676 3704">
     <span class='ocr_line' id='line_1_99' title="bbox 2072 3631 3676 3704; baseline -0.001 -16"><span class='ocrx_word' id='word_1_720' title='bbox 2072 3635 2286 3691; x_wconf 86' lang='lat' dir='ltr'><strong>noveris</strong></span> <span class='ocrx_word' id='word_1_721' title='bbox 2306 3632 2459 3688; x_wconf 88' lang='lat' dir='ltr'><strong>illum</strong></span> <span class='ocrx_word' id='word_1_722' title='bbox 2492 3634 2595 3687; x_wconf 89' lang='lat' dir='ltr'><strong>sibi</strong></span> <span class='ocrx_word' id='word_1_723' title='bbox 2622 3634 2721 3704; x_wconf 90' lang='lat' dir='ltr'><strong>ipsi</strong></span> <span class='ocrx_word' id='word_1_724' title='bbox 2754 3634 2940 3689; x_wconf 88' lang='lat' dir='ltr'><strong>odium</strong></span> <span class='ocrx_word' id='word_1_725' title='bbox 2994 3634 3091 3689; x_wconf 91' lang='lat' dir='ltr'><strong>Dei</strong></span> <span class='ocrx_word' id='word_1_726' title='bbox 3148 3633 3533 3704; x_wconf 89' lang='lat' dir='ltr'><strong>omnipotentis</strong></span> <span class='ocrx_word' id='word_1_727' title='bbox 3561 3631 3676 3687; x_wconf 90' lang='lat' dir='ltr'><strong>im-</strong></span> 
     </span>
    </p>
   </div>
   <div class='ocr_carea' id='block_1_100' title="bbox 2073 3720 3677 3793">
    <p class='ocr_par' dir='ltr' id='par_1_100' title="bbox 2073 3720 3677 3793">
     <span class='ocr_line' id='line_1_100' title="bbox 2073 3720 3677 3793; baseline -0.001 -16"><span class='ocrx_word' id='word_1_728' title='bbox 2073 3722 2301 3792; x_wconf 84' lang='lat' dir='ltr'><strong>precari,</strong></span> <span class='ocrx_word' id='word_1_729' title='bbox 2379 3738 2583 3792; x_wconf 88' lang='lat' dir='ltr'><strong>nosque</strong></span> <span class='ocrx_word' id='word_1_730' title='bbox 2658 3722 2844 3777; x_wconf 75' lang='lat' dir='ltr'><strong>fideles</strong></span> <span class='ocrx_word' id='word_1_731' title='bbox 2884 3723 3004 3792; x_wconf 87' lang='lat' dir='ltr'><strong>ejus</strong></span> <span class='ocrx_word' id='word_1_732' title='bbox 3042 3721 3422 3793; x_wconf 88' lang='lat' dir='ltr'><strong>imprecationi</strong></span> <span class='ocrx_word' id='word_1_733' title='bbox 3497 3720 3677 3791; x_wconf 85' lang='lat' dir='ltr'><strong>ipsius</strong></span> 
     </span>
    </p>
   </div>
   <div class='ocr_carea' id='block_1_101' title="bbox 2074 3810 3679 3876">
    <p class='ocr_par' dir='ltr' id='par_1_101' title="bbox 2074 3810 3679 3876">
     <span class='ocr_line' id='line_1_101' title="bbox 2074 3810 3679 3876; baseline -0.002 -9"><span class='ocrx_word' id='word_1_734' title='bbox 2074 3813 2431 3867; x_wconf 89' lang='lat' dir='ltr'><strong>conniventes</strong></span> <span class='ocrx_word' id='word_1_735' title='bbox 2462 3812 2788 3876; x_wconf 86' lang='lat' dir='ltr'><strong>acclamare,</strong></span> <span class='ocrx_word' id='word_1_736' title='bbox 2820 3812 2863 3865; x_wconf 91' lang='lat' dir='ltr'><strong>si</strong></span> <span class='ocrx_word' id='word_1_737' title='bbox 2920 3812 3008 3866; x_wconf 90' lang='lat' dir='ltr'><strong>vel</strong></span> <span class='ocrx_word' id='word_1_738' title='bbox 3064 3811 3136 3866; x_wconf 87' lang='lat' dir='ltr'><strong>ad</strong></span> <span class='ocrx_word' id='word_1_739' title='bbox 3191 3810 3379 3866; x_wconf 89' lang='lat' dir='ltr'><strong>horam</strong></span> <span class='ocrx_word' id='word_1_740' title='bbox 3430 3810 3679 3865; x_wconf 90' lang='lat' dir='ltr'><strong>inducias</strong></span> 
     </span>
    </p>
   </div>
   <div class='ocr_carea' id='block_1_102' title="bbox 2076 3897 3673 3971">
    <p class='ocr_par' dir='ltr' id='par_1_102' title="bbox 2076 3897 3673 3971">
     <span class='ocr_line' id='line_1_102' title="bbox 2076 3897 3673 3971; baseline 0.001 -18"><span class='ocrx_word' id='word_1_741' title='bbox 2076 3900 2300 3965; x_wconf 89' lang='lat' dir='ltr'><strong>dederit,</strong></span> <span class='ocrx_word' id='word_1_742' title='bbox 2333 3916 2466 3971; x_wconf 89' lang='lat' dir='ltr'><strong>quas</strong></span> <span class='ocrx_word' id='word_1_743' title='bbox 2494 3900 2589 3953; x_wconf 91' lang='lat' dir='ltr'><strong>tibi</strong></span> <span class='ocrx_word' id='word_1_744' title='bbox 2621 3900 2673 3953; x_wconf 91' lang='lat' dir='ltr'><strong>in</strong></span> <span class='ocrx_word' id='word_1_745' title='bbox 2701 3899 2988 3954; x_wconf 87' lang='lat' dir='ltr'><strong>crastinum</strong></span> <span class='ocrx_word' id='word_1_746' title='bbox 3021 3899 3134 3953; x_wconf 86' lang='lat' dir='ltr'><strong>dari</strong></span> <span class='ocrx_word' id='word_1_747' title='bbox 3164 3897 3426 3969; x_wconf 87' lang='lat' dir='ltr'><strong>precaris.</strong></span> <span class='ocrx_word' id='word_1_748' title='bbox 3490 3898 3673 3966; x_wconf 84' lang='lat' dir='ltr'><strong>Quare</strong></span> 
     </span>
    </p>
   </div>
   <div class='ocr_carea' id='block_1_103' title="bbox 2070 3985 3663 4060">
    <p class='ocr_par' dir='ltr' id='par_1_103' title="bbox 2070 3985 3663 4060">
     <span class='ocr_line' id='line_1_103' title="bbox 2070 3985 3663 4060; baseline -0.001 -17"><span class='ocrx_word' id='word_1_749' title='bbox 2070 3991 2184 4058; x_wconf 87' lang='lat' dir='ltr'><strong>jam</strong></span> <span class='ocrx_word' id='word_1_750' title='bbox 2215 4005 2357 4043; x_wconf 92' lang='lat' dir='ltr'><strong>nunc</strong></span> <span class='ocrx_word' id='word_1_751' title='bbox 2383 3989 2652 4060; x_wconf 88' lang='lat' dir='ltr'><strong>evestigio</strong></span> <span class='ocrx_word' id='word_1_752' title='bbox 2683 3990 2753 4042; x_wconf 89' lang='lat' dir='ltr'><strong>ad</strong></span> <span class='ocrx_word' id='word_1_753' title='bbox 2782 3988 2987 4043; x_wconf 88' lang='lat' dir='ltr'><strong>domini</strong></span> <span class='ocrx_word' id='word_1_754' title='bbox 3018 3987 3191 4042; x_wconf 86' lang='lat' dir='ltr'><strong>nostri</strong></span> <span class='ocrx_word' id='word_1_755' title='bbox 3221 3987 3366 4042; x_wconf 89' lang='lat' dir='ltr'><strong>dicta</strong></span> <span class='ocrx_word' id='word_1_756' title='bbox 3390 3985 3663 4056; x_wconf 88' lang='lat' dir='ltr'><strong>responde</strong></span> 
     </span>
    </p>
   </div>
   <div class='ocr_carea' id='block_1_104' title="bbox 2074 4073 3676 4145">
    <p class='ocr_par' dir='ltr' id='par_1_104' title="bbox 2074 4073 3676 4145">
     <span class='ocr_line' id='line_1_104' title="bbox 2074 4073 3676 4145; baseline -0.001 -14"><span class='ocrx_word' id='word_1_757' title='bbox 2074 4086 2163 4131; x_wconf 92' lang='lat' dir='ltr'><strong>aut</strong></span> <span class='ocrx_word' id='word_1_758' title='bbox 2193 4077 2517 4131; x_wconf 89' lang='lat' dir='ltr'><strong>sententiam</strong></span> <span class='ocrx_word' id='word_1_759' title='bbox 2550 4085 2653 4131; x_wconf 66' lang='lat' dir='ltr'><strong>tua:</strong></span> <span class='ocrx_word' id='word_1_760' title='bbox 2681 4076 2951 4131; x_wconf 89' lang='lat' dir='ltr'><strong>vindicem</strong></span> <span class='ocrx_word' id='word_1_761' title='bbox 3010 4075 3448 4145; x_wconf 74' lang='lat' dir='ltr'><strong>praesumptionis</strong></span> <span class='ocrx_word' id='word_1_762' title='bbox 3504 4073 3676 4129; x_wconf 92' lang='lat' dir='ltr'><strong>dubio</strong></span> 
     </span>
    </p>
   </div>
   <div class='ocr_carea' id='block_1_105' title="bbox 2073 4162 3671 4236">
    <p class='ocr_par' dir='ltr' id='par_1_105' title="bbox 2073 4162 3671 4236">
     <span class='ocr_line' id='line_1_105' title="bbox 2073 4162 3671 4236; baseline -0.001 -17"><span class='ocrx_word' id='word_1_763' title='bbox 2073 4165 2262 4236; x_wconf 87' lang='lat' dir='ltr'><strong>procul</strong></span> <span class='ocrx_word' id='word_1_764' title='bbox 2293 4165 2347 4218; x_wconf 91' lang='lat' dir='ltr'><strong>in</strong></span> <span class='ocrx_word' id='word_1_765' title='bbox 2377 4165 2629 4233; x_wconf 66' lang='lat' dir='ltr'><strong>praesenti</strong></span> <span class='ocrx_word' id='word_1_766' title='bbox 2661 4165 2963 4235; x_wconf 85' lang='lat' dir='ltr'><strong>experiere.</strong></span> <span class='ocrx_word' id='word_1_767' title='bbox 2996 4165 3111 4219; x_wconf 86' lang='lat' dir='ltr'><strong>Nec</strong></span> <span class='ocrx_word' id='word_1_768' title='bbox 3163 4165 3345 4231; x_wconf 90' lang='lat' dir='ltr'><strong>jocum</strong></span> <span class='ocrx_word' id='word_1_769' title='bbox 3384 4162 3671 4218; x_wconf 82' lang='lat' dir='ltr'><strong>existimes</strong></span> 
     </span>
    </p>
   </div>
   <div class='ocr_carea' id='block_1_106' title="bbox 2076 4249 3671 4325">
    <p class='ocr_par' dir='ltr' id='par_1_106' title="bbox 2076 4249 3671 4325">
     <span class='ocr_line' id='line_1_106' title="bbox 2076 4249 3671 4325; baseline -0.003 -16"><span class='ocrx_word' id='word_1_770' title='bbox 2076 4270 2198 4309; x_wconf 89' lang='lat' dir='ltr'><strong>esse</strong></span> <span class='ocrx_word' id='word_1_771' title='bbox 2226 4254 2367 4324; x_wconf 93' lang='lat' dir='ltr'><strong>quod</strong></span> <span class='ocrx_word' id='word_1_772' title='bbox 2400 4255 2595 4325; x_wconf 89' lang='lat' dir='ltr'><strong>agitur,</strong></span> <span class='ocrx_word' id='word_1_773' title='bbox 2628 4253 2738 4308; x_wconf 92' lang='lat' dir='ltr'><strong>imo</strong></span> <span class='ocrx_word' id='word_1_774' title='bbox 2763 4253 2818 4306; x_wconf 94' lang='lat' dir='ltr'><strong>in</strong></span> <span class='ocrx_word' id='word_1_775' title='bbox 2849 4253 2961 4306; x_wconf 89' lang='lat' dir='ltr'><strong>istis</strong></span> <span class='ocrx_word' id='word_1_776' title='bbox 2988 4252 3172 4323; x_wconf 86' lang='lat' dir='ltr'><strong>magni</strong></span> <span class='ocrx_word' id='word_1_777' title='bbox 3200 4250 3406 4306; x_wconf 88' lang='lat' dir='ltr'><strong>doloris</strong></span> <span class='ocrx_word' id='word_1_778' title='bbox 3434 4249 3671 4305; x_wconf 85' lang='lat' dir='ltr'><strong>stimulis</strong></span> 
     </span>
    </p>
   </div>
   <div class='ocr_carea' id='block_1_107' title="bbox 2075 4339 3680 4412">
    <p class='ocr_par' dir='ltr' id='par_1_107' title="bbox 2075 4339 3680 4412">
     <span class='ocr_line' id='line_1_107' title="bbox 2075 4339 3680 4412; baseline -0.001 -17"><span class='ocrx_word' id='word_1_779' title='bbox 2075 4357 2347 4412; x_wconf 85' lang='lat' dir='ltr'><strong>urgemur.</strong></span> <span class='ocrx_word' id='word_1_780' title='bbox 2380 4342 2493 4396; x_wconf 90' lang='lat' dir='ltr'><strong>Nec</strong></span> <span class='ocrx_word' id='word_1_781' title='bbox 2517 4341 2736 4406; x_wconf 84' lang='lat' dir='ltr'><strong>mirum.</strong></span> <span class='ocrx_word' id='word_1_782' title='bbox 2770 4340 2928 4410; x_wconf 91' lang='lat' dir='ltr'><strong>Quod</strong></span> <span class='ocrx_word' id='word_1_783' title='bbox 2968 4340 3115 4395; x_wconf 87' lang='lat' dir='ltr'><strong>enim</strong></span> <span class='ocrx_word' id='word_1_784' title='bbox 3171 4339 3423 4394; x_wconf 90' lang='lat' dir='ltr'><strong>dominus</strong></span> <span class='ocrx_word' id='word_1_785' title='bbox 3477 4347 3599 4394; x_wconf 90' lang='lat' dir='ltr'><strong>tuus</strong></span> <span class='ocrx_word' id='word_1_786' title='bbox 3623 4346 3680 4393; x_wconf 86' lang='lat' dir='ltr'><strong>et</strong></span> 
     </span>
    </p>
   </div>
   <div class='ocr_carea' id='block_1_108' title="bbox 2073 4426 3677 4498">
    <p class='ocr_par' dir='ltr' id='par_1_108' title="bbox 2073 4426 3677 4498">
     <span class='ocr_line' id='line_1_108' title="bbox 2073 4426 3677 4498; baseline -0.002 -14"><span class='ocrx_word' id='word_1_787' title='bbox 2073 4438 2263 4484; x_wconf 89' lang='lat' dir='ltr'><strong>noster</strong></span> <span class='ocrx_word' id='word_1_788' title='bbox 2289 4429 2344 4483; x_wconf 90' lang='lat' dir='ltr'><strong>in</strong></span> <span class='ocrx_word' id='word_1_789' title='bbox 2373 4430 2522 4484; x_wconf 90' lang='lat' dir='ltr'><strong>omni</strong></span> <span class='ocrx_word' id='word_1_790' title='bbox 2553 4429 2927 4485; x_wconf 89' lang='lat' dir='ltr'><strong>dominatione</strong></span> <span class='ocrx_word' id='word_1_791' title='bbox 2965 4433 3074 4483; x_wconf 88' lang='lat' dir='ltr'><strong>&#39;sua</strong></span> <span class='ocrx_word' id='word_1_792' title='bbox 3103 4430 3448 4498; x_wconf 68' lang='lat' dir='ltr'><strong>prtecipuum</strong></span> <span class='ocrx_word' id='word_1_793' title='bbox 3490 4426 3677 4482; x_wconf 83' lang='lat' dir='ltr'><strong>babe-</strong></span> 
     </span>
    </p>
   </div>
   <div class='ocr_carea' id='block_1_109' title="bbox 2077 4517 3677 4588">
    <p class='ocr_par' dir='ltr' id='par_1_109' title="bbox 2077 4517 3677 4588">
     <span class='ocr_line' id='line_1_109' title="bbox 2077 4517 3677 4588; baseline -0.002 -15"><span class='ocrx_word' id='word_1_794' title='bbox 2077 4520 2186 4586; x_wconf 89' lang='lat' dir='ltr'><strong>bat,</strong></span> <span class='ocrx_word' id='word_1_795' title='bbox 2220 4526 2273 4573; x_wconf 91' lang='lat' dir='ltr'><strong>et</strong></span> <span class='ocrx_word' id='word_1_796' title='bbox 2302 4532 2409 4588; x_wconf 89' lang='lat' dir='ltr'><strong>quo</strong></span> <span class='ocrx_word' id='word_1_797' title='bbox 2439 4533 2562 4573; x_wconf 92' lang='lat' dir='ltr'><strong>eum</strong></span> <span class='ocrx_word' id='word_1_798' title='bbox 2609 4519 2816 4573; x_wconf 91' lang='lat' dir='ltr'><strong>cunctis</strong></span> <span class='ocrx_word' id='word_1_799' title='bbox 2869 4517 3092 4588; x_wconf 86' lang='lat' dir='ltr'><strong>regibus</strong></span> <span class='ocrx_word' id='word_1_800' title='bbox 3142 4524 3407 4586; x_wconf 75' lang='lat' dir='ltr'><strong>praestare</strong></span> <span class='ocrx_word' id='word_1_801' title='bbox 3461 4523 3677 4571; x_wconf 87' lang='lat' dir='ltr'><strong>certum</strong></span> 
     </span>
    </p>
   </div>
   <div class='ocr_carea' id='block_1_110' title="bbox 2076 4602 3679 4678">
    <p class='ocr_par' dir='ltr' id='par_1_110' title="bbox 2076 4602 3679 4678">
     <span class='ocr_line' id='line_1_110' title="bbox 2076 4602 3679 4678; baseline -0.001 -17"><span class='ocrx_word' id='word_1_802' title='bbox 2076 4615 2213 4673; x_wconf 89' lang='lat' dir='ltr'><strong>erat,</strong></span> <span class='ocrx_word' id='word_1_803' title='bbox 2248 4608 2351 4662; x_wconf 81' lang='lat' dir='ltr'><strong>hoc</strong></span> <span class='ocrx_word' id='word_1_804' title='bbox 2380 4606 2427 4661; x_wconf 92' lang='lat' dir='ltr'><strong>ei</strong></span> <span class='ocrx_word' id='word_1_805' title='bbox 2455 4614 2712 4678; x_wconf 88' lang='lat' dir='ltr'><strong>quantum</strong></span> <span class='ocrx_word' id='word_1_806' title='bbox 2741 4607 2797 4660; x_wconf 93' lang='lat' dir='ltr'><strong>in</strong></span> <span class='ocrx_word' id='word_1_807' title='bbox 2828 4615 2878 4660; x_wconf 91' lang='lat' dir='ltr'><strong>te</strong></span> <span class='ocrx_word' id='word_1_808' title='bbox 2908 4614 2989 4661; x_wconf 91' lang='lat' dir='ltr'><strong>est</strong></span> <span class='ocrx_word' id='word_1_809' title='bbox 3046 4604 3229 4675; x_wconf 91' lang='lat' dir='ltr'><strong>inique</strong></span> <span class='ocrx_word' id='word_1_810' title='bbox 3285 4603 3445 4670; x_wconf 90' lang='lat' dir='ltr'><strong>tollis,</strong></span> <span class='ocrx_word' id='word_1_811' title='bbox 3480 4602 3679 4659; x_wconf 89' lang='lat' dir='ltr'><strong>tollens</strong></span> 
     </span>
    </p>
   </div>
   <div class='ocr_carea' id='block_1_111' title="bbox 2076 4689 3681 4767">
    <p class='ocr_par' dir='ltr' id='par_1_111' title="bbox 2076 4689 3681 4767">
     <span class='ocr_line' id='line_1_111' title="bbox 2076 4689 3681 4767; baseline -0.001 -19"><span class='ocrx_word' id='word_1_812' title='bbox 2076 4693 2238 4749; x_wconf 84' lang='lat' dir='ltr'><strong>ﬁdem</strong></span> <span class='ocrx_word' id='word_1_813' title='bbox 2269 4710 2392 4750; x_wconf 91' lang='lat' dir='ltr'><strong>cum</strong></span> <span class='ocrx_word' id='word_1_814' title='bbox 2422 4702 2761 4749; x_wconf 88' lang='lat' dir='ltr'><strong>sacramento</strong></span> <span class='ocrx_word' id='word_1_815' title='bbox 2792 4695 2941 4767; x_wconf 91' lang='lat' dir='ltr'><strong>quod</strong></span> <span class='ocrx_word' id='word_1_816' title='bbox 2973 4693 3021 4748; x_wconf 93' lang='lat' dir='ltr'><strong>ei</strong></span> <span class='ocrx_word' id='word_1_817' title='bbox 3081 4692 3289 4748; x_wconf 84' lang='lat' dir='ltr'><strong>feceras</strong></span> <span class='ocrx_word' id='word_1_818' title='bbox 3342 4689 3562 4761; x_wconf 86' lang='lat' dir='ltr'><strong>polluis,</strong></span> <span class='ocrx_word' id='word_1_819' title='bbox 3621 4697 3681 4746; x_wconf 83' lang='lat' dir='ltr'><strong>et</strong></span> 
     </span>
    </p>
   </div>
   <div class='ocr_carea' id='block_1_112' title="bbox 2076 4779 3680 4855">
    <p class='ocr_par' dir='ltr' id='par_1_112' title="bbox 2076 4779 3680 4855">
     <span class='ocr_line' id='line_1_112' title="bbox 2076 4779 3680 4855; baseline -0.003 -16"><span class='ocrx_word' id='word_1_820' title='bbox 2076 4800 2264 4839; x_wconf 89' lang='lat' dir='ltr'><strong>omnes</strong></span> <span class='ocrx_word' id='word_1_821' title='bbox 2293 4783 2498 4838; x_wconf 88' lang='lat' dir='ltr'><strong>amicos</strong></span> <span class='ocrx_word' id='word_1_822' title='bbox 2528 4784 2642 4851; x_wconf 88' lang='lat' dir='ltr'><strong>ejus</strong></span> <span class='ocrx_word' id='word_1_823' title='bbox 2672 4798 2871 4855; x_wconf 87' lang='lat' dir='ltr'><strong>magna</strong></span> <span class='ocrx_word' id='word_1_824' title='bbox 2900 4781 2954 4835; x_wconf 91' lang='lat' dir='ltr'><strong>in</strong></span> <span class='ocrx_word' id='word_1_825' title='bbox 2984 4784 3087 4836; x_wconf 88' lang='lat' dir='ltr'><strong>hoc</strong></span> <span class='ocrx_word' id='word_1_826' title='bbox 3114 4780 3435 4836; x_wconf 82' lang='lat' dir='ltr'><strong>confusione</strong></span> <span class='ocrx_word' id='word_1_827' title='bbox 3490 4779 3680 4836; x_wconf 87' lang='lat' dir='ltr'><strong>invol-</strong></span> 
     </span>
    </p>
   </div>
   <div class='ocr_carea' id='block_1_113' title="bbox 2081 4867 3677 4939">
    <p class='ocr_par' dir='ltr' id='par_1_113' title="bbox 2081 4867 3677 4939">
     <span class='ocr_line' id='line_1_113' title="bbox 2081 4867 3677 4939; baseline -0.003 -12"><span class='ocrx_word' id='word_1_828' title='bbox 2081 4872 2191 4928; x_wconf 89' lang='lat' dir='ltr'><strong>vis.</strong></span> <span class='ocrx_word' id='word_1_829' title='bbox 2225 4895 2246 4921; x_wconf 70' lang='lat' dir='ltr'><strong>n</strong></span> <span class='ocrx_word' id='word_1_830' title='bbox 2280 4871 2520 4926; x_wconf 83' lang='lat' dir='ltr'><strong>Audiens</strong></span> <span class='ocrx_word' id='word_1_831' title='bbox 2559 4871 2679 4926; x_wconf 71' lang='lat' dir='ltr'><strong>haec</strong></span> <span class='ocrx_word' id='word_1_832' title='bbox 2724 4869 3014 4925; x_wconf 85' lang='lat' dir='ltr'><strong>Anselmus</strong></span> <span class='ocrx_word' id='word_1_833' title='bbox 3070 4869 3343 4939; x_wconf 88' lang='lat' dir='ltr'><strong>patienter</strong></span> <span class='ocrx_word' id='word_1_834' title='bbox 3393 4867 3677 4936; x_wconf 84' lang='lat' dir='ltr'><strong>sustinuit,</strong></span> 
     </span>
    </p>
   </div>
   <div class='ocr_carea' id='block_1_114' title="bbox 2081 4956 3671 5031">
    <p class='ocr_par' dir='ltr' id='par_1_114' title="bbox 2081 4956 3671 5031">
     <span class='ocr_line' id='line_1_114' title="bbox 2081 4956 3671 5031; baseline -0.003 -16"><span class='ocrx_word' id='word_1_835' title='bbox 2081 4975 2316 5031; x_wconf 86' lang='lat' dir='ltr'><strong>moxque</strong></span> <span class='ocrx_word' id='word_1_836' title='bbox 2343 4960 2410 5014; x_wconf 91' lang='lat' dir='ltr'><strong>ad</strong></span> <span class='ocrx_word' id='word_1_837' title='bbox 2443 4967 2601 5014; x_wconf 71' lang='lat' dir='ltr'><strong>tanta:</strong></span> <span class='ocrx_word' id='word_1_838' title='bbox 2628 4958 2911 5014; x_wconf 63' lang='lat' dir='ltr'><strong>calumnias</strong></span> <span class='ocrx_word' id='word_1_839' title='bbox 2941 4958 3093 5014; x_wconf 82' lang='lat' dir='ltr'><strong>nefas</strong></span> <span class='ocrx_word' id='word_1_840' title='bbox 3123 4959 3200 5012; x_wconf 90' lang='lat' dir='ltr'><strong>ita</strong></span> <span class='ocrx_word' id='word_1_841' title='bbox 3230 4956 3380 5012; x_wconf 88' lang='lat' dir='ltr'><strong>brevi</strong></span> <span class='ocrx_word' id='word_1_842' title='bbox 3423 4971 3671 5027; x_wconf 87' lang='lat' dir='ltr'><strong>respon-</strong></span> 
     </span>
    </p>
   </div>
   <div class='ocr_carea' id='block_1_115' title="bbox 2081 5044 3679 5118">
    <p class='ocr_par' dir='ltr' id='par_1_115' title="bbox 2081 5044 3679 5118">
     <span class='ocr_line' id='line_1_115' title="bbox 2081 5044 3679 5118; baseline -0.002 -13"><span class='ocrx_word' id='word_1_843' title='bbox 2081 5050 2159 5104; x_wconf 88' lang='lat' dir='ltr'><strong>dit</strong></span> <span class='ocrx_word' id='word_1_844' title='bbox 2218 5068 2230 5105; x_wconf 90' lang='lat'><strong>:</strong></span> <span class='ocrx_word' id='word_1_845' title='bbox 2295 5071 2317 5097; x_wconf 75' lang='grc' dir='ltr'><strong><em>α</em></strong></span> <span class='ocrx_word' id='word_1_846' title='bbox 2381 5047 2486 5116; x_wconf 87' lang='lat' dir='ltr'><strong>Qui</strong></span> <span class='ocrx_word' id='word_1_847' title='bbox 2536 5056 2825 5118; x_wconf 89' lang='lat' dir='ltr'><strong>propterea</strong></span> <span class='ocrx_word' id='word_1_848' title='bbox 2881 5047 3031 5118; x_wconf 93' lang='lat' dir='ltr'><strong>quod</strong></span> <span class='ocrx_word' id='word_1_849' title='bbox 3089 5044 3417 5102; x_wconf 87' lang='lat' dir='ltr'><strong>venerabilis</strong></span> <span class='ocrx_word' id='word_1_850' title='bbox 3466 5053 3679 5103; x_wconf 62' lang='lat' dir='ltr'><strong>sancta</strong></span> 
     </span>
    </p>
   </div>
   <div class='ocr_carea' id='block_1_116' title="bbox 2080 5132 3680 5205">
    <p class='ocr_par' dir='ltr' id='par_1_116' title="bbox 2080 5132 3680 5205">
     <span class='ocr_line' id='line_1_116' title="bbox 2080 5132 3680 5205; baseline -0.003 -12"><span class='ocrx_word' id='word_1_851' title='bbox 2080 5139 2337 5193; x_wconf 68' lang='lat' dir='ltr'><strong>Romana:</strong></span> <span class='ocrx_word' id='word_1_852' title='bbox 2397 5136 2652 5191; x_wconf 86' lang='lat' dir='ltr'><strong>Ecclesiae</strong></span> <span class='ocrx_word' id='word_1_853' title='bbox 2716 5134 2912 5190; x_wconf 92' lang='lat' dir='ltr'><strong>summi</strong></span> <span class='ocrx_word' id='word_1_854' title='bbox 2977 5132 3269 5205; x_wconf 83' lang='lat' dir='ltr'><strong>pontificiis</strong></span> <span class='ocrx_word' id='word_1_855' title='bbox 3304 5132 3680 5190; x_wconf 88' lang='lat' dir='ltr'><strong>obedientiam</strong></span> 
     </span>
    </p>
   </div>
   <div class='ocr_carea' id='block_1_117' title="bbox 2078 5222 3670 5298">
    <p class='ocr_par' dir='ltr' id='par_1_117' title="bbox 2078 5222 3670 5298">
     <span class='ocr_line' id='line_1_117' title="bbox 2078 5222 3670 5298; baseline -0.001 -17"><span class='ocrx_word' id='word_1_856' title='bbox 2078 5226 2355 5298; x_wconf 88' lang='lat' dir='ltr'><strong>abnegare</strong></span> <span class='ocrx_word' id='word_1_857' title='bbox 2385 5225 2530 5291; x_wconf 92' lang='lat' dir='ltr'><strong>nolo,</strong></span> <span class='ocrx_word' id='word_1_858' title='bbox 2562 5225 2674 5280; x_wconf 90' lang='lat' dir='ltr'><strong>vult</strong></span> <span class='ocrx_word' id='word_1_859' title='bbox 2700 5225 2932 5295; x_wconf 89' lang='lat' dir='ltr'><strong>probare</strong></span> <span class='ocrx_word' id='word_1_860' title='bbox 2964 5240 3051 5278; x_wconf 89' lang='lat' dir='ltr'><strong>me</strong></span> <span class='ocrx_word' id='word_1_861' title='bbox 3082 5222 3243 5278; x_wconf 78' lang='lat' dir='ltr'><strong>fidem</strong></span> <span class='ocrx_word' id='word_1_862' title='bbox 3273 5231 3326 5279; x_wconf 89' lang='lat' dir='ltr'><strong>et</strong></span> <span class='ocrx_word' id='word_1_863' title='bbox 3352 5237 3670 5279; x_wconf 86' lang='lat' dir='ltr'><strong>sacramen-</strong></span> 
     </span>
    </p>
   </div>
   <div class='ocr_carea' id='block_1_118' title="bbox 2078 5311 3677 5384">
    <p class='ocr_par' dir='ltr' id='par_1_118' title="bbox 2078 5311 3677 5384">
     <span class='ocr_line' id='line_1_118' title="bbox 2078 5311 3677 5384; baseline -0.002 -14"><span class='ocrx_word' id='word_1_864' title='bbox 2078 5322 2187 5370; x_wconf 90' lang='lat' dir='ltr'><strong>tum</strong></span> <span class='ocrx_word' id='word_1_865' title='bbox 2217 5313 2419 5369; x_wconf 87' lang='lat' dir='ltr'><strong>violare</strong></span> <span class='ocrx_word' id='word_1_866' title='bbox 2449 5313 2593 5384; x_wconf 91' lang='lat' dir='ltr'><strong>quod</strong></span> <span class='ocrx_word' id='word_1_867' title='bbox 2630 5321 2838 5368; x_wconf 90' lang='lat' dir='ltr'><strong>terreno</strong></span> <span class='ocrx_word' id='word_1_868' title='bbox 2892 5311 3007 5384; x_wconf 89' lang='lat' dir='ltr'><strong>regi</strong></span> <span class='ocrx_word' id='word_1_869' title='bbox 3062 5311 3259 5379; x_wconf 89' lang='lat' dir='ltr'><strong>debeo,</strong></span> <span class='ocrx_word' id='word_1_870' title='bbox 3311 5311 3469 5379; x_wconf 84' lang='lat' dir='ltr'><strong>adsit,</strong></span> <span class='ocrx_word' id='word_1_871' title='bbox 3520 5317 3574 5365; x_wconf 91' lang='lat' dir='ltr'><strong>et</strong></span> <span class='ocrx_word' id='word_1_872' title='bbox 3619 5312 3677 5367; x_wconf 89' lang='lat' dir='ltr'><strong>in</strong></span> 
     </span>
    </p>
   </div>
   <div class='ocr_carea' id='block_1_119' title="bbox 2074 5399 3679 5473">
    <p class='ocr_par' dir='ltr' id='par_1_119' title="bbox 2074 5399 3679 5473">
     <span class='ocr_line' id='line_1_119' title="bbox 2074 5399 3679 5473; baseline -0.001 -14"><span class='ocrx_word' id='word_1_873' title='bbox 2074 5404 2294 5460; x_wconf 91' lang='lat' dir='ltr'><strong>nomine</strong></span> <span class='ocrx_word' id='word_1_874' title='bbox 2318 5404 2534 5458; x_wconf 90' lang='lat' dir='ltr'><strong>Domini</strong></span> <span class='ocrx_word' id='word_1_875' title='bbox 2560 5419 2646 5458; x_wconf 90' lang='lat' dir='ltr'><strong>me</strong></span> <span class='ocrx_word' id='word_1_876' title='bbox 2673 5410 2916 5473; x_wconf 87' lang='lat' dir='ltr'><strong>paratum</strong></span> <span class='ocrx_word' id='word_1_877' title='bbox 2949 5400 3191 5458; x_wconf 83' lang='lat' dir='ltr'><strong>inveniet</strong></span> <span class='ocrx_word' id='word_1_878' title='bbox 3218 5401 3268 5456; x_wconf 87' lang='lat' dir='ltr'><strong>ei</strong></span> <span class='ocrx_word' id='word_1_879' title='bbox 3299 5400 3438 5457; x_wconf 86' lang='lat' dir='ltr'><strong>sicut</strong></span> <span class='ocrx_word' id='word_1_880' title='bbox 3496 5399 3679 5457; x_wconf 89' lang='lat' dir='ltr'><strong>debeo</strong></span> 
     </span>
    </p>
   </div>
   <div class='ocr_carea' id='block_1_120' title="bbox 2074 5488 3681 5564">
    <p class='ocr_par' dir='ltr' id='par_1_120' title="bbox 2074 5488 3681 5564">
     <span class='ocr_line' id='line_1_120' title="bbox 2074 5488 3681 5564; baseline 0 -15"><span class='ocrx_word' id='word_1_881' title='bbox 2074 5496 2128 5549; x_wconf 87' lang='lat' dir='ltr'><strong>et</strong></span> <span class='ocrx_word' id='word_1_882' title='bbox 2157 5492 2248 5549; x_wconf 90' lang='lat' dir='ltr'><strong>ubi</strong></span> <span class='ocrx_word' id='word_1_883' title='bbox 2278 5492 2454 5551; x_wconf 86' lang='lat' dir='ltr'><strong>debeo</strong></span> <span class='ocrx_word' id='word_1_884' title='bbox 2483 5491 2832 5564; x_wconf 86' lang='lat' dir='ltr'><strong>respondere,</strong></span> <span class='ocrx_word' id='word_1_885' title='bbox 2868 5512 2889 5542; x_wconf 79' lang='grc' dir='ltr'><strong>υ</strong></span> <span class='ocrx_word' id='word_1_886' title='bbox 2922 5490 3131 5562; x_wconf 87' lang='lat' dir='ltr'><strong>Quibus</strong></span> <span class='ocrx_word' id='word_1_887' title='bbox 3151 5489 3368 5561; x_wconf 82' lang='lat' dir='ltr'><strong>auditis,</strong></span> <span class='ocrx_word' id='word_1_888' title='bbox 3398 5488 3681 5562; x_wconf 80' lang='lat' dir='ltr'><strong>aspicien-</strong></span> 
     </span>
    </p>
   </div>
  </div>
