4044 6074
339 271 444 327 385

1440 232 1770 321 HISTORIA
1801 255 2170 319 NOVORUM.
2200 293 2272 305 --
2300 260 2438 320 LIB.
2483 258 2524 318 ι.

3522 276 3626 330 386

339 403 420 452 tes
451 409 578 452 sese
629 393 699 451 ad
748 392 1003 461 invicem,
1036 406 1137 448 nec
1165 389 1502 447 invenientes
1550 389 1684 461 quid
1730 388 1797 444 ad
1835 388 1943 444 ista
1969 387 2026 449 A
2056 388 2253 457 dicam,
2288 391 2479 458 fateor,
2512 391 2713 448 nescio.
2744 393 2883 448 Nam
2914 408 3036 448 cum
3061 396 3213 450 omni
3240 396 3419 453 studio
3443 412 3544 468 per
3572 408 3649 455 ιο-

349 484 639 551 referrent,
672 483 745 539 ad
774 482 1057 539 dominum
1085 496 1244 536 suum
1274 479 1474 536 reversi
1511 485 1654 534 sunt.
1695 478 1944 535 Protinus

350 574 495 631 enim
525 572 909 628 intellexerunt
930 570 1078 643 quod
1102 569 1256 641 prius
1284 584 1393 623 non
1422 567 1943 636 animadverterunt,

341 678 445 720 nec
499 662 677 733 ipsum
732 661 1028 716 advertere
1086 673 1251 730 posse
1306 665 1647 729 putaverunt.
1692 656 1945 713 videlicet

347 750 825 823 archiepiscopum
860 746 1315 804 Cantuariensem
1359 761 1394 801 a
1438 746 1588 802 nullo
1635 745 1938 813 hominum,

345 839 449 894 nisi
476 855 507 894 a
532 838 655 896 solo
702 852 863 910 papa,
904 835 1149 907 judicari
1197 851 1357 907 posse
1400 835 1486 891 vel
1534 834 1808 897 damnari;
1842 849 1944 889 nec

347 929 419 985 ab
448 927 631 1001 aliquo
681 927 805 999 cogi
850 942 955 997 pro
1001 924 1195 998 quavis
1243 923 1518 980 calumnia
1568 923 1838 994 cuiquam,
1878 938 1942 978 eo

350 1024 600 1088 excepto,
623 1024 812 1074 contra
840 1030 995 1069 suum
1026 1014 1110 1069 vel
1140 1013 1486 1085 respondere.
1519 1012 1709 1068 Ortum
1741 1013 1945 1067 interea

348 1122 596 1163 murmur
652 1112 733 1161 est
793 1103 954 1159 totius
1001 1102 1357 1158 multitudinis
1411 1117 1511 1172 pro
1566 1101 1764 1171 injuria
1815 1100 1945 1156 tanti

349 1196 451 1253 viri
477 1193 750 1250 submissa
779 1193 919 1248 inter
946 1207 1006 1247 se
1034 1206 1171 1248 voce
1212 1189 1501 1261 querentis.
1542 1190 1717 1257 Nemo
1746 1190 1946 1261 quippe

349 1286 531 1358 palam
586 1299 687 1354 pro
742 1298 808 1338 eo
865 1282 1013 1352 loqui
1070 1280 1302 1336 audebat
1348 1280 1419 1335 ob
1469 1287 1671 1335 metum
1702 1279 1936 1349 tyranni.

350 1375 744 1431 Verumtamen
787 1370 946 1426 miles
992 1386 1131 1424 unus
1179 1369 1248 1425 de
1296 1368 1638 1423 multitudine
1684 1367 1946 1437 prodiens

348 1463 465 1519 viro
494 1462 663 1517 astitit
691 1460 1056 1537 ﬂexiscoram
1106 1474 1171 1514 eo
1220 1458 1467 1530 genibus,
1500 1457 1687 1512 dicens
1719 1474 1732 1509 :
1771 1478 1792 1503 α
1829 1456 1943 1510 Do-

356 1552 505 1607 mine
532 1552 710 1619 Pater,
741 1557 938 1621 rogant
969 1556 1019 1603 te
1047 1563 1146 1619 per
1172 1563 1260 1601 me
1290 1546 1566 1616 supplices
1610 1543 1709 1598 ﬁlii
1756 1544 1851 1612 tui,
1877 1559 1945 1599 ne

350 1639 594 1696 turbetur
622 1653 717 1694 cor
746 1645 897 1692 tuum
944 1651 1008 1691 ex
1053 1635 1119 1690 iis
1175 1651 1296 1705 quae
1342 1634 1571 1701 audisti;
1613 1633 1711 1688 sed
1740 1647 1948 1687 memor

2054 486 2165 533 tum
2212 478 2359 536 diem
2406 481 2545 536 inter
2585 497 2686 538 nos
2740 481 2834 537 illa
2888 482 3235 551 conferimus,
3281 492 3333 540 et
3364 492 3641 556 quatenus

2051 567 2232 638 aliquo
2261 570 2425 625 modo
2454 569 2556 624 sibi
2584 571 2891 626 cohaereant
2918 572 3247 629 conferendo
3294 574 3639 646 conferimus,

2050 656 2170 727 ipse
2198 658 2332 712 nihil
2362 658 2491 713 mali
2539 668 2765 715 econtra
2805 661 3050 732 cogitans
3099 663 3317 730 dormit,
3350 671 3403 719 et
3431 666 3642 736 prolata

2051 762 2233 801 coram
2263 763 2329 802 eo
2357 748 2536 802 statim
2564 764 2673 803 uno
2714 748 2979 805 labiorum
3025 767 3243 806 suorum
3283 753 3440 822 pulsu
3490 756 3641 826 quasi

2050 834 2182 891 telas
2237 851 2449 891 araneae
2496 837 2713 908 rumpit.
2755 861 2775 885 ιο
2836 838 2902 892 Et
2931 855 3049 908 vos,
3081 840 3322 911 episcopi
3353 843 3480 910 mei,
3511 844 3641 915 quid

2052 924 2274 979 dicitis?
2320 926 2585 983 Dixerunt
2616 944 2629 980 :
2665 946 2689 978 α
2722 927 2982 982 Dolemus
3011 929 3154 999 quod
3183 929 3363 1011 animo
3392 938 3503 1000 tuo,
3536 932 3641 988 do-

2051 1014 2218 1082 mine,
2241 1014 2554 1071 satisfacere
2574 1031 2686 1070 non
2706 1016 2976 1071 valemus.
3004 1016 3207 1071 Primas
3236 1026 3318 1073 est
3347 1034 3455 1074 non
3481 1020 3645 1076 modo

2053 1103 2206 1157 istius
2235 1103 2410 1174 regni,
2443 1103 2539 1159 sed
2570 1112 2622 1159 et
2651 1102 2848 1159 Scotiae
2878 1112 2930 1159 et
2958 1105 3251 1173 Hiberniae,
3285 1123 3454 1163 necne
3482 1108 3643 1177 adja-

2053 1190 2291 1246 centium
2339 1189 2660 1255 insularum,
2713 1207 2921 1264 nosque
2964 1190 3287 1264 suﬂraganei
3318 1193 3455 1263 ejus.
3488 1196 3645 1252 Unde

2052 1286 2202 1349 patet
2230 1294 2331 1334 nos
2361 1279 2753 1335 rationabiliter
2807 1296 2931 1334 eum
2982 1280 3227 1349 judicare
3257 1282 3342 1336 vel
3386 1283 3646 1339 damnare

2054 1368 2364 1423 nullatenus
2396 1385 2571 1439 posse,
2604 1367 2813 1423 etiamsi
2872 1369 3055 1440 aliqua
3102 1368 3260 1440 culpa
3306 1370 3361 1424 in
3407 1387 3492 1439 eo,
3524 1388 3645 1443 qua:

2056 1457 2220 1512 modo
2250 1473 2359 1512 non
2388 1458 2552 1525 valet,
2584 1466 2769 1527 posset
2797 1457 3027 1513 ostendi.
3055 1478 3077 1507 ι
3104 1457 3201 1512 Ait
3224 1476 3239 1513 :
3262 1480 3290 1509 α
3314 1458 3453 1528 Quid
3483 1460 3650 1532 igitur

2055 1546 2257 1602 restat?
2315 1547 2372 1602 Si
2400 1562 2521 1601 eum
2548 1545 2804 1615 judicare
2833 1561 2939 1601 non
2968 1546 3217 1616 potestis,
3248 1563 3427 1604 nonne
3455 1550 3647 1604 saltem

2054 1635 2233 1691 omnis
2261 1634 2587 1690 obedientize
2616 1633 2777 1689 ﬁdem
2808 1651 2871 1690 ac
2898 1633 3151 1690 fraternae
3181 1636 3454 1691 societatis
3505 1638 3648 1695 ami-

348 1736 466 1785 esto
498 1727 644 1783 beati
675 1726 783 1783 Job
812 1725 1080 1782 vincentis
1108 1723 1388 1779 diabolum
1419 1724 1475 1777 in
1503 1722 1858 1793 sterquilinio,
1890 1729 1943 1776 et
1969 1741 2022 1800 Β
2054 1724 2237 1779 citiam
2268 1724 2317 1778 ei
2348 1723 2620 1794 abnegare
2649 1722 2871 1792 potestis
2890 1724 2917 1775 εἰ
2960 1723 3075 1778 Hoc
3106 1723 3346 1794 quidem,
3377 1724 3644 1795 inquiunt,

346 1816 676 1874 vindicantis
703 1815 876 1870 Adam
927 1829 1088 1885 quem
1118 1812 1237 1884 ipse
1266 1812 1471 1867 vicerat
1510 1811 1566 1866 in
1609 1810 1882 1881 paradiso.
1916 1832 1938 1857 »

344 1906 479 1976 Qua
507 1905 677 1962 verba
704 1904 834 1959 dum
865 1904 1024 1958 Pater
1052 1902 1193 1957 comi
1223 1901 1376 1955 vultu
1419 1901 1746 1970 accepisset,
1778 1899 1942 1953 intel-

343 1995 475 2051 lexit
505 1994 746 2049 animum
775 1991 961 2064 populi
1015 1991 1071 2045 in
1118 2006 1219 2045 sua
1273 2005 1457 2045 secum
1506 1988 1773 2045 sententia
1801 2003 1940 2042 esse.

343 2082 534 2138 Gavisi
576 2097 710 2155 ergo
759 2080 957 2137 exinde
982 2096 1169 2134 sumus
1207 2085 1261 2133 et
1301 2077 1722 2147 animaequiores
1769 2074 1943 2130 effecti

341 2170 699 2239 conﬁdentes,
725 2171 879 2240 juxta
910 2169 1268 2238 Scripturam,
1302 2181 1493 2223 vocem
1532 2163 1723 2235 pepuli
1755 2180 1941 2219 vocem

341 2276 461 2317 esse
488 2260 617 2315 Dei.
666 2257 806 2328 Quid
850 2258 1065 2330 agam?
1112 2256 1169 2312 Si
1213 2256 1410 2324 minas,
1460 2255 1505 2309 si
1554 2254 1867 2325 opprobria,
1899 2250 1945 2307 si

345 2349 724 2418 contumelias,
771 2348 814 2403 si
856 2345 1144 2403 mendacia
1200 2346 1316 2402 viro
1374 2344 1589 2414 objecta
1635 2343 1942 2415 singulatim

354 2438 671 2494 describere
726 2436 969 2504 voluero,
1004 2435 1169 2490 timeo
1200 2434 1399 2488 nimius
1420 2432 1671 2503 judicari.
1705 2431 1843 2495 Quae
1874 2440 1946 2485 ta-

348 2543 473 2583 men
504 2527 692 2582 omnia
722 2540 819 2597 pro
850 2523 1107 2579 ﬁdelitate
1151 2521 1461 2593 apostolicae
1506 2521 1650 2576 sedis
1699 2521 1943 2590 aequani-

349 2616 511 2670 miter
539 2613 857 2681 sustinebat,
918 2620 970 2667 et
1021 2613 1243 2682 juvante
1298 2611 1412 2665 Deo
1468 2609 1671 2665 invicta
1721 2625 1947 2681 quasque

345 2705 561 2760 ratione
592 2702 924 2766 destruebat,
956 2700 1245 2756 ostendens
1273 2700 1453 2770 potius
1483 2698 1537 2751 in
1567 2698 1791 2753 veritate
1825 2714 1945 2753 sese

346 2792 640 2849 consistere
697 2798 858 2861 atque
914 2789 970 2843 in
1026 2788 1230 2843 cunctis
1286 2803 1406 2858 quae
1463 2786 1667 2857 negotii
1736 2803 1948 2841 summa

344 2881 685 2953 respiciebat
704 2880 879 2935 Deum
910 2886 1184 2934 auctorem
1205 2877 1426 2932 habere.
1456 2876 1589 2930 Cum
1622 2877 1736 2931 haec
1765 2876 1948 2931 omnia

348 2988 445 3027 rex
496 2969 829 3042 agnovisset,
861 2982 1032 3037 usque
1086 2966 1156 3021 ad
1214 2965 1538 3019 divisionem
1595 2964 1813 3034 spiritus
1866 2965 1944 3019 sui

344 3059 701 3115 exacerbatus
729 3056 998 3128 episcopis
1029 3054 1164 3109 dixit
1197 3072 1209 3107 :
1240 3076 1261 3101 κ
1297 3052 1440 3122 Quid
1471 3060 1550 3107 est
1573 3053 1720 3108 boc‘?
1750 3053 1942 3109 Nonne

352 3148 485 3204 mihi
514 3146 743 3218 polliciti
773 3145 899 3200 estis
927 3144 1071 3214 quod
1101 3159 1222 3198 eam
1252 3142 1471 3197 omnino
1498 3143 1568 3196 ad
1598 3141 1738 3197 velle
1766 3158 1945 3197 meum

350 3235 674 3303 tractaretis,
719 3232 1057 3305 judicaretis,
1112 3230 1441 3287 damnaretis
1468 3231 1496 3283 εἰ
1532 3253 1553 3278 n
1616 3230 1712 3286 Cui
1742 3231 1949 3286 Dunel-

357 3325 567 3382 mensis
624 3324 698 3378 ita
744 3321 1010 3393 imprimis
1038 3320 1218 3393 tepide
1272 3327 1326 3375 et
1370 3320 1591 3374 silenter
1616 3334 1712 3390 per
1738 3319 1953 3391 singula

272 3430 280 3439 ·
355 3414 698 3485 loquebatur,
750 3419 807 3466 ut
852 3410 1036 3466 omnis
1093 3410 1345 3464 humana:
1400 3407 1699 3479 prudentie
1755 3408 1952 3463 inscius

358 3512 412 3561 et
444 3518 646 3573 expers
674 3508 969 3571 putaretur.
1000 3500 1066 3555 Et
1095 3498 1293 3567 adjecit
1318 3516 1329 3551 :
1360 3520 1381 3544 α
1416 3497 1538 3553 Nox
1567 3504 1665 3550 est.
1696 3496 1955 3552 Jubeatur

347 3593 418 3649 ad
451 3590 744 3663 hospitium
775 3589 887 3658 ire,
939 3596 992 3645 et
1049 3603 1147 3643 nos
1167 3588 1280 3657 jam
1330 3586 1489 3658 plene
1532 3584 1716 3656 agnita
1746 3585 1953 3641 ratione

349 3697 449 3737 sua
477 3678 844 3753 cogitabimus
871 3693 972 3749 pro
1004 3685 1075 3743 te,
1098 3692 1271 3746 usque
1296 3690 1473 3729 mane.
1497 3696 1527 3723 η
1548 3673 1686 3728 Hinc
1713 3673 1782 3728 ad
1810 3674 1956 3746 regis

349 3778 687 3842 prmeeptum
744 3766 1091 3838 repetivimus
1146 3763 1437 3834 hOSpitium
1496 3769 1760 3818 nostrum.
1798 3764 1956 3818 Mane

353 3867 541 3916 autem
573 3856 802 3925 reversi,
834 3854 1072 3911 sedimus
1117 3852 1173 3907 in
1220 3853 1378 3909 solito
1424 3852 1546 3908 loco
1577 3857 1955 3921 exspectantes

355 3948 675 4004 mandatum
707 3944 872 4018 regis.
918 3945 987 3999 At
1014 3941 1105 3998 ille
1133 3958 1255 3998 cum
1305 3940 1417 3997 suis
1462 3939 1779 3996 omnimodo
1825 3955 1955 4010 per-

354 4036 613 4109 quirebat
642 4033 774 4106 quid
804 4033 858 4086 in
889 4031 1299 4087 damnationem
1347 4028 1585 4084 Anselmi
1630 4043 1957 4100 componere

346 4132 553 4197 posset,
585 4139 688 4180 nec
716 4119 1049 4178 inveniebat.
1099 4118 1411 4189 Requisitus
1439 4116 1810 4173 Willhielmus
1839 4117 1953 4171 Du-

355 4213 657 4272 nelmensis
688 4211 819 4282 quid
847 4209 963 4282 ipse
1017 4226 1090 4266 ex
1138 4207 1387 4269 condicto
1415 4215 1577 4263 noctu
1607 4206 1780 4279 egerit
1805 4204 1955 4276 apud

352 4322 434 4373 se,
467 4301 748 4375 respondit
781 4318 794 4354 :
833 4322 855 4346 υ
885 4298 1037 4354 Nihil
1062 4298 1285 4353 rationis
1311 4312 1475 4367 posse
1502 4294 1679 4351 afferri
1708 4294 1778 4350 ad
1809 4309 1957 4349 ener-

359 4393 641 4450 vationem
691 4387 914 4444 rationis
940 4386 1196 4455 Anselmi,
1228 4384 1526 4456 praesertim
1583 4399 1703 4439 cum
1761 4382 1955 4451 omnis,

350 4477 548 4548 inquit,
585 4474 725 4530 ratio
763 4473 880 4543 ejus
931 4471 1187 4526 innitatur
1214 4469 1392 4527 verbis
1420 4468 1541 4536 Dei,
1574 4475 1627 4523 et
1655 4468 1955 4523 auctoritati

369 4561 514 4618 beati
538 4559 702 4616 Petri.
734 4558 930 4615 Verum
959 4555 1091 4609 mihi
1122 4552 1381 4610 violentia
1410 4552 1622 4607 videtur
1648 4551 1960 4623 Opprimen-

351 4644 500 4701 dus:
535 4652 588 4700 et
628 4643 672 4698 si
704 4641 873 4714 regiae
928 4639 1194 4697 voluntati
1249 4652 1359 4694 non
1415 4636 1530 4693 vult
1585 4636 1953 4707 acquiescere,

351 4734 538 4789 ablato
569 4732 763 4788 baculo
792 4738 847 4786 et
874 4728 1096 4796 annulo,
1126 4728 1196 4783 de
1226 4740 1397 4798 regno
1428 4724 1732 4797 pellendus.
1778 4749 1799 4774 ι»
1833 4725 1956 4779 Non

350 4823 676 4896 placuerunt
702 4820 820 4876 haec
850 4817 1017 4874 verba
1034 4816 1390 4889 principibus.
1415 4815 1487 4869 Et
1506 4814 1581 4869 ait
1601 4830 1695 4869 rex
1720 4831 1732 4868 :
1758 4834 1790 4861 α
1814 4812 1955 4881 Quid

356 4910 556 4984 placet,
590 4910 640 4964 si
669 4910 786 4966 hac
813 4923 921 4963 non
950 4905 1209 4978 placent?
1252 4905 1392 4959 Dum
1422 4904 1569 4972 vivo,
1602 4917 1789 4973 parem
1819 4900 1957 4956 mihi

357 4999 416 5055 in
446 5014 619 5073 regno
650 5013 773 5053 meo
801 4996 985 5067 utique
1025 4994 1289 5073 sustinere
1335 4993 1492 5048 nolo.
1537 4992 1607 5045 Et
1635 4990 1681 5044 si
1708 4989 1960 5046 sciebatis

351 5103 478 5145 eum
510 5095 656 5143 tanto
686 5086 740 5140 in
768 5100 932 5143 causa
976 5100 1072 5139 sua
1120 5072 1318 5139 robore
1366 5081 1582 5148 fultum,
1615 5095 1780 5150 quare
1824 5094 1955 5149 per-

351 5176 576 5232 misistis
602 5192 690 5230 me
721 5174 957 5246 incipere
989 5171 1248 5245 placitum
1278 5169 1422 5226 istud
1451 5176 1641 5225 contra
1662 5167 1824 5223 eum?
1854 5170 1954 5236 Ite,

353 5274 450 5344 ite,
482 5271 877 5335 consiliamini;
910 5269 1033 5341 quia
1058 5285 1160 5340 per
1184 5268 1392 5323 vultum
1422 5266 1520 5321 Dei
1566 5265 1611 5319 si
1660 5280 1759 5320 vos
1802 5263 1956 5319 illum

356 5372 431 5429 ad
464 5373 801 5437 voluntatem
845 5383 1021 5424 meam
1068 5382 1176 5422 non
1225 5363 1633 5431 damnaveritis,
1663 5377 1767 5436 ego
1795 5362 1958 5417 dam-

356 5470 503 5527 nabo
523 5486 640 5527 vos.
664 5490 687 5519 ιι
710 5466 795 5525 Ad
825 5482 946 5538 quae
974 5465 1242 5521 Robertus
1271 5461 1495 5536 quidam
1524 5460 1628 5532 ipsi
1658 5456 1775 5533 regi
1796 5456 1957 5517 valde

356 5567 648 5626 familiaris
684 5567 761 5624 ita
799 5562 1082 5639 respondit
1112 5580 1126 5619 :
1163 5584 1186 5612 α
1218 5563 1303 5621 De
1331 5558 1577 5620 consiliis
1604 5557 1804 5620 nostris
1829 5555 1960 5629 quid

2053 1813 2307 1884 quoniam
2333 1813 2498 1883 jubes
2529 1812 2709 1867 facere
2739 1827 3051 1880 possumus.
3110 1813 3402 1883 Properate
3461 1813 3645 1885 igitur,

2051 1910 2105 1957 et
2137 1902 2283 1973 quod
2313 1901 2491 1956 dicitis
2534 1900 2694 1956 citius
2740 1900 2918 1969 facite,
2971 1908 3029 1955 ut
3078 1917 3197 1956 cum
3258 1902 3450 1957 viderit
3501 1919 3561 1959 se
3613 1918 3649 1961 ο,

2053 1991 2258 2047 cunctis
2313 1990 2626 2060 despectum
2678 1997 2731 2044 et
2786 1988 3115 2059 desolatum,
3146 1991 3558 2059 verecundetur,
3590 2001 3645 2048 et

2052 2080 2381 2151 ingemiscat
2410 2094 2467 2134 se
2495 2078 2773 2134 Urbanum
2804 2094 2892 2133 me
2923 2078 3143 2133 domino
3186 2094 3281 2135 suo
3332 2088 3644 2152 contempto

2051 2177 2316 2224 secutum.
2357 2168 2427 2222 Et
2474 2182 2580 2237 quo
2620 2166 2723 2220 ista
2754 2166 2997 2221 securius
3024 2166 3261 2234 faciatis,
3294 2184 3363 2223 en
3390 2184 3496 2241 ego
3526 2170 3640 2240 pri-

2052 2275 2201 2313 mum
2233 2258 2286 2311 in
2317 2257 2547 2327 imperio
2577 2272 2702 2311 meo
2730 2255 2948 2325 penitus
2977 2255 3026 2311 ei
3056 2271 3269 2311 omnem
3302 2259 3642 2313 securitatem

2052 2356 2106 2404 et
2134 2346 2386 2402 ﬁduciam
2420 2345 2525 2399 mei
2559 2344 2710 2411 tollo,
2741 2360 2804 2398 ac
2832 2344 3091 2414 deinceps
3122 2344 3175 2397 in
3206 2345 3300 2401 illo
3333 2346 3415 2401 vel
3446 2346 3516 2402 de
3545 2347 3638 2402 illo

2051 2438 2205 2493 nulla
2235 2437 2288 2490 in
2319 2450 2476 2490 causa
2508 2432 2797 2501 conﬁdere,
2830 2419 2918 2487 vel
2946 2449 3068 2487 eum
3100 2449 3197 2504 pro
3225 2434 3640 2506 archiepiscopo

2050 2535 2138 2582 aut
2168 2535 2320 2596 patre
2352 2523 2613 2595 spirituali
2646 2531 2826 2577 tenere
2856 2521 3003 2577 volo.
3036 2541 3058 2571 ι
3095 2522 3243 2577 Actis
3270 2538 3335 2577 ex
3364 2523 3490 2579 hinc
3517 2524 3645 2594 plu-

2053 2618 2200 2670 ribus
2228 2630 2290 2671 ac
2322 2613 2552 2668 diversis
2579 2619 2767 2668 contra
2787 2611 2959 2666 virum
2990 2610 3500 2681 machinationibus,
3523 2630 3644 2685 qua:

2053 2706 2123 2762 ab
2170 2706 2386 2773 incepta
2416 2702 2497 2757 sui
2530 2700 2793 2772 propositi
2826 2715 3016 2755 norma
3042 2714 3163 2755 eum
3195 2698 3511 2770 avellerent,
3544 2717 3645 2759 nec

2053 2797 2107 2851 in
2135 2795 2315 2865 aliquo
2344 2789 2775 2862 proﬁcientibus,
2810 2788 3027 2843 tandem
3054 2788 3271 2844 sociatis
3316 2789 3420 2845 sibi
3467 2791 3646 2846 abba-

2052 2885 2217 2952 tibus,
2252 2880 2493 2952 episcopi
2540 2879 2833 2934 retulerunt
2860 2878 3002 2932 Patri
3061 2877 3205 2949 quod
3261 2877 3477 2934 dixerat
3527 2896 3642 2949 rex,

2050 2989 2201 3030 suam
2234 2987 2337 3043 pro
2368 2978 2497 3026 voto
2528 2968 2673 3022 illius
2702 2966 3118 3039 abnegationem
3148 2983 3308 3037 quam
3337 2967 3643 3038 praelibavi-

2053 3081 2173 3119 mus
2202 3063 2531 3133 ingerentes.
2572 3057 2780 3126 Quibus
2809 3054 2902 3111 ille
2930 3056 3286 3126 respondens,
3319 3055 3395 3111 ait
3419 3075 3431 3110 :
3459 3080 3481 3104 α
3507 3055 3643 3127 Quae

2055 3152 2233 3208 dicitis
2290 3149 2475 3204 audio.
2546 3145 2652 3201 Sed
2708 3161 2830 3198 cum
2888 3153 3178 3215 propterea
3234 3144 3378 3214 quod
3433 3161 3521 3202 me
3573 3148 3644 3201 ad

2057 3241 2200 3297 beati
2232 3239 2377 3293 Petri
2420 3233 2678 3307 principis
2721 3232 3092 3303 apostolorum
3147 3232 3539 3302 subjectiouem
3594 3243 3648 3291 et

2057 3329 2371 3385 ﬁdelitatem
2413 3334 2587 3381 teneo.
2628 3322 2761 3377 Mihi
2793 3337 3010 3378 omnem
3038 3321 3451 3391 subjectionem,
3482 3322 3646 3379 ﬁdem

2059 3427 2110 3475 et
2134 3416 2452 3482 amicitiam,
2486 3429 2648 3484 quam
2677 3411 2890 3482 primati
2919 3416 3099 3464 vestro
3129 3412 3184 3463 et
3213 3409 3350 3478 patri
3381 3410 3649 3479 spirituali

2061 3506 2287 3573 debetis,
2320 3502 2621 3575 abnegatis,
2646 3516 2752 3556 non
2781 3506 2929 3555 recte
2957 3496 3268 3570 proceditis.
3294 3497 3443 3552 Absit
3471 3505 3651 3554 tamen

2061 3611 2093 3651 a
2123 3610 2210 3650 me
2240 3594 2469 3648 similem
2494 3591 2650 3647 vobis
2678 3589 2850 3645 vicem
2880 3585 3197 3657 rependere.
3226 3586 3424 3641 Verum
3454 3586 3651 3644 frater-

2062 3701 2187 3741 nam
2244 3691 2633 3754 paternamque
2665 3677 2818 3734 vobis
2846 3675 3163 3731 charitatem
3192 3675 3458 3731 exhibens
3484 3676 3654 3748 nitar,

2062 3774 2106 3829 si
2135 3773 2243 3844 pati
2275 3787 2382 3826 non
2413 3769 2679 3841 refugitis,
2712 3783 2809 3823 vos
2859 3768 2918 3820 ut
2965 3765 3157 3819 fratres
3186 3780 3252 3820 ac
3280 3763 3421 3820 ﬁlios
3456 3773 3657 3822 sancta;

2063 3862 2248 3918 matris
2278 3860 2543 3916 Ecclesiae
2570 3855 2990 3923 Cantuariensis,
3025 3854 3094 3909 ab
3123 3855 3231 3909 hoc
3278 3854 3333 3908 in
3378 3869 3488 3925 quo
3516 3853 3653 3926 lapsi

2064 3952 2194 4009 estis
2251 3949 2460 4019 trepido
2517 3962 2701 4003 errore
2757 3951 3093 4009 convertere,
3127 3952 3181 3998 et
3210 3958 3305 4013 per
3337 3950 3656 4014 potestatem

2065 4041 2195 4096 mihi
2226 4055 2259 4095 a
2278 4038 2512 4093 Domino
2544 4036 2726 4090 datam
2758 4033 2829 4087 ad
2851 4031 2994 4087 viam
3025 4031 3358 4087 rectitudinis
3378 4048 3651 4088 revocare.

2062 4129 2202 4203 Regi
2236 4135 2415 4183 autem
2447 4124 2535 4194 qui
2570 4122 2702 4177 mihi
2730 4137 2949 4177 omnem
2979 4120 3035 4173 in
3064 4134 3234 4191 regno
3262 4136 3359 4175 suo
3388 4120 3657 4176 securita-

2066 4229 2171 4275 tem
2204 4216 2415 4281 adimit,
2441 4227 2635 4283 meque
2652 4225 2755 4281 pro
2777 4209 3188 4278 archiepiscopo
3209 4208 3297 4264 vel
3326 4218 3484 4278 patre
3501 4209 3657 4279 spiri-

2064 4308 2195 4365 tuali
2226 4306 2424 4361 habere
2454 4318 2510 4357 se
2540 4299 2736 4356 amodo
2764 4298 2911 4352 nolle
2938 4296 3088 4366 dicit,
3114 4311 3332 4351 omnem
3351 4311 3477 4352 cum
3505 4296 3654 4352 ﬁdeli

2071 4396 2287 4454 servitio
2334 4391 2691 4456 securitatem,
2724 4394 2983 4459 quantum
3036 4400 3162 4439 mea
3216 4385 3453 4454 interest,
3484 4401 3653 4456 spon-

1986 4446 2043 4510 D
2072 4486 2208 4547 deo;
2242 4490 2294 4540 et
2318 4490 2542 4555 paterno
2572 4493 2723 4533 more
2752 4474 3109 4547 diligentiam,
3142 4473 3336 4528 animas
3372 4473 3516 4527 illius
3551 4490 3651 4529 cu-

2064 4591 2200 4641 ram,
2235 4572 2281 4627 si
2324 4572 2465 4626 ferre
2524 4565 2858 4639 dignabitur,
2914 4562 3130 4631 habeo,
3188 4568 3393 4617 retenta
3446 4577 3659 4634 semper

2066 4664 2208 4735 apud
2236 4678 2323 4717 me
2352 4659 2451 4715 Dei
2483 4657 2723 4724 servitio,
2776 4660 3064 4724 potestate,
3112 4650 3333 4708 nomine
3379 4659 3432 4706 et
3478 4650 3657 4708 oﬁicio

2063 4751 2403 4824 pontiﬁcatus
2445 4743 2866 4809 Cantuariensis,
2894 4741 3257 4812 qualicunque
3300 4740 3658 4813 oppressione

2064 4841 2246 4899 vexari
2278 4838 2558 4909 contingat
2583 4851 2667 4890 res
2688 4831 3005 4889 exteriores.
3031 4854 3052 4879 η
3080 4830 3162 4887 Ad
3180 4831 3298 4886 haec
3324 4830 3417 4886 ille
3440 4845 3659 4902 respon-

2067 4931 2187 4987 dit:
2228 4952 2251 4978 α
2289 4926 2526 4983 Omnino
2557 4924 2877 4979 adversatur
2922 4919 3103 4975 animo
3145 4935 3268 4975 meo
3314 4919 3462 4991 quod
3506 4918 3656 4984 dicit,

2065 5035 2168 5077 nec
2206 5034 2360 5074 meus
2389 5015 2490 5071 erit
2518 5011 2764 5086 quisquis
2811 5010 2980 5081 ipsius
3024 5024 3141 5063 esse
3189 5007 3472 5080 delegerit.
3504 5006 3659 5076 Qua-

2064 5117 2287 5182 propter
2316 5121 2415 5164 vos
2466 5102 2558 5176 qui
2606 5098 2760 5173 regni
2809 5098 2915 5153 mei
2960 5096 3234 5169 principes
3262 5097 3408 5166 estis,
3440 5111 3659 5153 omnem

2065 5198 2227 5254 ﬁdem
2258 5204 2311 5252 et
2340 5191 2653 5261 amicitiam,
2684 5190 2826 5246 sicut
2854 5186 3096 5259 episcopi
3128 5186 3389 5255 fecerunt,
3416 5186 3466 5242 ei
3495 5184 3664 5241 dene-

2066 5296 2213 5361 gate,
2245 5292 2509 5357 quatenus
2539 5286 2799 5351 appareat
2843 5278 2971 5348 quid
3013 5278 3253 5331 lucretur
3302 5277 3355 5330 in
3413 5289 3480 5329 ea
3527 5272 3658 5343 ﬁde,

2068 5390 2229 5448 quam
2260 5373 2461 5430 offensa
2478 5370 2756 5427 voluntate
2785 5382 2908 5422 mea
2929 5373 3109 5421 servat
3128 5364 3438 5434 apostolicae
3465 5362 3603 5417 sedi.
3634 5386 3656 5410 »ν

2065 5464 2364 5522 Dixerunt:
2392 5482 2423 5512 α
2443 5460 2556 5515 Nos
2584 5470 2866 5528 nunquam
2896 5455 3098 5510 fuimus
3124 5452 3372 5509 homines
3400 5450 3533 5520 ejus,
3555 5465 3660 5506 nec

2066 5552 2381 5612 ﬁdelitatem
2410 5563 2573 5625 quam
2611 5546 2662 5604 ei
2699 5560 2809 5603 non
2836 5543 3065 5601 fecimus
3094 5540 3349 5618 abjurare
3376 5536 3649 5598 valemus.
