3996 6084
392 263 494 319 387

1401 255 1715 316 EADMERI
1755 257 2320 316 CANTUARIENSIS
2361 257 2682 318 MONACHI

3598 267 3703 324 388

391 389 847 462 Archiepiscopus
885 395 1070 443 noster
1111 395 1223 448 est;
1267 384 1717 441 Christianitatem
1776 384 1828 437 in
1888 385 1989 439 hac
2014 387 2072 448 Α
2102 383 2263 440 nendi
2296 386 2508 441 animus
2536 387 2706 458 ipsius
2732 387 3035 457 fluctuaret,
3069 405 3194 446 ecce
3222 391 3500 463 principes
3538 409 3570 449 a
3615 393 3705 449 la-

392 489 544 537 terra
571 479 879 552 gubernare
909 476 1088 544 habet,
1121 481 1174 530 et
1203 490 1264 529 ea
1311 490 1371 529 re
1412 489 1512 529 nos
1559 474 1648 543 qui
1701 472 1984 528 Christiani

396 585 582 625 sumus
613 569 726 638 ejus
755 564 1124 638 magisterium
1155 563 1282 618 dum
1317 562 1404 618 hic
1447 563 1686 618 vivimus
1715 562 1986 617 declinare

395 675 505 715 non
542 671 844 730 possumus,
876 653 1173 724 prasertim
1206 667 1329 708 cum
1358 651 1558 707 nullius
1599 649 1820 706 offensae
1862 666 1984 705 ma-

401 742 524 799 cula
580 741 732 794 illum
790 736 1053 808 respiciat,
1090 751 1210 806 quze
1238 750 1336 790 vos
1363 751 1515 790 secus
1561 733 1630 789 de
1679 734 1771 789 illo
1823 750 1989 803 agere

401 829 714 900 compellat.
744 849 765 874 η
802 825 959 895 Quod
983 825 1099 895 ipse
1129 839 1374 895 repressa
1404 822 1653 877 sustinuit
1685 823 1762 876 ira
1789 820 1988 878 rationi

392 935 580 985 eorum
626 915 826 988 palam,
889 929 959 969 ne
1016 913 1177 967 nimis
1233 911 1658 977 oﬂ'enderentur,
1719 911 1988 967 contraire

386 1019 720 1074 praecavens.
763 1004 934 1076 Igitur
963 1001 1204 1073 episcopi
1239 1003 1357 1056 haec
1386 1001 1633 1056 videntes
1669 1000 1991 1055 confusione

395 1096 571 1152 vultus
599 1094 680 1149 sui
711 1092 886 1162 operti
930 1098 1071 1159 sunt,
1105 1090 1468 1160 intelligentes
1517 1089 1760 1144 omnium
1808 1089 1993 1144 oculos

394 1187 450 1240 in
489 1200 547 1240 se
575 1181 836 1249 converti,
873 1189 924 1235 et
953 1179 1278 1249 apostasiam
1340 1193 1492 1233 suam
1547 1194 1656 1232 non
1712 1177 1911 1246 injuste
1961 1193 1992 1231 a

396 1273 606 1331 cunctis
636 1271 912 1326 detestari.
968 1267 1204 1322 Audires
1235 1267 1378 1321 enim
1409 1267 1452 1320 si
1484 1266 1720 1335 adesses,
1753 1282 1894 1320 nunc
1923 1265 1994 1320 ab

397 1363 522 1431 isto,
553 1376 701 1415 nunc
731 1359 799 1413 ab
830 1358 920 1412 illo
949 1357 1108 1412 istum
1141 1356 1228 1410 vel
1261 1356 1412 1409 illum
1454 1355 1769 1426 episcopum
1812 1354 1992 1423 aliquo

401 1449 729 1523 cognomine
761 1463 882 1501 cum
913 1444 1296 1515 interjectione
1327 1442 1660 1515 indignantis
1707 1442 1990 1503 denotari;

394 1539 641 1596 videlicet
668 1539 696 1592 J
707 1537 825 1592 udae
853 1534 1164 1605 proditoris,
1192 1532 1349 1586 Pilati
1383 1533 1468 1586 vel
1499 1531 1753 1598 Herodis,
1776 1531 1993 1585 horum-

397 1644 502 1699 que
534 1624 812 1681 similium.
853 1622 956 1690 Qui
986 1622 1152 1692 paulo
1180 1629 1302 1692 post
1331 1620 1656 1692 singulatim
1688 1619 1930 1688 requisiti
1964 1634 1996 1672 a

391 1732 523 1788 rege
550 1723 725 1770 utrum
759 1727 976 1768 omnem
1035 1711 1428 1779 subjectionem
1491 1717 1544 1763 et
1601 1707 1990 1775 obedientiam,

406 1806 554 1860 nulla
584 1802 891 1859 conditione
923 1799 1259 1868 interposita,
1294 1812 1362 1852 an
1395 1797 1542 1851 illam
1584 1797 1754 1850 solam
1796 1795 1990 1864 subje-

400 1905 632 1950 ctionem
666 1900 717 1946 et
748 1887 1134 1951 obedientiam,
1161 1902 1318 1958 quam
1350 1886 1708 1955 praetenderet
1730 1900 1796 1939 ex
1817 1892 1992 1939 aucto-

396 1985 550 2040 ritate
579 1979 816 2036 Romani
844 1975 1134 2047 pontiﬁcis,
1168 1976 1424 2030 Anselmo
1453 1974 1834 2044 denegassent,
1869 1989 1990 2027 cum

394 2073 614 2144 quidam
631 2084 758 2135 uno,
785 2066 1007 2138 quidam
1028 2065 1136 2119 alio
1157 2064 1322 2119 modo
1343 2080 1399 2117 se
1421 2064 1522 2117 hoc
1554 2063 1746 2117 fecisse
1769 2076 1991 2132 respon-

396 2163 616 2228 derent;
646 2159 743 2212 hos
765 2155 1004 2227 quidem,
1030 2153 1119 2222 qui
1151 2151 1292 2206 nulla
1313 2151 1622 2208 conditione.
1646 2150 1987 2220 interposita,

396 2249 636 2306 funditus
665 2246 712 2300 ei
745 2242 1010 2314 quidquid
1052 2241 1276 2310 praelato
1307 2256 1404 2296 suo
1435 2239 1707 2293 debebant
1737 2253 1794 2292 se
1825 2238 1987 2307 abju-

395 2353 545 2394 rasse
570 2333 799 2406 professi
830 2339 972 2399 sunt,
999 2330 1156 2398 juxta
1200 2345 1258 2383 se
1305 2329 1442 2383 sicut
1482 2327 1670 2381 ﬁdeles
1702 2334 1755 2381 et
1784 2327 1989 2380 amicos

395 2443 523 2483 suos
578 2420 875 2480 honoriﬁce
930 2419 1120 2473 sedere
1179 2416 1472 2488 praecepit;
1507 2415 1630 2470 illos
1657 2431 1783 2470 vero
1815 2415 1901 2484 qui
1934 2416 1989 2468 in

391 2514 494 2567 hoc
522 2511 641 2564 solo
673 2505 814 2578 quod
843 2502 1161 2574 praeciperet
1217 2518 1282 2555 ex
1339 2509 1488 2570 parte
1546 2498 1826 2568 apostolici
1872 2513 1991 2553 sese

398 2598 787 2669 subjectionem
834 2597 887 2646 et
909 2589 1281 2646 obedientiam
1327 2589 1405 2642 illi
1457 2588 1754 2658 abnegasse
1804 2587 1988 2643 dicere

391 2689 506 2746 ausi
553 2693 693 2752 sunt,
727 2687 788 2736 ut
825 2679 1064 2750 perﬁdos
1117 2693 1181 2733 ac
1238 2694 1347 2732 suae
1402 2675 1692 2730 voluntatis
1739 2675 1988 2730 inimicos

390 2774 582 2850 procul
612 2775 666 2828 in
695 2769 894 2842 angulo
925 2768 1118 2822 domus
1146 2765 1464 2821 sententiam
1519 2780 1629 2818 sua:
1678 2764 1979 2819 damnatio-

392 2869 478 2922 nis
509 2867 591 2918 ira
621 2866 901 2934 permotus
937 2856 1098 2926 jussit
1149 2853 1472 2926 praestolari.
1512 2852 1709 2907 Territi
1756 2869 1890 2923 ergo
1935 2860 1988 2908 et

394 2953 715 3012 confusione
773 2962 934 3016 super
989 2943 1365 3000 confusionem
1414 2941 1584 2996 induti
1628 2940 1681 2995 in
1730 2941 1984 3011 angulum

402 3047 598 3100 domus
623 3042 985 3094 secesserunt.
1037 3033 1145 3088 Sed
1193 3039 1408 3102 reperto
1456 3030 1631 3084 statim
1684 3029 1884 3084 salubri
1933 3037 1986 3084 et

2093 488 2208 534 tere
2249 476 2397 547 regis
2445 491 2604 530 mane
2649 477 2835 532 directi
2870 495 2881 530 :
2921 501 2941 525 α
2975 478 3184 551 Rogat,
3228 480 3396 549 aiunt,
3443 481 3704 538 dominus

2092 574 2276 620 noster
2305 581 2401 620 rex
2441 572 2491 620 te
2532 566 2718 622 venire
2755 567 2823 621 ad
2865 583 2940 622 se.
2992 591 3012 616 ο
3054 569 3444 639 Ascendimus,
3483 570 3692 628 ivimus

2094 661 2147 708 et
2208 669 2515 723 supremam
2555 655 2621 710 de
2661 656 2880 727 negotio
2930 664 3114 712 nostro
3177 659 3498 714 sententiam
3550 660 3698 715 avidi

2096 743 2304 812 audire,
2338 742 2391 796 in
2424 759 2530 815 quo
2573 745 2714 799 soliti
2745 760 2954 801 eramus
3003 745 3126 802 loco
3176 745 3540 804 consedimus.
3581 750 3700 806 Nec

2096 830 2268 896 mora,
2304 832 2526 886 veniunt
2572 833 2643 887 ad
2689 834 2901 890 Patrem
2949 841 3193 889 nostrum
3238 851 3492 907 proceres
3532 838 3698 910 regni

2096 919 2368 974 nonnullis
2397 920 2670 991 episcopis
2701 923 2956 987 comitati,
2988 925 3106 978 haec
3135 923 3182 978 ei
3212 924 3454 981 dicentes
3479 941 3493 980 :
3529 948 3552 974 ε
3586 929 3698 983 An-

2097 1009 2248 1079 tiqua
2293 1009 2364 1063 tui
2407 1010 2643 1065 amicitia
2685 1011 2815 1066 moti
2855 1011 3102 1067 dolemus
3159 1012 3486 1069 discordiam
3531 1014 3697 1070 istam

2098 1097 2236 1152 inter
2293 1097 2573 1153 dominum
2639 1115 2824 1171 regem
2863 1107 2916 1155 et
2956 1109 3004 1156 te
3045 1117 3164 1156 esse
3201 1111 3466 1157 exortam.
3510 1102 3697 1172 Quare

2100 1185 2375 1256 cupientes
2392 1187 2443 1240 in
2468 1187 2750 1256 pristinam
2768 1189 3118 1244 concordiam
3141 1205 3236 1245 vos
3263 1205 3539 1258 revocare,
3563 1209 3699 1263 pras-

2100 1275 2336 1329 vidimus
2366 1276 2417 1328 in
2447 1277 2701 1345 praesenti
2729 1277 2860 1331 utile
2911 1277 3025 1332 fore
3069 1277 3310 1333 inducias
3348 1280 3597 1353 utrinque
3627 1282 3701 1337 de

2100 1364 2322 1436 negotio
2353 1365 2490 1430 dari,
2524 1374 2788 1436 quatenus
2819 1367 2946 1421 hinc
2977 1383 3153 1438 usque
3182 1367 3251 1421 ad
3283 1367 3560 1424 deﬁnitum
3594 1371 3703 1426 ali-

2101 1453 2248 1523 quod
2277 1460 2486 1523 tempus
2518 1454 2656 1509 inter
2682 1470 2778 1510 vos
2807 1470 2940 1526 pace
2990 1462 3201 1524 statuta,
3235 1473 3337 1512 nec
3368 1473 3398 1512 a
3427 1465 3477 1513 te
3505 1458 3584 1514 illi
3613 1459 3707 1515 vel

2102 1541 2236 1606 suis,
2267 1557 2368 1596 nec
2396 1543 2464 1595 ab
2495 1557 2559 1597 eo
2587 1543 2681 1596 tibi
2702 1543 2786 1598 vel
2810 1543 2914 1598 tuis
2937 1544 3232 1615 quidquam
3263 1544 3374 1609 ﬁat,
3395 1548 3540 1616 quod
3571 1564 3708 1604 con-

2103 1627 2303 1682 cordiae
2329 1637 2498 1682 metas
2519 1637 2786 1698 erumpat.
2809 1631 2942 1696 Hoc,
2976 1629 3216 1700 inquam,
3243 1632 3370 1686 utile
3402 1633 3521 1688 fore
3548 1651 3704 1704 pra:-

2103 1715 2357 1781 vidimus,
2384 1720 2436 1771 et
2465 1717 2713 1771 volumus
2730 1718 2880 1772 dicas
2901 1719 3124 1774 an‘velis
3146 1719 3200 1773 in
3222 1722 3326 1776 hoc
3347 1721 3704 1792 acquiescere

2101 1804 2275 1858 nobis.
2313 1825 2335 1854 ι
2371 1806 2673 1875 Respondit
2702 1821 2715 1859 :
2755 1830 2774 1853 «-
2801 1807 2992 1862 Pacem
3017 1816 3177 1878 atque
3209 1811 3555 1865 concordiam
3587 1827 3702 1868 non

2100 1892 2322 1961 abjicio.
2358 1894 2747 1950 Verumtamen
2778 1897 2971 1952 videor
3000 1897 3134 1951 mihi
3165 1898 3356 1954 videre
3398 1900 3528 1970 quid
3572 1901 3701 1968 ista,

2101 1998 2259 2051 quam
2290 1981 2514 2050 oﬁ'ertis,
2546 1999 2654 2052 pax
2685 1984 2884 2039 habeat
2907 1985 2961 2038 in
2986 2002 3060 2039 se.
3093 1987 3174 2040 Ne
3205 1995 3382 2041 tamen
3415 1987 3483 2041 ab
3511 1989 3702 2059 aliquo

2095 2070 2311 2139 judicer
2347 2072 2525 2144 magis
2565 2072 2705 2128 velle
2745 2088 2868 2127 meo
2908 2075 3083 2128 sensui
3142 2091 3304 2144 quam
3360 2077 3589 2132 aliorum
3641 2078 3704 2134 in

2099 2160 2214 2213 istis
2244 2161 2498 2226 credere,
2532 2163 2774 2217 concedo
2805 2164 3076 2232 suscipere
3107 2165 3248 2234 quod
3282 2166 3501 2222 domino
3548 2168 3697 2240 regi,

2098 2255 2148 2302 et
2177 2249 2334 2304 vobis
2364 2250 2545 2320 placet
2588 2266 2686 2321 pro
2730 2252 2879 2322 pacis
2923 2253 3165 2306 custodia
3195 2254 3488 2309 secundum
3519 2256 3700 2312 Deum

2098 2344 2349 2402 statuere,
2381 2339 2531 2394 salva
2561 2355 2778 2409 semper
2807 2340 2948 2410 apud
2978 2357 3066 2395 me
3095 2342 3279 2396 debita
3308 2346 3612 2399 reverentia
3642 2355 3703 2402 et

2098 2426 2414 2481 obedientia
2429 2428 2636 2481 domini
2665 2428 2863 2483 Urbani
2887 2429 3032 2483 sedis
3051 2430 3359 2501 apostolicae
3380 2434 3641 2503 praesulis.
3668 2457 3695 2482 ι.

2099 2515 2333 2569 Probant
2363 2516 2598 2582 dictum;
2632 2525 2683 2570 et
2713 2518 2954 2572 referunt.
2983 2518 3049 2571 ad
3078 2520 3226 2591 regis
3254 2520 3512 2575 auditum.
3546 2523 3701 2578 Dan-

2097 2618 2182 2665 tur
2210 2620 2341 2674 ergo
2382 2605 2620 2660 induciae
2659 2621 2829 2676 usque
2869 2607 2936 2660 ad
2975 2614 3194 2662 octavas
3233 2609 3542 2666 Pentecotes
3590 2614 3697 2683 (α),

2097 2707 2157 2745 ac
2197 2692 2354 2762 regia
2392 2690 2499 2745 ﬁde
2543 2693 2788 2747 sancitur
2846 2702 3109 2762 quatenus
3159 2710 3225 2749 ex
3277 2704 3500 2767 utraque
3537 2709 3702 2768 parte

2095 2779 2313 2832 interim
2354 2781 2560 2848 omnia,
2595 2787 2651 2833 ut
2695 2781 2903 2836 dictum
2938 2791 3078 2849 erat,
3107 2791 3287 2838 essent
3335 2785 3388 2838 in
3433 2801 3584 2856 pace.
3629 2790 3701 2844 Et

2095 2883 2189 2920 rex
2223 2886 2234 2921 :
2274 2890 2294 2914 α
2331 2867 2389 2921 Si
2420 2869 2738 2939 integritas,
2788 2869 2999 2939 inquit,
3043 2870 3298 2938 perfectae
3337 2874 3490 2942 pacis
3531 2875 3696 2932 istam

2097 2971 2215 3024 qua:
2239 2955 2376 3010 inter
2405 2973 2502 3011 nos
2523 2965 2608 3011 est
2636 2957 3052 3012 controversiam
3076 2967 3200 3013 ante
3226 2960 3371 3016 hunc
3394 2965 3695 3020 terminum

2097 3060 2202 3099 non
2231 3044 2528 3112 sedaverit,
2576 3047 2797 3100 omnino
2840 3046 3022 3117 qualis
3065 3048 3166 3102 hac
3204 3048 3297 3104 die
3338 3059 3436 3118 est,
3475 3053 3598 3107 talis
3635 3054 3699 3109 in

394 3149 502 3206 quo
531 3130 628 3186 niti
660 3126 910 3183 solebant
956 3121 1254 3177 domestico
1304 3118 1550 3186 consilio,
1598 3120 1701 3173 hoc
1731 3124 1830 3186 est,
1864 3117 1984 3172 data

2098 3133 2363 3204 praeﬁnito
2398 3135 2625 3188 termino
2653 3134 2995 3189 induciarum
3026 3135 3334 3192 deﬁnienda
3363 3139 3418 3192 in
3446 3142 3697 3198 medium

393 3222 615 3292 cOpiosa
643 3215 894 3290 pecunia,
943 3213 1001 3266 in
1049 3209 1340 3265 amicitiam
1390 3209 1537 3280 regis
1593 3206 1795 3277 recepti
1843 3215 1982 3260 sunt.

389 3309 678 3368 Anselmus
708 3313 884 3360 autem
915 3301 1092 3357 sciens
1120 3313 1336 3355 omnem
1367 3297 1468 3352 sibi
1509 3297 1562 3350 in
1588 3295 1783 3368 Anglia
1824 3311 1984 3350 secu-

391 3401 605 3456 ritatem
637 3410 770 3467 rege
811 3391 1100 3457 sublatam,
1134 3386 1410 3442 mandavit
1455 3386 1506 3440 ei
1551 3385 1682 3440 dare
1714 3384 1816 3438 sibi
1849 3399 1984 3439 con-

393 3490 610 3544 ductum
658 3499 764 3554 quo
808 3496 933 3536 cum
983 3478 1093 3532 suis
1149 3484 1364 3546 portum
1411 3475 1577 3529 maris
1640 3481 1752 3528 tuto
1796 3480 1985 3542 petens

391 3591 562 3648 regno
607 3571 932 3634 decederet,
981 3568 1154 3621 donec
1201 3565 1348 3619 Deus
1393 3567 1555 3617 tanta:
1593 3561 1985 3631 perturbationi

391 3665 616 3720 modum
647 3660 940 3729 dignanter
970 3658 1294 3722 imponeret.
1324 3652 1442 3718 Quo
1474 3652 1591 3720 ipse
1621 3649 1803 3704 audito
1833 3648 1983 3719 gravi

389 3751 569 3810 cordis
597 3745 843 3803 molestia
889 3742 1157 3813 elanguit.
1203 3741 1340 3793 Nam
1383 3740 1506 3794 licet
1548 3738 1837 3792 discessum
1867 3738 1984 3807 ejus

388 3851 736 3906 summopere
789 3832 1141 3898 desideraret,
1179 3827 1400 3882 nolebat
1436 3834 1542 3880 tam
1594 3842 1714 3880 eum
1761 3825 1982 3895 pontiﬁ-

388 3937 541 3987 catus
571 3923 834 3996 dignitate
878 3919 1123 3974 saisitum
1168 3913 1475 3981 discedere,
1522 3929 1590 3969 ne
1630 3913 1982 3969 novissimum

391 4014 747 4078 scandalum,
818 4008 962 4081 quod
1011 4005 1137 4060 inde
1181 4010 1393 4074 poterat
1434 4002 1586 4067 oriri,
1633 4002 1789 4072 pejus
1831 4001 1984 4058 ﬁeret

387 4108 589 4180 priore.
627 4104 694 4159 Ut
724 4115 850 4156 vero
881 4093 1195 4168 pontiﬁcatu
1225 4091 1378 4146 illum
1421 4091 1735 4157 dissaisiret,
1767 4091 1978 4161 impos-

385 4179 543 4252 sibile
571 4192 677 4246 sibi
705 4187 1006 4244 videbatur.
1050 4183 1318 4237 Turbatus
1362 4181 1563 4252 itaque,
1598 4189 1648 4234 et
1691 4179 1980 4249 episc0po-

385 4302 505 4342 rum
536 4280 760 4338 consilio
782 4293 880 4348 per
909 4273 1052 4345 quod
1082 4272 1134 4326 in
1165 4273 1263 4325 llas
1294 4270 1567 4340 angustias
1587 4285 1645 4324 se
1668 4269 1980 4351 devolutum

388 4372 716 4445 querebatur
745 4365 970 4431 omisso,
1004 4377 1126 4416 cum
1158 4357 1497 4430 principibus
1519 4356 1807 4411 consilium
1828 4356 1973 4420 iniit;

2097 3231 2392 3276 revocetur.
2433 3243 2455 3271 ι

2166 3312 2265 3364 llis
2303 3311 2406 3365 ista
2445 3312 2631 3382 gestis,
2668 3321 2892 3382 accepta
2931 3327 2964 3368 a
2994 3329 3124 3386 rege
3161 3315 3396 3382 licentia,
3426 3319 3494 3372 ad
3531 3335 3695 3378 suam

2095 3401 2384 3454 Anselmus
2414 3401 2632 3455 revertit
2662 3401 2867 3470 sedem,
2900 3403 3194 3472 praesciens
3224 3406 3369 3473 apud
3401 3422 3464 3462 se
3495 3424 3691 3479 pacem

2095 3498 2147 3544 et
2185 3488 2432 3544 inducias
2473 3489 2595 3543 illas
2638 3489 2798 3544 inane
2839 3499 2893 3545 et
2935 3500 3376 3548 momentaneum
3434 3497 3693 3555 velamen

2095 3593 2213 3632 esse
2243 3577 2350 3630 odii
2380 3586 2430 3632 et
2453 3563 2830 3648 'Oppressionis
2860 3594 2987 3633 mox
3017 3579 3228 3635 futurae.
3263 3581 3424 3650 Quod
3450 3585 3503 3638 in
3532 3586 3692 3644 brevi

2093 3665 2441 3734 postmodum
2472 3665 2660 3734 patuit.
2713 3664 2988 3734 Siquidem
3021 3667 3247 3722 evolutis
3274 3671 3464 3738 paucis
3495 3673 3692 3730 diebus

2092 3753 2382 3807 Baldninus
2413 3753 2757 3821 monachum,
2789 3754 2845 3807 in
2871 3755 3013 3824 quod
3045 3771 3166 3825 pars
3195 3756 3374 3826 major
3400 3762 3690 3819 consilium

2093 3842 2330 3897 Anselmi
2379 3841 2666 3911 pendebat,
2703 3850 2754 3896 et
2783 3842 2918 3898 duos
2962 3843 3184 3898 clericos
3230 3845 3348 3914 ejus
3394 3864 3496 3903 rex
3541 3852 3684 3920 ipse,

2091 3931 2389 4000 praescripti
2420 3931 2631 3985 discidii
2661 3945 2839 3996 causa,
2871 3931 2939 3985 ab
2970 3932 3177 4004 Anglia
3217 3937 3441 4006 pepulit,
3473 3946 3525 3993 et
3555 3941 3692 3996 An-

2091 4021 2322 4075 selmum
2356 4019 2408 4072 in
2438 4020 2542 4074 hoc
2569 4019 2712 4074 facto
2743 4019 2911 4075 atroci
2945 4023 3200 4076 maeroris
3230 4024 3454 4082 verbere
3486 4044 3690 4099 percu-

2090 4108 2174 4162 lit.
2222 4108 2363 4176 Quid
2403 4108 2631 4162 referam
2662 4109 3021 4163 camerarium
3070 4111 3188 4180 ejus
3229 4112 3284 4165 in
3326 4129 3426 4168 sua
3469 4132 3692 4176 camera

2090 4206 2211 4253 ante
2243 4213 2366 4251 suos
2392 4198 2578 4252 oculos
2621 4205 2860 4268 captum,
2895 4197 3031 4252 alios
3064 4199 3310 4255 homines
3337 4202 3456 4272 ejus
3485 4205 3689 4276 injusto

2084 4286 2290 4356 judicio
2321 4286 2726 4353 condemnatos,
2778 4286 3142 4356 depraedatos,
3191 4289 3484 4347 innumeris
3527 4296 3693 4352 malis

2089 4373 2314 4429 aﬁlictos
2341 4375 2369 4428 ‘?
2415 4374 2479 4427 Et
2520 4375 2637 4428 haec
2685 4375 2868 4428 omnia
2918 4374 3062 4430 infra
3101 4377 3218 4432 dies
3253 4377 3592 4437 induciarum
3630 4395 3691 4442 et

384 4462 514 4536 quid
545 4462 688 4515 facto
717 4472 852 4528 opus
881 4459 1028 4508 esset
1055 4447 1350 4520 inquisivit.
1405 4448 1636 4536 Rogant
1657 4446 1732 4500 illi
1781 4453 1973 4536 quate-
2001 4462 2059 4524 D
2089 4461 2328 4534 prmﬁxae
2356 4461 2523 4533 pacis,
2555 4461 2753 4534 regalis
2783 4464 3083 4518 constantia
3123 4463 3251 4521 ﬁdei
3292 4476 3477 4525 contra
3505 4472 3686 4528 virum

383 4534 489 4608 nus
516 4550 600 4605 vir
629 4561 751 4603 cum
796 4555 1012 4600 summa
1065 4553 1198 4610 pace
1249 4542 1530 4590 moneatur
1573 4534 1642 4588 ad
1687 4535 1974 4604 hospitium

383 4655 540 4696 suum
590 4635 790 4700 redire,
825 4643 1144 4700 reaponsum
1177 4625 1320 4696 regis
1367 4639 1530 4692 super
1575 4622 1832 4693 petitione
1883 4638 1977 4678 sua

384 4742 547 4783 mane
577 4730 913 4792 recepturus.
947 4719 1029 4772 Fit
1053 4717 1210 4786 juxta
1240 4713 1463 4768 verbum
1491 4711 1728 4778 illorum,
1763 4719 1814 4765 et
1841 4727 1975 4782 per-

384 4813 622 4873 turbatis
652 4811 813 4866 etiam
858 4805 1150 4861 curialibus
1177 4802 1444 4874 plurimis,
1485 4800 1779 4870 hospitium
1820 4816 1974 4871 repe-

382 4903 652 4959 davimus.
693 4897 812 4954 Rati
842 4902 967 4949 sunt
996 4892 1195 4962 quippe
1225 4892 1502 4946 hominem
1543 4906 1574 4943 a
1618 4898 1757 4945 terra
1795 4889 1976 4944 disce-

383 4995 516 5050 dere
540 5005 553 5060 ;
589 4996 642 5044 et
671 4987 1066 5057 ingemuerunt.
1099 4983 1164 5035 At
1193 4979 1286 5034 ille
1314 4978 1468 5033 laetus
1498 4987 1550 5034 et
1579 4977 1759 5034 alacer
1785 4993 1974 5048 spera-

383 5083 475 5138 bat
505 5095 562 5134 se
592 5071 1024 5147 perturbationes
1067 5076 1117 5123 et
1160 5083 1323 5124 onera
1352 5067 1551 5137 saeculi,
1586 5067 1728 5137 quod
1757 5082 1976 5136 semper

382 5169 626 5242 optabat,
661 5163 889 5219 transito
933 5158 1097 5224 mari,
1145 5157 1405 5213 evadere.
1460 5157 1593 5212 Cum
1640 5156 1806 5228 igitur
1836 5155 1976 5211 inter

375 5273 529 5332 spem
555 5271 590 5313 a
617 5267 788 5326 regno
819 5246 1156 5316 discedendi,
1189 5252 1242 5302 et
1269 5252 1470 5301 metum
1500 5245 1555 5300 in
1579 5261 1750 5317 regno
1788 5259 1974 5302 rema-

2085 4551 2395 4607 exercebat.
2429 4551 2592 4604 Passa
2635 4558 2713 4604 est
2759 4551 2924 4623 igitur
2971 4568 3035 4607 ea
3083 4561 3400 4624 tempestate
3431 4557 3685 4617 Ecclesia

2085 4639 2480 4696 Cantuariensis
2508 4639 2563 4691 in
2594 4639 2846 4693 omnibus
2874 4640 2983 4693 suis
3015 4649 3121 4695 tam
3153 4659 3354 4700 saevam
3385 4654 3683 4719 tempesta-

2083 4740 2214 4797 tem,
2247 4735 2302 4782 ut
2335 4728 2448 4783 fere
2479 4727 2712 4782 universi
2743 4729 3144 4785 conclamarent
3183 4735 3376 4788 melius
3405 4736 3513 4790 sibi
3542 4737 3680 4794 abs-

2085 4829 2186 4882 que
2215 4823 2432 4884 pastore
2455 4815 2576 4884 jam
2607 4815 2732 4870 olim
2771 4817 2952 4885 fuisse,
2988 4833 3151 4887 quam
3183 4835 3324 4875 nunc
3351 4823 3449 4878 sub
3480 4825 3681 4895 hujus-

2082 4902 2231 4957 modi
2261 4912 2475 4973 pastore
2505 4920 2640 4959 esse.
2675 4905 2728 4958 A
2761 4905 2918 4974 cujus
2947 4909 3281 4976 tempestatis
3311 4910 3685 4983 descriptione

2084 4999 2448 5063 temperantes
2476 4992 2700 5048 modum
2730 4995 2990 5065 presenti
3013 4995 3279 5053 volumini
3308 4999 3681 5076 imponemus,

2083 5089 2335 5136 caventes
2365 5097 2432 5135 ne
2474 5081 2690 5152 prolixa
2719 5083 2939 5138 fatuitas
2968 5092 3020 5138 et
3064 5086 3213 5141 fatua
3241 5087 3536 5158 prolixitas
3566 5107 3689 5149 ora-

2083 5170 2247 5226 tionis
2275 5169 2520 5242 legentes
2549 5171 2634 5226 vel
2664 5172 2968 5242 audientes,
2997 5174 3045 5228 si
3076 5174 3217 5231 forte
3247 5176 3419 5249 aliqui
3450 5178 3684 5257 fuerint,

2082 5260 2255 5316 nimio
2287 5260 2449 5316 taedio
2479 5258 2694 5316 afﬁciet.

1664 5423 2093 5488 HENSCHENII
2128 5424 2356 5484 ΝΟΤίΕ.

442 5565 522 5640 (α)
553 5562 778 5621 Festum
805 5555 1168 5620 Pentecostes,
1199 5547 1398 5610 eodem
1425 5562 1589 5623 anno,
1620 5550 1681 5607 in
1707 5551 1854 5610 diem
1883 5568 1945 5610 in
1971 5552 2104 5610 Maii
2130 5553 2383 5612 cadebat.
