4044 6074
291 267 396 322 389

299 422 572 436 ——~

1342 239 1344 242 ’
1379 261 1711 320 HISTORIA
1748 259 2116 322 NOVORUM.
2154 292 2224 306 -
2262 261 2394 320 LIB.
2442 261 2510 319 η.

3482 260 3583 317 390

1445 573 1775 666 LIBER
1813 573 2440 668 SECUNDUS.

1767 779 2159 800 _

354 913 489 969 Cum
519 913 774 969 datarum
806 911 925 968 dies
954 911 1306 968 induciarum
1353 911 1780 983 praestolaretur,
1829 917 1884 966 et
1912 910 1969 971 A
1996 908 2353 980 Oppressione
2401 907 2691 978 reperient,
2756 908 2849 978 qui
2898 923 2996 979 pro
3043 908 3414 980 adipiscenda:
3470 927 3584 967 suae

287 1004 428 1058 hunc
457 1001 586 1057 inde
614 1001 755 1057 ﬁdes
780 1009 1151 1071 utrorumque,
1168 999 1438 1055 Willelmi
1461 1000 1716 1057 videlicet
1737 1000 1888 1071 regis

287 1100 342 1148 et
369 1090 614 1146 Anselmi
646 1089 1060 1160 archiepiscopi,
1092 1089 1258 1145 certis
1285 1088 1504 1143 indiciis
1532 1089 1884 1160 panderetur,

288 1179 438 1252 regis
465 1179 672 1236 scilicet
691 1180 878 1236 omnia
908 1195 1029 1248 quae
1057 1179 1428 1249 spoponderat
1458 1179 1511 1232 in
1561 1177 1888 1233 contrarium

291 1268 674 1341 pervertendo,
695 1277 746 1323 et
774 1267 1046 1338 pontiﬁcis
1077 1282 1175 1320 sua
1202 1267 1495 1337 sponsione
1525 1275 1739 1321 servata
1783 1282 1888 1336 pa-

295 1358 492 1413 tienter
535 1359 804 1429 irrogatas
856 1355 1082 1426 injurias
1129 1355 1516 1426 perpetiendo;
1568 1353 1892 1409 Albanensis

295 1446 584 1518 episcopus
603 1447 701 1515 (a),
733 1444 1014 1502 Walterus
1035 1445 1256 1500 nomine
1279 1445 1376 1514 (ὁ),
1409 1444 1476 1498 ab
1493 1443 1712 1499 Urbano
1743 1443 1892 1498 sedis

291 1535 613 1607 apostolica-
656 1533 898 1606 praesulis
938 1533 1112 1588 Roma
1158 1533 1360 1588 missus
1402 1533 1664 1603 Angliam
1723 1532 1889 1600 venit,

289 1623 695 1680 adducentibus
725 1639 844 1678 eum
876 1620 1090 1677 duobus
1112 1621 1347 1686 clericis,
1373 1621 1604 1676 Girardo
1617 1621 1823 1676 scilicet
1840 1628 1893 1676 et

292 1712 597 1777 Willelmo,
630 1712 724 1782 qui
755 1712 824 1767 de
854 1710 1067 1780 capella
1096 1710 1242 1781 regis
1271 1717 1443 1764 erant.
1479 1709 1757 1780 Siquidem
1772 1710 1890 1779 ipse

293 1817 388 1856 rex
418 1800 512 1856 ubi
543 1801 718 1856 sensit
747 1800 1066 1856 Anselmum
1098 1815 1210 1853 sua:
1239 1798 1505 1853 voluntati
1554 1798 1608 1852 in
1638 1799 1889 1868 praescri-

290 1899 385 1960 pto
414 1889 636 1962 negotio
694 1889 841 1944 nolle
891 1889 1290 1958 obtemperare,
1323 1887 1463 1943 clam
1520 1896 1574 1943 et
1629 1887 1888 1942 Anselmo

293 1979 608 2050 ignorante,
642 1978 864 2033 eosdem
884 1977 1112 2033 clericos
1141 1976 1374 2032 Romam
1407 1975 1644 2044 miserat,
1680 1977 1886 2031 Roma-

289 2083 377 2122 nae
407 2074 610 2122 statum
643 2067 896 2121 Ecclesiae
930 2081 1024 2136 per
1037 2081 1131 2121 eos
1164 2065 1353 2122 volens
1367 2073 1516 2121 certo
1537 2065 1882 2137 dignoscere.

287 2156 457 2211 Erant
487 2169 723 2224 namque
751 2156 938 2210 Roma:
967 2155 1022 2208 in
1052 2154 1159 2208 illis
1188 2154 1404 2221 diebus,
1436 2153 1577 2210 sicut
1625 2154 1883 2224 pradixi-

1995 1013 2175 1053 causa“:
2204 997 2528 1053 rectitudine
2558 1011 2666 1052 non
2699 997 2904 1051 habent
2933 997 3077 1066 quod
3105 997 3235 1054 dent
3261 999 3289 1051 ἢ
3314 1022 3336 1047 η

2069 1085 2321 1141 Sentiens
2350 1087 2533 1156 itaque
2579 1101 2675 1139 rex
2732 1085 3048 1156 episcopum
3106 1101 3177 1141 ex
3232 1095 3412 1156 parte.
3480 1089 3586 1145 Ur—

1995 1174 2126 1229 bani
2155 1182 2351 1230 cuncta
2383 1190 2495 1228 suae
2521 1173 2791 1228 voluntati
2847 1173 3194 1229 conniventia
3240 1177 3503 1245 nuntiare,
3537 1186 3591 1233 et

1995 1278 2079 1329 ea,
2113 1263 2157 1317 si
2187 1264 2366 1334 ipsum
2399 1262 2677 1318 Urbanum
2708 1277 2806 1331 pro
2839 1279 2982 1333 papa
3011 1263 3066 1317 in
3096 1279 3194 1319 suo
3223 1281 3393 1337 regno
3415 1266 3588 1322 susci-

1995 1360 2166 1422 peret,
2198 1350 2339 1407 velle
2371 1351 2690 1420 apostolicat
2720 1351 3038 1406 auctoritate
3087 1353 3188 1406 sibi
3221 1352 3350 1408 dum
3381 1355 3590 1411 viveret

1994 1441 2048 1495 in
2079 1440 2426 1512 privilegium
2453 1440 2822 1512 promulgare,
2855 1440 3124 1509 acquievit
3144 1442 3361 1512 placito,
3385 1445 3590 1512 praeci-

1994 1529 2150 1600 piens
2181 1529 2457 1586 Urbanum
2488 1529 2543 1582 in
2572 1529 2719 1584 omni
2749 1528 2979 1599 imperio
3005 1545 3105 1586 suo
3133 1546 3236 1600 pro
3285 1534 3588 1602 apostolico

1997 1619 2208 1682 haberi,
2243 1619 2402 1688 eique
2431 1617 2550 1674 vice
2575 1617 2718 1672 beati
2741 1618 2883 1672 Petri
2913 1617 2965 1671 in
2999 1619 3301 1675 Christiana
3320 1621 3590 1694 religione

1996 1707 2241 1763 obediri.
2270 1709 2396 1778 Egit
2425 1716 2549 1777 post
2578 1709 2693 1762 haec
2714 1707 2910 1778 quibus
2932 1708 3111 1762 modis
3138 1718 3344 1778 poterat
3366 1711 3480 1780 ipse
3494 1728 3589 1767 rex

1995 1812 2117 1851 cum
2146 1796 2420 1867 episcopo,
2451 1803 2716 1866 quatenus
2741 1795 2972 1851 Romani
3029 1797 3296 1867 pontiﬁcis
3350 1801 3589 1856 auctori-

1995 1892 2104 1940 tate
2135 1885 2434 1940 Anselmun
2464 1884 2534 1938 ab
2565 1885 2898 1955 episcOpatu,
2931 1885 3105 1956 regali
3135 1887 3376 1956 potentia
3421 1889 3592 1945 fultus

1996 1973 2318 2043 deponeret,
2353 1971 2628 2041 spondens
2657 1972 2986 2027 immensum
3016 1975 3262 2043 pecuniae
3291 1977 3508 2046 pondus
3540 1978 3590 2034 ei

1994 2070 2045 2117 et
2075 2061 2342 2117 Ecclesiae
2376 2061 2628 2116 Romanae
2657 2061 2886 2132 singulis
2914 2063 3070 2116 annis
3102 2063 3372 2132 daturum,
3425 2065 3470 2120 si
3530 2065 3590 2121 in

1992 2151 2094 2207 hoc
2122 2166 2223 2206 suo
2254 2149 2528 2205 desiderio
2559 2148 2911 2205 satisfaceret.
2947 2151 3144 2205 Verum
3172 2168 3299 2206 cum
3337 2153 3391 2206 id
3419 2154 3578 2209 nulla

288 2260 429 2313 mus,
463 2243 572 2299 duo
601 2242 904 2315 pontiﬁces,
929 2243 1019 2315 qui
1050 2259 1079 2296 a
1110 2243 1343 2297 diversis
1365 2242 1650 2313 apostolici
1668 2259 1883 2297 nuncu-
1916 2267 1968 2326 Β
1999 2239 2212 2294 ratione
2260 2238 2379 2293 ﬁeri
2431 2253 2611 2307 posse,
2673 2239 2903 2294 docente
2933 2239 3218 2311 episcopo,
3275 2241 3588 2299 didicisset:

287 2332 595 2402 pabantur;
656 2333 752 2387 sed
810 2333 933 2404 quis
990 2347 1179 2387 eorum
1210 2331 1490 2395 canonice,
1552 2331 1672 2402 quis
1730 2347 1888 2385 secus

291 2420 451 2476 fuerit
482 2421 787 2487 institutus,
820 2420 890 2474 ab
918 2420 1110 2493 Anglis
1141 2436 1312 2491 usque
1343 2420 1400 2473 id
1431 2420 1695 2489 temporis
1726 2420 1888 2491 igno-

292 2507 541 2562 rabatur.
587 2505 737 2562 Scire
766 2505 949 2574 itaque
978 2506 1262 2560 veritatem
1315 2505 1475 2574 hujus
1523 2504 1598 2558 rei
1659 2505 1888 2559 Romam

290 2589 448 2644 missi
480 2598 604 2644 sunt
633 2589 690 2643 hi
719 2589 829 2644 duo
860 2588 1062 2656 clerici,
1095 2605 1270 2660 eaque
1299 2589 1534 2659 cognita,
1583 2589 1720 2657 jussi
1768 2593 1892 2643 sunt

293 2679 465 2734 sacris
494 2677 948 2748 promissionibus
975 2677 1212 2733 illectum
1241 2678 1311 2732 ad
1342 2678 1444 2732 hoc
1464 2677 1510 2731 si
1532 2687 1756 2746 possent
1785 2692 1887 2748 pa-

285 2783 414 2838 pam
444 2767 762 2838 perducere,
795 2774 852 2821 ut
879 2766 986 2836 ipsi
1042 2766 1159 2837 regi
1191 2765 1261 2820 ad
1313 2781 1451 2837 opus
1495 2765 1888 2837 archiepiscOpi

287 2856 699 2912 Cantuariensis
753 2855 1001 2927 pallium,
1061 2855 1226 2910 tacita
1303 2869 1543 2924 persona
1625 2855 1886 2923 Anselmi,

286 2944 606 3013 destinaret,
640 2945 787 3016 quod
815 2944 931 3015 ipse
978 2961 1094 3011 rex,
1155 2943 1424 2999 Anselmo
1481 2961 1514 2998 a
1573 2944 1890 3013 pontiﬁcatu

285 3033 444 3088 simul
465 3041 521 3089 et
550 3049 720 3105 regno
750 3033 980 3102 dejecto,
1000 3032 1083 3088 cui
1098 3032 1261 3088 vellet
1291 3048 1411 3087 cum
1431 3030 1749 3104 pontiﬁcatu
1769 3034 1889 3089 vice

285 3122 573 3192 apostolici
593 3123 951 3192 postmodum
984 3122 1157 3176 daret.
1184 3122 1298 3176 Hoc
1325 3121 1524 3192 quippe
1548 3121 1890 3192 disposuerat

287 3213 434 3280 apud
463 3227 565 3277 se;
600 3211 703 3266 hoc
731 3211 1034 3280 suspicatus
1065 3218 1148 3266 est
1176 3225 1285 3265 non
1313 3210 1632 3281 injuriasibi
1663 3211 1889 3267 concedi

292 3314 488 3369 posse;
521 3301 623 3354 hoc
652 3299 956 3356 indubitato
976 3298 1091 3356 ﬁeri
1119 3298 1470 3368 promittebat
1498 3299 1736 3370 opinioni
1755 3317 1886 3356 suae.

365 3387 626 3444 Prefatus
657 3404 787 3459 ergo
818 3390 1112 3459 episcopus
1140 3389 1392 3460 Angliam
1423 3389 1674 3456 veniens,
1700 3405 1888 3444 secum

292 3476 791 3548 archiepiscopatus
812 3479 1006 3534 stolam
1036 3493 1184 3549 papa
1213 3478 1456 3534 mittente
1486 3477 1731 3534 clanculo
1785 3478 1886 3534 de-

1999 2327 2282 2383 deﬁciebat
2313 2326 2516 2393 animo,
2549 2335 2801 2396 reputans
2831 2327 2974 2398 apud
3006 2344 3064 2383 se
3094 2329 3227 2383 nihil
3257 2329 3314 2384 in
3342 2332 3583 2403 requisi-

1999 2415 2143 2471 tione
2172 2415 2258 2472 vel
2287 2415 2632 2485 susceptione
2662 2415 2892 2470 Romani
2923 2416 3138 2472 antistis
3167 2434 3227 2474 se
3271 2421 3584 2488 profecisse.

1997 2507 2248 2560 Attamen
2268 2503 2607 2558 immutabile
2636 2503 2999 2559 considerans
3028 2506 3174 2574 quod
3215 2507 3413 2564 factum
3468 2510 3590 2567 fue-

1999 2601 2100 2663 rat,
2133 2592 2364 2648 consilio
2392 2608 2513 2648 cum
2544 2592 2657 2646 suis
2687 2592 2820 2647 inito
2851 2594 3130 2663 quaerebat
3181 2596 3432 2664 qualiter,
3466 2615 3588 2654 ser-

1999 2689 2121 2740 vata
2152 2681 2417 2753 singulari
2447 2680 2780 2736 celsitudinis
2809 2697 2921 2738 suae
2950 2681 3236 2753 dignitate,
3260 2685 3376 2742 viro
3397 2686 3590 2744 saltem

1998 2771 2182 2842 specie
2212 2779 2364 2826 tenus
2393 2785 2639 2826 amorem
2669 2786 2826 2825 suum
2857 2771 3124 2842 redderet,
3171 2773 3256 2828 cui
3299 2775 3592 2833 creduliter

1998 2862 2168 2916 iratus
2195 2859 2333 2914 nihil
2363 2866 2572 2930 poterat
2629 2860 2830 2930 cupitae
2888 2859 3250 2918 damnationis
3299 2879 3396 2934 pro
3452 2874 3586 2923 voto

1998 2949 2206 3003 inferre
2219 2989 2233 3002 .

2070 3038 2309 3091 Instante
2340 3036 2509 3109 igitur
2537 3037 2644 3103 die,
2678 3036 2733 3091 in
2764 3053 2924 3109 quem
2979 3037 3215 3095 induciae
3271 3041 3410 3098 datae
3466 3053 3595 3102 sunt

1999 3125 2139 3180 inter
2168 3126 2341 3196 ipsos,
2373 3125 2697 3180 mandatum
2743 3134 2824 3181 est
2876 3127 3133 3183 Anselmo
3175 3137 3300 3185 tunc
3354 3131 3410 3186 in
3460 3132 3593 3190 villa

1999 3230 2114 3283 sua,
2151 3230 2270 3284 quae
2301 3213 2558 3270 Murtelac
2587 3215 2799 3282 dicitur,
2832 3217 3166 3284 consistenti,
3200 3226 3252 3273 et
3280 3218 3354 3273 ibi
3383 3220 3593 3277 solem-

1997 3302 2221 3357 nitatem
2252 3304 2598 3358 Pentecostes
2627 3303 2943 3372 celebranti,
2977 3309 3244 3376 quatenus
3299 3307 3369 3362 ad
3426 3309 3592 3366 aliam

1999 3391 2184 3446 villam
2231 3406 2406 3456 suam,
2438 3407 2559 3461 quae
2614 3391 2781 3446 Heisa
2831 3400 3072 3460 vocatur,
3131 3395 3434 3465 accederet,
3495 3399 3590 3454 ubi

1995 3478 2170 3534 nuntii
2202 3478 2353 3550 regis
2383 3478 2586 3533 curiam
2619 3493 2773 3534 suam
2806 3479 2860 3534 in
2912 3479 3033 3550 ipsa
3090 3481 3377 3539 festivitate
3438 3487 3588 3557 apud

293 3566 430 3621 tulit.
465 3566 530 3621 Et
557 3566 785 3623 silenter
813 3567 1105 3622 Cantuaria
1134 3566 1352 3622 civitate
1380 3567 1727 3638 pertransita,
1761 3568 1884 3620 An-
1919 3604 1968 3667 Ο
1999 3567 2408 3624 Windlesoram
2439 3568 2686 3637 tenentis,
2720 3568 2785 3623 ad
2819 3585 2940 3624 eum
2960 3569 3146 3625 venire
3175 3575 3229 3626 et
3256 3571 3419 3628 verba
3441 3577 3590 3647 regis

291 3655 576 3725 selmoque
612 3654 868 3721 devitato,
911 3655 978 3711 ad
1027 3671 1214 3727 regem
1246 3655 1575 3727 properabat
1630 3656 1761 3711 nulli
1821 3657 1888 3710 de

292 3742 456 3816 pallio
482 3745 630 3815 quod
672 3744 882 3800 ferebat
928 3743 1223 3817 quidquam
1287 3745 1504 3812 dicens,
1565 3745 1778 3800 nullum
1835 3745 1890 3799 in

289 3833 540 3888 absentia
583 3832 867 3888 ductorum
911 3849 1135 3889 suorum
1192 3833 1535 3888 familiariter
1583 3833 1884 3905 alloquens.

291 3921 410 3977 Rex
441 3920 678 3994 denique
708 3929 1038 3993 praeceperat
1067 3921 1139 3977 ita
1169 3920 1306 3989 ﬁeri,
1338 3921 1535 3977 nolens
1571 3921 1890 3994 mysterium

298 4009 513 4066 consilii
542 4011 624 4065 sui
653 4010 940 4081 publicari.
975 4010 1072 4065 Ille
1099 4010 1270 4082 igitur
1300 4025 1423 4066 cum
1449 4011 1723 4066 nonnullis
1769 4011 1890 4066 die-

298 4097 404 4154 bus
435 4106 560 4154 ante
592 4100 938 4154 Pentecosten
967 4098 1036 4153 ad
1081 4114 1275 4170 regem
1323 4099 1578 4164 venisset,
1614 4107 1666 4154 et
1721 4099 1769 4154 ei
1823 4099 1893 4152 ad

299 4187 515 4261 singula
547 4204 670 4259 quae
699 4203 811 4242 sum
855 4187 1116 4243 voluntati
1175 4195 1400 4259 accepta
1459 4188 1577 4242 fore
1637 4187 1896 4242 didicerat

300 4276 460 4333 bonae
489 4278 606 4348 spei
636 4275 836 4333 ﬁducia
891 4275 1280 4348 respondisset,
1341 4277 1476 4330 nihil
1530 4276 1746 4346 penitus
1792 4274 1894 4346 ipsi

303 4381 404 4438 pro
432 4366 686 4421 Anselmo
715 4366 926 4421 locutus
957 4373 1060 4433 est,
1094 4365 1236 4435 quod
1258 4379 1450 4436 pacem
1479 4363 1623 4419 inter
1638 4380 1735 4420 eos
1759 4379 1894 4420 con-

303 4455 538 4525 ciliaret,
571 4455 714 4526 quod
744 4453 1121 4510 tribulationes
1145 4454 1201 4509 in
1230 4454 1427 4524 quibus
1483 4470 1580 4525 pro
1639 4452 1898 4510 ﬁdelitate

298 4544 450 4598 sedis
479 4543 792 4615 apostolicae
824 4544 1124 4599 desudabat
1158 4543 1457 4614 mitigaret,
1490 4542 1638 4615 quod
1673 4559 1796 4598 eum
1828 4543 1896 4598 ad

293 4631 691 4688 sublevandum
724 4633 778 4687 in
800 4632 997 4705 Anglia
1030 4631 1350 4687 Christiana:
1382 4631 1665 4702 religionis
1686 4632 1894 4688 cultum

1998 3657 2076 3711 illi
2102 3665 2155 3712 et
2183 3657 2327 3712 illius
2357 3664 2578 3726 possent
2607 3656 2728 3728 regi
2758 3657 3000 3715 deferre.
3031 3658 3232 3714 lvimus
3259 3675 3394 3734 ergo
3441 3663 3587 3730 illuc,

1995 3755 2049 3802 et
2078 3746 2323 3816 sequenti
2356 3745 2443 3800 die
2462 3744 2768 3801 veniuntad
2793 3746 2940 3801 illum
2971 3762 3110 3818 pene
3136 3763 3328 3804 omnes
3348 3752 3592 3824 episcopi

1995 3835 2224 3906 Angliae,
2241 3835 2350 3904 qui,
2370 3835 2657 3904 praemissa
2672 3850 2806 3905 pace
2835 3835 2936 3903 sui,
2952 3836 3282 3904 pedetentim
3304 3841 3598 3911 explorare

1999 3923 2206 3995 agressi
2235 3932 2362 3977 sunt
2389 3932 2567 3979 utrum
2597 3924 2781 3994 aliquo
2812 3923 2974 3979 modo
3004 3925 3158 3979 illum
3190 3926 3259 3982 ad
3315 3928 3418 3984 hoc
3473 3930 3588 3984 illi-

1999 4026 2124 4067 cere
2153 4020 2391 4081 possent,
2423 4019 2481 4066 ut
2509 4012 2624 4081 ipse
2635 4012 2752 4080 jam
2783 4019 2861 4066 tot
2889 4027 2951 4067 ac
2981 4013 3140 4068 tantis
3167 4015 3592 4074 adversitatibus

2003 4109 2173 4168 actus,
2206 4100 2290 4155 vel
2321 4109 2465 4158 tunc.
2501 4101 2632 4154 data
2660 4100 2914 4170 pecunia,
2945 4102 3092 4172 regis
3137 4103 3428 4160 amicitiam
3484 4108 3594 4163 sibi

2003 4188 2335 4246 conciliaret.
2367 4188 2457 4243 Ad
2488 4187 2632 4259 quod
2665 4203 2788 4242 cum
2819 4187 2971 4243 illum
3001 4205 3153 4245 more
3182 4191 3342 4247 solito
3371 4193 3590 4250 inﬂexi-

2005 4279 2170 4334 bilem
2220 4276 2562 4348 reperissent,
2616 4275 2832 4332 tandem
2882 4277 3254 4347 hujuscemodi
3313 4284 3593 4354 questibus

2006 4384 2128 4424 eum
2184 4366 2527 4437 interpellare
2585 4366 2926 4435 destiterunt,
2983 4366 3375 4441 subjungentes
3433 4373 3587 4430 haec:

2015 4480 2035 4505 α
2072 4456 2128 4512 Si
2159 4470 2290 4527 ergo
2321 4471 2418 4526 pro
2448 4454 2802 4526 adipiscenda
2832 4455 3069 4511 amicitia
3109 4457 3279 4526 ipsius
3334 4460 3467 4515 nihil
3525 4463 3594 4520 de

2005 4545 2106 4602 tuis
2137 4544 2268 4600 dare
2298 4544 2415 4605 vis;
2444 4544 2551 4611 dic,
2583 4560 2840 4616 rogamus
2870 4552 2942 4612 te,
2967 4546 3358 4615 compendioso
3380 4565 3445 4606 ac
3463 4550 3598 4606 sim-

2002 4634 2133 4705 plici
2162 4634 2327 4691 verbo
2360 4634 2489 4706 quid
2520 4633 2651 4688 velis
2673 4634 2754 4686 σῖ.»
2788 4633 2908 4687 Ait:
2941 4656 2961 4682 α
2997 4633 3120 4688 Dixi
3141 4635 3297 4690 vobis
3311 4638 3427 4707 jam
3449 4641 3595 4712 quod

295 4722 609 4778 roboraret.
648 4722 822 4794 Super
851 4739 958 4794 quo
989 4721 1141 4777 multi
1182 4720 1275 4793 qui
1331 4720 1481 4792 prius
1540 4736 1607 4776 ex
1664 4721 1900 4777 adventu
2005 4739 2281 4793 nunquam
2312 4722 2532 4777 domino
2563 4737 2688 4776 meo
2718 4722 2860 4776 hanc
2890 4723 3277 4779 contumeliam
3293 4725 3506 4796 faciam,
3541 4739 3599 4787 ut

296 4809 471 4881 ipsius
502 4811 684 4883 magni
715 4828 809 4882 spe
839 4811 968 4867 boni
1001 4811 1336 4878 tenebantur,
1371 4810 1573 4881 oppido
1604 4810 1858 4865 admirati
1884 4829 1895 4865 :

303 4923 326 4949 α
363 4902 544 4972 Papae,
568 4901 835 4971 inquiunt,
859 4900 988 4970 quid
1018 4899 1263 4955 dicemus
1282 4900 1311 4950 ‘2
1343 4898 1398 4955 Si
1429 4915 1614 4954 aurum
1638 4907 1689 4955 et
1706 4915 1897 4970 argen-

297 4994 412 5044 tum
453 4990 627 5044 Roma
683 4990 950 5061 praeponit
1000 4988 1246 5058 justitiae,
1307 4987 1440 5059 quid
1496 4987 1894 5056 subventionis,

2008 4811 2148 4867 facto
2177 4811 2404 4882 probem
2436 4810 2731 4865 amicitiam
2763 4811 2882 4879 ejus
2938 4827 3059 4868 esse
3086 4813 3352 4870 venalem.
3389 4817 3497 4874 Sed
3552 4820 3600 4875 si

2008 4917 2093 4955 me
2122 4900 2257 4955 sicut
2279 4899 2438 4954 debet
2467 4901 2683 4953 Patrem
2711 4915 2864 4953 suum
2894 4900 3007 4956 vult
3035 4901 3201 4974 gratis
3232 4903 3481 4977 diligere,
3544 4917 3598 4966 et

2011 4996 2064 5044 ut
2095 5004 2248 5044 more
2277 4987 2668 5058 archiepiscOpi
2697 4987 3128 5060 Cantuariensis,
3162 4992 3263 5048 sub
3293 4994 3601 5055 obedientia

300 5079 431 5150 quid
453 5077 688 5149 consilii,
740 5079 882 5148 quod
914 5076 1203 5134 salaminis
1233 5077 1308 5132 ibi
1366 5077 1624 5149 deinceps
1681 5077 1737 5133 in
1793 5092 1893 5132 sua
1920 5068 1978 5131 D
2010 5077 2214 5134 domini
2242 5091 2399 5148 papae
2428 5076 2631 5133 Urbani
2681 5076 2735 5132 in
2763 5079 2960 5151 Anglia
3007 5080 3189 5140 vivam
3244 5085 3599 5158 permittere;

1597 5228 2033 5286 HENSCHENII
2071 5227 2297 5284 NOTE.

372 5356 451 5426 (α)
481 5352 808 5412 Albanensis
837 5352 1097 5413 Ecclesiae
1118 5357 1417 5428 episcopus
1442 5372 1580 5412 unus
1601 5373 1669 5413 ex
1687 5364 1898 5428 septem

294 5443 729 5516 collateralibus,
763 5461 977 5505 summo
1021 5445 1261 5518 pontiﬁci
1316 5445 1588 5518 prapriori
1618 5445 1898 5519 dignitatis

291 5533 470 5609 gradu
505 5534 800 5594 subservit.

2079 5355 2152 5425 (ὁ)
2183 5352 2432 5409 Waltero
2463 5352 2587 5410 huic
2608 5352 2791 5426 legato
2811 5354 3093 5425 cardinali,
3142 5364 3268 5418 tunc
3295 5357 3374 5417 in‘
3407 5361 3606 5435 Anglia

2007 5443 2281 5513 existenti,
2314 5442 2472 5499 binas
2501 5443 2720 5512 scripsit
2752 5444 2816 5501 S.
2865 5446 3155 5505 AnSelmus
3187 5450 3333 5522 apud
3360 5451 3605 5522 Raynau-

2006 5533 2138 5591 dum
2163 5531 2263 5592 lib.
2301 5545 2385 5604 ιιι,
2419 5532 2683 5604 epistolas
2712 5536 2780 5591 25
2810 5541 2864 5592 et
2894 5537 2982 5592 26.
