3996 6084
436 215 535 271 391

1465 206 1784 266 EADMERI
1825 200 2382 263 CANTUARIENSIS
2421 204 2739 264 MONACHI

3641 208 3753 271 892

441 339 684 414 gratiose
712 335 1024 410 suscipiam,
1054 336 1213 409 eique
1242 351 1376 407 pace
1406 351 1467 391 ac
1488 334 1786 392 securitate
1834 330 2036 403 potitus
2063 326 2120 387 A
2140 330 2515 388 auctoritatem
2544 350 2556 387 :
2592 332 2738 389 unde
2765 348 2886 390 cum
2919 348 3108 390 omnes
3137 332 3350 391 silentio
3376 335 3552 406 pressi
3607 351 3750 393 cou-

441 429 580 485 sicut
608 427 829 484 domino
859 435 913 483 et
942 424 1058 498 regi
1086 440 1210 481 meo
1238 422 1470 479 ﬁdeliter
1499 431 1550 478 et
1578 429 1882 494 opportune
1946 419 2044 474 de—

445 517 706 574 serviam.
740 516 798 574 Si
827 516 931 570 hoc
959 530 1067 569 non
1090 513 1224 581 vult,
1258 512 1406 568 scitis
1436 512 1579 584 quod
1611 512 1665 567 in
1708 514 1856 567 hunc
1896 508 2044 564 diem

448 604 703 663 couvenit
733 606 873 659 inter
901 618 1025 657 nos.
1063 603 1166 657 Det
1194 602 1398 657 scilicet
1427 601 1562 656 mihi
1591 601 1912 656 conductum
1936 598 2044 652 do-

441 710 544 750 nec
571 694 637 749 ad
672 708 821 747 mare
851 691 1186 763 perveniam,
1219 696 1272 745 et
1302 690 1645 761 postmodum
1678 688 1823 761 quod
1841 686 2043 742 intelli-

448 799 573 856 gam
597 797 683 837 me
714 780 893 835 facere
923 779 1124 835 debere
1155 778 1371 834 faciam.
1423 778 1569 832 Nihil
1600 794 1668 833 ne
1717 776 1895 845 nobis,
1952 774 2043 829 in-

442 872 649 943 quiunt,
682 868 825 924 aliud
857 868 1012 924 dices
1036 869 1065 920 ‘l
1091 891 1112 917 ι
1149 866 1332 922 Refert
1363 884 1374 920 :
1441 890 1463 915 α
1499 866 1636 922 Hinc
1662 866 1818 933 nihil,
1862 862 2042 919 domi-

430 976 531 1015 nus
559 974 700 1030 papa
753 956 1026 1023 Urbanus,
1078 955 1247 1023 aiunt,
1282 963 1475 1027 rogatu
1506 955 1710 1011 domini
1741 952 1907 1008 nostri
1962 966 2043 1006 re-

428 1049 514 1121 gis
541 1047 735 1102 stolam
765 1045 842 1100 illi
867 1044 1370 1115 archiepiscopatus
1427 1060 1530 1115 per
1575 1043 1892 1114 episcopum
1951 1040 2041 1111 qui

430 1136 500 1192 de
529 1137 702 1192 Roma
730 1136 900 1202 venit,
934 1133 1157 1188 direxit.
1206 1133 1379 1187 Tuum
1409 1132 1574 1204 igitur
1626 1132 1729 1187 erit
1784 1130 2040 1187 conside-

432 1241 560 1281 rare
590 1224 719 1295 quid
750 1230 903 1279 tanto
961 1220 1229 1277 beneﬁcio
1285 1222 1512 1293 dignum
1572 1221 1691 1293 regi
1751 1219 2036 1291 rependas.

431 1313 592 1383 Quod
622 1312 767 1368 enim
800 1311 918 1366 sine
962 1310 1144 1365 multis
1178 1309 1436 1379 periculis
1484 1324 1795 1381 magnoque
1852 1308 2040 1363 labore

441 1412 604 1475 atque
634 1399 969 1457 constamine
997 1401 1077 1466 (α)
1099 1399 1343 1454 obtinere
1382 1412 1489 1453 non
1504 1413 1712 1470 posses,
1738 1413 1862 1452 ecce
1892 1396 2040 1451 nullo

430 1490 834 1547 interveniente
863 1487 1206 1560 gravamine,
1239 1487 1284 1541 si
1316 1488 1373 1541 in
1411 1495 1461 1542 te
1518 1502 1626 1541 non
1680 1485 2034 1552 ramanserit,

432 1577 620 1633 habes.
658 1600 680 1625 ιι
716 1578 895 1633 Sensit
927 1576 981 1629 in
1009 1575 1098 1630 his
1153 1575 1464 1642 Anselmus,
1496 1575 1662 1629 nimis
1717 1574 2036 1644 implicitum

2155 417 2453 489 ticuissent,
2485 429 2743 477 statutum
2775 430 2854 477 est
2882 430 2940 477 ut
2994 439 3027 477 a
3077 439 3185 496 quo
3240 423 3464 495 pallium
3521 425 3576 480 in
3634 429 3751 480 An-

2153 502 2267 573 glia
2294 504 2530 560 delatum
2560 515 2658 573 est,
2692 506 2763 561 ab
2792 506 2990 562 eodem
3033 506 3377 562 Cantuariam
3433 525 3601 581 super
3661 510 3752 564 al-

2154 597 2270 647 tare
2295 592 2589 648 Salvatoris
2618 594 2934 663 deferretur,
2967 601 3020 650 et
3050 596 3177 651 inde
3205 596 3277 651 ab
3306 598 3562 653 Anselmo
3593 598 3753 670 quasi

2151 678 2221 733 de
2253 696 2416 737 manu
2446 682 2590 737 beati
2622 684 2762 738 Petri
2817 700 2918 754 pro
2974 684 3202 753 summi,
3260 701 3367 756 quo
3397 685 3747 759 fungebatur,

2151 769 2495 838 pontiﬁcatus
2547 772 2768 840 honore,
2863 781 3181 828 sumeretur.
3266 775 3561 847 Acquievit
3631 775 3754 831 istis

2153 858 2438 915 multitudo
2468 862 2687 926 omnis;
2724 870 2776 915 et
2805 860 2859 915 in
2889 877 2998 931 quo
3026 861 3099 917 ita
3129 861 3306 930 ﬁeret,
3358 860 3611 933 praeﬁxas
3667 872 3755 920 est

2154 946 2288 1003 dies.

2225 1038 2346 1091 Post
2370 1038 2489 1092 haec
2520 1039 2832 1093 Anselmum
2865 1053 2898 1093 a
2949 1039 3103 1094 curia
3159 1039 3526 1095 discedentem
3580 1042 3755 1097 seculi

2151 1132 2271 1178 sunt
2300 1125 2539 1197 episcopi
2592 1127 2701 1182 duo
2750 1126 3015 1182 Robertus
3068 1128 3500 1183 Herefordiensis
3548 1130 3643 1201 (ὁ),
3699 1137 3759 1185 et

2150 1211 2457 1268 Osmondus
2477 1214 2959 1285 (c)Serberiensis,
2990 1217 3363 1286 penitentiam
3394 1217 3541 1287 apud
3599 1218 3754 1273 illum

2148 1310 2374 1373 agentes
2403 1318 2503 1372 pro
2534 1304 2695 1374 culpa
2724 1320 2837 1360 suae
2867 1304 3274 1377 abnegationis,
3300 1322 3462 1375 quam
3488 1322 3609 1361 cum
3632 1306 3756 1362 aliis

2147 1391 2487 1463 caepiscopis
2557 1393 2669 1447 suis
2726 1392 2967 1448 fecerant
3045 1394 3189 1464 apud
3271 1394 3747 1466 Rochinghebam.

2148 1477 2251 1547 Qui
2284 1480 2535 1535 misertus
2555 1495 2740 1536 eorum
2773 1480 3009 1536 absolvit
3038 1496 3133 1536 eos
3163 1483 3221 1536 in
3277 1482 3516 1552 quadam
3571 1484 3757 1540 eccle-

2146 1567 2306 1633 siola,
2340 1585 2462 1639 qua;
2492 1584 2551 1625 se
2591 1570 2748 1624 nobis
2775 1569 2968 1624 obtulit
3019 1570 3422 1626 ambulantibus
3474 1572 3761 1643 proposita

435 1666 711 1738 negotium
740 1666 1017 1720 actitatum
1058 1672 1243 1720 contra
1293 1681 1371 1733 se,
1427 1672 1479 1719 et
1545 1664 1791 1718 anxiatus
1846 1662 2036 1733 spiritu
2069 1681 2122 1741 Β
2149 1655 2255 1711 via.
2290 1656 2370 1711 lbi
2399 1657 2564 1712 etiam
2594 1658 2824 1714 Vilfrido
2847 1659 2926 1728 (ἀ)
2958 1659 3216 1730 episcopo
3247 1659 3433 1715 Sancti
3464 1661 3646 1716 David
3685 1662 3758 1718 de

438 1755 595 1811 dixit.
627 1778 649 1804 «
675 1755 721 1810 Ο
752 1753 1082 1809 beneﬁcium
1113 1754 1125 1807 ι
1159 1754 1317 1823 cujus
1357 1752 1644 1809 estimatio
1669 1767 1916 1822 quaenam
1975 1751 2045 1805 sit

444 1845 589 1916 apud
643 1859 756 1911 me,
813 1842 963 1898 novit
1014 1842 1277 1897 Dominus
1352 1841 1625 1912 inspector
1696 1840 2045 1896 conscientiae

441 1948 652 1989 meae.»
714 1930 1011 1986 Dixerunt:
1077 1953 1099 1978 α
1145 1928 1650 2000 Quomodocunque
1707 1929 1830 1984 facti
1886 1929 2047 1998 hujus

438 2022 713 2078 eXSecutio
742 2019 928 2075 sedeat
957 2018 1143 2075 animo
1172 2027 1282 2083 tuo,
1316 2018 1602 2073 laudamus
1633 2026 1684 2073 et
1714 2018 2045 2072 consulimus

440 2118 498 2166 ut
521 2110 711 2165 saltem
742 2107 887 2181 quod
916 2108 972 2161 in
1002 2107 1090 2161 via
1121 2106 1480 2179 eitpenderes,
1501 2106 1542 2160 si
1560 2122 1661 2177 pro
1690 2106 1797 2162 hoc
1816 2106 2043 2161 Romam

433 2200 560 2268 ires,
594 2198 832 2273 regides,
864 2211 951 2267 ne,
986 2197 1032 2251 si
1086 2195 1223 2249 nihil
1257 2195 1475 2263 feceris,
1507 2194 1735 2263 injurias
1758 2194 2041 2265 judiceris.

438 2288 555 2342 Nec
584 2288 688 2343 hoc
718 2285 963 2358 quidem,
997 2284 1091 2350 ait,
1124 2299 1227 2340 nec
1253 2284 1477 2339 omnino
1518 2282 1679 2352 hujus
1735 2283 1810 2337 rei
1865 2285 2043 2355 gratia

441 2375 739 2448 quidquam
759 2374 835 2429 illi
868 2372 1013 2429 dabo
1042 2372 1128 2428 vel
1164 2372 1377 2427 faciam.
1408 2372 1491 2426 Ad
1520 2371 1750 2426 nihilum
1781 2371 2039 2440 tenditur,

431 2465 610 2519 sinite.
645 2486 666 2511 υ
702 2464 968 2518 Praeterea
1009 2475 1127 2532 quae
1179 2469 1451 2537 quantave
1508 2476 1668 2531 super
1718 2460 1839 2514 istis
1894 2459 2041 2515 facta

436 2557 587 2621 sunt,
613 2566 867 2607 enarrare
896 2551 1066 2622 piget.
1100 2551 1223 2605 Post
1252 2566 1373 2621 quae
1402 2550 1585 2604 omnia
1613 2564 1733 2616 rex,
1781 2556 1840 2602 ut
1894 2548 2039 2602 dixi-

444 2657 588 2708 mus,
620 2640 925 2711 principum
956 2654 1176 2693 suorum
1234 2638 1465 2694 consilio
1524 2653 1672 2701 usus,
1726 2636 2040 2706 posthabita

438 2729 616 2786 omnis
666 2728 923 2798 praeteriti
981 2726 1199 2783 discidii
1254 2742 1437 2793 causa,
1497 2726 1753 2781 Anselmo
1807 2725 2039 2795 gratiam

442 2832 599 2873 suam
652 2816 818 2889 gratis
875 2815 1132 2883 reddidit,
1192 2822 1243 2869 et
1318 2814 1777 2884 quemadmodum
1838 2821 2039 2885 patrem

435 2907 591 2978 regni
617 2905 954 2976 spiritualem
986 2911 1041 2960 et
1068 2904 1385 2975 episcopum
1425 2901 2041 2974 Cantuariensem,quod

434 2994 518 3049 sui
549 2991 711 3049 ofﬁcii
735 2992 877 3048 foret
906 2991 1056 3046 illum
1081 3005 1296 3063 quaque
1324 3006 1423 3062 per
1476 2990 1729 3063 Angliam
1779 3005 2039 3046 exercere

434 3081 727 3139 concessit.
758 3079 915 3150 Quod
945 3096 1067 3135 cum
1106 3080 1263 3135 Pater
1292 3080 1470 3151 gratio
1497 3095 1561 3133 us
1614 3079 1927 3150 accepisset,
1986 3086 2042 3133 et

436 3170 652 3227 donatis
680 3169 805 3225 hinc
847 3170 975 3224 inde
1025 3168 1305 3225 retroactis
1360 3168 1612 3240 querelis,
1674 3168 1838 3224 curice
1894 3167 2039 3222 illius

441 3259 586 3330 apud
614 3258 1022 3315 Windlesoram
1081 3273 1142 3313 se
1196 3264 1600 3327 praesentasset,
1660 3273 1723 3312 ac
1786 3256 2038 3311 familiari

436 3348 681 3422 alloquio
711 3347 765 3402 in
794 3351 1087 3419 conspectu
1118 3361 1403 3419 procerum
1433 3355 1487 3401 et
1510 3346 1829 3402 coadunatae
1860 3345 2036 3400 multi-

440 3437 644 3494 tudinis
673 3437 852 3507 ipsum
882 3436 1223 3507 detinuisset,
1254 3451 1381 3491 ecce
1401 3436 1679 3490 Walterus
1707 3436 1801 3489 ille
1826 3435 2034 3490 Roma-

440 3543 546 3582 nus
586 3526 826 3580 advenit.
888 3527 1315 3597 Ingressusque:
1377 3526 1484 3591 En,
1538 3524 1711 3595 inquit
1769 3523 2033 3590 alludens,

430 3631 600 3689 quam
622 3616 828 3671 bonum
850 3617 907 3669 et
937 3628 1106 3685 quam
1118 3613 1441 3683 jucundum
1468 3612 1724 3669 habitare
1741 3614 1958 3683 fratres
1971 3614 2032 3668 in

430 3720 616 3761 unum
643 3702 826 3773 (Psal.
849 3716 1058 3768 cxxxn,
1083 3702 1162 3771 1).
1202 3701 1271 3755 Et
1294 3700 1492 3756 sedens
1519 3702 1588 3755 de
1618 3716 1751 3771 pace
1781 3701 2031 3773 quaedam

429 3808 498 3848 ex
526 3788 829 3846 Dominicis
855 3788 1035 3846 verbis
1063 3789 1301 3860 protulit,
1337 3789 1563 3843 laudans
1593 3804 1711 3843 eam
1740 3789 1879 3845 inter
1907 3789 2031 3845 illos

426 3878 729 3945 revexisse,
761 3893 922 3950 quam
952 3877 1421 3935 verecundabatur
1446 3893 1546 3933 sua
1575 3878 1841 3934 industria
1855 3886 2029 3934 satam

421 3968 479 4023 in
511 3968 589 4023 eis
616 3983 723 4023 non
749 3966 931 4023 fuisse.

496 4059 632 4113 Cum
662 4062 841 4112 autem
872 4057 941 4111 de
973 4055 1124 4127 pallii
1160 4056 1500 4129 susceptione
1529 4063 1798 4128 ageretur,
1831 4065 1884 4112 et
1904 4057 2026 4128 qui-

423 4149 552 4203 dam
580 4161 682 4217 pro
710 4145 982 4215 captanda
1012 4144 1160 4216 regis
1185 4146 1360 4217 gratia
1391 4147 1566 4201 virum
1594 4146 1662 4201 ad
1691 4146 1795 4201 hoc
1834 4146 2031 4202 ducere

416 4237 757 4303 molirentur,
791 4242 848 4289 ut
878 4249 978 4304 pro
1027 4234 1194 4307 regiae
1243 4235 1548 4305 majestatis
1590 4233 2025 4301 honoriﬁcentia,

415 4326 553 4381 illud
578 4340 677 4397 per
704 4339 921 4379 manum
976 4323 1121 4395 regis
1167 4324 1505 4394 susciperet;
1569 4339 1677 4379 non
1727 4324 2022 4395 acquievit,

2067 3034 2117 3098 C

2153 1745 2360 1813 Gualis,
2393 1746 2484 1817 qui
2516 1746 2681 1818 vulgo
2707 1747 2861 1802 Dewi
2894 1755 3130 1815 vocatur,
3160 1748 3283 1819 ipsa
3331 1749 3465 1805 hora
3516 1750 3758 1806 reddidit

2151 1834 2459 1905 episcopale
2490 1834 2750 1902 ofﬁcium,
2783 1850 2816 1890 a
2845 1852 2980 1907 quo,
3012 1837 3263 1909 exigente
3292 1838 3452 1909 culpa
3480 1839 3620 1909 ejus,
3636 1839 3756 1909 jam

2151 1931 2312 1979 antea
2339 1923 2567 1994 ipsemet
2596 1924 2753 1979 illum
2786 1926 3159 1996 suspenderat.

2222 2012 2435 2068 Deinde
2467 2013 2857 2069 Doroberniam
2897 2014 3325 2085 properavimus,
3369 2014 3481 2070 illic
3535 2016 3756 2072 adven-

2154 2109 2264 2156 tum
2316 2101 2546 2156 Romani
2587 2102 2825 2173 episcopi
2875 2102 3394 2173 praestolaturi.Qui
3457 2104 3755 2176 episcopus

2145 2189 2304 2260 juxta
2333 2192 2664 2259 condictum,
2697 2190 2785 2246 die
2842 2191 3145 2261 Dominica,
3206 2209 3328 2263 quae
3381 2201 3504 2248 erat
3561 2202 3757 2266 quarto

2150 2278 2275 2333 ldus
2300 2279 2443 2333 Junii
2474 2280 2640 2344 venit,
2672 2279 2899 2349 pallium
2930 2280 2985 2334 in
3014 2288 3269 2351 argentea
3283 2281 3512 2352 capsula
3541 2283 3756 2339 decen-

2151 2366 2357 2422 tissime
2385 2368 2657 2424 deferens.
2691 2370 2937 2438 Itumque
2967 2377 3049 2424 est
3102 2370 3323 2425 obviam
3379 2386 3411 2425 a
3465 2371 3758 2427 monachis

2149 2454 2204 2509 in
2234 2456 2349 2527 ipsa
2380 2457 2666 2526 metropoli
2695 2458 2823 2511 sede
2878 2458 3113 2513 Domino
3169 2458 3381 2514 Christo
3441 2459 3755 2514 famulanti-

2147 2544 2249 2599 bus
2278 2545 2547 2600 associato
2575 2546 2677 2600 sibi
2712 2546 2932 2601 fratrum
2983 2555 3253 2602 conventu
3311 2547 3506 2603 vicina:
3564 2547 3759 2603 beato-

2148 2650 2265 2688 rum
2297 2634 2666 2705 apostolorum
2695 2634 2833 2689 Petri
2866 2642 2917 2689 et
2965 2635 3111 2689 Pauli
3167 2634 3425 2705 abbatiae,
3459 2652 3580 2691 cum
3639 2653 3751 2692 nu-

2147 2739 2361 2779 merosa
2433 2723 2754 2779 clericorum
2807 2740 2910 2779 nec
2987 2740 3096 2779 non
3143 2724 3411 2779 immensa
3482 2726 3750 2782 laicorum

2148 2813 2347 2870 diversi
2378 2828 2538 2868 sexus
2567 2813 2746 2867 aetatis
2774 2812 3112 2868 multitudine
3138 2815 3232 2884 (θ).
3266 2815 3423 2869 Pater
3449 2813 3607 2868 etiam
3632 2814 3757 2886 ipse

2147 2900 2443 2973 episcOpis,
2471 2901 2561 2973 qui
2587 2902 2660 2956 ob
2690 2902 2791 2956 hoc
2822 2902 3169 2957 Cantuariam
3223 2911 3502 2971 venerant,
3556 2902 3756 2958 dextra

2148 2990 2390 3060 laevaque
2420 2991 2648 3061 stipatus
2692 3006 2756 3046 ac
2801 2998 3150 3060 sustentatus,
3208 3006 3364 3047 sacro
3420 2991 3566 3046 beati
3617 3006 3754 3062 apo-

2149 3080 2409 3134 stolorum
2442 3079 2700 3149 principis
2727 3081 2935 3135 muneri
2966 3080 3125 3135 nudis
3150 3080 3401 3150 pedibus,
3434 3080 3533 3136 sed
3579 3080 3752 3136 indu-

2148 3174 2233 3222 tus
2262 3169 2429 3223 sacris
2459 3169 2701 3223 vestibus
2729 3168 2956 3224 devotus
2979 3168 3231 3224 occurrit.
3267 3169 3384 3224 Tali
3440 3169 3753 3225 devotionis

2145 3257 2309 3325 cultu,
2343 3258 2564 3328 pallium
2620 3273 2784 3329 super
2841 3258 3011 3313 altare
3064 3258 3300 3313 delatum
3356 3258 3427 3313 ab
3480 3257 3751 3313 Anselmo

2144 3354 2480 3416 assumptum
2512 3354 2609 3413 est,
2644 3352 2805 3418 atque
2852 3347 2922 3401 ab
2978 3346 3234 3401 omnibus
3284 3362 3386 3418 pro
3443 3346 3751 3403 reverentia

2142 3437 2313 3490 sancti
2372 3435 2513 3490 Petri
2571 3436 2887 3507 suppliciter
2954 3436 3348 3492 deosculatum.
3399 3436 3622 3491 Indutus
3674 3451 3750 3491 eo

2138 3525 2388 3594 pontifex
2425 3524 2623 3580 dehinc
2653 3540 2893 3578 summus
2944 3525 3014 3579 ad
3070 3524 3396 3580 celebranda
3451 3524 3747 3580 missarum

2138 3614 2423 3680 solemnia,
2456 3629 2658 3686 magno
2683 3630 2807 3668 cum
2838 3615 3043 3670 honore
3072 3613 3357 3681 adductus,
3379 3614 3568 3670 altario
3592 3629 3746 3685 pre-

2141 3710 2404 3758 sentatur.
2436 3704 2514 3757 Ad
2548 3717 2709 3773 quam
2735 3702 2959 3757 missam
3010 3703 3232 3758 recitata
3282 3710 3362 3758 est
3411 3717 3509 3775 pro
3564 3701 3748 3758 oﬂieio

2139 3791 2310 3862 ipsius
2328 3791 2436 3846 diei
2466 3791 2559 3846 illa
2584 3790 2869 3863 Evangelii
2899 3790 3079 3857 lectio,
3113 3806 3277 3863 quam
3333 3791 3391 3845 in
3445 3805 3747 3847 consecra-

2138 3879 2288 3935 tione
2345 3879 2588 3949 ejusdem
2640 3879 2909 3950 pontiﬁcis
2955 3879 3192 3935 diximus
3264 3896 3427 3952 super
3478 3880 3747 3936 verticem

2137 3969 2257 4040 ejus
2286 3969 2580 4038 inventam,
2611 3969 2716 4023 hoc
2745 3978 2856 4023 est:
2889 3968 3071 4026 Homo
3092 3968 3321 4041 quidam
3349 3969 3488 4039 fecit
3517 3984 3745 4025 canam

2135 4073 2424 4129 magnam,
2463 4061 2519 4112 et
2550 4059 2769 4113 vocavit
2798 4058 3028 4125 multos,
3047 4061 3105 4113 et
3138 4057 3299 4113 misit
3315 4072 3539 4113 servum
3569 4072 3748 4113 suum

2137 4147 2275 4204 hora
2293 4146 2660 4202 cwnwdicerc
2676 4146 2944 4201 invitatis
2960 4146 3319 4215 utvenirent,
3338 4147 3470 4218 quia
3479 4146 3607 4216 jam
3626 4163 3743 4217 pa-

2134 4240 2264 4291 rata
2276 4240 2414 4291 sunt
2432 4235 2721 4290 omnia.Et
2739 4236 3213 4307 caeperuntsimul
3241 4250 3437 4290 omnes
3455 4250 3742 4291 excusare

2138 4325 2294 4395 (Luc.
2327 4340 2446 4392 xiv,
2480 4325 2590 4393 l6),
2624 4330 2730 4380 etc.
2761 4322 2918 4392 Quod
2944 4322 3021 4379 sic
3049 4323 3294 4380 evenisse
3325 4323 3600 4380 nonnullis
3628 4323 3739 4379 ad-

413 4388 808 4470 rationabiliter
836 4410 1132 4467 ostendens
1162 4413 1267 4467 hoc
1299 4412 1501 4468 donum
1532 4428 1639 4467 non
1689 4413 1758 4467 ad
1810 4413 2022 4485 regiam
2052 4388 2105 4449 D
2136 4413 2411 4467 mirationi
2444 4413 2564 4481 fuit,
2597 4412 2896 4482 praesertim
2928 4428 3053 4467 cum
3082 4413 3186 4468 hoc
3232 4412 3382 4467 nullo
3436 4412 3737 4484 praemedi-

415 4503 758 4576 dignitatem,
789 4500 883 4556 sed
913 4500 983 4556 ad
1016 4499 1353 4571 singularem
1383 4500 1529 4556 beati
1563 4500 1704 4555 Patri
1754 4501 2023 4571 pertinere

2131 4510 2297 4572 tante,
2325 4502 2481 4558 nullo
2510 4501 2904 4574 praeordinante
2960 4502 3260 4557 constiterit
3313 4509 3513 4558 actum.
3573 4505 3736 4557 Atta-

1712 4596 2140 4656 HENSCHENII
2177 4600 2405 4657 ΝΟΤιΕ.

484 4686 565 4765 (η)
596 4691 887 4749 Teutonice
917 4691 1134 4763 hostem,
1166 4693 1338 4749 Gallis
1368 4696 1605 4761 coater;
1639 4692 1867 4749 barbare
1892 4711 2025 4751 con-

413 4784 573 4838 stare
600 4780 797 4837 dicitur
821 4796 834 4836 :
866 4780 994 4837 hinc
1023 4786 1377 4851 comtamen,
1411 4797 1669 4853 expensas
1694 4789 1744 4837 et
1774 4791 2022 4853 sumptus

408 4870 666 4926 faciendi.

483 4961 556 5033 (ὁ)
587 4961 947 5018 S.Wulstano
964 4960 1314 5017 charissimus
1362 4960 1461 5015 fuit
1488 4960 1576 5017 hic
1610 4960 1885 5017 Robertus
1905 4961 2015 5016 He-

410 5049 751 5107 rifordiensis
778 5051 850 5107 ab
907 5066 1100 5122 eoque,
1162 5065 1305 5105 anno
1363 5051 1501 5105 1097
1550 5058 1781 5117 mortuo,
1850 5049 2013 5104 etiam

407 5139 527 5211 ipse
549 5140 857 5196 admonitus
887 5141 957 5194 de
1002 5138 1305 5209 prapinqua
1349 5146 1523 5195 morte
1578 5155 1692 5207 sua,
1752 5138 1858 5193 hoc
1914 5154 2013 5194 suo

411 5230 571 5301 lapsu
604 5229 899 5287 declaravit
939 5244 1100 5297 quam
1160 5228 1228 5282 sit
1276 5226 1495 5283 diﬁicile
1549 5244 1659 5283 non
1714 5226 2011 5297 aliquando

409 5318 535 5376 laedi
566 5334 690 5373 eum
719 5318 812 5388 qui
841 5314 1042 5388 pendet
1078 5316 1147 5371 ab
1173 5315 1323 5371 aula.

479 5408 556 5479 (c)
586 5406 734 5461 Alias
753 5404 1194 5464 Sarisouriensis
1215 5404 1329 5461 sive
1350 5405 1750 5463 Shcrbonemi:
1774 5426 1792 5463 ς
1815 5404 2011 5462 colitur

410 5504 592 5553 autem
623 5493 935 5552 Osmundus
962 5500 1020 5547 ut
1048 5501 1267 5549 sanctus
1298 5510 1355 5550 ιιι
1410 5494 1750 5550 Decembris.
1815 5493 2010 5552 Caeteri

409 5592 593 5644 autem
618 5582 1019 5655 novemdecim,
1050 5584 1143 5657 qui
1170 5583 1255 5642 sui
1272 5582 2009 5658 archiepiscoPiobedientiae

2131 4697 2591 4763 renuntiaverant,
2620 4695 2714 4750 ubi
2746 4696 2912 4752 sunt?
2942 4696 3007 4752 Hi
3037 4696 3262 4754 scillicet
3289 4697 3396 4753 duo
3425 4696 3526 4754 viri
3557 4699 3736 4757 sancti

2127 4786 2364 4858 primum
2393 4784 2748 4841 emendandae
2775 4800 2917 4842 noxa
2970 4786 3309 4843 occasionem
3362 4785 3558 4857 cupide
3606 4803 3735 4842 am-

2124 4875 2278 4946 plexi
2307 4881 2469 4937 sunt;
2504 4873 2669 4930 ceteri
2700 4889 2857 4944 quam
2906 4891 3097 4946 parum
3151 4882 3397 4932 curarent
3441 4888 3733 4932 censuram

2122 4962 2520 5030 commeritam,
2575 4963 2697 5034 ipso
2755 4962 3110 5019 absolutionis
3165 4964 3419 5035 petendas
3473 4964 3732 5037 neglectu

2119 5051 2299 5125 palam
2331 5050 2526 5108 fecere.

2188 5142 2268 5213 (ά)
2286 5141 2449 5196 Hunc
2460 5140 2782 5196 Willridum
2805 5141 3183 5199 Menevensem
3201 5143 3257 5197 in
3284 5142 3594 5200 Wallorum
3613 5145 3729 5199 An-

2113 5228 2329 5285 nalibus
2363 5226 2577 5299 Guilfri
2627 5229 2941 5299 appelatum
2998 5229 3189 5286 scribit
3245 5231 3585 5288 Godowinus
3639 5232 3727 5289 De

2116 5317 2389 5388 episcopis
2414 5317 2666 5390 Anglice:
2702 5316 2835 5373 obiit
2863 5320 3208 5375 annonis:
3257 5320 3328 5376 de
3379 5320 3499 5391 ejus
3552 5319 3725 5378 abso-

2116 5405 2321 5461 lutione
2360 5405 2489 5476 quid
2529 5406 2797 5462 censuerit
2846 5406 3130 5465 Paschalis
3159 5409 3207 5463 ll
3253 5408 3523 5466 indicatur
3575 5408 3726 5466 infra

2114 5493 2211 5549 lib.
2243 5511 2323 5551 ιιι.

2189 5583 2267 5659 (e)
2292 5586 2447 5642 Anno
2474 5599 2640 5657 supra
2665 5585 2904 5644 indicato
2922 5588 3083 5660 1096,
3102 5586 3284 5647 littera
3298 5586 3625 5648 Dominicali
3643 5589 3721 5654 G.
