4044 6074
244 298 344 358 393
1405 283 1730 345 HISTORIA
1760 272 2127 340 NOVORUM.
2150 313 2222 324 _
2243 284 2369 340 LIB.
2402 285 2470 343 η.
3455 292 3556 354 39;,

244 460 372 499 men
398 442 528 514 quid
558 441 782 513 quidam
809 437 940 494 inde
970 435 1222 502 dixerint,
1256 431 1387 503 quid
1425 429 1726 501 praconati
1769 426 1848 497 (a)
1878 408 1932 466 Α
2221 410 2673 514 disuﬂ’raganeis
2699 412 2834 514 suis,
2862 416 3072 514 Thema
3100 415 3351 514 videlicet
3380 421 3553 514 archi-

247 500 447 587 fuerint
502 500 683 586 dicere
749 500 1215 600 supersedemus.»
1252 500 1448 577 Verum
1493 535 1560 573 ex
1607 519 1691 573 his
1739 532 1859 586 qua
1966 500 2225 600 ξΡξδοοΡο
2242 500 2873 600 ξδῼξᾶοθοείιΜθυΐὶῐίο
2894 509 3556 581 θρίεοοροίιυηάουὶεηεὶ,

638 585 911 691 gestarum
959 615 1183 672 veritate
1230 626 1327 665 suo
1373 610 1517 677 loco,
1569 585 1859 677 adjuvante
1967 585 2203 692 2029*”.
2242 589 2603 661 TydfordenSi
2631 611 2723 649 seu
2770 597 3124 670 NOPWicenSi:
3174 608 3226 655 ει
3282 597 3592 655 δυῐιάυιῖσ

250 673 386 778 Beo,
420 673 687 774 dicemus),
732 707 917 777 palam
948 704 1048 759 erit
1103 701 1288 758 videre
1337 698 1458 768 ipsa
1522 695 1685 753 verba
1742 695 1860 748 Do—
1969 673 2226 731 Ποίῖθηδι·

253 798 385 854 mini
443 814 543 853 nec
596 797 774 867 primo
831 795 885 849 in
935 790 1339 849 consecratione
1395 787 1513 856 ejus
1568 799 1732 854 super
1794 797 1860 836 eo
2040 781 2122 836 Eo
2154 790 2397 854 tempore
2435 787 2697 845 Robertus
2725 808 2907 849 comes
2931 796 3342 854 Northmannia
3369 796 3426 852 in
3457 814 3560 854 ex-

254 903 384 941 casu
440 885 757 953 occurrisse,
839 898 940 937 nec
1018 879 1254 936 secundo
1312 877 1366 930 in
1450 871 1863 930 conﬁrmatione
1968 869 2302 938 peditionem
2361 875 2867 949 Jerosolymitanam
2924 884 3190 955 proﬁcisci
3246 886 3561 957 disponens,

254 977 431 1046 ipsius
479 971 896 1030 consecrationis
944 984 1126 1025 coram
1173 965 1378 1038 p0pulo
1429 964 1695 1018 incessum
1725 960 1865 1015 lecta
1970 957 2121 1013 fratri
2167 976 2264 1017 suo
2308 962 2628 1022 Willhelmo
2674 969 2789 1041 regi
2838 973 3067 1043 Anglia,
3112 974 3565 1032 Northmanniam

264 1066 612 1209 f“disgracato
666 1157 793 1221 post
847 1150 964 1204 hac
1016 1145 1276 1218 pradicto
1335 1141 1599 1199 Balduino
1640 1139 1695 1193 in
1749 1139 1864 1192 An-

268 1243 462 1317 gliam,
519 1248 573 1296 et
628 1240 789 1294 rebus
855 1238 1133 1308 aliquanta
1186 1248 1323 1305 pace
1379 1230 1587 1301 sopitis,
1622 1226 1766 1317 venit
1796 1226 1865 1317 ad

270 1315 585 1387 Anselmum
638 1327 861 1399 quidam
920 1324 1223 1379 monachus
1256 1319 1486 1375 cucnobii
1518 1316 1699 1374 Sancti
1766 1315 1867 1370 Al-

276 1421 426 1489 bani,
497 1420 715 1473 natione
763 1414 1128 1481 Hibernensis,
1188 1410 1406 1466 nomine
1462 1405 1707 1463 Samuel.
1772 1403 1872 1458 Hic

269 1509 527 1565 defuncto
548 1506 706 1561 bona
728 1503 1004 1559 memoria
1023 1502 1234 1556 Donato
1257 1496 1505 1553 Dublina
1540 1494 1614 1567 (ὁ)
1639 1492 1870 1549 civitatis

266 1598 548 1669 episcopo,
582 1612 614 1650 a
662 1610 791 1665 rege
836 1590 1127 1658 Ilibemia,
1158 1587 1492 1642 Murierdach
1526 1586 1596 1655 (ε)
1629 1583 1867 1651 nomine,

273 1702 444 1743 necne
474 1702 505 1740 a
534 1684 678 1739 clero
702 1691 753 1737 et
782 1680 986 1752 populo
1019 1681 1075 1733 in
1095 1680 1467 1748 episcopatum
1498 1673 1670 1743 ipsius
1691 1671 1871 1726 civita-

1972 1047 2149 1116 spatio
2182 1049 2338 1106 trium
2368 1068 2626 1111 annorum
2679 1060 2925 1127 pecuniae
2980 1062 3147 1134 gratis
3175 1064 3229 1118 in
3267 1064 3568 1121 dominium

1973 1136 2214 1192 tradidit.
2271 1140 2405 1208 Qua
2458 1145 2687 1212 pecunia
2740 1162 2839 1216 per
2888 1150 3137 1221 Angliam
3166 1153 3361 1222 partim
3416 1153 3572 1222 data,

1972 1225 2169 1292 partim
2199 1237 2403 1297 exacta,
2438 1239 2606 1286 totum
2628 1250 2854 1306 regnum
2876 1238 2931 1291 in
2951 1237 3280 1295 immensum
3320 1244 3568 1299 vastavit.

1973 1313 2118 1368 Nihil
2173 1317 2454 1374 ecclesiam
2509 1325 2837 1379 ornamentis
2890 1326 2946 1381 in
2974 1328 3077 1383 hac
3147 1338 3298 1399 parte
3361 1330 3582 1388 indulsit

1973 1401 2289 1460 dominandi
2346 1409 2630 1479 cupiditas,
2690 1412 2824 1467 nihil
2880 1416 3049 1470 sacris
3100 1417 3348 1473 altarium
3412 1421 3573 1487 vasis,

1974 1491 2105 1545 nihil
2162 1494 2509 1566 reliquiarum
2539 1500 2736 1570 capsis,
2772 1502 2905 1557 nihil
2952 1504 3375 1577 Evangeliorum
3419 1508 3573 1564 libris

1975 1597 2107 1637 auro
2139 1584 2223 1638 vel
2253 1596 2481 1657 argento
2510 1589 2731 1658 paratis.
2767 1590 3075 1649 Conventus
3102 1599 3184 1649 est
3212 1599 3265 1650 et
3293 1598 3580 1653 Anselmus

1976 1686 2075 1740 per
2102 1671 2158 1725 id
2215 1675 2489 1745 temporis,
2550 1688 2604 1732 et
2633 1686 2690 1733 ut
2745 1679 2861 1749 ipse
2893 1697 3105 1752 quoque
3133 1700 3355 1739 manum
3396 1686 3584 1742 auxilii

265 1776 335 1830 tis
362 1775 561 1831 electus
607 1781 705 1841 est,
738 1780 898 1841 atque
952 1769 1023 1823 ad
1079 1766 1398 1821 Anselmum
1448 1765 1603 1832 juxta
1659 1776 1864 1815 morem
1894 1768 1947 1826 Β
1977 1759 2057 1813 sui
2087 1761 2274 1815 intum
2331 1764 2639 1819 rationabili
2685 1783 2845 1823 causa
2874 1770 2992 1842 regi
3023 1772 3356 1840 extenderet,
3390 1790 3421 1828 a
3459 1775 3585 1845 qui—

265 1866 546 1934 antiquum
574 1860 867 1917 sacrandus
914 1874 1036 1913 cum
1068 1853 1339 1911 communi
1370 1854 1584 1907 decreto
1615 1850 1866 1904 directus.

273 1954 517 2022 Quorum
576 1948 823 2006 electioni
871 1956 923 2002 et
976 1944 1224 2016 petitioni
1276 1940 1558 1996 Anselmus
1605 1954 1866 2006 annuens,

270 2042 551 2097 hominem
610 2036 922 2108 aliquandiu
978 2049 1164 2089 secum
1221 2028 1516 2086 honoriﬁce
1571 2028 1867 2094 detentum,

269 2146 442 2186 necne
511 2128 744 2200 qualiter
796 2125 853 2180 in
915 2124 1079 2178 domo
1138 2121 1236 2176 Dci
1293 2116 1597 2175 conversari
1653 2116 1875 2171 deberet

269 2219 563 2291 diligenter
585 2217 923 2282 instructum,
980 2217 1192 2281 sumpta
1250 2208 1319 2264 ad
1374 2223 1437 2262 eo
1493 2206 1562 2261 de
1616 2204 1873 2260 canonica

270 2306 614 2378 subjectione
666 2319 764 2359 sua
794 2318 861 2357 ex
891 2301 1111 2370 antiquo
1166 2314 1317 2353 more
1347 2294 1703 2366 professione,
1733 2310 1873 2364 pro—

270 2396 444 2452 movit
474 2396 531 2449 in
560 2393 905 2464 episcopatus
935 2388 1174 2445 officium
1202 2385 1520 2455 Wiptonia,
1565 2391 1757 2439 octava
1787 2381 1875 2437 die

277 2482 662 2554 subsequentis
692 2481 918 2535 Pascha
945 2478 1046 2548 (ά),
1099 2474 1528 2530 ministrantibus
1558 2472 1662 2527 sibi
1692 2472 1747 2525 in
1776 2473 1880 2526 hoc

268 2573 451 2631 ofﬁcio
482 2580 713 2643 quatuor
740 2567 1016 2639 episcopis
1031 2563 1386 2636 suffraganeis
1415 2563 1543 2617 suis.
1579 2561 1684 2630 Qui
1704 2576 1878 2615 novus

266 2662 520 2734 pontifex
552 2659 683 2715 tanti
728 2656 992 2728 principis
1046 2653 1440 2719 benedictione,
1473 2668 1536 2706 ac
1578 2651 1877 2704 litterarum

270 2751 509 2823 prafato
540 2748 677 2820 regi,
711 2747 853 2801 clero
906 2759 1123 2815 quoque
1181 2756 1246 2797 ac
1273 2740 1420 2811 plebi
1466 2734 1738 2794 Hibérnia
1769 2752 1872 2807 pro

270 2837 589 2896 testimonio
648 2851 757 2891 sua
804 2831 1229 2889 consecrationis
1260 2831 1578 2900 scriptarum
1611 2826 1883 2897 astipula-

271 2929 421 2984 tioue
454 2927 762 2989 roboratus,
808 2924 863 2976 in
916 2922 1142 2993 patriam
1204 2935 1355 2974 suam
1405 2934 1528 2972 cum
1569 2915 1772 2988 gaudio
1803 2930 1882 2969 re-

270 3017 518 3083 vertitur,
548 3021 708 3085 atque
736 3012 791 3066 id
821 3011 1003 3066 sedem
1035 3024 1188 3064 suam
1227 3023 1348 3062 cum
1380 3009 1586 3062 honore
1644 3019 1743 3075 pro
1774 3019 1882 3058 usu

268 3105 568 3175 suscipitur
592 3111 765 3157 terra.

358 3194 590 3261 Eodem,
621 3192 726 3246 hoc
755 3196 836 3245 est
865 3188 1018 3243 tertio
1050 3202 1210 3256 anno,
1243 3184 1592 3256 pontiﬁcatus
1620 3181 1858 3237 Anselmi
1879 3232 1891 3244 ,

272 3284 480 3342 electus
536 3289 619 3336 est
676 3280 908 3335 Samson
940 3278 1009 3331 ad
1057 3276 1430 3345 episcOpatum
1462 3271 1721 3327 Ecclesia
1751 3271 1880 3325 Wi-

270 3371 583 3445 gornensis,
616 3377 668 3424 et
698 3366 960 3423 Girardus
978 3366 1129 3434 cujus
1158 3364 1227 3434 (ε)
1246 3378 1408 3432 supra
1427 3360 1789 3426 meminimus,
1817 3359 1886 3414 ad

276 3461 531 3533 regimen
559 3456 821 3512 Ecclesia
876 3451 1309 3508 Herefordensis.
1343 3449 1446 3518 Qui
1478 3466 1600 3504 cum
1630 3448 1685 3502 in
1732 3464 1889 3502 sum-

286 3566 423 3606 mun
479 3544 837 3617 promovendi
891 3542 1261 3597 sacerdotium
1292 3538 1360 3593 ad
1406 3536 1719 3592 Anselmum
1792 3551 1892 3605 pro

280 3654 437 3695 more
488 3635 775 3699 venissent,
809 3631 1146 3702 necdumque
1193 3643 1380 3684 omnes
1436 3626 1717 3680 inferiores
1743 3624 1891 3679 ordi-

290 3743 390 3783 nes
421 3724 755 3787 habuissent,
813 3719 1081 3776 ordinavit
1114 3733 1208 3772 eos
1257 3731 1356 3786 pro
1396 3713 1613 3769 instanti
1648 3712 1889 3768 necessi-

285 3824 418 3883 tate,
474 3812 544 3868 ad
604 3812 948 3865 diaconatum
1008 3815 1061 3862 et
1118 3805 1547 3876 presbyteratum
1605 3819 1791 3869 unum,
1840 3811 1893 3858 et

278 3904 453 3960 alium
483 3901 553 3956 ad
604 3898 1053 3970 presbyteratum,
1111 3894 1166 3948 in
1196 3892 1435 3949 Sabbato
1486 3890 1682 3961 jejunii
1713 3891 1890 3961 quarti

280 3991 512 4057 mensis,
546 3988 599 4043 in
631 3986 760 4043 villa
791 3984 972 4041 Sancti
998 3983 1194 4037 Andra
1223 3981 1292 4035 de
1323 3981 1643 4035 Bovecestra
1670 3980 1741 4050 (Γ)
1772 3996 1892 4049 quae

282 4095 466 4154 prOpe
498 4074 833 4131 Lundoniam
868 4073 989 4141 sita,
1020 4070 1281 4126 Lambeta
1310 4076 1548 4124 vocatur.
1577 4069 1639 4121 In
1662 4067 1891 4123 crastino

283 4178 469 4226 autem
501 4163 733 4222 sacravit
763 4178 855 4218 eos
884 4159 1178 4215 Lundonia
1207 4159 1261 4212 in
1320 4157 1452 4212 sede
1501 4155 1794 4225 episcopali
1823 4155 1891 4210 ad

291 4255 643 4331 pontiﬁcatus
698 4252 981 4319 honorem,
1047 4245 1483 4329 ministrantibus
1530 4243 1632 4298 sibi
1690 4243 1745 4297 in
1788 4245 1892 4299 hoc

1983 1848 2208 1904 busdam
2265 1852 2374 1906 suis
2431 1862 2509 1908 cst
2536 1855 2725 1910 amicis
2753 1856 3081 1914 admonitus.
3115 1861 3383 1918 Intellexit
3420 1863 3511 1919 ille
3539 1873 3593 1921 et

1981 1937 2204 1993 rationis
2261 1955 2381 1995 esse
2409 1949 2461 1995 et
2516 1942 2808 1999 honestatis
2836 1946 2939 2001 hoc
2966 1946 3168 2018 facere,
3200 1950 3297 2005 sed
3337 1951 3595 2023 prOpria-

1982 2042 2096 2080 rum
2154 2044 2333 2083 rerum
2415 2030 2671 2087 tenuitate
2735 2033 3074 2103 constrictus,
3136 2037 3279 2093 unde
3344 2039 3595 2113 expleret

1985 2116 2128 2185 quod
2175 2116 2481 2173 faciendum
2512 2121 2628 2176 fore
2676 2121 2912 2192 videbat,
2968 2141 3077 2181 non
3133 2126 3386 2183 habebat.
3456 2130 3595 2184 Usus

1984 2205 2152 2276 igitur
2179 2207 2401 2263 consilio
2433 2225 2756 2281 magnorum
2789 2212 3034 2268 virorum
3064 2214 3392 2271 Walchelmi
3433 2217 3594 2272 vide-

1986 2294 2112 2349 licet
2158 2296 2414 2351 Wentani
2444 2298 2736 2370 pontiﬁcis,
2795 2309 2849 2356 et
2922 2301 3236 2373 Gundulphi
3301 2303 3593 2374 Roﬁ'ensis,

1986 2399 2158 2439 necne
2215 2384 2464 2455 aliorum,
2497 2404 2727 2458 quorum
2757 2389 2811 2445 in
2857 2391 3079 2462 hujusce
3127 2393 3331 2466 negotii
3371 2395 3595 2453 consilio

1984 2488 2087 2542 par
2110 2473 2255 2528 credi
2296 2474 2661 2547 judicabatur,
2685 2478 2751 2534 de
2793 2478 3050 2535 thesauro
3080 2480 3326 2538 ecclesia
3355 2482 3595 2538 Cantua-

1989 2562 2182 2621 riensis
2233 2564 2429 2633 partim
2485 2565 2538 2619 in
2594 2581 2746 2635 auro,
2777 2567 2974 2637 partim
3023 2568 3081 2622 in
3121 2578 3370 2641 argento,
3412 2571 3598 2627 valens

1991 2651 2250 2706 ducentas
2307 2654 2518 2724 argenti
2574 2671 2783 2711 marcas
2831 2656 3151 2713 connivente
3202 2658 3401 2730 majori
3442 2669 3603 2730 parte

1992 2744 2287 2796 conventus
2312 2743 2543 2811 accepit,
2596 2743 2741 2813 quod
2788 2745 3016 2815 praefato
3047 2746 3162 2818 regi
3192 2763 3314 2801 cum
3344 2747 3450 2802 illis
3481 2764 3602 2820 quae

1993 2827 2063 2883 de
2091 2828 2201 2883 suis
2231 2830 2435 2886 habere
2490 2839 2701 2901 poterat
2749 2848 2848 2902 pro
2904 2833 3122 2889 instanti
3164 2836 3488 2892 necessitate
3542 2852 3598 2899 ut

1997 2917 2154 2971 rebus
2208 2919 2516 2974 consuleret
2568 2920 2774 2990 pariter
2841 2921 3083 2977 contulit.
3137 2923 3332 2979 Verum
3388 2923 3444 2979 in
3495 2924 3603 2981 hoc

1998 3004 2141 3060 facto
2179 3006 2383 3061 nullum
2440 3009 2851 3065 successoribus
2899 3010 3011 3065 suis
3065 3012 3211 3082 quod
3265 3012 3607 3068 imitarentur

1919 3123 1969 3186 α
1999 3094 2313 3166 exemplum
2345 3095 2610 3166 reliquere
2661 3098 2868 3167 volens,
2909 3114 3036 3154 mox
3066 3099 3396 3155 dominicam
3418 3101 3600 3157 villam

1997 3198 2172 3251 suam,
2207 3200 2326 3253 qua
2356 3185 2684 3239 Peccheham
2715 3193 2957 3246 vocatur.
3015 3188 3190 3258 spatio
3246 3196 3453 3258 septem
3504 3204 3599 3244 an-

1992 3286 2181 3326 norum
2246 3272 2493 3342 ejusdem
2525 3273 2781 3329 Ecclesia
2831 3275 2942 3343 juri
2987 3275 3274 3343 concessit,
3333 3284 3598 3346 quatenus
3677 3343 3684 3350 υ

1992 3376 2060 3414 ex
2088 3360 2390 3415 redditibus
2419 3361 2587 3431 ipsius
2618 3362 2781 3432 villa,
2815 3364 2903 3432 qui
2935 3362 3149 3418 circiter
3176 3362 3398 3435 triginta
3446 3364 3600 3420 libra

1991 3448 2333 3504 denariorum
2390 3449 2500 3504 illis
2559 3450 2750 3505 diebus
2802 3460 2991 3519 erant,
3066 3451 3279 3506 illatum
3328 3452 3593 3508 Ecclesia

1990 3536 2249 3591 damnum
2311 3538 2694 3594 restitueretur.
2751 3539 2817 3594 Et
2895 3540 3112 3610 quidem
3170 3540 3364 3597 eodem
3419 3542 3595 3612 spatio

1990 3624 2110 3695 ipsa
2140 3624 2384 3680 Ecclesia
2439 3627 2634 3682 eadem
2692 3628 2825 3683 villa
2880 3627 3051 3699 potita
3080 3636 3191 3694 est;
3224 3636 3278 3684 et
3324 3629 3482 3700 silva,
3540 3622 3611 3685 eti

1991 3713 2153 3779 villa,
2210 3722 2262 3768 et
2293 3715 2391 3769 toti
2450 3715 2691 3771 redditus
2746 3717 2861 3786 ejus
2890 3717 2948 3771 id
2978 3733 3121 3773 novo
3153 3733 3337 3788 opere,
3369 3720 3515 3789 quod
3556 3734 3590 3775 a

1989 3802 2185 3872 majori
2245 3810 2393 3859 turre
2447 3803 2503 3858 in
2561 3804 2834 3861 Orientem
2880 3806 3136 3873 tenditur,
3196 3822 3413 3880 quoque
3470 3808 3591 3878 ipse

1990 3890 2147 3945 Pater
2190 3892 2472 3947 Anselmus
2522 3893 2803 3949 inchoasse
2859 3894 3221 3967 dignoscitur,
3267 3905 3590 3967 consumpta

1987 3987 2128 4033 sunt.
2164 3980 2291 4035 Hac
2319 3996 2386 4035 ex
2416 3990 2583 4053 gesta
2613 3983 2691 4036 rei
2720 3982 2945 4038 veritate
2997 3983 3370 4054 proponimus,
3399 3992 3457 4039 ut
3485 4001 3583 4040 ora

1992 4067 2401 4137 obloquentium
2432 4071 2522 4139 qui
2552 4086 2721 4139 usque
2758 4071 2921 4126 hodie
2947 4071 3203 4126 Anselmo
3254 4072 3588 4143 depradatae

1993 4156 2252 4211 Ecclesia
2304 4157 2507 4212 crimen
2563 4158 2846 4227 intentant,
2915 4158 2959 4212 si
2991 4159 3104 4214 fieri
3134 4167 3331 4229 potest,
3365 4160 3587 4215 obture-

1991 4259 2128 4313 mus,
2161 4254 2405 4315 optantes
2433 4255 2696 4319 quatenus
2753 4255 2895 4302 tanto
2949 4248 3063 4305 viro
3123 4249 3407 4304 detrahere
3435 4249 3584 4304 desi-

1640 4356 2067 4413 HENSCHENII
2100 4360 2326 4417 ΝΟΤιΕ.

356 4471 433 4540 (α)
457 4470 804 4540 Ρνεεοηανε.-
821 4476 924 4540 pro
951 4455 1710 4540 p-rtgdicarc,suanpraconia
1751 4469 1884 4540 voce
1912 4459 1963 4518 D

282 4526 520 4604 edicere,
577 4538 766 4592 dixere
794 4526 993 4588 labenti
1022 4529 1337 4604 Latinitate
1378 4526 1883 4604 Hieronymusmalii

286 4596 423 4684 que:
484 4596 675 4680 postea
703 4603 1033 4684 praconari
1063 4600 1263 4656 invalui
1295 4600 1347 4653 in
1377 4598 1565 4684 eadem
1596 4596 1879 4677 signiﬁca.-

290 4675 436 4739 tione
456 4675 566 4735 z'ac
593 4675 810 4733 tandem
842 4675 928 4729 hic
955 4689 1073 4729 eam
1124 4686 1313 4728 vocem
1347 4676 1651 4740 usurpatam
1680 4675 1888 4721 invenis

288 4750 773 4827 pro,_p_raa:agirg.
1023 4815 1033 4824 ν
1122 4813 1133 4824 .
1384 4826 1387 4827 ν
1471 4810 1504 4827 __

365 4815 707 4895 (b)'Donnato
724 4815 1304 4895 Dubiinensi‘episcopo
1335 4815 1624 4895 constituto
1637 4815 1888 4895 postmo:

294 4879 658 4963 du‘m'scripsit
676 4888 961 4963 epistolam
991 4879 1099 4963 72,-
1113 4879 1349 4963 eumque
1381 4880 1719 4963 reprehendit
1736 4879 1882 4963 quod

299 4949 527 5021 allibros
541 4949 594 5018 et
622 4949 961 5030 vestimenta
996 4949 1076 5011 et'
1105 4956 1213 5010 alia
1262 4949 1584 5030 ornamenta
1640 4949 1883 5030 ecclesia

291 5041 435 5109 (qua
488 5034 744 5109 dominus
825 5027 1158 5109 Eanfrancgs
1232 5022 1887 5109 archiepiscopus_dedit

288 5092 563 5165 avunculo
619 5105 761 5174 ejus,
818 5100 1062 5174 domino
1094 5098 1304 5151 Donato
1325 5092 1614 5174 episcopo,
1646 5092 1715 5147 ad
1747 5107 1886 5161 opus

285 5179 578 5245 Ecclesia,
609 5167 693 5231 cui
724 5170 1153 5245 tua‘fraternitas
1179 5167 1464 5245 praesidet)
1517 5174 1571 5220 tu
1628 5179 1728 5245 pro
1753 5178 1884 5245 "vo-

278 5234 489 5306 luntate
520 5234 606 5303 tua
636 5243 887 5315 exponis,
920 5234 973 5295 et
1001 5256 1066 5315 ea
1094 5234 1364 5315 extraneis
1410 5234 1530 5315 das.
1569 5259 1592 5285 ιο
1629 5234 1881 5315 Traditur

280 5305 533 5379 Donatus
590 5305 731 5372 anno
787 5305 925 5372 l085
955 5327 988 5365 a
1015 5310 1281 5365 Lafranco
1348 5308 1650 5379 ordinatus,
1683 5305 1883 5379 abiisse

281 5376 429 5449 anno
488 5392 646 5444 1095.
700 5387 886 5458 Nepos
940 5389 1119 5437 autem
1146 5380 1269 5452 ejus
1299 5379 1519 5437 Samuel
1545 5378 1699 5444 obiit,
1734 5376 1880 5445 juxta

283 5460 902 5529 Waraaum,an.ll2l.
990 5526 1003 5529 Α
1078 5522 1092 5529 _
1186 5520 1221 5529 __
1457 5521 1469 5529 _
1559 5520 1574 5529 ,
1763 5517 1773 5527 ,
1848 5516 1858 5528 ,

352 5536 429 5604 (c)
463 5520 599 5604 Huic
627 5529 745 5601 regi
774 5522 1121 5604 Murierdach
1152 5520 1357 5604 aliquot
1384 5520 1642 5604 epistolas
1670 5520 1885 5604 scripsit

278 5591 722 5663 S.‘A’nselmus;'
741 5609 797 5656 et
855 5594 1130 5657 inscribitt
1168 5591 1582 5663 Muriardacho,
1640 5591 1880 5664 glorioso

278 5678 408 5752 regi
437 5674 749 5733 Hibernia.

534 5770 798 5860 Paeon.
837 5765 1068 5835 CLIX.

2063 4459 2139 4529 (ά)
2161 4461 2317 4514 Anno
2348 4459 2554 4516 scilicet
2583 4464 2741 4529 1096,
2773 4460 2860 4516 die
2890 4477 2960 4515 xx
2992 4460 3213 4531 Aprilis.

2048 4532 2121 4605 (ej)
2136 4531 2365 4605 Additur
2381 4531 2434 4584 in
2450 4546 2672 4605 excuso,
2709 4534 2872 4605 cujus
2884 4549 3061 4605 supra
3074 4531 3438 4605 meminimus
3458 4550 3476 4588 :
3492 4533 3588 4588 sed

1998 4602 2141 4655 nulla
2172 4602 2388 4672 uspiam
2419 4604 2619 4658 mentio
2687 4602 2893 4659 Giraldi
2934 4602 3044 4658 tcta
3097 4603 3321 4657 historia
3372 4619 3586 4672 prace-

1997 4674 2142 4746 denti
2167 4692 2177 4726 :
2214 4690 2346 4746 ergo
2367 4674 2457 4746 sic
2479 4675 2709 4746 corrige,
2741 4678 2799 4729 et
2827 4674 3099 4729 Giraldus
3129 4672 3322 4746 [nepos
3351 4675 3585 4730 Walke-

1995 4744 2091 4799 lini
2121 4744 2377 4799 Wentani
2408 4744 2667 4818 episcopi]
2691 4745 2853 4818 cujus
2873 4760 3047 4818 supra
3076 4744 3461 4818 meminimus.
3485 4746 3585 4818 Hic

1996 4830 2138 4870 anno
2170 4819 2300 4871 1101
2336 4823 2617 4886 promotus
2646 4815 2729 4873 est
2757 4816 2827 4870 ad
2874 4815 3401 4886 archiepiscopatum
3433 4816 3586 4873 Ebo-

1995 4902 2300 4944 111681188111.

2067 4962 2137 5033 (Γ)
2170 4959 2425 5033 Lambeta
2453 4965 2641 5033 notum
2671 4954 2849 5011 adhuc
2877 4972 3094 5033 nomen}
3140 4963 3285 5033 trans
3312 4956 3584 5033 Tamesin,

1995 5031 2049 5085 in
2079 5028 2305 5099 Surreja
2332 5029 2561 5083 Australi
2595 5029 2732 5097 ripa,
2765 5028 3000 5083 secundo
3020 5028 3090 5082 ad
3113 5030 3246 5083 urbe
3299 5028 3576 5084 milliario.

1995 5103 2115 5156 Alia
2143 5101 2300 5170 plura
2341 5100 2615 5168 dominia,
2648 5106 2704 5152 ut
2734 5100 3168 5171 Rochingeham,
3202 5099 3581 5171 Ilingheham,

1993 5172 2377 5245 Saftesberia,
2392 5187 2529 5245 qua
2544 5171 2661 5245 jam
2680 5177 2806 5245 ante
2820 5178 3194 5245 occurrerunt,
3222 5178 3281 5245 et
3301 5170 3462 5240 plura
3491 5186 3587 5245 se-

1995 5241 2229 5315 cutura,
2256 5241 2557 5315 potuissent
2601 5241 2881 5315 designato
2938 5241 3183 5296 locorum
3240 5242 3345 5296 situ
3401 5242 3587 5311 expli-

1995 5316 2140 5378 cari;
2181 5311 2470 5395 sti—opera
2522 5311 2759 5395 pretium
2816 5312 2991 5395 visum
3027 5320 3158 5395 Aesst
3206 5328 3392 5395 eorum
3423 5328 3589 5392 causa

1996 5394 2136 5443 totas
2162 5381 2375 5457 Anglici
2404 5381 2556 5457 regni
2607 5383 2813 5457 tabulas
2839 5383 3198 5457 perlustrare;
3230 5390 3284 5438 et
3306 5391 3471 5457 esset
3499 5381 3590 5451 qui

1995 5458 2211 5514 exoleta
2234 5453 2349 5527 jam
2378 5453 2741 5527 nominarubi
2760 5453 3084 5527 requirenda
3129 5453 3255 5527 sint,
3304 5453 3587 5510 indicaret.

1998 5528 2199 5585 Poterit
2222 5523 2411 5599 postea
2439 5525 2717 5585 curiosior
2745 5523 2941 5599 aliquis
2967 5526 3111 5581 hunc
3137 5523 3411 5583 defectum
3440 5538 3583 5595 sup-

1996 5600 2171 5676 plere.

3284 5738 3362 5807 18
