4044 6074
457 256 559 311 395

1564 244 1876 305 EADMERI
1906 242 2454 306 CANTUARIENSIS
2482 246 2799 307 ΜΟΝΑοΗί

3660 259 3765 313 396

465 386 620 449 nant,
652 393 719 434 ne
749 391 855 450 quo
884 391 963 443 se,
995 373 1140 447 quod
1195 372 1298 429 sibi
1326 388 1435 428 non
1462 370 1649 443 prosit,
1689 369 2059 453 peccati'vul-
2086 371 2146 435 A
2174 371 2379 428 bonum
2407 373 2466 429 in
2496 374 2752 447 gradibus
2806 376 3037 448 singulis
3062 378 3113 449 (ι
3143 379 3281 436 Tim.
3311 395 3389 448 ut,
3422 384 3570 453 2-7).
3612 383 3768 438 Hunc

463 485 594 526 nere
631 449 848 523 laedant.
880 465 1003 536 Ipso
1032 477 1213 535 quque
1269 468 1513 530 tempore
1559 459 1810 515 eamdem
1852 449 2065 516 Eccles-

469 557 612 624 siam
642 583 730 623 res
759 579 882 621 suas
910 562 965 617 in
993 559 1188 631 majori
1220 573 1376 629 quam
1408 556 1617 612 solebat
1654 556 1939 625 libertatm,
1969 572 2067 612 sua

475 657 756 715 sanctione
786 651 1040 720 deinceps
1066 647 1350 719 possidere
1371 645 1668 714 constituit,
1692 654 1746 699 et
1774 645 1880 700 alia
1904 661 2065 716 quae-

469 749 596 803 dam
626 759 745 815 quae
776 749 1142 797 antecessores
1171 737 1290 807 ejus
1320 736 1374 789 in
1399 733 1639 790 dominio
1679 749 1778 790 suo
1810 734 2069 789 tenebant

468 835 579 905 ipsi
635 829 894 903 Ecclesia!
948 835 1211 899 perpetuo
1252 825 1373 894 jure
1422 823 1752 895 possidenda
1780 822 2063 879 concessit.

471 925 568 980 His
599 920 746 977 brevi
777 934 874 992 per
903 932 1199 984 excessum,
1234 912 1351 982 sed,
1382 920 1438 968 ut
1466 928 1608 983 reor,
1640 928 1746 967 non
1777 910 2065 983 superﬂue,

471 1013 631 1069 dictis
660 1009 731 1067 ad
787 1006 933 1080 quod
992 1004 1259 1076 coepimus
1314 1010 1669 1057 revertamur.
1713 1001 1885 1073 Igitur
1910 1009 2070 1071 pacto

474 1104 614 1158 inter
642 1099 859 1167 fratres,
892 1110 1079 1169 regem
1108 1092 1358 1149 videlicet
1405 1090 1784 1147 Willhelmum
1833 1098 1887 1144 et
1912 1089 2074 1145 comi-

474 1202 583 1248 tem
611 1189 935 1255 Robertum,
969 1184 1038 1240 de
1081 1181 1307 1254 praefato
1355 1179 1578 1251 negotio
1608 1180 1774 1245 facto,
1807 1177 2070 1234 Willhel-

468 1297 590 1337 mus
613 1292 765 1333 mare
796 1273 1020 1339 transiit,
1054 1280 1107 1327 et
1137 1269 1386 1326 traditam
1413 1267 1515 1324 sibi
1548 1284 1580 1323 a
1607 1267 1844 1324 Roberto
1865 1268 2063 1323 North-

465 1369 741 1426 manniam
774 1378 884 1420 suae
915 1360 1108 1417 ditioni
1139 1357 1375 1430 subegit.

537 1456 659 1526 Quo
707 1468 830 1509 cum
860 1451 1251 1516 demoraretur,
1294 1463 1398 1501 rex
1454 1444 1749 1510 Hiberniae,
1782 1445 2068 1501 Murcher-

467 1547 657 1604 tachus
683 1540 921 1609 nomine,
954 1535 1326 1594 etDol‘naldus
1346 1535 1424 1606 (α)
1460 1534 1751 1604 episcopus
1769 1549 1894 1590 cum
1909 1540 2069 1589 caste-

468 1637 542 1692 ris
571 1630 867 1705 episcOpis,
901 1635 954 1684 et
983 1626 1182 1698 quique
1209 1622 1425 1679 nobiles
1453 1638 1575 1678 cum
1607 1621 1751 1677 clero
1782 1629 1836 1677 et
1861 1620 2068 1693 populo

2173 461 2332 516 nobis
2360 462 2590 534 petimus
2615 478 2648 518 a
2674 471 2853 520 vestra
2908 462 3229 536 paternitate
3267 469 3505 525 ordinari
3537 470 3766 543 pontiﬁ-

2173 564 2316 616 cem,
2378 559 2640 622 quatenus
2695 553 3022 625 regulariter
3048 555 3206 611 nobis
3234 574 3472 627 praeesse
3500 560 3676 615 valeat
3714 569 3770 616 et

2172 638 2454 710 prodesse,
2487 648 2539 694 et
2561 634 2659 696 nos
2678 642 2777 697 sub
2800 643 2919 713 ejus
2942 644 3206 716 regimine
3217 646 3504 702 salubriter
3530 650 3767 706 Domino

2174 727 2412 784 militare
2467 730 2753 800 possimus.
2810 732 2886 788 Ut
2941 737 3124 789 autem
3174 736 3416 790 omnium
3460 739 3767 794 nostrorum

2174 825 2296 871 vota
2354 818 2407 872 in
2454 818 2595 873 hanc
2650 820 2970 876 electionem
3027 824 3314 879 convenire
3342 827 3598 897 noscatis,
3639 828 3768 883 huic

2176 903 2400 962 decreto
2447 908 2711 964 canonico
2766 910 3175 980 promptissima
3216 913 3508 970 voluntate
3564 916 3765 989 singuli

2176 994 2428 1051 manibus
2484 997 2720 1067 propriis
2772 997 3094 1054 roborantes
3147 1000 3588 1072 subscripsimus.
3643 1004 3767 1078 Ego

2174 1083 2624 1141 Murchertachus
2650 1101 2747 1141 rex
2775 1086 3051 1143 Hiberniae
3105 1090 3420 1162 subscripsi.
3462 1092 3583 1164 Ego
3616 1094 3762 1149 Der-

2178 1172 2324 1226 meth
2354 1173 2483 1240 dux,
2536 1173 2702 1230 frater
2755 1176 2920 1247 regis,
2954 1176 3279 1249 subscripsi.
3314 1180 3430 1252 Ego
3460 1181 3767 1238 Dofnaldus

2176 1257 2436 1329 epicopus
2492 1259 2599 1315 SS.
2656 1261 2775 1333 Ego
2833 1262 3041 1316 Idunan
3097 1265 3384 1335 episcopus
3422 1266 3601 1323 Midiae
3648 1267 3756 1324 SS.

2175 1346 2295 1418 Ego
2326 1346 2546 1402 Samuel
2570 1349 2987 1406 Dunnelmensis
3024 1352 3311 1424 episcopus
3340 1354 3442 1410 SS.
3481 1352 3598 1427 Ego
3628 1357 3765 1412 Fer-

2174 1434 2511 1491 dumnachus
2540 1437 2938 1510 Laginiensium
2961 1440 3243 1512 episcopus
3272 1442 3371 1499 SS.
3400 1466 3424 1491 ιι

2246 1523 2691 1596 Subscripserunt
2737 1527 2821 1581 his
2845 1529 3015 1584 multo
3033 1529 3243 1599 plures,
3278 1546 3418 1602 quos
3448 1547 3547 1588 nos
3574 1532 3766 1590 brevi-

2178 1612 2272 1666 tati
2302 1613 2582 1669 studentes
2610 1622 2800 1670 notare
2827 1632 2934 1672 non
2966 1619 3327 1673 necessarium
3356 1620 3628 1676 duximus.

463 1700 640 1797 ipsiu—s
668 1700 860 1777 insulae
917 1715 1184 1771 miserunt
1240 1712 1456 1767 nuntios
1486 1725 1551 1766 ac
1606 1709 1815 1765 litteras
1845 1711 1919 1765 ad
1939 1712 2059 1765 An-
2089 1721 2188 1801 Β⁵
2248 1700 2419 1773 Igitur
2471 1703 2757 1812 a‘uselmus
2812 1706 3162 1807 considerans
3225 1717 3279 1763 et
3332 1708 3641 1812 intelligens
3667 1728 3769 1812 ecs

466 1790 715 1876 s-elmum,
741 1807 1138 1863 innotescentes
1167 1801 1217 1857 ei
1270 1800 1542 1856 civitatem
1574 1798 1895 1871 quamdam,
1926 1799 2071 1853 Wa-
2166 1790 2313 1859 justo
2344 1796 2399 1846 et
2426 1790 2577 1847 utilia
2606 1800 2812 1862 petere,
2840 1793 3084 1864 petitioni
3115 1812 3300 1852 eorum
3339 1797 3514 1853 libens
3553 1801 3765 1856 annuit.

465 1899 751 1960 taferdiam
781 1896 855 1968 (ὁ)
885 1891 1124 1962 nomine,
1158 1891 1211 1944 in
1244 1905 1348 1945 una
1380 1903 1596 1943 suarum
1653 1886 2063 1958 provinciarum

465 2008 619 2054 esse;
678 1987 765 2045 cui
814 1984 886 2041 ob
972 1995 1318 2037 numerosam
1402 1978 1606 2034 civium
1658 1974 2057 2032 multitudinem

462 2078 742 2153 expediret
817 2072 1131 2144 episcopum
1190 2067 1414 2134 institui,
1474 2065 1742 2137 simulque
1814 2073 2063 2136 petentes

457 2173 580 2244 ipse
633 2173 899 2238 quatenus
930 2160 1212 2232 primatus
1274 2172 1434 2228 quem
1483 2158 1645 2225 super
1697 2170 1793 2210 eos
1840 2154 2068 2227 gerebat

456 2270 740 2339 potestate,
773 2266 826 2315 et
855 2271 962 2330 qua
998 2252 1327 2325 fungebatur
1355 2248 1489 2305 vicis
1527 2249 2069 2339 apostolicaegaucto-

457 2336 636 2416 ritate,
668 2349 869 2406 sanctae
901 2339 1296 2400 Christianitati
1343 2355 1406 2395 ac
1455 2338 1776 2393 necessariae
1818 2336 2061 2407 plebium

454 2440 665 2501 utilitati
695 2433 1026 2494 instituendo
1056 2431 1134 2487 eis
1188 2427 1500 2501 pontiﬁcem
1556 2427 1889 2481 subveniret.
1939 2426 2059 2479 Jam

460 2533 607 2590 enim
647 2525 850 2585 saecula
903 2521 1071 2576 multa
1128 2517 1472 2583 transierant,
1522 2514 1577 2570 in
1641 2514 1835 2585 quibus
1862 2513 2057 2569 eadem

460 2620 653 2679 civitas
707 2615 914 2684 absque
958 2605 1302 2679 providentia
1344 2612 1398 2659 et
1428 2618 1561 2659 cura
1589 2602 1886 2672 pontificali
1915 2617 2051 2656 con-

463 2709 679 2775 sistens,
737 2718 836 2774 per
892 2699 1107 2755 diversa
1164 2692 1519 2789 tentationum
1549 2779 1561 2789 ⁸
1594 2690 1835 2789 pericula
1848 2690 2053 2789 “jacta-

461 2799 636 2853 batur.
685 2791 978 2862 Elegerant
1025 2787 1205 2839 autem
1258 2781 1405 2836 idem
1461 2779 1563 2849 ipsi
1593 2778 1646 2833 in
1675 2779 1781 2833 hoc
1808 2777 2045 2833 oﬁicium

461 2882 749 2957 quemdam
826 2892 937 2931 sua:
1030 2870 1212 2945 gentis
1290 2870 1488 2937 virum,
1565 2865 1875 2957 vocabulo,
1915 2866 2053 2920 Mal-

465 2953 653 3041 chum,
711 2980 944 3038 eumque
972 2958 1294 3017 sacrandum
1336 2974 1458 3012 cum
1513 2955 1786 3011 communi
1843 2953 2062 3010 decreto

2173 1878 2419 1934 Electum
2449 1894 2582 1952 ergo
2612 1880 2921 1952 pontiﬁcem
2953 1883 3244 1955 diligenter
3271 1885 3324 1940 in
3347 1886 3434 1942 his
3464 1904 3584 1960 quae
3610 1904 3766 1944 sacra

2166 1967 2321 2039 jubet
2376 1970 2663 2024 auctoritas
2718 1972 3108 2038 examinatum,
3173 1989 3241 2031 ac
3294 1976 3583 2032 multorum
3638 1994 3764 2033 cum

2171 2055 2297 2112 vitae
2327 2073 2441 2114 suae
2486 2060 2814 2129 testimonio,
2872 2060 3098 2133 dignum
3140 2062 3452 2135 episc0patu
3504 2082 3766 2139 compro-

2173 2144 2382 2215 batum,
2417 2156 2632 2218 sumpta
2661 2148 2732 2203 ab
2762 2164 2828 2205 eo
2858 2166 2924 2205 ex
2979 2167 3131 2207 more
3160 2152 3228 2208 de
3248 2152 3598 2224 subjectionis
3650 2171 3768 2211 sua

2122 2288 2129 2293 .
2178 2233 2496 2291 obedientia
2550 2237 2909 2309 professione,
2964 2240 3199 2295 sacravit
3279 2258 3403 2297 eum
3458 2240 3769 2299 Cantuariis

2172 2322 2360 2392 quinto
2408 2324 2495 2377 Kl.
2543 2326 2803 2394 Januarii,
2855 2327 3221 2384 assistentibus
3268 2338 3320 2386 et
3352 2332 3770 2403 cooperantibus

2169 2410 2271 2465 sibi
2328 2411 2383 2466 in
2444 2414 2547 2468 hoc
2577 2414 2874 2472 ministerio
2922 2432 3018 2473 suo
3067 2418 3278 2475 duobus
3306 2420 3575 2492 episcopis
3630 2421 3767 2490 suis,

2171 2499 2406 2556 Radulfo
2481 2501 2688 2558 scilicet
2762 2503 3083 2563 Cicestrensi
3154 2514 3207 2562 ct
3269 2508 3545 2565 Gundulfo
3627 2509 3772 2565 Rof-

2172 2588 2329 2643 fensi.

2244 2679 2371 2733 Post
2420 2679 2520 2735 bos
2576 2680 2692 2736 dies
2733 2698 2848 2752 rex,
2912 2683 3308 2742 Northmannia
3339 2687 3443 2743 sibi
3471 2687 3537 2742 ad
3578 2697 3770 2745 votum

2170 2767 2408 2823 subacta
2438 2775 2598 2839 atque
2627 2771 2911 2843 disposita,
2953 2774 3203 2847 Angliam
3235 2776 3391 2846 redit,
3425 2792 3490 2831 ac
3518 2777 3770 2848 interpo-

2172 2854 2276 2910 sito
2322 2856 2472 2927 parvi
2522 2859 2778 2930 temporis
2824 2861 3019 2931 spatio,
3079 2878 3240 2935 super
3286 2863 3591 2933 Walenses,
3676 2865 3771 2937 qui

2173 2952 2357 2999 contra
2416 2961 2538 3000 eum
2588 2958 2968 3017 surrexerant,
3019 2952 3312 3008 exercitum
3343 2952 3513 3023 ducit,
3565 2969 3775 3025 eosque

460 3075 531 3131 ad
558 3034 871 3126 Anselmurn
897 3058 1241 3117 transierunt.
1274 3054 1559 3110 Decretum
1593 3061 1766 3108 autem
1802 3053 1906 3108 hoc
1935 3058 2017 3106 est
2044 3066 2056 3102 :

2183 3041 2300 3103 post
2363 3035 2637 3091 modicum
2697 3038 2751 3092 in
2798 3039 3130 3096 deditionem
3182 3043 3427 3113 suscipit,
3511 3051 3561 3099 et
3635 3034 3790 3131 pace:

537 3186 559 3212 α
595 3156 875 3220 Anselmo,
907 3149 1006 3205 Dei
1053 3145 1239 3219 gracia
1292 3142 1589 3215 Anglorum
1618 3139 2058 3211 archiepiscOpo,

464 3252 640 3309 clerus
669 3254 722 3301 et
768 3239 1000 3314 p0pulus
1043 3232 1229 3307 oppidi
1298 3229 1677 3325 Wstai‘erdizr,
1761 3244 1882 3325 cum
1928 3242 2062 3325 rege

468 3330 899 3398 Merchertacho,
957 3334 1010 3382 et
1067 3322 1326 3395 episcopo
1376 3318 1669 3387 Dofnaldo,
1724 3316 1952 3373 salutem
2007 3316 2064 3370 in

468 3426 726 3486 Domino.
1150 3502 1153 3503 ν
1238 3470 1241 3475 .
1289 3500 1299 3503 _
1546 3497 1556 3503 _
1784 3494 1820 3503 __
1908 3493 1924 3503 _
1968 3501 1975 3503 ξ
2015 3493 2025 3503 _

549 3540 572 3568 ιι
600 3517 760 3571 Pater
789 3514 995 3577 sancte,
1029 3502 1256 3561 caecitas
1287 3497 1610 3571 ignorantiae
1628 3510 1741 3588 nos
1769 3494 1862 3588 diu
1892 3493 2066 3588 detri-

464 3609 648 3661 menta
694 3593 883 3651 salutis
936 3596 1136 3645 nostrae
1177 3584 1439 3641 sustinere
1486 3580 1688 3652 coegit,
1720 3580 1864 3650 quod
1893 3580 2069 3648 magis

480 3688 734 3763 eligimus
780 3679 1049 3737 serviliter
1104 3672 1391 3763 Dominico
1413 3670 1562 3763 jugo
1584 3667 1728 3763 colla
1755 3667 2069 3763 subtrahere

485 3755 649 3850 quam
678 3768 973 3828 liberaliter
999 3760 1260 3837 pastorali
1290 3758 1617 3814 obedientia:
1649 3755 1893 3811 subesse.
1914 3755 2072 3851 Nunc

475 3849 654 3924 autem
699 3866 957 3934 quantum
1012 3849 1253 3924 proﬁciat
1300 3855 1573 3918 pastorum
1621 3859 1803 3934 causa
1834 3849 2071 3916 agnovi-

477 3973 620 4023 mus,
652 3932 777 4008 cum
806 3944 1037 4003 aliarum
1088 3954 1273 3995 rerum
1330 3934 1711 3991 similitudines
1740 3932 1810 3988 ad
1838 3940 2074 4023 mentem

475 4018 819 4104 revocamus,
847 4033 971 4105 quia
1017 4030 1132 4085 sine
1174 4024 1456 4099 regimine,
1508 4039 1609 4078 nec
1652 4023 1923 4078 exercitus
1952 4018 2074 4076 bel-

477 4136 613 4200 lum,
646 4144 749 4186 nec
772 4124 926 4182 navis
953 4118 1221 4177 marinum
1252 4114 1415 4171 audet
1445 4120 1704 4169 attentare
1741 4110 2067 4200 periculum.

477 4219 750 4282 Navicula
788 4229 918 4286 ergo
966 4217 1168 4277 nostra,
1227 4202 1514 4296 mundanis
1566 4200 1745 4256 dedita
1799 4199 2075 4296 ﬂuctibus,

484 4310 604 4366 sine
661 4306 882 4377 pastore
935 4302 1125 4354 contra
1173 4289 1430 4347 callidum
1483 4288 1690 4342 hostem
1720 4300 1826 4377 qua
1869 4288 2080 4377 ratione

481 4372 779 4470 pugnabit?
832 4390 1131 4457 Propterea
1183 4395 1293 4470 nos
1318 4386 1390 4470 _et
1418 4391 1511 4430 rex
1543 4372 2077 4470 _noster_Mu_cherta-

480 4461 633 4555 chus,
675 4489 725 4537 et
756 4478 1042 4549 episcOpus
1097 4466 1423 4555 Dot‘naldus,
1470 4470 1520 4518 et
1543 4462 1797 4555 Dermeth
1835 4461 2078 4555 dux-no-

484 4547 630 4632 sier.
656 4547 825 4626 frater
878 4561 1046 4635 regis,
1086 4556 1339 4628 eligimus
1367 4554 1508 4608 hunc
1537 4550 1910 4622 presbyterum
1941 4547 2083 4604 Mal-

484 4665 668 4726 chum,
704 4648 995 4712 Walkelini
1049 4641 1426 4702 Wintonensis
1471 4639 1712 4736 episcopi
1752 4640 2082 4736 monachum

487 4725 663 4807 nobis
680 4737 1125 4801 suﬁicientissime
1153 4728 1730 4807 cognitum,natalibus
1746 4733 1805 4825 et
1830 4725 2083 4825 moribus

490 4837 751 4903 nobilem,
784 4827 1076 4904 apostolica
1123 4831 1177 4880 et
1202 4818 1570 4879 ecclesiastica
1598 4815 1879 4888 disciplina
1908 4814 2084 4869 imbu-

488 4939 623 4994 tum,
655 4924 760 4979 ﬁde
789 4917 1053 4977 catholica
1074 4912 1416 5002 prudentem,
1435 4907 2078 5002 moribus-temperatum,

487 5016 599 5073 vita
626 5019 853 5076 castum,
880 5005 1143 5072 sobrium,
1192 4999 1478 5067 humilem,
1528 4993 1823 5062 aﬂ'abilem,
1862 4993 2081 5047 miseri-

486 5103 729 5168 cordem,
791 5096 1107 5160 litteratum,
1154 5086 1502 5160 hospitalem,
1560 5098 1679 5139 sua:
1726 5080 1915 5137 domui
1942 5080 2084 5168 bene

2109 4431 2162 4492 D

2181 3121 2424 3193 undique
2463 3124 2665 3195 potitus
2728 3136 2826 3182 est.
2888 3128 2994 3183 Sed
3043 3130 3178 3201 quid
3207 3130 3236 3183 ‘2
3292 3129 3428 3185 Cum
3471 3133 3585 3202 jam
3616 3122 3787 3187 multi‘

2175 3218 2461 3279 sperarent
2481 3214 2623 3283 quod
2648 3215 2765 3271 haec
2783 3233 2889 3286 pax
2914 3218 3133 3273 servitio
3155 3218 3253 3274 Dei
3274 3219 3497 3276 deberet
3516 3220 3774 3291 militare,

2177 3306 2230 3353 et
2268 3299 2456 3355 attenti
2486 3312 2864 3374 exspectarent
2890 3305 3096 3377 aliquid
3125 3308 3311 3380 magni
3356 3324 3456 3379 pro
3506 3309 3773 3365 emenda-

2178 3386 2325 3443 tione
2354 3388 2793 3464 Christianitatis,
2850 3409 2915 3449 ex
2971 3394 3119 3468 regis
3151 3412 3398 3467 assensu,
3431 3398 3775 3469 arbiepisco-

2179 3492 2309 3547 pum
2341 3480 2712 3552 promulgare,
2771 3498 2897 3538 ecce
2925 3484 3039 3555 spei
3079 3485 3243 3556 hujus
3271 3493 3324 3541 et
3352 3487 3780 3558 exspectationis

2183 3564 2510 3623 turbatorias
2567 3568 2778 3625 litteras
2825 3587 2954 3639 rex,
3001 3588 3030 3627 a
3058 3572 3246 3629 Gualis
3292 3590 3564 3644 reversus,
3607 3576 3782 3632 archi-

2184 3654 2442 3726 episcopo
2471 3656 2711 3713 destinat
2742 3659 3011 3716 mandans
3041 3661 3095 3715 in
3151 3662 3261 3717 illis
3288 3678 3345 3718 se
3372 3679 3475 3735 pro
3506 3663 3779 3720 militibus

2188 3759 2325 3812 quos
2352 3744 2404 3798 in
2438 3747 2839 3816 expeditionem
2870 3766 3024 3805 suam
3081 3750 3301 3807 miserat
3357 3752 3532 3808 nullas
3578 3753 3629 3810 ei
3672 3753 3780 3809 nisi

2187 3832 2356 3888 malas
2410 3836 2612 3907 gratias
2666 3835 2886 3906 habere,
2946 3828 3013 3895 eo
3071 3840 3215 3911 quod
3244 3857 3347 3897 nec
3374 3842 3778 3912 convenienter,

2189 3921 2327 3978 sicut
2379 3925 2581 3995 aiebat,
2631 3927 2899 3999 instructi,
2958 3945 3057 3987 nec
3109 3931 3178 3985 ad
3230 3931 3376 3987 bella
3405 3931 3620 3988 fuerant
3672 3949 3783 4006 pro

2190 4013 2394 4084 negotii
2449 4015 2706 4086 qualitate
2756 4017 2955 4073 idonei.
3035 4019 3397 4092 Praecepitque
3449 4029 3507 4076 ut
3559 4012 3797 4092 paratus.

2193 4109 2331 4156 esset
2386 4103 2453 4159 de
2507 4104 2609 4174 bis,
2662 4106 2817 4177 juxta
2865 4105 3142 4177 judicium
3199 4108 3363 4163 curiae
3392 4124 3529 4179 suae,
3561 4110 3786 4168 sibimet

2194 4191 2575 4247 rectitudinem
2634 4194 2858 4265 faceret,
2918 4195 3350 4268 quandocunque
3386 4197 3488 4252 sibi
3542 4199 3787 4268 placeret

2191 4280 2318 4337 inde
2348 4297 2468 4336 eum
2500 4283 2798 4353 appellare.
2830 4285 2917 4340 Ad
2946 4301 3068 4357 quae
3084 4284 3396 4341 Anselmus:
3434 4308 3456 4334 α
3490 4280 3788 4358 Exspecta?

2191 4370 2390 4437 vimus,
2446 4371 2638 4442 inquit,
2671 4388 2882 4444 pacem,
2933 4381 2988 4430 et
3044 4389 3152 4431 non
3184 4382 3265 4430 est
3295 4374 3534 4438 bonum;
3567 4384 3786 4449 tempus

2190 4460 2509 4531 curationis,
2546 4468 2599 4517 et
2626 4476 2754 4517 ecce
2811 4461 3063 4519 turbatio.
3102 4486 3125 4511 ι
3159 4462 3306 4519 Licet
3335 4463 3481 4519 enim
3505 4463 3620 4533 jam
3651 4465 3786 4521 olim

2190 4548 2413 4605 sciverit
2443 4564 2503 4605 se
2533 4549 2723 4605 eodem
2756 4566 2884 4623 rege
2913 4552 3228 4622 superstite,
3259 4551 3314 4607 in
3340 4551 3536 4625 Anglia
3573 4551 3787 4613 Christo

2190 4654 2298 4694 non
2354 4637 2490 4694 adeo
2550 4638 3018 4708 fructiﬁcaturum,
3105 4648 3287 4696 tamen
3357 4639 3503 4712 quod
3559 4650 3790 4714 rogatus

2189 4729 2258 4784 de
2287 4727 2640 4791 subventione
2668 4727 3089 4783 Christianitatis
3125 4744 3518 4799 nonnunquam
3571 4731 3791 4789 solebat

2190 4817 2528 4889 respondere
2556 4831 2613 4871 se
2653 4823 2875 4888 propter
2918 4818 3103 4873 hostes
3131 4833 3267 4888 quos
3294 4817 3521 4874 infestos
3550 4818 3793 4876 circum-

2192 4923 2406 4979 quaque
2432 4904 2672 4960 habebat
2727 4920 2792 4961 eo
2818 4906 3104 4963 intendam
3142 4920 3252 4962 non
3282 4905 3484 4973 valere,
3511 4908 3626 4977 jam
3658 4915 3790 4968 tunc

2189 4997 2342 5052 illum
2370 5010 2506 5068 pace
2534 4993 2765 5066 potitum
2803 4995 3139 5067 wgitaverat
3162 5011 3334 5065 super
3370 4996 3473 5052 hac
3498 5012 3558 5053 re
3593 5012 3792 5056 conve-

2191 5085 2326 5155 nire,
2360 5092 2413 5140 et
2438 5082 2630 5139 saltem
2686 5082 2757 5138 ad
2785 5098 3108 5139 consensum
3155 5082 3390 5154 alicujus
3418 5083 3549 5140 boni
3573 5085 3789 5144 fructus

486 5188 858 5268 praepositum,
890 5198 1001 5240 non
1022 5173 1681 5251 neophytum,babenlem
1707 5167 2081 5226 testimonium
2191 5172 2524 5245 exsequendi
2552 5170 2751 5244 quibus
2780 5170 2956 5228 modis
2983 5177 3172 5244 posset
3191 5172 3508 5229 attrahendo
3535 5172 3784 5235 delinire.

550 5282 555 5285 ’
1731 5281 2160 5332 H‘RNSCHENII
2197 5273 2429 5332 ΝΟΤΛΕ.

550 5282 555 5285 ’
1731 5281 2160 5341 HENSCHENII
2197 5276 2429 5336 ΝΟΤΛΕ.

544 5379 2074 5514 [τιξῐληεέὶῖιτξοθὲὲξιξξξίῆξιίαὲδλζὲξηῖῖξξῗἓῗιοθίοιξέὲῑ

474 5462 1775 5626 E’Sii’lmcﬁf‘g'i‘ﬁitn“ina'ii‘fiiéewé$35533(’53
1800 5462 2072 5583 “33.3%

474 5631 805 5687 sanctorum.

2254 5375 2332 5446 (ὁ)
2357 5370 2581 5451 Rectius
2620 5369 2978 5451 γναιενίοάξα.
3004 5369 3113 5451 sub
3143 5368 3463 5451 Casseliensi
3506 5371 3785 5447 archiepi-

2181 5440 2351 5517 scopo
2388 5440 2519 5525 urbs
2547 5440 2874 5565 episcogalis
2902 5440 2957 5495 in
2986 5440 3296 5537 ‘Momonia,
3335 5440 3787 5543 prometwoﬁqg

2180 5513 2629 5589 commoditates?
2656 5512 2729 5589 ΙΨ
2768 5526 2824 5589 18
2849 5518 2989 5589 ρρες
3006 5511 3323 5589 Dublmtum
3354 5511 3469 5572 fere
3496 5531 3673 5589 prima
3690 5519 3787 5577 Ηιο

2084 5614 2087 5617 ·
2181 5586 2415 5658 herniae,
2444 5582 2519 5641 ad
2554 5582 2722 5640 Siurii
2759 5580 3007 5639 ﬂuminis
3040 5582 3259 5643 ostium.
