4044 6074
346 256 448 315 397

344 482 461 531 orta
486 478 567 527 est
595 467 844 523 instinctu
875 462 1125 534 maligni,
1155 478 1317 532 quam
1348 460 1482 527 dixi,
1507 475 1670 516 causa
1703 458 1939 527 discidii,

342 563 530 633 utique
575 573 685 613 non
727 571 795 610 ex
824 553 899 608 rei
930 552 1160 607 veritate
1178 550 1459 621 producta,
1500 549 1595 603 sed
1631 548 1700 603 ad
1728 563 1945 603 omnem

343 667 442 723 pro
491 650 607 704 Deo
637 643 894 715 loquendi
942 641 1144 696 aditum
1188 639 1440 694 Anselmo
1479 636 1945 692 intercludendum

346 738 615 796 malitiose
630 732 954 803 composita.
984 729 1142 798 Quod
1166 728 1255 782 ille
1284 728 1631 798 dignoscens,
1656 734 1708 779 et
1728 725 1949 793 insuper

345 834 537 886 cuncta
594 821 794 896 regalis
846 819 1009 875 curia:
1063 817 1272 887 judicia
1330 815 1568 886 pendere
1631 814 1703 868 ad
1759 821 1947 867 nulum

347 917 511 989 regis,
552 913 792 981 nihilque
826 909 879 963 in
918 907 1048 979 ipsis
1069 905 1167 960 nisi
1198 905 1372 960 solum
1414 903 1552 959 velle
1594 902 1738 956 illius
1767 899 1949 955 consi-

351 1004 527 1063 derari
586 999 883 1057 certissime
935 996 1126 1059 sciens,
1179 994 1434 1049 indecens
1485 989 1773 1047 aestimavit
1843 1004 1945 1061 pro

351 1092 503 1152 verbi
551 1087 823 1146 calumnia
878 1084 1245 1156 placitantium
1292 1097 1442 1137 more
1496 1080 1838 1146 contendere,
1895 1085 1949 1132 et

349 1181 595 1243 veritatis
631 1194 743 1233 suae
772 1190 991 1231 causam
1020 1172 1206 1229 curiali
1232 1171 1445 1243 judicio
1482 1170 1629 1241 quod
1658 1167 1806 1222 nulla
1836 1168 1948 1235 lex,

351 1273 501 1330 nulla
530 1268 775 1340 aequitas,
817 1264 968 1319 nulla
1020 1263 1157 1317 ratio
1196 1260 1491 1325 muniebat,
1524 1257 1943 1314 examinandam

352 1361 713 1419 introducere.
791 1352 980 1408 Tacuit
1044 1366 1176 1422 ergo
1247 1365 1347 1405 nec
1404 1347 1701 1420 quidquam
1761 1344 1949 1400 nuntio

350 1448 651 1522 respondit.
719 1447 979 1513 reputans
1042 1441 1146 1495 hoc
1201 1454 1373 1511 genus
1437 1434 1677 1491 mandati
1743 1434 1813 1489 ad
1888 1447 1953 1487 ea

353 1521 813 1614 perturbationum
870 1546 1067 1604 genera
1129 1528 1397 1598 pertinere
1463 1541 1584 1597 quae
1636 1524 1751 1594 jam
1818 1521 1947 1576 olim

355 1611 503 1699 saepe
541 1625 643 1680 sibi
678 1620 1069 1678 recordabatur
1094 1618 1264 1682 illata,
1297 1623 1349 1670 et
1379 1615 1503 1669 ideo
1541 1615 1644 1667 hoc
1680 1611 1853 1666 solum
1895 1617 1949 1664 ut

1445 228 1769 304 HISTORIA
1806 245 2171 305 NOVORUM.
2204 276 2273 287 -
2303 245 2429 317 LIB.
2461 246 2530 302 II.

342 384 452 441 Sed
493 397 561 437 ne
607 378 785 435 cordis
830 377 946 446 ejus
975 373 1197 429 aﬂ‘ectus
1238 372 1541 443 perveniret
1572 371 1643 425 ad
1664 369 1932 438 effectum,
1966 374 2018 432 A

3535 260 3638 314 398

2121 373 2425 444 Insequenti
2471 383 2648 429 autem
2703 391 2883 432 mense
2930 380 3176 451 Augusto
3207 396 3331 435 cum
3383 381 3451 435 de
3497 389 3635 438 statu

2050 462 2209 560 regni
2237 469 2465 562 acturus.
2483 478 2575 518 rex
2591 463 2892 536 episcopos,
2916 467 3161 536 abbates,
3195 472 3248 523 et
3279 485 3520 542 quosque
3548 487 3640 527 re-

2051 556 2144 648 gni
2168 565 2423 648 proceres
2536 568 2701 606 unum
2724 556 2979 624 praecepti
3010 556 3092 610 sui
3114 559 3392 614 sanctione
3422 561 3645 632 egisset,

2051 647 2122 707 et,
2150 639 2425 709 dispositis
2452 640 2537 693 his
2556 656 2677 711 qua:
2706 643 3051 699 adunationis
3082 645 3296 702 illorum
3328 663 3505 706 causae
3529 650 3643 707 fue-

2053 735 2190 791 rant,
2241 728 2372 781 dum
2421 728 2647 800 quisque
2686 730 2739 784 in
2768 747 2865 786 sua
2895 734 3158 803 repedare
3188 738 3492 808 sategisset,
3526 742 3642 795 An-

2057 817 2281 884 selmus,
2315 826 2507 888 coeptae
2538 820 2810 888 petitionis
2838 839 2947 878 suae
2976 838 3083 879 non
3113 824 3420 894 immemor,
3475 845 3648 902 roga-

2052 906 2133 959 vit
2174 921 2360 977 regem
2406 915 2667 977 quatenus
2707 911 2989 979 quaesitam
3030 912 3144 982 jam
3195 914 3324 968 olim
3374 916 3645 975 licentiam

2054 994 2139 1051 vel
2166 1002 2292 1050 tunc
2314 997 2553 1066 repetitis
2578 998 2838 1068 precibus
2865 1016 2974 1055 non
2994 1010 3243 1074 negaret.
3278 1003 3386 1059 Sed
3408 1009 3644 1065 secundo

2055 1091 2243 1155 negat,
2277 1085 2414 1139 sicut
2442 1085 2621 1155 primo
2654 1096 2897 1159 negarat.
2934 1090 3122 1145 Postea
3152 1101 3420 1149 conventu
3447 1096 3646 1166 soluto,

2058 1174 2113 1226 in
2143 1190 2332 1230 mense
2378 1173 2602 1230 Octobri
2633 1176 2932 1233 Wintoniae
2970 1178 3038 1233 ad
3075 1195 3261 1251 regem
3300 1197 3369 1237 ex
3397 1184 3651 1243 condicto

2057 1261 2329 1315 venimus.
2362 1264 2656 1317 Instantius
2688 1264 2866 1334 itaque
2889 1272 2993 1319 tam
3015 1282 3115 1337 per
3132 1282 3188 1320 se
3217 1284 3375 1338 quam
3397 1287 3495 1341 per
3516 1273 3651 1329 alios

2056 1365 2245 1421 regem
2273 1350 2523 1422 pontitex
2552 1359 2687 1420 orat,
2722 1362 2986 1424 quatenus
3010 1354 3153 1412 bono
3185 1356 3366 1414 animo
3394 1358 3495 1414 sibi
3526 1376 3653 1416 con-

2057 1439 2215 1493 cedat
2258 1439 2405 1510 quod
2436 1455 2492 1494 se
2534 1440 2650 1510 jam
2701 1441 2856 1497 tertio
2900 1444 3180 1512 postulare
3223 1448 3513 1505 necessitas
3559 1468 3657 1508 sua

2057 1527 2307 1599 cogebat.
2357 1528 2498 1582 Hinc
2526 1527 2618 1583 ille
2662 1530 2826 1585 taedio
2872 1529 3115 1600 affectus,
3166 1533 3348 1607 itaque
3385 1549 3659 1609 permotus

2060 1615 2166 1670 ait:
2215 1639 2237 1664 α
2286 1616 2581 1671 Conturbat
2628 1634 2734 1683 me,
2803 1627 2855 1674 et
2898 1619 3290 1693 intelligentem
3318 1642 3427 1681 non
3457 1644 3663 1686 conce-

354 1721 498 1776 Deus
564 1713 690 1770 talia
753 1710 967 1765 sedaret
1042 1705 1272 1777 supplici
1350 1704 1514 1759 corde
1597 1700 1942 1790 precabatur.
1974 1732 2026 1790 B
2060 1704 2296 1759 dendum
2356 1705 2473 1761 fore
2521 1707 2667 1776 quod
2704 1709 2954 1778 postulat,
3012 1727 3107 1765 sua
3164 1712 3402 1784 graviter
3446 1716 3658 1788 impop

352 1810 618 1865 Praeterea
681 1799 874 1857 videns
941 1796 1196 1852 ecclesias
1273 1802 1326 1849 et
1379 1789 1710 1847 monasteria
1786 1787 1945 1842 solito

2058 1793 2279 1848 tunitatc
2308 1794 2524 1866 fatigat.
2562 1795 2900 1868 Quapropter
2914 1797 3081 1867 jubeo
3114 1808 3171 1854 ut
3198 1802 3430 1873 amplius
3457 1805 3526 1860 ab
3556 1808 3663 1863 liu-

351 1898 494 1952 intus
549 1901 602 1948 et
658 1897 813 1946 extra
857 1887 969 1941 suis
1019 1884 1179 1940 rebus
1234 1880 1478 1953 spoliari,
1522 1893 1739 1935 omnem
1777 1877 1832 1930 in
1869 1875 1947 1930 eis
2048 1882 2293 1952 jusmodi
2321 1883 2572 1954 precibus
2609 1887 3091 1958 cessenctquime
3115 1889 3229 1959 jam
3259 1907 3405 1962 saepe
3425 1897 3640 1953 vexavi,

349 1985 672 2057 religionem
722 1974 1089 2041 exterminari,
1149 1986 1393 2043 quosque
1448 1966 1775 2024 secularium
1832 1973 1945 2019 tam
2048 1939 2219 2044 prout
2268 1939 2602 2041 ju‘dicabitur
2647 1939 2797 2028 mihi,

349 2053 584 2145 majores
654 2082 815 2139 quam
878 2064 1118 2118 minores
1190 2067 1458 2130 corruptae
1530 2057 1657 2113 vitae
1732 2053 1950 2109 semitas

349 2140 531 2219 tenere
576 2158 794 2223 multas,
844 2153 988 2207 mala
1033 2149 1233 2220 ubique
1279 2146 1413 2213 ﬁeri,
1464 2154 1516 2201 et
1541 2145 1641 2199 ista
1671 2144 1739 2197 de
1771 2141 1860 2195 die
1890 2140 1943 2193 in

349 2252 516 2318 diem,
559 2252 801 2303 cessante
842 2239 1152 2310 disciplina,
1193 2234 1538 2306 multiplicari
1570 2230 1941 2300 roborarique,

344 2315 633 2398 verebatur
658 2350 726 2389 ne
763 2334 882 2387 haec
909 2330 1011 2384 Dei
1048 2326 1257 2397 judicio
1296 2324 1398 2379 sibi
1428 2324 1628 2377 damno
1670 2320 1873 2385 ﬁerent,
1906 2315 1953 2370 si

344 2428 541 2500 quibus
598 2422 776 2478 modis
828 2424 1012 2489 posset
1056 2416 1136 2471 eis
1182 2414 1402 2470 obviare
1449 2427 1559 2467 non
1606 2408 1931 2463 intenderet.

346 2494 453 2573 sed
504 2512 727 2571 obviare
763 2509 866 2563 sibi
913 2504 1247 2576 impossibile
1307 2501 1550 2566 videbat,
1597 2496 1741 2568 quod
1790 2494 1952 2549 totius

347 2604 505 2678 regni
552 2599 855 2672 principem
905 2602 992 2650 aut
1022 2610 1087 2649 ea
1133 2592 1331 2659 facere,
1384 2596 1478 2644 aut
1506 2588 1583 2642 eis
1626 2586 1809 2641 favere
1837 2597 1954 2653 per-

345 2674 592 2766 spicuum
629 2695 761 2745 erat.
807 2685 987 2741 Visum
1020 2683 1199 2752 itaque
1236 2680 1340 2734 sibi
1388 2684 1466 2732 est
1495 2674 1870 2731 auctoritatem
1901 2676 1955 2725 et

347 2779 667 2840 sententiam
689 2773 1000 2848 apostolicae
1016 2770 1163 2826 sedis
1179 2783 1339 2839 super
1357 2767 1441 2821 his
1461 2772 1714 2835 oportere
1728 2757 1945 2829 inquiri.

421 2867 736 2940 Cumigitur
772 2866 825 2918 in
864 2865 1172 2918 Pentecoste
1189 2857 1292 2929 (α),
1326 2853 1631 2911 festivitatis
1658 2849 1835 2923 gratia
1854 2862 1943 2901 re-

351 2961 457 3034 giae
487 2937 652 3014 curia:
681 2970 738 3010 se
766 2956 1163 3025 praesentasset,
1200 2955 1252 3001 et
1280 2945 1463 3012 modo,
1504 2943 1641 2996 inter
1668 2937 1947 3010 pranden-

352 3027 504 3116 dum,
552 3044 719 3100 modo
762 3042 917 3108 alias,
962 3034 1435 3111 quemadmodum
1474 3027 1853 3101 opportunitas
1896 3038 1953 3078 se

352 3091 504 3116 ιιυιϊν
554 3091 716 3100 --νκν
762 3091 917 3108 ww":
969 3091 1059 3111 1—~
1510 3091 1567 3101 -.

348 3136 631 3201 oiferebat,
670 3140 869 3187 statum
908 3128 1070 3183 animi
1104 3124 1305 3197 regalis
1336 3122 1455 3193 quis
1496 3135 1629 3192 erga
1658 3116 1946 3175 colendam
1979 3091 2027 3155 C-

357 3226 668 3297 mquitatem
712 3227 851 3275 esset
895 3217 1132 3273 studiose
1175 3211 1541 3284 perquisisset,
1590 3221 1821 3277 eumque
1867 3204 1957 3275 qui

360 3292 492 3372 olim
541 3312 716 3366 fuerat
744 3305 1061 3364 omnimodo
1091 3301 1397 3374 reperisset,
1450 3297 1582 3352 nihil
1615 3295 1729 3366 spei
1770 3295 1838 3349 de
1868 3292 1959 3346 fu-

361 3413 481 3460 tura
508 3401 680 3472 ipsius
717 3395 1096 3453 emendatione
1133 3393 1187 3447 in
1227 3407 1291 3446 eo
1330 3389 1467 3444 ultra
1507 3385 1790 3441 remansit.
1837 3384 1959 3437 Per-

364 3493 498 3550 actis
521 3490 686 3563 igitur
700 3484 1067 3543 festivioribus
1097 3481 1305 3548 diebus,
1340 3479 1676 3533 diversorum
1705 3472 1959 3545 negotio—

361 3600 480 3638 rum
506 3562 684 3636 causaa
713 3577 766 3632 in
792 3575 1031 3631 medium
1065 3572 1187 3627 duci
1217 3587 1283 3625 ex
1314 3584 1464 3625 more
1478 3571 1773 3638 casperunt.
1809 3562 1964 3631 Quae-

362 3672 578 3727 rebatur
615 3668 778 3750 etiam
819 3680 926 3736 quo
973 3661 1191 3734 ingenio
1238 3658 1521 3730 praelibata
1566 3670 1728 3710 causa
1775 3659 1962 3707 contra

363 3760 656 3817 Anselmun
685 3741 777 3810 “sic
823 3759 1092 3825 ageretur,
1140 3756 1198 3805 ut
1225 3748 1397 3819 culpae
1442 3745 1693 3801 addictus
1742 3749 1828 3797 aut
1871 3741 1959 3794 in-

365 3856 580 3922 gentem
604 3845 719 3916 regi
742 3841 1024 3915 pecuniam
1046 3838 1329 3910 penderet,
1354 3842 1445 3891 aut
1465 3835 1533 3890 ad
1563 3830 1959 3904 implorandam

366 3934 800 3993 misericordiam
829 3931 947 4002 ejus
981 3936 1149 4000 caput
1178 3925 1411 3997 amplius
1440 3940 1548 3979 non
1577 3924 1874 3989 levaturus,
1906 3934 1963 3973 se

367 4035 537 4083 totum
579 4021 936 4094 impenderet.
983 4018 1192 4072 Interea
1237 4015 1545 4081 Anselmus,
1587 4009 1865 4066 accersitis
1894 4008 1964 4063 ad

365 4131 422 4171 se
450 4129 588 4185 quos
634 4110 852 4167 volebat
882 4108 949 4163 de
978 4104 1314 4177 principibus
1363 4103 1529 4174 regis,
1561 4098 1841 4155 mandavit
1868 4111 1967 4166 per

364 4220 458 4260 eos
487 4200 602 4274 regi
634 4216 691 4255 se
730 4212 942 4253 summa
970 4193 1285 4250 necessitate
1319 4190 1664 4247 constrictum
1694 4188 1835 4243 velle
1863 4201 1964 4256 per

367 4291 645 4348 licentiam
665 4286 837 4359 ipsius
853 4286 1080 4341 Romam
1105 4284 1202 4336 ire.
1228 4280 1307 4335 Ad
1328 4280 1475 4353 quod
1498 4279 1588 4332 ille
1608 4275 1960 4347 stupefactus,

370 4405 390 4429 ι
431 4381 815 4452 Nequaquam,
840 4373 932 4429 ait.
955 4372 1071 4427 Nec
1091 4371 1235 4426 enim
1254 4370 1405 4424 illum
1434 4366 1594 4422 alicui
1615 4365 1704 4420 tali
1741 4371 1962 4435 peccato

2062 2084 2083 2109 ii
2159 2061 2410 2115 Paratum
2486 2076 2573 2116 me
2642 2062 2819 2132 potius
2887 2064 3025 2119 sciat
3102 2065 3310 2122 ratione
3382 2072 3666 2130 ostendere

2058 2149 2203 2220 quod
2246 2149 2393 2218 justa
2445 2158 2589 2220 peto,
2649 2159 2703 2206 et
2768 2152 2914 2221 quod
2959 2152 3073 2223 ipse
3121 2155 3257 2210 mihi
3315 2156 3371 2211 in
3429 2159 3511 2214 his
3554 2177 3666 2217 non

2065 2238 2260 2292 debeat
2302 2238 2449 2308 juste
2479 2238 2864 2295 contradicere.
2904 2263 2925 2289 ι»
2974 2241 3304 2313 Respondit:
3347 2267 3378 2295 α
3414 2247 3671 2306 Rationes

2059 2342 2185 2380 suas
2215 2342 2327 2381 non
2377 2327 2603 2383 admitto
2652 2346 2664 2391 ;
2698 2328 2795 2383 sed
2825 2329 2869 2384 si
2911 2329 3086 2398 iverit,
3129 2348 3228 2403 pro
3259 2342 3405 2390 certo
3453 2338 3664 2394 noverit

2061 2416 2205 2485 quod
2235 2422 2401 2471 totum
2452 2415 2977 2488 archiepiscopatum
3024 2418 3083 2473 in
3128 2420 3436 2478 dominium
3484 2442 3665 2483 meum

2062 2504 2307 2575 redigam
2334 2519 2434 2560 nec
2451 2503 2605 2559 illum
2628 2521 2723 2575 pro
2738 2507 3145 2579 archiepiscopo
3166 2509 3306 2565 ultra
3324 2512 3605 2582 recipiam.
3637 2541 3659 2565 η

2063 2591 2197 2648 Orta
2227 2600 2306 2647 est
2333 2592 2500 2665 igitur
2527 2609 2595 2648 ex
2631 2594 2715 2648 his
2746 2596 2998 2666 quaedam
3023 2612 3223 2668 magna
3256 2606 3551 2672 tempestas
3574 2605 3659 2659 di-

2062 2682 2233 2738 versis
2257 2682 2484 2737 diversae
2512 2681 2654 2752 parti
2675 2681 3125 2739 acclamantibus.
3163 2685 3534 2751 Quamobrem
3550 2693 3660 2762 qui-

2063 2771 2191 2825 dam
2247 2770 2472 2841 permoti
2517 2775 2803 2825 suaserunt
2843 2771 2899 2826 in
2954 2773 3245 2829 crastinam
3293 2791 3407 2832 rem
3458 2778 3656 2851 diﬂ‘eri,

2061 2866 2342 2929 sperantes
2374 2875 2494 2913 eam
2525 2859 2632 2914 alio
2654 2860 2817 2915 modo
2850 2860 3051 2915 sedari.
3081 2865 3367 2919 Assensurn
3391 2868 3657 2925 estutrin-

2064 2964 2169 3019 que
2202 2947 2260 3002 in
2290 2947 2424 3015 istis,
2463 2954 2511 3002 et
2542 2947 2701 3003 divisi
2746 2949 3039 3021 hospitium
3089 2950 3312 3009 inimus.
3359 2955 3516 3011 Mane
3557 2974 3660 3013 au-

2065 3045 2172 3091 tem
2206 3036 2465 3107 regressis
2488 3053 2609 3091 cum
2631 3036 2685 3090 in
2715 3036 2837 3093 loco
2865 3046 2990 3108 apto
3014 3039 3359 3111 sedissemus,
3382 3059 3509 3101 ecce
3540 3048 3663 3118 qui-

2069 3125 2195 3179 dam
2238 3124 2478 3196 episcopi
2521 3141 2645 3179 eum
2691 3125 2960 3181 nonnullis
2988 3127 3324 3199 principibus
3355 3133 3426 3187 ad
3456 3136 3662 3191 Ansel-

2070 3230 2215 3269 mum
2243 3213 2515 3269 venientes
2544 3213 2795 3269 sciscitati
2820 3223 2944 3269 sunt
2972 3215 3108 3285 quid
3138 3233 3319 3274 secum
3350 3220 3417 3275 ab
3446 3222 3563 3278 heri
3595 3226 3664 3282 de

2070 3319 2231 3358 causa
2262 3302 2584 3357 tractaverit.
2627 3302 2813 3356 Dixit:
2857 3324 2879 3352 «
2913 3302 3034 3358 Non
3074 3320 3139 3359 ea
3169 3322 3226 3361 re
3255 3312 3501 3365 concessi
3539 3329 3663 3369 cau-

2068 3406 2181 3444 sam
2213 3390 2281 3444 de
2311 3405 2416 3459 qua
2444 3389 2604 3461 agitis
2632 3390 2884 3445 hesterno
2917 3391 3200 3461 induciari,
3233 3398 3388 3464 quasi
3435 3397 3665 3471 ignora-

2068 3478 2237 3533 verim
2270 3478 2400 3548 quid
2446 3477 2608 3532 hodie
2638 3477 2766 3532 inde
2807 3493 3163 3549 responsurus
3206 3482 3421 3556 fuerim,
3454 3488 3549 3543 sed
3595 3507 3664 3548 ne

2070 3566 2287 3621 viderer
2314 3570 2515 3621 tantum
2544 3582 2665 3621 meo
2696 3566 2883 3622 sensui
2905 3568 3144 3637 credere,
3175 3578 3233 3625 ut
3260 3587 3361 3627 nec
3379 3591 3487 3630 una
3508 3587 3668 3636 nocte

2069 3652 2138 3709 ad
2156 3654 2235 3708 sui
2259 3653 2654 3709 discussionem
2676 3654 2932 3726 dignarer
2949 3656 3175 3712 aliorum
3194 3661 3417 3718 consilio
3447 3666 3660 3724 cedere.

2068 3744 2228 3799 Nunc
2256 3759 2388 3815 ergo
2427 3742 2628 3797 sciatur
2657 3743 2803 3815 quod
2832 3743 2888 3798 in
2928 3746 3219 3817 sententia,
3252 3763 3358 3819 qua
3388 3750 3487 3821 fui,
3518 3770 3660 3825 sum,

2070 3840 2122 3887 et
2145 3832 2268 3887 ideo
2297 3847 2490 3902 precor
2515 3832 2806 3886 Dominum
2828 3848 3006 3888 meum
3028 3842 3291 3905 quatenus
3324 3838 3467 3896 bona
3487 3853 3667 3902 mente

2070 3929 2123 3976 et
2152 3920 2318 3976 alacri
2357 3921 2527 3989 vultu,
2567 3929 2623 3975 ut
2652 3937 2776 3976 eum
2813 3921 2987 3991 decet,
3021 3923 3152 3978 mihi
3194 3925 3467 3985 licentiam
3500 3950 3662 4003 quam

2070 4010 2283 4081 postulo
2328 4010 2437 4079 det,
2490 4009 2861 4064 indubitanter
2906 4011 3084 4065 sciens
3130 4015 3275 4082 quod
3322 4032 3483 4073 causa
3529 4038 3667 4080 mea}

2069 4097 2286 4165 salutis,
2311 4105 2363 4151 et
2392 4113 2555 4152 causa
2575 4105 2772 4152 sanctae
2794 4098 3230 4170 Christianitatis,
3264 4111 3316 4158 et
3343 4122 3473 4162 vere
3501 4125 3661 4167 causa

2071 4186 2154 4240 sui
2185 4185 2405 4240 honoris
2434 4191 2505 4241 ac'
2524 4184 2819 4256 profectus,
2848 4187 2896 4240 si
2931 4175 3157 4243 credere
3182 4190 3331 4260 velit,
3362 4194 3440 4251 ire
3470 4196 3660 4270 dispo-

2072 4290 2168 4330 no.
2216 4296 2246 4325 υ
2278 4273 2573 4329 Dixerunt:
2613 4294 2635 4325 ti
2668 4273 2722 4329 Si
2754 4273 2861 4328 alia
2890 4291 3011 4345 quae
3043 4276 3193 4332 dicas
3224 4279 3412 4349 habes,
3445 4287 3657 4355 profer.

2073 4365 2151 4420 De
2171 4363 2388 4419 licentia
2407 4378 2602 4434 nempe
2633 4378 2968 4433 supervacue
3008 4364 3268 4437 loqueris.
3292 4369 3413 4425 Non
3437 4373 3610 4435 dabit.
3641 4404 3661 4429 ι.

368 4468 666 4525 obnoxium
715 4463 1003 4527 credimus,
1053 4468 1109 4515 ut
1148 4472 1365 4515 necesse
1394 4456 1589 4511 habeat
1614 4454 1741 4508 inde
1770 4454 1966 4524 singu-
1994 4440 2047 4501 D
2082 4476 2105 4503 tt
2149 4453 2211 4508 Si
2241 4453 2392 4519 dare,
2424 4451 2517 4520 ait,
2548 4468 2658 4507 non
2689 4452 2823 4520 vult,
2865 4468 2970 4524 ego
2996 4454 3179 4524 utique
3206 4455 3353 4511 illam
3386 4476 3553 4534 super
3581 4483 3668 4525 me

369 4560 536 4613 larem
567 4552 850 4627 apostolici
873 4549 1268 4605 absolutionem
1289 4554 1489 4618 petere,
1514 4560 1614 4599 nec
1634 4544 1709 4598 ita
1736 4541 1965 4612 cujusli-

357 4646 450 4701 bet
497 4642 707 4700 consilii
749 4646 1025 4710 expertem
1066 4644 1260 4692 utnon
1289 4633 1468 4705 magis
1526 4631 1677 4686 illum
1726 4630 1965 4685 sciamus

365 4732 666 4805 apostolico
693 4745 855 4802 quam
899 4726 1259 4797 apostolicum
1290 4722 1401 4805 sibi
1424 4721 1480 4775 in
1512 4720 1692 4774 dando
1733 4717 1963 4774 consilio

364 4800 522 4894 posse
570 4800 910 4875 succurrere.
957 4837 978 4864 η
1023 4814 1210 4869 Relata
1256 4800 1403 4867 sunt
1421 4809 1675 4865 Anselmo
1725 4808 1865 4875 haec,
1918 4813 1972 4860 et

2070 4541 2335 4612 accipiam
2381 4540 2528 4611 quod
2570 4539 2827 4612 scriptum
2865 4549 2980 4596 est:
3013 4541 3244 4600 Obedirc
3293 4554 3509 4618 Oportet
3558 4556 3666 4613 Deo

2073 4631 2251 4702 magis
2272 4647 2439 4702 quam
2462 4628 2780 4685 hominibus
2802 4629 2949 4698 (Act.
2979 4646 3032 4697 v,
3054 4631 3161 4701 29).
3201 4651 3223 4682 ι
3258 4634 3347 4689 Ad
3370 4637 3486 4695 haec
3521 4642 3672 4699 Wal.

2075 4719 2318 4774 chelinus
2337 4719 2639 4773 Wentanus
2666 4717 2950 4788 episcopus
2970 4718 3232 4790 aspiciens
3259 4721 3316 4777 in
3343 4740 3467 4781 eum
3501 4729 3669 4790 dixit:

2082 4832 2104 4857 ii
2148 4808 2215 4862 Et
2237 4806 2455 4877 quidem
2484 4806 2737 4861 dominus
2767 4821 2919 4860 meus
2954 4822 3050 4862 rex
3080 4816 3127 4862 et
3158 4825 3416 4878 proceres
3444 4820 3525 4874 sui
3556 4839 3674 4878 cre-

367 4908 684 4981 respondit:
734 4929 757 4955 α
812 4907 1050 4960 Potestas
1079 4902 1132 4956 in
1162 4918 1325 4957 manu
1363 4916 1459 4954 sua
1499 4906 1596 4963 est,
1651 4896 1779 4951 dicit
1827 4895 1973 4966 quod
2079 4898 2213 4951 dunt
2235 4904 2286 4950 te
2306 4910 2423 4949 esse
2459 4894 2959 4966 hujusmodimoris
2977 4904 3159 4951 utnon
3182 4898 3344 4957 facile
3377 4903 3530 4962 abiis
3549 4927 3673 4983 qua}

368 4999 472 5054 sibi
512 4997 708 5069 placet.
741 4996 821 5050 At
848 4993 893 5048 si
925 4992 1091 5048 modo
1127 5006 1235 5047 non
1277 4989 1389 5047 vult
1420 4987 1738 5052 concedere,
1772 5000 1973 5040 conce-

372 5087 463 5143 det
482 5086 715 5142 forsitan
735 5083 841 5138 alia
860 5081 999 5140 vice.
1022 5081 1172 5152 Ergo
1191 5093 1384 5151 preces
1401 5074 1798 5145 multiplicabo.
1830 5096 1852 5122 a
1880 5072 1977 5127 His

373 5190 472 5248 pro
496 5173 714 5230 licentia
744 5170 925 5239 dictis,
951 5168 1129 5225 statim
1159 5166 1338 5224 omnis
1371 5162 1753 5221 commentatio
1783 5160 1978 5233 impla-

373 5262 577 5320 citandi
621 5259 916 5317 Anselmun
946 5270 1256 5328 compressa
1296 5253 1497 5311 omissa
1526 5259 1625 5320 est,
1658 5258 1711 5307 et
1738 5265 1837 5305 nos
1865 5250 1981 5305 im-

375 5367 567 5409 munes
592 5350 663 5407 ab
692 5349 785 5406 illa
821 5346 1041 5421 querela
1069 5344 1220 5403 curia
1252 5342 1628 5401 discessimus.

2082 4993 2226 5041 certo
2248 4983 2534 5054 incoeperis
2549 4983 2849 5039 movearis.
2889 4985 3085 5040 Verum
3118 4986 3173 5040 in
3222 4988 3325 5046 hoc
3355 4994 3562 5054 scilicet
3592 5010 3648 5057 ut

2083 5076 2267 5145 spreto
2316 5043 2446 5127 tanti
2492 5072 2838 5144 pontificatus
2873 5073 3076 5130 honore
3124 5043 3670 5145 simul—et'uiilita‘te:

2082 5164 2308 5218 Romam
2330 5168 2502 5233 petas,
2551 5177 2661 5217 non
2699 5160 2819 5218 leve
2864 5170 2943 5216 est
2991 5163 3217 5221 credere
3260 5132 3407 5239 quod
3426 5132 3676 5233 “stabilis

2086 5266 2350 5351 .maneas:
2388 5273 2410 5299 ι»
2444 5252 2511 5306 At
2540 5250 2632 5306 ille
2659 5250 2833 5307 sciens
2860 5251 3094 5307 animum
3128 5253 3256 5325 viri,
3286 5259 3474 5319 vivido
3502 5265 3677 5336 vultu,

2083 5339 2302 5395 intentis
2338 5339 2393 5394 in
2441 5355 2567 5396 eum
2614 5339 2802 5409 oculis,
2850 5340 3172 5413 respondit:
3217 5366 3239 5394 tt
3284 5345 3439 5407 Vere.
3484 5372 3506 5401 η
3560 5352 3680 5424 Quo

1684 5435 2115 5527 HENSCHaNiI
2151 5435 2388 5494 NOTE.

449 5573 531 5650 (α)
566 5572 724 5632 Anno
752 5572 914 5644 1097,
944 5576 1005 5629 ut
1030 5564 1177 5627 infra
1204 5548 1500 5626 indicatur.
