4044 6074
421 300 523 354 399

1410 282 1732 347 EADMERI
1778 281 2334 347 CANTUARIENSIS
2384 285 2709 347 MONACHI

3603 286 3710 347 400

410 422 579 491 dicto,
610 420 681 477 ad
730 434 915 491 regem
962 416 1169 474 reversi
1196 431 1315 488 quae
1355 415 1636 472 audierant
1679 411 1994 470 retulerunt.
2025 415 2078 477 A
2110 423 2257 471 tuum
2296 414 2637 472 reconciliari
2681 414 2963 486 sapienter
2990 423 3231 487 peteres,
3260 424 3313 474 et
3339 418 3561 491 adjutus
3591 433 3715 473 me-

406 512 557 583 Rege
577 509 745 582 igitur
769 506 997 564 consilia
1026 523 1127 562 sua
1154 505 1479 576 protelante,
1512 511 1565 560 et
1584 518 1803 559 summo
1832 503 2006 574 ponti-

404 599 507 656 ﬁce
553 614 675 655 cum
715 597 827 653 suis
892 595 1131 663 sedente,
1191 596 1426 651 occurrit
1473 594 1658 649 animo
1713 593 2006 663 episcopos

409 688 617 760 aequius
654 701 777 743 esse
822 684 1020 741 debere
1065 685 1124 739 in
1151 699 1248 740 suo
1279 683 1425 754 quod
1460 691 1580 739 erat
1624 681 1721 736 Dei
1752 698 1914 751 quam
1948 680 2006 736 in

400 777 627 835 consilio
673 774 819 847 regis
876 773 1090 830 terreni.
1149 772 1361 828 Mittens
1414 787 1547 844 ergo
1592 770 1858 841 praecepit
1909 785 2006 826 eos

403 866 586 923 venire
614 864 685 920 ad
714 880 791 919 se.
826 864 991 920 Erant
1018 869 1198 918 autem
1226 860 1283 916 bi
1310 860 1686 917 Walchelinus
1716 859 2006 929 episcOpus

400 952 819 1019 Wintoniensis,
890 951 1167 1008 Robertus
1241 949 1614 1015 Lincoliensis,
1691 947 2005 1005 Osmundus

403 1042 785 1109 Serberiensis,
807 1042 1039 1097 Joannes
1066 1038 1444 1096 Bathoniensis
1466 1037 1563 1108 (a).
1590 1036 1693 1105 Qui
1711 1052 1834 1093 cum
1848 1036 2008 1093 laeva-

403 1149 508 1205 que
527 1132 720 1190 dextra
738 1130 883 1186 illius
896 1129 1036 1202 jussi
1052 1127 1446 1193 consedissent,
1469 1127 1544 1182 ait
1562 1125 1693 1181 illis:
1720 1148 1742 1174 α
1770 1126 2002 1195 Fratres,

399 1221 524 1279 ideo
571 1221 679 1278 feci
716 1236 818 1279 vos
844 1219 1030 1276 venire
1058 1218 1129 1273 ad
1157 1233 1245 1273 me
1273 1215 1417 1287 quod
1447 1216 1611 1271 vestri
1639 1213 1801 1271 oﬂicii
1830 1222 1913 1270 est
1942 1229 2007 1270 ea

414 1327 536 1384 quae
564 1310 664 1366 Dei
707 1316 839 1364 sunt
866 1323 979 1378 prae
1005 1306 1219 1362 caeteris
1247 1313 1501 1373 tractare,
1532 1305 1851 1376 disponere,
1884 1319 2005 1358 ser-

398 1415 548 1458 vare.
580 1397 836 1469 Episcopi
871 1394 1014 1465 enim
1045 1396 1177 1450 estis
1209 1412 1223 1459 ;
1254 1393 1462 1467 praelati
1518 1394 1575 1447 in
1613 1391 1861 1448 Ecclesia
1906 1390 2007 1447 Dei

405 1491 563 1547 estis.
606 1488 663 1545 Si
694 1502 825 1559 ergo
854 1486 931 1541 ita
975 1483 1205 1540 ﬁdeliter
1239 1490 1294 1540 et
1322 1483 1561 1538 districto
1606 1480 1769 1537 vultis
1798 1481 1854 1535 in
1883 1496 2007 1537 mea

423 1586 576 1653 parte
605 1576 950 1634 considerare
996 1582 1155 1644 atque
1173 1572 1307 1628 tueri
1338 1571 1731 1644 rectitudinem,
1776 1578 1833 1626 et
1853 1569 2006 1639 justi-

408 1667 539 1727 tiam
583 1665 682 1722 Dei
711 1664 849 1720 sicut
903 1663 958 1719 in
1003 1670 1157 1735 parte
1206 1660 1426 1716 alterius
1469 1659 1807 1732 perpenditis
1845 1662 2009 1728 atque

415 1756 636 1814 tuemini
673 1755 800 1824 jura
845 1759 899 1809 et
926 1767 1057 1807 usus
1088 1750 1332 1806 mortalis
1352 1748 1610 1817 hominis,
1633 1749 1841 1818 hocque
1870 1746 2007 1801 mihi

400 1844 730 1918 promittitis,
782 1856 1055 1913 exponam
1110 1838 1272 1897 vobis
1310 1838 1448 1894 sicut
1484 1836 1737 1893 ﬁdelibus
1773 1844 1823 1891 et
1879 1834 2009 1890 ﬁliis

400 1938 502 1994 Dei
541 1950 648 2006 quo
685 1931 870 1988 tendat
906 1930 1024 1986 haec
1061 1928 1167 1984 mei
1205 1926 1487 1998 praesentis
1525 1925 1741 1982 consilii
1777 1941 2006 1987 summa.

406 2035 461 2084 et
489 2024 709 2080 audiam
740 2034 1045 2092 sequarque
1082 2017 1366 2073 consilium
1406 2015 1551 2086 quod
1580 2014 1710 2069 mihi
1750 2014 1876 2069 inde
1906 2029 2006 2069 ve-

402 2124 516 2172 stra
533 2112 643 2168 ﬁda
663 2112 778 2167 Deo
799 2108 1060 2164 industria
1089 2106 1259 2162 dabit.
1295 2127 1317 2154 »
1343 2105 1577 2160 Dixere:
1607 2128 1631 2150 ιι
1674 2104 2003 2174 Loquemur,

403 2204 446 2261 si
476 2203 656 2275 placet
685 2198 1008 2265 adinvicem,
1040 2204 1094 2252 et
1121 2210 1461 2252 communem
1491 2208 1816 2251 consensum
1850 2191 2002 2246 refe-

394 2309 575 2351 remus
603 2290 670 2346 ad
702 2296 774 2346 te.
819 2310 843 2337 »
888 2287 1191 2358 Surgentes
1231 2285 1421 2354 itaque.
1441 2283 1499 2337 in
1526 2289 1733 2353 partem
1765 2296 1884 2335 sese
1921 2287 2003 2334 tu-

389 2385 588 2450 lerunt,
619 2388 673 2436 et
699 2377 901 2434 habitis
937 2376 1081 2430 inter
1116 2390 1175 2430 se
1204 2371 1475 2428 nonnullis
1516 2370 1708 2427 verbis
1740 2368 2001 2425 miserunt

391 2472 730 2529 Wentanum
757 2462 1070 2537 pontiﬁcem
1091 2470 1144 2519 et
1182 2462 1507 2532 episcopum
1548 2458 1887 2515 Lincolinum
1926 2457 1996 2512 ad

388 2576 577 2633 regem
592 2554 933 2630 percunctari
961 2553 1030 2608 de
1059 2550 1283 2624 negotio
1321 2548 1650 2605 voluntatem
1682 2563 1745 2602 ac
1778 2547 1994 2617 jussum

397 2649 561 2704 illius.
602 2645 796 2702 Edocti
826 2658 958 2714 ergo
997 2646 1216 2712 propter
1254 2653 1375 2708 quas
1406 2635 1563 2691 missi
1594 2643 1766 2703 erant,
1799 2634 1868 2689 ad
1897 2648 1992 2689 so-

390 2739 506 2794 cios
558 2733 758 2790 reversi
814 2732 1116 2787 docuerunt
1160 2743 1256 2782 eos
1304 2742 1426 2798 qua:
1474 2724 1795 2780 didicerant.
1848 2721 1993 2790 Quid

390 2826 591 2898 plura?
624 2822 832 2877 Placuit
886 2819 966 2874 eis
1014 2818 1066 2871 in
1106 2830 1391 2872 commune
1447 2814 1601 2883 sequi
1656 2811 1987 2867 voluntatem

385 2912 627 2973 hominis
665 2909 882 2976 terreni,
922 2903 1386 2978 illicoquereversi
1423 2919 1529 2957 una
1558 2902 1626 2956 ad
1667 2901 1990 2955 Anselmum

391 3006 645 3061 dixerunt
664 3000 740 3056 ei:
780 3022 801 3048 ιι
825 2996 1057 3054 Domine
1075 2995 1254 3060 Pater,
1275 2993 1476 3047 scimus
1506 2998 1556 3046 te
1576 2991 1753 3046 virum
1775 2989 1989 3061 religio-

386 3110 507 3151 sum
544 3107 667 3148 esse
720 3105 784 3144 ac
822 3092 1090 3152 sanctum,
1147 3091 1200 3138 et
1236 3082 1290 3136 in
1327 3081 1481 3137 caelis
1518 3078 1989 3135 conversationem

2113 504 2227 560 ritis
2256 512 2307 561 et
2336 504 2590 575 precibus
2619 503 2972 575 plurimorum
3000 521 3101 576 pro
3132 514 3184 562 te
3202 507 3444 562 studiose
3472 507 3710 563 interve-

2114 592 2377 649 nientium
2398 592 2645 664 petitioni
2676 600 2780 648 tua:
2811 592 3056 649 effectum
3107 595 3397 662 obtineres,
3439 595 3717 666 pollicitus

2115 698 2175 738 es
2204 681 2310 753 ipsi
2341 689 2393 737 te
2421 699 2548 737 usus
2575 697 2640 737 ac
2669 680 2822 755 leges
2850 698 2975 737 suas
3020 700 3408 757 usquequaque
3455 684 3718 754 deinceps

2114 779 2473 840 servaturum,
2507 778 2559 826 et
2588 787 2683 827 eas
2720 770 2823 826 sibi
2868 779 3050 827 contra
3079 788 3273 829 omnes
3295 772 3541 829 homines
3571 771 3717 828 ﬁde-

2112 859 2233 915 liter
2258 859 2630 915 defensurum.
2664 858 2875 929 Quibus
2904 875 3065 931 Opem
3094 862 3344 917 credulus
3370 861 3564 927 factus,
3597 877 3720 932 spe-

2114 949 2273 1004 rabat
2300 964 2359 1004 se
2372 949 2440 1004 de
2459 956 2656 1005 caetero
2669 948 2905 1019 quietum
2936 948 3089 1006 flore.
3123 950 3236 1006 Sed
3276 953 3413 1007 hanc
3441 950 3718 1022 pollicita-

2114 1037 2337 1105 tionem,
2392 1038 2535 1093 hanc
2564 1036 2728 1092 ﬁdem
2758 1053 2825 1093 en
2856 1046 2912 1094 tu
2956 1046 3205 1109 patenter
3258 1039 3374 1111 ipse
3419 1039 3719 1113 egrederis,

2123 1127 2252 1181 dum
2284 1128 2510 1182 Romam
2540 1142 2652 1181 non
2683 1134 2996 1198 exspectata
3023 1126 3244 1184 licentia
3264 1129 3379 1198 ejus
3423 1137 3475 1184 te
3518 1128 3720 1184 iturum

2119 1215 2365 1270 minaris.
2398 1214 2705 1270 Inauditum
2748 1216 2948 1288 quippe
2970 1216 3025 1271 in
3056 1233 3222 1289 regno
3244 1233 3344 1273 suo
3375 1225 3474 1287 est,
3504 1226 3558 1274 et
3601 1218 3721 1274 usi—

2113 1304 2217 1359 bus
2243 1305 2361 1375 ejus
2394 1304 2615 1361 omnino
2644 1305 2969 1361 contrarium
3004 1305 3301 1376 quemlibet
3328 1307 3396 1361 de
3425 1306 3539 1362 suis
3560 1307 3719 1377 prin-

2121 1392 2352 1465 cipibus,
2382 1403 2431 1450 et
2457 1394 2734 1466 praecipue
2757 1403 2805 1450 te
2826 1395 2960 1465 quid
2981 1396 3087 1450 tale
3106 1410 3464 1467 praesumere.
3492 1397 3576 1452 Ne
3606 1395 3721 1468 igi-

2120 1489 2207 1538 tur
2235 1482 2289 1537 in
2320 1482 2697 1553 hujuscemodi
2729 1500 2788 1539 re
2818 1484 2961 1540 ultra
2983 1484 3065 1539 vel
3097 1501 3128 1540 a
3157 1491 3209 1540 te
3230 1484 3370 1541 vela
3399 1484 3591 1555 quovis
3612 1484 3722 1540 alio

2116 1578 2168 1627 te
2197 1570 2405 1639 forsan,
2436 1588 2559 1627 cum
2588 1572 2644 1627 in
2667 1572 2849 1642 aliquo
2880 1573 3039 1629 laesus
3068 1573 3251 1641 fuerit,
3284 1572 3480 1629 imitari
3510 1573 3726 1629 volente

2117 1660 2388 1732 fatigetur,
2440 1662 2551 1715 vult
2598 1669 2650 1717 et
2708 1662 2861 1731 jubet
2916 1670 3180 1733 quatenus
3226 1670 3319 1717 aut
3355 1662 3721 1734 jurejurando

2120 1749 2402 1819 promittas
2472 1750 2621 1821 quod
2675 1767 2947 1820 nunquam
3009 1750 3245 1821 amplius
3303 1751 3489 1806 sedem
3546 1751 3722 1807 sancti

2123 1838 2262 1894 Petri
2314 1839 2399 1895 vel
2428 1839 2542 1908 ejus
2581 1838 2839 1894 vicarium
2868 1854 2971 1910 pro
3020 1840 3228 1910 quavis,
3260 1856 3380 1911 qute
3425 1840 3524 1895 tibi
3553 1851 3718 1913 queat

2119 1926 2314 2000 ingeri,
2365 1944 2527 1983 causa
2574 1929 2836 1999 appelles,
2886 1936 2979 1983 aut
3007 1929 3108 1984 sub
3147 1928 3299 1985 omni
3326 1928 3601 1986 celeritate
3647 1930 3719 1984 de

2119 2023 2258 2070 terra
2290 2032 2384 2071 sua
2416 2016 2656 2072 recedas.
2690 2017 2757 2071 Et
2783 2017 2826 2070 si
2847 2017 3021 2072 mavis
3041 2017 3362 2088 interposito
3391 2019 3495 2073 hoc
3523 2033 3715 2073 sacra-

2115 2112 2297 2160 mento
2322 2120 2603 2160 remanere
2625 2120 2790 2176 quam
2813 2106 3086 2174 recedere,
3111 2114 3235 2162 tunc
3264 2115 3315 2161 te
3344 2106 3415 2161 ad
3444 2105 3714 2176 judicium

2111 2194 2277 2249 curia:
2322 2209 2438 2249 sum
2484 2196 2751 2264 praecepit
2797 2194 2901 2250 sibi
2948 2195 3239 2250 emendare
3280 2195 3425 2265 quod
3463 2195 3534 2250 de
3568 2212 3627 2251 re
3655 2196 3715 2250 in

2112 2297 2214 2352 qua
2253 2298 2362 2338 non
2401 2298 2525 2338 eras
2555 2290 2732 2339 certus
2771 2291 2822 2339 te
2848 2292 3330 2355 perseveraturum,
3363 2299 3530 2339 ausus
3558 2283 3708 2339 fuisti

2107 2387 2231 2426 cum
2263 2371 2425 2427 toties
2455 2371 2778 2443 inquietare.
2826 2397 2848 2422 η
2878 2373 3167 2442 Dixerunt,
3191 2380 3245 2428 et
3270 2373 3342 2427 ad
3365 2389 3549 2445 regem
3580 2388 3710 2443 pro-

2107 2461 2248 2515 tinus
2278 2460 2477 2518 reversi
2507 2468 2654 2515 sunt.
2711 2462 2863 2517 Tunc
2906 2462 3202 2516 Anselmus
3229 2478 3349 2517 cum
3380 2462 3492 2517 suis
3535 2476 3714 2533 pauca

2103 2548 2313 2604 locutus
2344 2550 2598 2618 surrexit,
2648 2558 2809 2621 atque
2856 2551 2927 2605 ad
2957 2566 3141 2623 regem
3172 2550 3332 2605 nobis
3359 2566 3482 2606 eum
3512 2566 3712 2622 prose-

2105 2638 2396 2709 quentibus
2426 2640 2725 2711 ingressus,
2748 2639 2817 2694 ad
2850 2640 3096 2695 dextram
3128 2639 3268 2694 illius
3288 2655 3355 2694 ex
3376 2655 3529 2695 more
3552 2655 3708 2695 asse-

2103 2726 2201 2780 dit.
2236 2728 2445 2783 Deinde
2476 2728 2747 2783 mandatis
2775 2745 2895 2799 quae
2918 2745 2948 2783 a
2978 2728 3179 2783 nuntiis
3208 2736 3492 2800 acceperat
3519 2728 3573 2783 in
3601 2744 3706 2783 au-
3784 2778 3789 2783 .

2100 2815 2304 2870 dientia
2353 2816 2466 2884 ejus
2512 2816 2832 2889 singulatim
2877 2817 3265 2889 recapitulatis,
3317 2822 3699 2887 percunctatus

2101 2912 2184 2959 est
2204 2912 2513 2960 utrumnam
2537 2921 2569 2960 a
2592 2906 2735 2961 facie
2756 2904 2931 2977 ipsius
2952 2922 3017 2961 eo
3039 2922 3143 2976 quo
3171 2905 3273 2960 sibi
3302 2905 3449 2962 dicta
3486 2905 3697 2961 fuerant

2099 2993 2261 3049 modo
2290 3010 2418 3049 vere
2446 2995 2831 3064 processerint,
2853 3002 2906 3051 et
2934 2994 3115 3050 audita
3138 3010 3328 3050 revera
3347 2995 3691 3065 processisse,

2096 3084 2245 3138 illico
2289 3084 2421 3155 quid
2453 3083 2579 3139 inde
2621 3084 2840 3139 sentiret
2868 3085 2967 3138 tali
2992 3083 3273 3139 subintulit
3296 3100 3429 3139 voce
3461 3084 3651 3140 dicens
3672 3104 3692 3139 :

386 3194 552 3240 tuam.
613 3181 728 3236 Nos
774 3184 956 3232 autem
1019 3170 1261 3243 impediti
1301 3168 1726 3241 consanguineis
1763 3167 1983 3233 nostris,
2016 3146 2065 3208 C
2104 3193 2125 3225 ι
2176 3171 2342 3235 Quod
2371 3172 2510 3227 dicis
2542 3188 2630 3227 me
2654 3172 2751 3227 tibi
2781 3172 3094 3244 promisisse
3114 3189 3245 3228 usus
3275 3180 3327 3228 et
3353 3173 3694 3228 consuetudi-

388 3287 526 3343 quos
569 3275 959 3333 sustentamus,
1019 3269 1074 3317 et
1120 3248 1501 3332 multipliCibus
1559 3255 1751 3312 saeculi
1795 3255 1978 3313 rebus.

386 3375 522 3432 quas
560 3372 826 3424 amamus,
871 3352 1127 3418 fatemur,
1172 3349 1242 3402 ad
1271 3347 1657 3403 sublimitatem
1701 3344 1825 3401 vitae
1875 3352 1981 3399 tua:

381 3465 612 3524 surgere
656 3444 966 3517 nequimus,
995 3455 1100 3496 nec
1128 3439 1255 3495 huic
1282 3438 1485 3492 mundo
1517 3443 1690 3490 tecum
1719 3434 1970 3524 illudere.

380 3523 557 3598 Sedisi
584 3534 823 3595 volueris
850 3530 918 3586 ad
945 3545 1044 3586 nos
1072 3543 1243 3598 usque
1282 3524 1630 3595 descendere,
1664 3533 1716 3579 et
1753 3539 1856 3595 qua
1883 3523 1975 3577 in-

379 3629 630 3686 cedimus
659 3624 751 3677 via
778 3619 1061 3675 nobiscum
1092 3630 1340 3688 pergere,
1388 3629 1490 3669 nos
1519 3612 1614 3667 tibi
1647 3612 1787 3667 sicut
1815 3610 1974 3667 nobis

375 3718 513 3790 ipsis
554 3711 915 3773 consulemus,
948 3713 1003 3761 et
1049 3703 1281 3776 negotiis
1312 3700 1415 3756 tuis
1464 3716 1799 3774 quaecunque
1849 3699 1971 3790 fue:

368 3787 497 3875 rint,
527 3801 622 3858 ubi
647 3814 789 3871 opus
818 3795 997 3864 fuerit,
1028 3792 1164 3847 sicut
1183 3789 1394 3859 nostris,
1427 3804 1590 3859 opem
1628 3788 1891 3845 feremus.
1919 3787 1977 3843 Si

377 3908 507 3949 vero
537 3899 588 3947 te
616 3888 687 3945 ad
710 3888 883 3941 Deum
908 3879 1253 3939 solummodo
1274 3877 1730 3949 quemadmodum
1762 3875 1975 3946 ccepisti

374 3991 556 4039 tenere
598 3974 873 4048 delegeris
920 3970 1087 4036 solus,
1139 3976 1394 4039 quantum
1425 3974 1615 4021 nostra
1663 3965 1888 4021 interest
1919 3964 1973 4019 in

369 4073 473 4128 hoc
510 4076 567 4125 ut
598 4067 858 4122 hactenus
884 4058 1033 4116 fuisti
1061 4066 1114 4114 et
1141 4056 1336 4112 amodo
1365 4055 1490 4122 eris,
1526 4070 1626 4111 nos
1656 4052 1971 4109 ﬁdelitatem

374 4175 540 4232 quam
587 4155 705 4228 regi
736 4152 995 4208 debemus
1024 4163 1131 4203 non
1171 4144 1522 4203 excedemus.
1584 4166 1604 4192 υ
1641 4146 1705 4199 At
1736 4142 1828 4199 ille
1860 4143 1968 4198 ait:

375 4273 398 4299 α
447 4250 589 4304 Bene
610 4243 842 4299 dixistis.
874 4242 951 4295 Ite
981 4253 1112 4309 ergo
1142 4236 1211 4291 ad
1266 4234 1545 4290 dominum
1579 4240 1833 4301 vestrum,
1865 4247 1972 4304 ego

368 4354 459 4395 me
487 4334 691 4392 tenebo
727 4331 798 4386 ad
827 4330 1019 4384 Deum.
1063 4348 1085 4374 ιο
1122 4325 1383 4380 Fecerunt
1430 4330 1487 4377 ut
1525 4322 1758 4390 dixerat,
1808 4328 1860 4376 et
1888 4336 1972 4376 re-

367 4424 573 4482 mansis
605 4419 888 4479 Anselmus
916 4415 1069 4487 quasi
1103 4413 1273 4469 solus.
1309 4411 1462 4465 Facta
1491 4409 1689 4465 deinde
1719 4409 1970 4479 aliquan-

2094 3277 2192 3316 nes
2243 3269 2361 3315 tuas
2392 3270 2749 3330 servaturum,
2782 3269 2834 3316 et
2853 3277 2946 3317 eas
2988 3270 3174 3318 contra
3213 3278 3401 3317 omnes
3443 3261 3690 3317 homines

2098 3358 2274 3406 tecum
2316 3348 2549 3405 fideliter
2588 3350 2954 3416 defensurum,
2985 3351 3160 3406 fateor
3187 3366 3372 3406 verum
3410 3366 3549 3406 esse.
3579 3350 3691 3405 Co-

2089 3454 2435 3509 gnoscerem,
2469 3439 2514 3493 si
2561 3454 2625 3494 eo
2657 3438 2778 3493 illas
2808 3447 2968 3509 pacto
2998 3439 3385 3511 distinguendo
3413 3439 3689 3511 proferres

2087 3543 2193 3598 quo
2233 3535 2359 3583 tunc
2408 3526 2684 3597 temporis,
2738 3528 2956 3598 quando
3004 3528 3301 3598 promissio
3331 3529 3451 3599 ipsa
3475 3528 3543 3584 de
3582 3544 3690 3599 qua

2082 3616 2200 3687 agis
2242 3616 2385 3671 facta
2415 3624 2517 3685 est,
2551 3632 2643 3672 eas
2684 3616 2852 3672 fuisse
2889 3617 3166 3672 distinctas
3193 3616 3565 3673 indubitanter
3594 3632 3688 3672 re-

2084 3704 2301 3759 cordor.
2345 3704 2469 3760 Scio
2500 3704 2703 3775 quippe
2745 3720 2832 3760 me
2878 3705 3245 3776 spopondisse
3273 3704 3690 3761 consuetudines

2082 3797 2224 3860 tuas,
2256 3792 2403 3863 ipsas
2431 3792 2682 3849 videlicet
2718 3809 2853 3864 quas
2875 3810 2977 3865 per
2995 3793 3374 3850 rectitudinem
3405 3801 3457 3850 et
3485 3809 3687 3850 secun-

2083 3881 2214 3937 dum
2270 3881 2443 3937 Deum
2507 3880 2565 3936 in
2614 3897 2788 3954 regno
2856 3891 2947 3938 tuo
3003 3882 3272 3957 possides,
3331 3898 3420 3938 me
3491 3899 3687 3939 secun-

2084 3970 2213 4024 dum
2250 3970 2426 4025 Deum
2472 3978 2837 4039 servaturum,
2884 3978 2936 4026 et
2965 3986 3059 4026 eas
3086 3988 3189 4043 per
3210 3970 3478 4041 justitiam
3499 3980 3687 4028 contra

2083 4074 2273 4114 omnes
2293 4059 2542 4115 homines
2579 4074 2677 4130 pro
2706 4076 2828 4115 meo
2852 4075 3009 4131 posse
3031 4060 3399 4117 defensurum.
3456 4084 3477 4109 ι
3512 4062 3574 4116 In
3601 4061 3688 4116 his

2084 4143 2264 4198 verbis
2299 4159 2427 4198 cum
2460 4159 2557 4199 rex
2589 4151 2642 4199 et
2670 4143 2949 4215 principes
2977 4145 3057 4199 sui
3085 4160 3229 4201 caeca
3258 4152 3442 4201 mente
3472 4145 3683 4216 objice-

2083 4240 2221 4297 rent,
2255 4245 2320 4287 ac
2344 4231 2697 4301 jurisjurandi
2729 4232 3101 4302 interjectione
3123 4233 3417 4303 ﬁrmarent,
3449 4249 3553 4291 nec
3581 4234 3683 4290 Dei

2086 4334 2188 4376 nec
2218 4320 2551 4376 rectitudinis
2580 4320 2634 4373 in
2679 4320 2795 4391 ipsa
2824 4321 3116 4393 sponsione
3143 4322 3311 4378 ullam
3355 4324 3685 4380 mentionem

2080 4408 2277 4464 factam
2308 4407 2494 4477 fuisse,
2527 4407 2670 4478 rupit
2696 4425 2858 4465 voces
2903 4425 3086 4465 eorum
3119 4413 3422 4478 Anselmus,
3475 4422 3526 4468 et
3568 4412 3678 4469 ait:

370 4517 477 4572 tula
504 4528 677 4579 mora,
736 4515 790 4565 et
846 4517 1173 4574 unoquoque
1219 4502 1471 4556 nostrum
1520 4499 1613 4569 qui
1668 4498 1964 4553 admodum
1994 4506 2046 4566 D
2080 4520 2101 4544 «ι
2159 4498 2320 4569 Papae
2347 4498 2358 4551 !
2383 4497 2428 4552 si
2456 4513 2557 4553 nec
2589 4497 2686 4553 Dei
2717 4513 2819 4554 nec
2848 4499 3179 4555 rectitudinis
3207 4501 3431 4571 mentio,
3462 4506 3521 4557 ut
3550 4500 3683 4558 dici-

360 4603 521 4677 pauci
550 4616 674 4658 cum
705 4612 770 4653 eo
799 4592 1163 4650 remansimus
1193 4588 1265 4644 ad
1293 4586 1589 4657 imperium
1616 4586 1761 4641 illius
1783 4586 1969 4658 singu-

360 4674 510 4749 latim
535 4688 760 4745 sedente
788 4691 842 4740 et
877 4683 1051 4737 Deum
1080 4692 1178 4749 pro
1215 4675 1518 4747 digestione
1557 4674 1731 4745 ipsius
1760 4674 1966 4747 negotii

363 4776 760 4850 interpellante,
798 4769 1022 4827 veniunt
1067 4764 1316 4837 praedicti
1338 4763 1581 4834 episcopi
1610 4780 1730 4819 cum
1762 4763 1962 4834 aliqui-

362 4871 465 4925 bus
483 4863 780 4922 baronibus
808 4857 984 4931 regni,
1018 4854 1316 4911 inferentes
1346 4856 1464 4909 viro
1494 4854 1648 4908 haec:
1688 4874 1711 4901 α
1744 4852 1963 4909 Mandat

361 4958 461 5015 tibi
489 4971 586 5012 rex
616 4950 762 5024 quod
790 4962 952 5019 saepte
971 4942 1196 5002 diversis
1225 4958 1350 4999 eum
1380 4940 1614 5012 querelis
1647 4940 1955 5012 exagitasti,

360 5041 714 5109 exacerbasti,
746 5034 1014 5096 cruciasti.
1050 5033 1246 5089 Verum
1277 5047 1402 5088 cum
1431 5029 1649 5085 tandem
1676 5035 1803 5100 post
1828 5029 1956 5099 pla-

360 5122 526 5194 citum
556 5131 701 5204 quod
739 5127 900 5186 totius
930 5123 1082 5197 regni
1112 5120 1441 5177 adunatione
1488 5126 1675 5176 contra
1706 5126 1756 5174 te
1806 5118 1955 5188 apud

357 5221 764 5296 Rochingeham
794 5215 1036 5273 habitum
1067 5216 1169 5282 est,
1202 5226 1327 5267 eum
1366 5207 1462 5264 tibi
1504 5208 1643 5265 sicut
1671 5206 1949 5263 dominum

2077 4585 2166 4649 tis,
2193 4585 2337 4641 facta
2356 4584 2459 4641 fuit
2501 4586 2658 4656 cujus
2698 4592 2823 4642 tunc
2842 4588 2870 4642 ?
2900 4587 3063 4642 Absit
3092 4588 3162 4643 ab
3183 4590 3329 4644 omni
3353 4591 3677 4661 Christiano,

2075 4673 2237 4743 absit,
2271 4674 2421 4746 leges
2448 4674 2537 4731 vel
2566 4675 2991 4732 consuetudines
3009 4685 3209 4747 tenere,
3242 4686 3336 4735 aut
3366 4680 3523 4750 tueri,
3555 4697 3681 4752 quae

2075 4763 2190 4818 Deo
2220 4770 2274 4819 et
2297 4762 2606 4818 rectitudini
2630 4764 2915 4819 contrariae
2945 4781 3067 4822 esse
3089 4770 3429 4824 noscuntur!
3484 4792 3507 4819 ιι
3542 4769 3678 4825 Cum

2081 4851 2150 4906 ad
2179 4850 2297 4915 haec
2317 4850 2394 4906 illi
2425 4851 2928 4909 submurmurantes
2948 4862 3131 4910 contra
3159 4855 3335 4914 virum
3355 4858 3531 4930 capita
3550 4875 3675 4915 mo-

2078 4947 2288 5008 verent,
2332 4954 2437 4996 nec
2478 4947 2655 4995 tamen
2699 4940 2830 5013 quid
2860 4942 2990 4998 certi
3028 4943 3150 5000 viva
3189 4960 3322 5002 voce
3348 4947 3674 5018 proferrent,

2067 5028 2137 5083 ad
2169 5044 2233 5084 ea
2262 5044 2383 5099 quae
2411 5033 2652 5100 coeperat
2680 5029 3036 5087 subinferens
3064 5032 3218 5089 Pater
3245 5034 3320 5090 ait
3344 5054 3356 5091 :
3391 5035 3509 5093 Sed
3543 5037 3674 5108 quid

2063 5116 2265 5173 asseris
2311 5118 2718 5175 consuetudinis
2766 5126 2872 5176 tuae
2918 5136 3029 5176 non
3075 5137 3197 5178 esse
3225 5131 3278 5179 ut
3327 5141 3482 5198 ergo,
3514 5143 3677 5184 causa

2067 5205 2258 5263 salutis
2305 5206 2500 5265 animae
2546 5223 2706 5278 meae,
2757 5223 2923 5266 causa
2941 5210 3224 5283 regiminis
3274 5213 3548 5273 Ecclesiae
3571 5216 3676 5273 Dei

1657 5331 2085 5389 HENSCIIENII
2128 5331 2335 5389 NOTE
2348 5372 2362 5387 .

421 5475 502 5550 (α)
530 5474 765 5531 Joannes
802 5459 1176 5522 Bathoniensis
1203 5458 1275 5517 ab
1321 5474 1464 5516 anno
1508 5458 1646 5515 1088
1694 5457 1767 5515 ad
1815 5460 1952 5515 1122
1982 5455 2143 5520 sedit,
2175 5464 2228 5515 et
2274 5457 2462 5515 sedem
2513 5458 2900 5533 episcOpalem,
2951 5476 3021 5519 ex
3077 5459 3348 5522 Wellensi
3395 5465 3671 5529 civitatem

355 5567 674 5633 Bathoniam
719 5558 1008 5622 transtulit.
