4044 6074
378 331 471 389 ιοι

1502 315 1827 378 HISTORIA
1854 311 2226 373 NOVOBUM.
2244 311 2455 370 -LIB.
2489 311 2557 374 ΙΙ.

3552 347 3559 354 ο
3580 309 3685 373 ιθξ

379 454 522 527 quod
550 453 791 525 suscepi,
819 451 1042 508 beatum
1074 450 1285 506 Petrum
1315 445 1585 517 requiram
1616 452 1669 501 et
1697 443 1815 513 ejus
1829 440 1972 497 vica-
2001 438 2059 501 Α
2088 453 2210 494 esse
2230 439 2298 496 de
2323 458 2422 499 suo
2452 444 2481 499 ?
2509 445 2637 502 Haec
2663 444 2710 502 si
2738 462 2846 504 non
2900 449 3166 519 permittit
3218 456 3275 507 ut
3324 465 3537 507 mecum
3593 452 3687 508 ha-

375 547 523 601 rium
550 545 579 597 ‘P
610 541 903 599 Pronuntio
935 542 1071 595 hanc
1101 536 1519 595 consuetndiem
1549 536 1665 589 Deo
1684 542 1735 589 et
1760 532 1978 589 rectitu-

384 634 494 690 dini
522 632 816 700 contraire,
848 639 900 686 et
927 630 1129 685 idcirco
1161 627 1230 683 ob
1261 627 1410 683 omni
1430 640 1588 681 servo
1607 622 1703 678 Dei
1722 636 1981 692 spernen-

385 724 511 780 dam
540 720 804 794 proﬁteor
846 736 909 775 ac
957 717 1322 773 refutandam.
1361 714 1518 784 Quod
1547 712 1594 767 si
1623 728 1719 783 per
1747 711 1848 765 ista
1865 724 1985 779 quae

391 813 517 868 dico
537 810 821 882 quisquam
836 808 1183 880 probaturum
1197 821 1257 861 se
1287 802 1482 860 dixerit
1501 819 1587 857 me
1620 800 1781 856 ﬁdem
1824 812 1987 868 quam

388 902 490 957 tibi
516 900 689 955 debeo
721 914 828 953 non
859 913 1103 963 servare,
1136 902 1386 967 paratum
1417 908 1503 948 me
1529 891 1664 946 sicut
1693 897 1745 945 et
1775 888 1867 943 ubi
1898 888 1988 942 de-

387 991 493 1045 beo
523 989 593 1044 ad
633 984 1116 1043 demonstrandum
1160 983 1401 1039 inveniet
1441 979 1619 1053 magis
1662 979 1716 1034 in
1762 979 1863 1032 hoc
1905 990 1992 1029 me

391 1078 489 1133 tibi
518 1093 640 1132 esse
672 1075 885 1130 ﬁdelem
919 1090 1087 1147 quam
1122 1072 1167 1127 si
1225 1087 1384 1127 secus
1424 1084 1668 1140 agerem.
1728 1069 1796 1121 At
1852 1079 1994 1119 nunc

2087 531 2267 600 beam,
2301 535 2508 590 noverit
2537 536 2681 608 quod
2708 536 2887 609 potius
2941 541 3110 611 pedes
3164 556 3227 596 ac
3281 541 3462 596 nudus
3517 541 3683 599 abibo

2090 637 2251 692 quam
2282 632 2461 694 empto
2490 625 2770 681 desistam.
2818 649 2841 675 η
2896 630 2958 683 In
3004 628 3119 684 istis
3165 631 3434 702 princeps,
3483 632 3693 702 pudore

2093 709 2344 780 suﬁusus,
2390 714 2593 770 dictum
2635 732 2794 772 suum
2836 732 2945 773 non
2988 717 3065 773 ita
3112 718 3450 776 intellexisse
3504 735 3563 776 se
3603 735 3690 775 re-

2093 800 2356 871 spondit:
2387 825 2409 851 α
2444 805 2558 860 Nec
2586 804 2730 859 enim
2760 805 2893 874 dixi,
2931 806 3023 873 ait,
3069 815 3126 862 ut
3168 808 3348 864 nudus
3389 817 3483 864 aut
3524 809 3693 880 pedes

2096 890 2288 945 abiret.
2309 893 2560 947 Attamen
2590 893 2678 949 die
2707 894 2795 966 qui
2828 894 2927 951 erit
2955 895 3270 952 undecimus
3310 898 3381 953 ab
3425 897 3546 966 isto,
3589 898 3687 969 ju-

2098 979 2203 1035 beo
2232 988 2291 1034 ut
2317 996 2467 1036 mare
2498 982 2816 1038 transiturus
2849 984 2918 1039 ad
2945 992 3158 1054 portum
3203 985 3292 1053 sit,
3340 992 3391 1041 et
3432 984 3509 1041 ibi
3553 1002 3697 1042 nun-

2103 1069 2207 1123 tius
2236 1085 2392 1124 meus
2421 1068 2527 1140 ipsi
2557 1071 2750 1127 obvius
2778 1072 2900 1139 erit,
2951 1072 3042 1144 qui
3090 1072 3315 1129 dictabit
3361 1074 3411 1130 ei
3456 1074 3588 1147 quid
3631 1092 3703 1133 ex

389 1167 460 1222 ad
491 1166 595 1223 hoc
630 1164 1025 1220 ostendendum
1046 1178 1154 1217 non
1175 1160 1415 1216 intendo.
1438 1158 1614 1215 Scitur
1644 1164 1805 1212 tatem
1850 1153 1995 1225 quod
2102 1157 2371 1230 permissu
2401 1174 2523 1215 meo
2552 1158 2643 1215 ille
2672 1161 2758 1217 vel
2783 1160 2867 1215 sui
2898 1161 3237 1218 discedentes
3264 1179 3446 1219 secum
3466 1164 3697 1221 ferant.»

392 1254 570 1312 omnis
601 1253 735 1309 ﬁdes
764 1269 885 1324 quae
915 1251 1090 1307 cuivis
1110 1249 1316 1305 homini
1375 1247 1621 1319 legaliter
1642 1243 1995 1317 promittitur,

394 1361 463 1401 ex
477 1343 580 1398 ﬁde
600 1341 696 1398 Dei
714 1342 1023 1398 roboratur.
1043 1339 1133 1394 Sic
1150 1339 1294 1394 enim
1319 1338 1552 1408 spondet
1579 1338 1741 1391 homo
1767 1333 1996 1388 homini.

404 1435 507 1489 Per
537 1431 698 1487 ﬁdem
730 1446 894 1503 quam
939 1429 1113 1484 debeo
1158 1429 1294 1494 Deo,
1338 1425 1512 1481 ﬁdelis
1557 1425 1651 1479 tibi
1699 1438 1812 1478 ero.
1859 1422 2000 1476 Cum

400 1538 531 1594 ergo
561 1519 698 1576 ﬁdes
728 1536 849 1592 qua:
879 1518 930 1573 ﬁt
965 1517 1170 1574 homini
1200 1532 1300 1586 per
1341 1514 1499 1570 ﬁdem
1546 1513 1644 1568 Dei
1690 1512 2003 1578 roboretur,

400 1611 570 1681 liquet
598 1609 741 1682 quod
772 1608 963 1664 eadem
996 1605 1152 1672 ﬁdes,
1200 1605 1245 1660 si
1292 1604 1514 1674 quando
1562 1601 1832 1657 contraria
1880 1598 2006 1655 ﬁdei

401 1701 509 1756 Des
562 1697 818 1766 admittit,
876 1703 1183 1752 enervetur.
1260 1693 1368 1749 Sed
1423 1690 1658 1762 disputio
1716 1689 1791 1744 rei
1847 1688 2004 1756 hujus

2104 1248 2199 1303 llis
2228 1248 2322 1304 tali
2349 1248 2514 1304 modo
2545 1248 2789 1319 digestis,
2821 1250 3003 1304 statim
3034 1249 3350 1306 volebamus
3390 1252 3466 1307 ad
3509 1254 3699 1324 hospi-

2110 1337 2246 1392 tium
2276 1337 2554 1394 secedere.
2603 1338 2718 1394 Sed
2758 1338 3066 1403 Anselmus,
3112 1339 3304 1396 doctus
3348 1341 3403 1395 in
3450 1341 3708 1412 patientia

2114 1426 2393 1498 possidere
2422 1427 2660 1482 animam
2691 1444 2864 1494 suam,
2893 1428 3135 1498 jucunde
3167 1437 3218 1485 et
3249 1428 3405 1484 hilari
3453 1431 3600 1487 vultu
3644 1432 3715 1487 ad

2112 1532 2299 1587 regem
2331 1515 2615 1571 revertitur
2641 1557 2654 1583 ,
2678 1517 2865 1572 dicens
2894 1517 2941 1571 ei
2972 1535 2984 1570 :
3036 1538 3059 1564 ιι
3108 1518 3361 1586 Domine,
3395 1535 3500 1592 ego
3548 1522 3707 1577 vado.

2112 1606 2271 1674 Quod
2303 1603 2345 1659 si
2378 1604 2523 1661 bono
2553 1605 2734 1661 animo
2753 1612 2935 1660 vestro
2961 1604 3077 1660 ﬁeri
3109 1606 3269 1662 vobis
3308 1606 3565 1678 placeret,
3608 1610 3711 1664 uti-

2114 1710 2218 1764 que
2247 1701 2299 1749 et
2328 1709 2425 1749 vos
2454 1694 2633 1766 magis
2665 1694 2903 1762 deceret,
2935 1701 2990 1749 et
3018 1694 3168 1751 omni
3197 1696 3340 1752 bono
3370 1696 3574 1753 homini
3620 1712 3718 1754 ac-

402 1804 511 1844 non
538 1795 622 1843 est
650 1786 909 1857 temporis
937 1785 1118 1855 hujus.
1167 1784 1355 1854 Itaque
1402 1780 1539 1836 ﬁdes
1585 1794 1747 1851 quam
1794 1776 1992 1842 debeo,
2025 1786 2078 1847 B
2108 1784 2315 1855 ceptius
2347 1790 2505 1840 esset.
2538 1786 2608 1838 At
2654 1798 2800 1839 nunc
2841 1798 2955 1839 rem
3000 1783 3054 1838 in
3101 1784 3430 1841 contrarium
3478 1786 3711 1858 lapsam,

401 1884 454 1934 et
483 1874 766 1932 servitium
795 1875 912 1945 ejus
955 1881 1159 1946 cogunt
1209 1887 1295 1928 me
1335 1870 1405 1925 ad
1447 1876 1607 1940 caput
1649 1865 2013 1923 Christianita-

400 1965 469 2021 tis
499 1979 696 2036 papam
726 1963 1007 2032 accedere,
1043 1970 1097 2017 et
1125 1961 1195 2016 ab
1232 1975 1299 2015 eo
1331 1957 1804 2029 pernecessarium
1834 1952 2011 2010 Eccle-

403 2054 502 2110 sia:
531 2053 630 2109 Dei
662 2061 713 2107 et
743 2051 875 2106 mihi
903 2051 1189 2106 consilium
1221 2056 1429 2118 petere,
1463 2063 1563 2102 nec
1610 2045 1822 2101 videtur
1866 2042 2011 2114 quod

399 2142 595 2213 aliquis
628 2143 794 2197 Deum
826 2140 1103 2195 offendere
1123 2139 1318 2193 timens
1333 2139 1435 2193 hoc
1467 2135 1665 2191 debeat
1701 2132 2012 2204 prohibere.

401 2234 518 2287 Nec
546 2230 709 2299 enim,
731 2240 785 2283 tu
805 2246 917 2295 rex,
941 2237 992 2283 tu
1010 2226 1383 2299 aequanimiter
1400 2225 1600 2292 ferres,
1620 2223 1665 2278 si
1685 2221 1908 2293 quilibet
1945 2219 2016 2275 de

403 2319 714 2375 hominibus
745 2318 849 2373 tuis
890 2325 1079 2388 potens
1110 2333 1171 2372 ac
1211 2315 1366 2370 dives
1410 2313 1574 2369 ullum
1605 2326 1828 2366 suruum
1881 2308 2017 2366 ﬁde—

410 2407 544 2463 litati
570 2406 899 2478 servitioque
953 2414 1043 2461 tuo
1101 2404 1467 2459 intendentem
1533 2399 1881 2472 praepediret,
1952 2413 2018 2454 ac

410 2495 769 2567 praepeditum
802 2495 969 2550 minis
999 2501 1051 2549 et
1080 2492 1377 2549 terroribus
1407 2492 1474 2546 ab
1504 2487 1858 2559 exsequenda
1902 2485 2011 2541 uti-

408 2584 556 2639 litate
585 2592 672 2639 tua
704 2583 1034 2655 prohiberet,
1070 2598 1255 2637 verum
1299 2580 1483 2636 debita
1532 2579 1587 2633 in
1631 2593 1757 2632 eum
1807 2575 2010 2630 ultione

408 2673 621 2730 violatae
650 2690 811 2744 quam
842 2672 938 2727 tibi
981 2672 1216 2727 debebat
1272 2669 1400 2724 ﬁdei
1432 2675 1645 2723 reatum
1704 2666 1941 2737 punires.
1981 2686 2003 2712 ιι

408 2763 560 2818 Tunc
587 2779 682 2817 rex
711 2769 762 2817 et
790 2777 975 2817 comes
1004 2759 1072 2815 de
1101 2758 1376 2824 Mellento,
1426 2756 1698 2813 Robertus
1761 2752 2004 2813 nomine,

407 2852 859 2921 interrumpentes
890 2850 1058 2905 verba
1104 2849 1222 2919 ejus
1254 2865 1266 2901 :
1306 2870 1327 2895 α
1365 2845 1411 2902 Ο
1442 2862 1493 2910 o,
1543 2844 1812 2911 dixerunt,
1859 2856 2006 2912 pra!—

410 2940 608 2996 dicatio
637 2948 720 2995 est
750 2939 896 3008 quod
921 2938 1051 2993 dicit
1084 2979 1097 3006 ,
1131 2935 1408 3008 praedictio
1457 2942 1537 2989 est
1592 2975 1608 3001 ,
1666 2948 1774 2986 non
1812 2930 1891 2985 rei
1939 2929 2007 2985 de

408 3046 514 3100 qua
538 3028 718 3100 agitur
736 3028 845 3083 ulla
868 3044 995 3097 quae
1028 3025 1344 3096 recipienda
1374 3022 1441 3078 sit
1467 3038 1501 3076 a
1549 3019 1903 3092 prudentibus
1933 3034 2010 3074 ra.

408 3119 501 3173 tio.
539 3141 560 3168 ιι
596 3118 804 3187 Quibus
833 3132 955 3171 cum
985 3116 1187 3187 quique
1216 3128 1504 3184 procerum
1538 3110 1921 3175 acclamarent,
1955 3115 2010 3163 et

409 3223 471 3263 os
497 3206 681 3261 Patris
711 3206 824 3260 suis
850 3204 1072 3260 vocibus
1102 3203 1348 3276 Oppilare
1387 3201 1711 3265 laborarent,
1758 3198 1876 3269 ipse
1922 3197 2011 3252 in-

411 3304 494 3351 ter
521 3311 618 3351 ora
646 3294 1114 3366 perstrepentium,
1164 3290 1388 3346 dimisso
1434 3289 1606 3355 vultu,
1654 3286 1801 3341 mitis
1846 3286 2012 3341 sede-

413 3385 523 3451 bat,
559 3393 610 3439 et
640 3384 903 3439 clamores
932 3398 1113 3438 eorum
1146 3382 1298 3454 quasi
1321 3380 1484 3434 surda
1540 3393 1676 3433 aure
1746 3374 2017 3446 despicie'

411 3473 527 3528 but.
559 3473 825 3544 Fatigatis
854 3481 1033 3526 autem
1064 3470 1143 3525 eis
1168 3485 1199 3524 a
1231 3469 1473 3540 proprio,
1508 3466 1759 3537 strepitu,
1791 3464 2013 3519 sedato-

412 3578 535 3634 quae
564 3562 812 3629 tumultu,
843 3560 1129 3615 Anselmus
1158 3559 1230 3613 ad
1259 3557 1422 3612 verba
1442 3573 1534 3612 sua
1551 3562 1758 3610 remeat
1780 3554 1966 3609 dicens
2000 3572 2012 3608 :

417 3674 437 3698 α
473 3651 553 3705 Ad
583 3666 643 3705 ea
692 3665 810 3720 qua:
861 3648 1023 3719 jubes
1081 3656 1158 3717 ut,
1191 3662 1295 3718 quo
1325 3662 1544 3702 securus
1591 3644 1658 3699 de
1702 3659 1791 3699 me
1835 3642 2015 3713 possis

424 3739 621 3795 amodo
653 3754 792 3807 esse,
821 3738 996 3809 jurem
1030 3737 1128 3792 tibi
1159 3736 1301 3807 quod
1332 3750 1606 3806 nunquam
1638 3732 1871 3802 amplius
1914 3746 2012 3802 pro

417 3828 659 3899 qualibet
688 3843 852 3883 causa
903 3827 1117 3882 beatum
1174 3826 1383 3880 Petrum
1440 3822 1525 3879 vel
1580 3822 1697 3892 ejus
1752 3821 2014 3878 vicarium

411 3918 465 3972 in
494 3917 687 3989 Anglia
716 3916 1011 3987 appellem,
1041 3914 1163 3970 dico
1194 3912 1506 3984 hujusmodi
1532 3911 1833 3983 jussionem
1868 3917 2013 3964 tuam

423 4006 511 4078 qui
545 4004 889 4061 Christianus
920 4020 979 4059 es
1008 4003 1334 4060 omnimodis
1365 4017 1488 4057 esse
1516 4016 1623 4055 non
1650 3999 1870 4054 debere.
1904 3998 2018 4053 Hoc

416 4095 559 4151 enim
584 4095 792 4165 jurare,
826 4092 1044 4147 beatum
1075 4093 1293 4146 Petrum
1324 4098 1406 4146 est
1442 4089 1714 4159 abjurare.
1760 4087 1863 4155 Qui
1911 4102 2015 4141 au-

421 4193 523 4239 tem
557 4183 779 4238 beatum
837 4184 1053 4237 Petrum
1110 4181 1346 4251 abjurat,
1405 4178 1680 4234 Christum
1738 4176 1829 4249 qui
1895 4190 2019 4229 eum

416 4289 579 4343 super
605 4271 915 4328 Ecclesium
944 4286 1096 4325 suam
1125 4268 1423 4340 principem
1463 4268 1611 4333 fecit,
1658 4265 2029 4322 indubitanter

418 4362 656 4432 abjurat.
682 4360 815 4416 Cum
839 4360 1003 4431 igitur
1017 4366 1239 4430 propter
1268 4364 1318 4412 te
1348 4358 1403 4426 (ο
1431 4358 1548 4426 rex)
1600 4355 1871 4410 Christum
1918 4371 2020 4410 ne-

420 4466 644 4523 gavero,
677 4449 870 4513 fateor,
900 4456 1202 4519 peccatum,
1235 4446 1378 4518 quod
1409 4446 1463 4499 in
1492 4445 1818 4516 requirenda
1847 4443 2023 4500 licen-

424 4540 496 4595 tia
525 4538 739 4608 admisi,
766 4537 974 4608 judicio
1004 4536 1167 4592 curiae
1196 4544 1301 4590 tua:
1318 4551 1424 4589 non
1446 4533 1634 4604 segnis
1662 4531 2021 4588 emendabo.»

431 4628 529 4683 His
557 4612 742 4682 verbis
773 4626 1028 4698 praefatus
1058 4640 1241 4681 comes
1272 4622 1607 4695 indignando
1637 4621 1977 4692 subjungens
2001 4662 2018 4687 ,

428 4718 503 4771 ait
534 4734 546 4771 :
585 4740 607 4764 ιι
642 4716 760 4781 Eia,
794 4714 901 4782 eia,
937 4716 1093 4769 Petro
1123 4718 1177 4768 et
1219 4728 1379 4784 papae
1437 4720 1487 4766 te
1541 4709 1916 4781 praesentabis,
1975 4716 2029 4764 et

427 4821 527 4862 nos
558 4804 783 4877 quidem
815 4820 922 4859 non
949 4802 1197 4859 transibit
1225 4801 1367 4874 quod
1413 4801 1613 4856 scimus
1657 4818 1669 4854 :
1726 4819 1750 4851 ι
1802 4798 1899 4853 Cui
1942 4799 2032 4852 Pa-

429 4905 507 4951 ter
535 4894 818 4965 respondit
868 4911 880 4947 :
926 4917 947 4941 α
1008 4894 1156 4947 Deus
1210 4892 1431 4962 quidem
1482 4889 1633 4945 novit
1689 4888 1819 4958 quid
1875 4886 2032 4944 vobis

428 4982 686 5046 manebit,
739 4991 793 5038 et
830 4980 961 5036 mihi
1018 4980 1086 5036 ad
1143 4979 1514 5051 apostolorum
1569 4992 1792 5033 suorum
1849 4975 2034 5030 limina

426 5070 759 5142 preperanti,
790 5071 834 5125 si
864 5069 971 5124 sibi
1000 5068 1198 5140 placet,
1246 5067 1497 5123 auxiliari
1543 5065 1759 5122 valebit.
1816 5089 1838 5115 ο
1912 5065 2038 5119 Post

424 5160 544 5217 haec
571 5158 821 5227 surrexit,
854 5164 1017 5229 atque
1065 5157 1133 5212 ad
1178 5156 1356 5211 locum
1401 5154 1545 5210 unde
1588 5154 1899 5209 exieramus
1940 5167 2036 5206 re-

426 5264 611 5305 versos
639 5264 669 5304 e
700 5247 928 5320 vestigio
983 5245 1151 5301 nuntii
1209 5245 1360 5317 regis
1415 5243 1688 5298 subsecuti
1745 5240 2044 5308 intulerunt

430 5339 548 5395 viro
578 5338 695 5394 haec
726 5356 738 5391 :
775 5359 798 5386 α
833 5338 976 5392 Ecce
1007 5335 1137 5392 ibis.
1172 5334 1557 5389 Verumtamen
1587 5331 1729 5386 scias
1756 5328 2033 5386 dominum

434 5435 681 5483 nostrum
712 5425 822 5497 pati
852 5424 997 5480 nolle
1028 5431 1080 5479 te
1109 5428 1396 5478 exeuntem
1454 5419 1748 5492 quidquam
1805 5418 1875 5473 de
1928 5416 2040 5471 suis

438 5524 611 5571 tecum
644 5516 814 5570 ferre.
858 5536 880 5562 ο
909 5516 975 5568 At
1005 5512 1097 5569 ille
1127 5530 1138 5566 :
1179 5534 1200 5561 ιι
1239 5510 1574 5582 Equitaturas
1601 5508 1797 5578 habeo,
1847 5512 2039 5563 vestes

438 5620 653 5688 quoque
682 5611 736 5662 et
767 5601 1179 5675 supellectilem,
1213 5616 1332 5677 quae
1378 5597 1624 5655 fortassis
1658 5598 1801 5659 dicet
1847 5594 2044 5667 aliquis

2054 4497 2105 4558 D

2121 1875 2246 1929 licet
2273 1873 2519 1941 moleste,
2554 1879 2810 1943 quantum
2837 1872 2906 1927 ad
2938 1888 3055 1943 vos,
3089 1873 3236 1944 quod
3266 1881 3449 1930 tamen
3475 1890 3601 1931 mea
3621 1891 3716 1931 re-

2121 1963 2241 2028 fert,
2275 1961 2650 2032 aequanimiter
2677 1976 2777 2032 pro
2807 1976 2969 2032 posse
2987 1962 3185 2030 feram,
3204 1978 3304 2018 nec
3319 1962 3392 2018 ob
3411 1962 3518 2019 hoc
3540 1980 3625 2020 me
3650 1965 3720 2020 ab

2119 2066 2305 2107 amore
2331 2049 2522 2107 animae
2580 2054 2779 2107 vestrm
2819 2049 3005 2104 salutis
3050 2092 3065 2118 ,
3120 2050 3408 2107 miserante
3453 2053 3719 2120 Domino,

2119 2139 2383 2195 auferam.
2415 2140 2572 2195 Nunc
2600 2139 2782 2211 igitur,
2812 2138 3069 2211 ignorans
3108 2139 3327 2212 quando
3381 2155 3482 2196 vos
3525 2140 3720 2197 iterum

2120 2230 2338 2285 visurus
2368 2230 2491 2296 sim,
2523 2230 2638 2284 Deo
2668 2244 2763 2283 vos
2790 2228 3130 2295 commendo,
3166 2237 3220 2284 et
3247 2228 3387 2284 sicut
3427 2229 3723 2301 spiritualis

2122 2318 2282 2373 Pater
2310 2317 2510 2373 dilecto
2542 2316 2671 2385 ﬁlio,
2704 2317 2846 2372 sicut
2872 2316 3313 2389 archiepiscopus
3357 2318 3722 2375 Cantuarien-

2118 2406 2194 2461 sis
2221 2406 2340 2479 regi
2372 2406 2610 2478 Angliaa,
2643 2405 2800 2461 vobis
2830 2405 2926 2461 Dei
2957 2413 3010 2461 et
3071 2421 3249 2462 meam
3291 2406 3731 2465 benedictionem

2117 2503 2409 2566 antequam
2439 2495 2632 2551 abeam
2662 2535 2677 2562 ,
2707 2493 2755 2550 si
2804 2508 2927 2551 eam
2974 2509 3085 2551 non
3127 2493 3368 2565 abjicitis
3414 2537 3428 2564 ,
3481 2495 3726 2552 tribuere

2120 2584 2265 2640 volo.
2304 2608 2325 2631 ιι
2359 2585 2509 2639 Tunc
2537 2600 2653 2650 rex,
2690 2605 2711 2632 α
2765 2582 3226 2650 Benedictionem,
3274 2583 3367 2649 ait,
3418 2592 3568 2640 tuam
3611 2600 3723 2639 non

2118 2673 2338 2743 abjicio.
2376 2696 2397 2722 ››
2434 2674 2566 2728 Mox
2604 2671 2695 2727 ille
2734 2687 2999 2745 surgens,
3042 2672 3220 2728 levata
3267 2672 3463 2727 dextra
3495 2673 3716 2745 signum

2119 2770 2320 2818 sanctae
2349 2762 2525 2818 crucis
2554 2777 2720 2832 super
2745 2776 2933 2834 regem
2962 2762 3032 2816 ad
3061 2763 3167 2816 hoc
3213 2768 3377 2832 caput
3419 2762 3719 2819 humilian-

2119 2861 2226 2907 tem
2253 2843 2447 2917 dedidit,
2478 2859 2529 2907 et
2583 2849 2870 2919 abscessit,
2901 2849 3003 2904 viri
3048 2849 3376 2905 alacritatem
3418 2866 3549 2923 rege
3592 2868 3717 2907 cum

2115 2940 2226 2995 suis
2255 2940 2583 2996 admirante.
2614 2942 2770 2994 Anno
2799 2938 2870 2993 ab
2900 2938 3277 2993 lncarnatione
3307 2938 3424 2993 Filii
3456 2938 3561 2994 Dei
3584 2940 3720 2995 mil-

2116 3028 2304 3085 lesimo
2335 3027 2691 3101 nonagesimo
2746 3026 2978 3098 septimo
3030 3034 3152 3082 acta
3206 3034 3327 3082 sunt
3379 3027 3518 3096 haec,
3578 3029 3716 3085 feria

2038 3141 2087 3204 Ο
2117 3119 2304 3188 quinta
2331 3134 2453 3190 quae
2484 3117 2583 3171 fuit
2609 3117 2736 3171 Idus
2765 3115 3030 3172 Octobris.

2193 3207 2347 3263 Venit
2399 3206 2600 3262 dehinc
2653 3207 2994 3262 Cantuariam
3046 3207 3349 3273 Anselmus,
3400 3207 3491 3263 ubi
3551 3207 3712 3264 sedes

2120 3294 2463 3367 pontiﬁcalis,
2494 3294 2585 3350 ubi
2614 3294 2776 3351 totius
2804 3296 2959 3368 regni
2991 3303 3150 3367 caput
3178 3303 3262 3352 est
3302 3303 3464 3368 atque
3507 3295 3715 3367 prima-

2121 3394 2225 3441 tus.
2261 3386 2479 3440 Postera
2505 3384 2593 3439 die
2623 3382 2873 3440 allocutis
2904 3424 2919 3451 ,
2977 3392 3031 3439 et
3071 3399 3168 3453 pro
3212 3384 3435 3439 instanti
3482 3384 3706 3457 negotio

2122 3488 2454 3546 magnopere
2475 3471 2770 3528 consolatis
2813 3471 2936 3527 ﬁliis
2979 3470 3109 3540 suis,
3153 3480 3367 3529 astante
3409 3475 3713 3530 monacho-

2121 3579 2260 3630 rum,
2291 3562 2634 3629 clericprum,
2667 3576 2735 3615 ac
2764 3576 3050 3617 numerosa
3090 3560 3416 3633 populorum
3467 3561 3715 3618 multitu-

2121 3652 2265 3721 dine,
2327 3667 2514 3722 peram
2543 3658 2597 3706 et
2642 3649 2896 3705 baculum
2933 3650 3392 3722 peregrinantium
3422 3666 3573 3706 more
3618 3665 3717 3707 co-

2120 3756 2234 3796 ram
2317 3739 2474 3795 altari
2554 3739 2827 3811 suscepit,
2896 3738 3397 3810 commendatisque
3469 3739 3722 3796 omnibus

2124 3829 2338 3885 Christo
2367 3828 2572 3901 ingenti
2601 3827 2725 3884 ﬂetu
2757 3831 2812 3883 et
2833 3828 3036 3898 ejulatu
3090 3836 3409 3899 prosecutus
3463 3843 3720 3901 egressus

2122 3927 2222 3975 est.
2253 3919 2380 3989 ipso
2410 3917 2497 3972 die
2524 3916 2592 3971 ad
2653 3920 2865 3987 portum
2914 3916 3100 3973 Dofris
3129 3916 3342 3985 ivimus,
3373 3916 3557 3990 ibique
3598 3917 3718 3973 cle-

2123 4009 2297 4063 ricum
2355 4005 2646 4078 quemdam
2702 4005 3059 4061 Willhelmun
3116 4004 3336 4061 nomine
3390 4022 3423 4060 a
3476 4021 3611 4078 rege
3655 4022 3726 4062 ex

2126 4095 2398 4161 condicto,
2429 4101 2488 4148 ut
2514 4093 2774 4160 diximus,
2829 4093 3091 4149 directum
3141 4094 3462 4165 reperimus.
3512 4094 3725 4150 Detenti

2128 4193 2305 4241 autem
2363 4181 2439 4237 ibi
2485 4197 2673 4236 sumus
2730 4181 3037 4253 quindecim
3076 4181 3287 4247 diebus,
3347 4188 3507 4237 vento
3565 4181 3728 4238 nobis

2128 4273 2415 4329 transitum
2466 4271 2804 4342 prohibente.
2854 4271 2913 4325 In
2944 4286 3049 4343 qua
3079 4284 3233 4325 mora
3274 4268 3420 4324 idem
3464 4268 3726 4324 Willhel-

2131 4380 2250 4418 mus
2277 4377 2402 4417 cum
2433 4362 2592 4416 Patre
2620 4360 2828 4414 intrans
2882 4365 2936 4414 et
2961 4358 3166 4426 exiens,
3186 4364 3239 4412 et
3266 4356 3325 4411 in
3352 4372 3539 4411 mensa
3568 4356 3718 4412 illius

2133 4450 2373 4524 quotidie
2401 4447 2707 4517 comedens,
2738 4446 2874 4503 nihil
2903 4448 2970 4503 de
2998 4459 3165 4501 causa
3220 4460 3321 4517 pro
3378 4458 3485 4515 qua
3537 4444 3734 4500 missus

2134 4541 2310 4596 fuerat
2337 4554 2500 4612 agere
2527 4537 2763 4595 volebat.
2823 4536 2921 4591 Die
2976 4549 3101 4591 vero
3157 4532 3557 4605 quintodecimo
3613 4548 3733 4588 cum

2133 4646 2235 4685 nos
2264 4636 2439 4684 nautae
2467 4634 2725 4699 urgerent
2760 4640 2930 4681 naves
2983 4630 3185 4696 petere,
3244 4630 3296 4679 et
3351 4637 3453 4678 nos
3509 4620 3736 4677 transire

2137 4717 2282 4774 avidi
2310 4716 2377 4772 ad
2407 4717 2511 4771 hoc
2540 4714 2913 4787 fatigaremur,
2949 4728 3073 4769 ecce
3126 4710 3343 4768 videres
3395 4727 3511 4767 rem
3564 4710 3737 4767 mise-

2138 4805 2385 4863 randam.
2414 4806 2622 4860 Patrem
2653 4803 2861 4873 patriae,
2891 4801 3177 4874 primatem
3207 4800 3370 4857 totius
3419 4799 3737 4868 Britannias,

2144 4895 2498 4951 Willhelmus
2527 4894 2617 4948 ille
2659 4891 2815 4964 quasi
2844 4890 3153 4963 fugitivum,
3212 4889 3297 4946 vel
3352 4889 3584 4960 alicujus
3641 4886 3743 4943 im-

2145 4985 2321 5042 manis
2348 4983 2565 5040 sceleris
2592 4996 2761 5049 reum,
2792 4980 2847 5035 in
2878 4980 3057 5035 littore
3084 4977 3330 5048 detinuit,
3362 4993 3427 5034 ac
3471 4993 3540 5033 ne
3594 4991 3749 5033 mare

2145 5081 2385 5132 transeat
2413 5089 2480 5128 ex
2508 5079 2661 5143 parte
2704 5068 2911 5124 domini
2967 5068 3051 5123 sui
3103 5068 3279 5138 jubet,
3336 5067 3511 5122 donec
3566 5064 3751 5122 omnia

2147 5181 2272 5236 quae
2300 5177 2484 5218 secum
2509 5159 2739 5225 ferebat,
2770 5157 2873 5213 sibi
2910 5154 3224 5229 singulatim
3279 5154 3503 5211 revelet.
3558 5154 3750 5211 Allata!

2150 5254 2314 5327 igitur
2341 5259 2465 5306 ante
2492 5249 2645 5304 illum
2676 5246 2898 5321 bulgiae,
2930 5253 2983 5302 et
3009 5244 3263 5300 mantica
3304 5251 3556 5301 reserate
3597 5249 3746 5308 sunt,

2143 5353 2198 5400 et
2226 5349 2337 5398 tota
2364 5339 2608 5411 supellex
2637 5336 2781 5392 illius
2820 5351 2916 5408 spe
2957 5333 3201 5406 pecunias
3244 5332 3581 5404 reperiendae
3616 5330 3755 5387 sub—

2148 5447 2298 5490 versa
2328 5438 2381 5486 et
2423 5427 2690 5500 exquisita
2745 5432 2847 5493 est,
2906 5422 3111 5496 ingenti
3171 5421 3351 5494 plebis
3406 5419 3757 5476 multitudine

2151 5522 2554 5587 circumstante,
2586 5533 2649 5572 ac
2678 5513 2937 5570 nefarium
2994 5526 3148 5582 Opus,
3209 5524 3308 5581 pro
3359 5507 3441 5563 sui
3498 5507 3757 5575 novitate,

2155 5607 2477 5667 admirando
2505 5612 2802 5682 spectante,
2860 5609 2913 5658 et
2940 5599 3244 5673 spectando
3292 5602 3599 5655 execrante.
3657 5596 3758 5663 Re-
