4044 6074
382 328 397 365 ³
413 336 516 395 403

1398 337 1722 397 EADMERI
1760 337 2316 398 CANTUARIENSIS
2356 340 2674 398 MONACHI

3602 342 3703 399 404

415 465 519 521 bus
547 480 679 540 ergo
719 467 940 537 eversis,
999 467 1093 524 sed
1113 466 1246 523 nihil
1299 481 1484 523 eorum
1550 482 1781 537 quorum
1837 483 2000 522 causa
2018 466 2084 527 'A
2113 483 2240 525 ecce
2269 468 2380 524 dux
2410 470 2553 526 idem
2592 478 2799 527 armata
2854 471 3082 528 militum
3136 486 3299 526 manu
3353 469 3597 540 stipatus,
3657 469 3715 521 in

388 568 391 569 '
422 571 632 613 eversae
670 565 811 626 sunt,
844 557 897 612 in
920 557 998 611 eis
1024 561 1262 627 reperto,
1306 555 1493 611 delusa
1534 554 1841 612 sollicitudo
1886 573 2008 627 per-

419 645 706 700 scrutantis
751 654 850 714 est,
896 653 948 701 et
989 646 1282 701 Anselmus
1327 660 1449 700 cum
1506 644 1619 699 suis
1674 645 1824 700 abire
1876 662 2005 718 per—

424 733 644 789 missus.
680 735 865 805 Itaque
897 750 1092 790 navem
1121 734 1482 806 ingredimur,
1512 732 1685 788 ventis
1711 735 1833 789 vela
1862 752 2005 805 pan-

424 822 639 892 duntur,
671 832 722 878 et
755 830 876 895 post
905 825 1179 879 modicum
1210 833 1324 879 orta
1358 822 1630 893 aliquanta
1674 822 2005 894 difficultate,

415 910 512 964 sed
557 926 621 965 ea
665 920 912 984 respectu
966 914 1266 969 clementia:
1310 916 1409 971 Dei
1467 913 1522 967 in
1579 913 1731 969 brevi
1791 917 2001 984 sedata,

410 1000 776 1071 prosperrime
789 1000 1026 1056 marinos
1036 1003 1228 1058 fluctus
1248 1006 1418 1061 evecti
1432 1006 1759 1063 Witsantdis
1782 1006 1880 1077 (τι),
1903 1020 2003 1075 pro

412 1095 540 1143 voto
569 1089 902 1159 appulimus.

481 1176 594 1232 Rex
624 1186 803 1233 autem
859 1179 1211 1237 Willhelmus
1254 1183 1350 1238 ubi
1419 1184 1622 1241 audivit
1690 1185 2005 1240 Anselmum

408 1266 807 1337 transfretasse,
839 1270 1125 1324 confestim
1156 1273 1418 1343 praecepit
1464 1283 1656 1330 cuncta
1696 1291 1815 1346 quae
1862 1273 2005 1329 illius

400 1353 538 1424 juris
566 1355 782 1411 fuerant
811 1357 864 1412 in
895 1374 1054 1413 suum
1085 1361 1367 1416 transcribi
1397 1363 1718 1433 dominium,
1759 1368 1812 1419 et
1849 1362 2002 1418 irrita

409 1440 525 1497 ﬁeri
577 1446 756 1500 omnia
787 1463 907 1519 quae
936 1464 1038 1517 per
1065 1448 1239 1520 ipsum
1271 1460 1473 1506 mutata
1502 1453 1587 1508 vel
1627 1461 1821 1508 statuta
1864 1452 2001 1508 fuis-

413 1546 474 1585 se
502 1533 730 1601 probari
760 1542 1006 1606 poterant
1032 1553 1099 1591 ex
1125 1553 1234 1608 quo
1264 1539 1441 1609 primo
1468 1550 1689 1597 venerat
1735 1542 1789 1595 in
1832 1542 2002 1596 archi-

406 1620 805 1692 episcopatum.
838 1624 1073 1681 Desaevit
1106 1627 1271 1699 igitur
1299 1630 1622 1700 quandoque
1652 1646 1749 1700 per
1777 1630 1994 1702 episco-

408 1718 600 1780 patum
623 1717 768 1766 tuam
801 1729 944 1769 saava
976 1721 1285 1785 tempestas,
1324 1725 1382 1772 ut
1429 1719 1821 1787 tribulationes,
1872 1736 1994 1792 quae

2114 558 2268 628 equis
2299 559 2449 614 ocior
2472 559 2711 628 advolat,
2746 568 2798 616 et
2831 561 3066 617 clamore
3106 560 3291 616 valido
3339 558 3465 627 quis
3511 557 3597 612 vel
3617 556 3708 611 ubi

2112 654 2253 700 esset
2319 647 2765 718 archiepiscopus
2808 647 3135 720 interrogat.
3178 648 3352 718 Quem
3407 662 3528 701 cum
3597 643 3705 699 sibi

2116 734 2456 807 designalum
2489 751 2617 790 mox
2662 752 2802 807 equo
2862 739 3145 793 sedentem
3206 745 3356 792 torvo
3405 734 3593 790 fuisset
3632 750 3711 788 as.

2112 831 2269 894 pectu
2313 823 2553 890 intuitus,
2612 824 2790 880 subito
2845 829 3050 897 pudore
3105 841 3411 897 percussus,
3469 824 3709 879 demisso

2112 911 2261 967 vultu
2320 912 2551 981 erubuit,
2610 921 2663 967 et
2720 913 2848 985 quid
2903 915 3109 970 diceret
3163 930 3268 969 non
3326 912 3548 968 invenit.
3616 909 3712 965 Cui

2112 1000 2271 1055 Pater
2302 1016 2315 1053 :
2344 1021 2363 1049 ι
2383 1000 2634 1070 Domine,
2669 1001 2761 1069 ait,
2810 1002 2938 1070 dux,
2972 1002 3015 1057 si
3041 1002 3215 1074 placet
3244 1000 3531 1058 osculabor
3558 1007 3630 1054 te.
3678 1022 3699 1047 ιι

2112 1089 2179 1144 Et
2207 1088 2297 1144 ille
2328 1108 2339 1144 :
2378 1112 2398 1138 α
2434 1088 2680 1144 Osculari
2711 1098 2763 1145 et
2792 1092 2998 1146 servire
3047 1092 3162 1159 tibi,
3206 1091 3444 1156 domine,
3491 1096 3709 1161 paratus

2111 1194 2254 1247 sum,
2285 1194 2347 1233 ac
2378 1179 2446 1233 de
2476 1178 2709 1234 adventu
2732 1187 2821 1235 tuo
2852 1180 2906 1233 in
2945 1181 3060 1236 Deo
3108 1181 3377 1254 gratiosus
3418 1178 3649 1234 exsulto.
3680 1200 3702 1227 ιι

2112 1267 2249 1323 Dato
2315 1267 2479 1339 igitur
2536 1269 2723 1323 osculo
2778 1269 2932 1339 pacis
2984 1269 3111 1326 dicit
3165 1270 3236 1324 ad
3300 1268 3453 1323 illum
3504 1267 3709 1322 Pater:

2115 1380 2137 1406 ι
2174 1356 2354 1411 Causa
2385 1356 2666 1430 religionis
2697 1357 3038 1427 Christianae,
3090 1359 3173 1414 vir
3220 1356 3545 1421 venerande,
3593 1358 3709 1409 An-

2107 1444 2277 1518 gliam
2309 1446 2471 1515 exivi,
2506 1454 2577 1515 et,
2598 1446 2889 1502 miserante
2919 1448 3055 1515 Deo,
3079 1447 3309 1503 Romam
3330 1447 3408 1502 ire
3443 1444 3708 1515 disposui.

2104 1533 2262 1590 Nunc
2292 1542 2468 1589 autem
2499 1534 2691 1590 videns
2743 1544 2793 1591 te
2838 1535 2993 1593 laetor
3038 1543 3092 1591 et
3133 1536 3368 1610 gaudeo,
3415 1542 3525 1589 tum
3582 1533 3708 1605 quia

2104 1622 2469 1695 cognitionem
2502 1631 2553 1679 et
2584 1624 2878 1680 amicitiam
2910 1634 3076 1694 tuam,
3109 1633 3220 1680 tum
3271 1624 3400 1697 quia
3440 1622 3706 1678 securita-

2102 1713 2213 1766 tem
2245 1719 2294 1767 et
2324 1727 2519 1782 pacem
2565 1712 2620 1767 in
2671 1722 2810 1768 terra
2869 1722 2958 1768 tua
3014 1730 3099 1768 me
3147 1722 3201 1769 et
3246 1728 3394 1768 meos
3449 1711 3708 1782 deinceps

410 1798 569 1853 facta:
599 1808 726 1855 sunt
754 1801 810 1856 in
839 1801 933 1859 illo
960 1811 1085 1874 post
1114 1814 1342 1861 mortem
1359 1809 1682 1864 venerandae
1714 1808 1989 1865 memoriae.
2016 1820 2072 1883 Β
2100 1816 2197 1871 per
2227 1808 2277 1855 te
2292 1800 2496 1856 habere
2516 1800 2789 1857 deSidero.
2849 1826 2871 1851 -
2916 1802 3217 1873 Respondit
3262 1820 3274 1856 :
3318 1825 3340 1849 ι
3386 1802 3455 1856 Et
3484 1800 3702 1872 quidem

408 1886 695 1944 Lanfranci
745 1898 868 1946 ante
922 1890 1199 1948 introitum
1258 1895 1427 1950 Patris
1480 1897 1742 1966 Anselmi,
1800 1897 1991 1969 parvi-

400 1990 586 2045 pensae
614 1978 720 2033 sint
762 1982 1169 2052 comparatione
1216 1983 1623 2041 tribulationum
1670 2003 1790 2059 quae
1837 1985 1991 2043 facta:

402 2071 528 2119 sunt
556 2065 642 2121 his
661 2066 872 2123 diebus.

463 2154 579 2211 Nos
608 2154 777 2229 igitur
804 2172 965 2215 mane
994 2174 1025 2214 a
1054 2159 1361 2217 Witsandis
1392 2161 1752 2233 discedentes,
1785 2172 1837 2220 et
1866 2172 1999 2235 post

409 2241 528 2297 dies
553 2243 623 2299 ad
680 2253 925 2301 sanctum
979 2248 1252 2304 Rertinum
1312 2252 1384 2321 (b)
1440 2252 1734 2322 venientes,
1793 2269 1995 2327 magna

402 2330 580 2400 plebis
620 2333 899 2391 alacritate
929 2352 991 2392 ac
1041 2342 1430 2395 monachorum
1478 2343 1825 2398 veneratione
1870 2359 1994 2398 sus-

410 2421 577 2492 cepti,
621 2422 856 2494 quinque
904 2424 1035 2480 inibi
1094 2428 1211 2483 dies
1267 2429 1460 2484 morati
1520 2447 1726 2486 sumus.
1786 2430 1998 2486 Interea

401 2518 627 2580 rogatus
696 2512 984 2568 Anselmus
1040 2531 1073 2569 a
1151 2517 1427 2573 canonicis
1473 2520 1644 2573 sancti
1700 2519 1993 2574 Audomari

394 2599 681 2655 ecclesiam
738 2618 889 2656 suam
945 2603 1184 2673 visitare,
1242 2606 1428 2678 ibique
1485 2608 1673 2675 altare,
1740 2609 1884 2679 quod
1939 2608 1996 2662 in

394 2688 657 2743 honorem
701 2691 871 2745 sancti
921 2693 1191 2748 Laurentii
1238 2696 1487 2767 martyris
1528 2697 1789 2766 fecerant,
1838 2696 1995 2751 dedi-

398 2788 544 2844 care,
596 2778 864 2849 acquievit
912 2779 1006 2835 ille
1049 2783 1302 2851 precibus
1340 2800 1524 2840 eorum
1584 2784 1998 2859 ministerioque

397 2863 656 2921 decenter
683 2867 902 2939 expleto
951 2886 1183 2939 pransus
1230 2872 1511 2927 abbatiam
1569 2874 1807 2944 repetiit,
1854 2875 1992 2946 obji-

397 2952 548 3008 ciens
604 2955 814 3012 clericis
870 2972 1055 3013 secum
1131 2960 1280 3015 illum
1352 2963 1615 3017 remorari
1690 2964 1998 3034 petentibus

399 3042 620 3099 Domini
649 3045 872 3113 dictum,
906 3048 1053 3117 quod
1086 3049 1385 3120 discipulos
1414 3066 1543 3107 suos
1566 3051 1723 3121 jubet
1751 3052 1819 3109 de
1835 3052 1997 3110 domo

400 3130 457 3186 in
487 3131 706 3189 domum
738 3151 847 3190 non
879 3136 1121 3193 transire.

464 3220 589 3277 Post
618 3222 736 3280 haec
756 3224 914 3281 nobis
945 3234 1180 3297 coeptum
1212 3228 1313 3284 iter
1345 3229 1797 3301 accelerantibus,
1851 3232 1996 3288 fama

398 3308 500 3364 viri
528 3310 698 3367 multo
729 3313 957 3369 celerius
984 3316 1364 3387 praecurrebat,
1398 3326 1450 3373 et
1496 3319 1780 3390 multiplici
1822 3336 1996 3391 popu-

396 3398 479 3455 los
511 3414 645 3456 voce
675 3401 939 3473 replebat.
971 3405 1129 3461 Unde
1159 3406 1431 3462 turbarum
1467 3424 1784 3478 concursus,
1830 3410 1996 3465 cleri-

395 3502 586 3545 corum
618 3498 808 3559 coetus,
841 3495 1229 3549 monachorum
1257 3496 1525 3552 exercitus
1564 3498 1633 3566 ei,
1680 3514 2000 3572 quacunque

393 3578 675 3648 veniebat,
734 3589 1023 3635 occurrunt
1084 3596 1098 3651 ;
1154 3584 1243 3638 isti
1299 3585 1500 3657 gaudio
1532 3593 1584 3641 et
1640 3587 1996 3642 exsultatione

390 3675 799 3736 concrepantes,
831 3667 908 3721 illi
938 3669 1152 3725 vexillis
1182 3679 1233 3726 et
1264 3673 1475 3727 sonoris
1504 3675 1852 3729 concentibus
1882 3677 1997 3731 Deo

392 3770 493 3825 pro
523 3754 667 3809 illius
710 3756 947 3812 adventu
988 3758 1404 3827 conjubilantes.
1448 3761 1647 3816 Verum
1693 3763 1831 3818 sicut
1874 3763 1999 3835 qui-

401 3843 530 3897 dam
565 3843 633 3898 ad
683 3846 1095 3901 venerationem
1153 3856 1207 3903 et
1263 3848 1625 3904 ministerium
1682 3852 1799 3921 ejus
1852 3853 1997 3907 omni

396 3930 577 3987 studio
607 3933 959 4002 parabantur,
992 3935 1065 3989 ita
1095 3937 1315 4008 quidam
1348 3954 1375 3992 e
1406 3937 1622 3995 diverso
1667 3940 1773 3995 alio
1807 3940 1997 4010 spiritu

396 4019 523 4089 acti,
554 4036 679 4076 eum
711 4038 925 4093 capere,
959 4039 1084 4079 eum
1142 4025 1250 4080 suis
1302 4027 1460 4081 rebus
1517 4026 1753 4098 spoliare
1810 4029 1998 4085 molie-

392 4107 605 4165 bantur.
640 4110 748 4165 Sed
788 4111 877 4165 ubi
909 4113 1065 4168 adest
1092 4114 1293 4183 :divina
1332 4117 1619 4185 protectio,
1681 4117 1809 4188 quid
1854 4118 1998 4174 valet

391 4197 625 4252 humana
687 4200 951 4256 molitio?
1000 4203 1245 4258 Transita
1320 4204 1565 4273 Francia,
1623 4206 1995 4278 Burgundiam

392 4286 732 4343 intravimus.
784 4289 1058 4346 Percussa:
1112 4301 1291 4347 autem
1342 4294 1556 4349 fuerant.
1622 4310 1780 4349 aures
1846 4296 2001 4351 ducis

391 4375 542 4430 illius
573 4377 649 4447 (c)
680 4384 852 4446 teme,
899 4378 1050 4433 diviti
1110 4380 1256 4436 fama
1311 4383 1707 4453 archiepiscOpi
1772 4385 1999 4439 Cantua-

389 4463 606 4534 riensis,
634 4482 735 4536 per
780 4474 975 4522 terram
1027 4484 1180 4522 suam
1240 4471 1464 4525 transire
1522 4471 1774 4526 volentis.
1845 4473 2000 4529 Unde

2028 3179 2077 3242 Ο

2101 1888 2245 1960 quod
2271 1888 2405 1944 dicis
2423 1890 2649 1944 multum
2680 1905 2803 1946 amo
2833 1899 2887 1947 et
2933 1891 3080 1960 volo,
3116 1906 3312 1962 meque
3358 1890 3462 1945 tuis
3500 1888 3701 1944 oratio-

2098 1977 2263 2032 nibus
2308 1977 2781 2051 benedictionique
2838 1979 3143 2035 committo.
3210 2004 3230 2027 ιι
3291 1977 3501 2048 Quibus
3543 1977 3704 2032 dictis

2099 2066 2362 2137 praecepit
2392 2067 2608 2123 cuidam
2641 2067 2730 2137 qui
2758 2067 2825 2122 de
2883 2067 2997 2122 suis
3052 2067 3126 2122 ibi
3182 2067 3459 2138 potentior
3512 2066 3701 2121 aderat

2100 2164 2364 2227 quatenus
2393 2155 2565 2211 virum
2596 2172 2696 2227 per
2722 2164 2925 2212 terram
2957 2172 3109 2211 suam
3139 2157 3486 2223 conduceret,
3542 2155 3705 2226 eique

2100 2244 2192 2300 ubi
2222 2260 2361 2316 opus
2382 2243 2614 2300 haberet
2643 2260 2751 2301 non
2781 2261 2934 2301 secus
2965 2262 3126 2317 quam
3146 2245 3252 2300 sibi
3282 2245 3384 2316 ipsi
3424 2244 3701 2299 ministra-

2100 2341 2198 2389 ret.
2234 2333 2532 2388 Discedens
2561 2333 2743 2405 itaque
2773 2333 2956 2388 odium
3006 2333 3104 2388 Dei
3162 2333 3547 2404 omnipotentis
3588 2347 3701 2387 om-

2101 2422 2261 2476 nibus
2290 2422 2619 2492 imprecatus
2648 2430 2748 2491 est,
2805 2422 2894 2493 qui
2935 2438 2991 2477 se
3036 2422 3103 2477 ad
3149 2421 3545 2496 insequendum
3594 2422 3700 2475 bo-

2101 2511 2302 2564 minem
2334 2510 2432 2565 Dei
2464 2511 2888 2565 concitaverant.
2926 2534 2947 2558 ιι
2982 2511 3096 2567 Nec
3144 2510 3287 2566 enim
3326 2510 3565 2565 hominis
3604 2509 3702 2564 sed

2099 2598 2295 2667 vultus,
2328 2599 2421 2668 ait,
2455 2599 2635 2670 angeli
2667 2597 2766 2654 Dei
2804 2598 2977 2672 fulget
3019 2599 3074 2653 in
3103 2615 3188 2655 eo.
3242 2622 3264 2648 ι
3327 2599 3482 2655 Unde
3530 2596 3701 2653 sciant

2104 2703 2294 2743 omnes
2325 2688 2414 2757 qui
2447 2688 2495 2743 ei
2526 2688 2758 2743 scienter
2786 2688 2965 2742 infesti
2996 2696 3138 2757 sunt,
3160 2688 3303 2760 quod
3353 2686 3630 2743 maledicti
3673 2700 3708 2741 a

2102 2777 2217 2831 Deo
2250 2785 2392 2830 sunt.
2425 2777 2557 2843 Nos,
2579 2777 2702 2832 huic
2719 2777 2836 2831 Deo
2853 2792 2956 2847 pro
2978 2794 3073 2831 sua
3090 2776 3460 2832 misericordia
3495 2775 3706 2830 debitas

2104 2882 2169 2921 ex
2186 2865 2351 2920 corde
2382 2865 2584 2937 gratias
2613 2874 2857 2937 agentes,
2891 2865 3084 2921 itinere
3115 2873 3295 2936 empto
3340 2865 3702 2936 perreximus.

2175 2953 2435 3009 Venimus
2464 2970 2593 3011 vero
2637 2954 2952 3009 Cluniacum
2991 2955 3145 3009 tertio
3187 2954 3274 3009 die
3313 2964 3439 3010 ante
3498 2951 3705 3008 Nativi—

2103 3051 2266 3100 tatem
2290 3043 2525 3113 Domini,
2559 3043 2741 3114 ibique
2767 3058 2799 3098 a
2829 3051 2941 3099 toto
2974 3044 3117 3098 illius
3147 3044 3463 3099 monasterii
3508 3057 3702 3097 mona—

2104 3135 2334 3189 chorum
2368 3132 2587 3205 agmine
2618 3148 2803 3187 sumna
2837 3149 2959 3189 cum
2990 3133 3338 3189 veneratione
3382 3133 3537 3187 Pater
3580 3148 3704 3185 sus-

2106 3223 2303 3292 cipitur
2335 3264 2348 3289 ,
2409 3230 2460 3276 et
2516 3231 2712 3278 cuncta
2767 3222 2870 3277 loci
2923 3221 3093 3292 ipsius
3147 3221 3347 3294 gaudio
3411 3220 3707 3291 laetitiaque

2103 3309 2402 3382 replentur.
2437 3309 2578 3378 Quid
2623 3309 2866 3365 deinde?
2905 3312 3091 3366 Donec
3140 3310 3213 3365 ibi
3260 3309 3379 3379 fuit,
3411 3317 3468 3364 ut
3514 3308 3706 3380 paucis

2105 3400 2282 3456 dicam
2317 3442 2331 3469 ,
2364 3398 2624 3469 singulari
2652 3416 2767 3469 pra}
2833 3399 3084 3455 omnibus
3131 3399 3187 3453 id
3229 3399 3339 3455 loci
3366 3395 3711 3455 venientibus

2102 3488 2418 3545 reverentia
2445 3488 2660 3543 habitus
2689 3496 2788 3545 est.

2178 3578 2337 3631 Mittit
2367 3577 2570 3632 interea
2598 3577 2842 3631 nuntium
2888 3577 2976 3647 qui
3031 3594 3185 3631 suum
3238 3574 3533 3633 venerabili
3588 3574 3704 3630 Hu-

2106 3666 2237 3741 goni
2273 3666 2688 3737 archiepiscopo
2721 3665 3065 3739 Lugdunensi
3097 3666 3173 3736 (d)
3222 3664 3461 3721 notiﬁcet
3505 3663 3705 3719 adven-

2109 3763 2242 3809 tum.
2276 3756 2403 3809 Erat
2438 3754 2641 3825 quippe
2675 3754 2817 3809 idem
2850 3755 2936 3809 vir
2964 3754 3222 3809 Anselmo
3259 3755 3374 3824 jam
3422 3769 3488 3808 ex
3526 3751 3708 3807 multis

2106 3842 2542 3914 prazcedentibus
2574 3843 2727 3897 annis
2784 3851 2962 3911 notus,
3022 3852 3094 3912 et,
3154 3851 3352 3897 sancta:
3402 3840 3709 3897 dilectionis

2106 3933 2249 3986 illius
2279 3931 2407 4005 igne
2436 3948 2745 4001 succensus,
2775 3948 2975 4005 magno
2994 3932 3208 3989 videndi
3262 3948 3384 3986 eum
3430 3929 3705 3985 desiderio

2108 4017 2457 4089 fatigabatur.
2492 4016 2665 4085 Quem
2705 4017 2862 4072 etiam
2902 4016 3183 4071 Anselmus
3224 4015 3275 4069 in
3328 4021 3531 4069 tantum
3573 4014 3701 4067 dili-

2112 4106 2296 4177 gebat,
2346 4109 2573 4175 ejusque
2622 4105 2962 4176 prudentiam
3008 4113 3169 4176 atque
3216 4102 3429 4160 consilii
3462 4102 3701 4158 auctori-

2109 4202 2273 4249 tatem
2306 4192 2432 4247 tanti
2462 4192 2754 4263 pendebat,
2787 4201 2843 4247 ut
2868 4193 3113 4248 statuerit
3143 4194 3286 4263 apud
3320 4210 3377 4249 se
3432 4207 3701 4247 summam

2108 4282 2315 4355 negotii
2344 4282 2424 4335 sui
2455 4281 2868 4337 considerationi
2899 4289 2949 4337 et
2977 4282 3477 4353 dispositioniejus,
3527 4295 3704 4337 necne

2106 4368 3262 4442 reverendillugonisCluniacensisabbatis
3288 4372 3361 4443 (θ)
3396 4388 3456 4424 ex
3489 4371 3704 4441 integro

2111 4459 2510 4516 commendare.
2559 4458 2657 4513 llic
2713 4459 2897 4531 itaque
2950 4460 3219 4529 pontifex,
3278 4459 3461 4514 audito
3522 4457 3709 4513 Ansel-

387 4569 679 4610 succensus
733 4570 917 4611 amore
955 4557 1237 4627 pecuniae,
1297 4574 1459 4628 quam
1516 4560 1791 4629 cepiosam
1849 4560 1996 4615 illum

2112 4564 2258 4604 mum
2291 4548 2401 4601 suis
2447 4546 2644 4601 ﬁnibus
2702 4548 3017 4616 accessisse,
3075 4548 3280 4620 oppido
3329 4547 3539 4603 laetatus
3601 4553 3701 4601 est.

403 4651 543 4698 terre
573 4658 759 4698 rumor
789 4643 1143 4714 disperserat,
1192 4648 1447 4717 proponit
1507 4648 1691 4703 animo
1722 4664 1844 4703 eam
1896 4649 1997 4719 ipsi

390 4730 624 4786 auferre.
667 4730 916 4798 Quadam
947 4732 1111 4804 igitur
1138 4734 1226 4789 die
1256 4751 1383 4789 cum
1409 4735 1463 4790 in
1492 4735 1685 4792 itinere
1731 4753 1996 4808 essemus,

386 4826 441 4876 et
479 4818 838 4891 refrigerandi
867 4819 1044 4893 gratia
1071 4837 1104 4877 a
1133 4822 1220 4878 via
1263 4824 1537 4897 paulisper
1560 4825 1996 4882 declinassemus~

2102 4639 2167 4693 Et
2200 4636 2438 4708 dirigens
2469 4637 2538 4691 ad
2579 4651 2698 4691 eum
2743 4653 2879 4708 quos
2924 4636 3296 4692 familiariores
3336 4654 3398 4692 ac
3428 4635 3706 4709 digniores

2099 4728 2243 4783 circa
2274 4741 2333 4780 se
2376 4724 2615 4779 habebat
2672 4733 2936 4796 quatenus
2990 4724 3288 4779 Ecclesium
3334 4742 3485 4780 suam
3541 4741 3706 4795 seque

2102 4817 2275 4887 ipsum
2304 4814 2418 4869 sine
2449 4828 2601 4869 mora
2630 4813 2943 4886 dignaretur
2982 4814 3238 4884 invisere,
3270 4814 3469 4870 obnixe
3499 4815 3698 4884 depre-

1676 4987 2107 5045 HENSCHENII
2145 4985 2369 5043 ΝΟΤιΕ.

454 5114 530 5185 (a)
561 5112 884 5179 Witsandis,
917 5112 1315 5185 celebrisolim
1350 5122 1559 5183 portus,
1609 5130 1751 5169 nunc
1774 5115 1994 5170 humilis

383 5183 542 5257 vicus
568 5184 710 5257 inter
738 5184 1036 5257 Bononiam
1066 5183 1412 5257 etQaletum,
1436 5186 1627 5257 Avulgo
1700 5187 1883 5241 Visan.

452 5256 526 5325 (b)
558 5254 845 5312 Sithuense
890 5255 945 5311 S.
998 5254 1196 5309 Bertini
1235 5226 1586 5319 cmnobium?
1604 5273 1745 5310 nunc
1794 5257 1989 5311 iisdem

383 5343 506 5383 cum
537 5335 712 5382 castro
736 5328 794 5382 S.
827 5326 1121 5382 Audomari
1152 5325 1420 5379 moenibus
1446 5326 1714 5381 inclusum
1764 5337 1813 5382 et
1862 5344 1987 5382 mu-

373 5397 954 5477 nitissimumﬁrt’esiz‘e
985 5395 1339 5477 Oppidumya
1384 5398 1779 5477 prmnoniinato
1823 5408 1982 5477 p_ortu

374 5467 535 5524 distat
584 5467 749 5524 leucis
806 5465 1102 5522 Gallicanis
1156 5465 1370 5520 circiter
1423 5468 1615 5521 decem
1674 5487 1686 5531 ;
1737 5476 1793 5522 ut
1824 5465 1988 5523 forte

369 5540 478 5611 legi
512 5540 724 5606 debeat,
756 5542 881 5611 post
912 5538 1079 5604 diem,
1112 5544 1222 5605 aut,
1252 5540 1377 5609 post
1399 5537 1537 5594 duo:
1558 5539 1691 5608 dies,
1726 5547 1783 5593 ut
1831 5554 1985 5593 sum-

363 5626 536 5667 mum.

440 5688 511 5754 (c)
543 5681 642 5741 Hic
670 5680 781 5739 dux
811 5677 914 5736 fuit
942 5678 1121 5739 Eudes
1176 5678 1402 5754 primus,
1448 5695 1481 5736 a
1531 5695 1637 5754 quo
1694 5679 1980 5740 fundatum

2102 5114 2424 5171 Cistercium
2483 5127 2625 5184 anno
2676 5122 2938 5184 sequente
2982 5114 3141 5184 1098,
3190 5121 3246 5168 ut
3300 5112 3499 5184 dicitur
3551 5126 3694 5184 xxix

2098 5186 2304 5257 Aprilis
2334 5185 2386 5239 in
2419 5186 2535 5239 Vita
2564 5183 2620 5238 S.
2655 5182 2872 5239 Roberti
2902 5182 3133 5239 abbatis
3160 5183 3543 5257 Molismensis.
3582 5182 3700 5257 Fuit

2099 5253 2277 5313 autem
2312 5257 2491 5312 Eudes
2522 5263 2680 5308 natus
2719 5264 2875 5324 patre
2906 5256 3157 5323 Henrico,
3191 5270 3293 5310 avo
3323 5253 3696 5322 Robcno,du-

2095 5329 2251 5382 cibus
2280 5327 2623 5399 Burgundiae,
2647 5341 2852 5394 proavo
2878 5327 3113 5399 Roberto
3159 5341 3296 5399 rege
3340 5327 3694 5399 Francorum.

2169 5400 2251 5469 (d)
2281 5395 2487 5453 Extant
2516 5395 2697 5469 plures
2714 5397 3028 5469 epistolas.
3059 5395 3379 5469 Anselrmiad
3406 5397 3697 5469 Hugonem

2093 5468 2527 5539 arhiepiscopum
2557 5474 2611 5523 et
2649 5468 2812 5537 hujus
2853 5468 2921 5523 ad
2961 5468 3018 5524 S.
3068 5468 3404 5523 Anselmum.
3455 5468 3695 5523 Mortuus

2094 5549 2175 5595 est
2194 5556 2336 5596 anno
2368 5542 2523 5595 1106.

2162 5610 2443 5692 (e)__Vitam
2474 5610 2549 5692 ξ..
2572 5609 2819 5692 Hugonis
2855 5608 3191 5692 illustr‘amus
3236 5609 3303 5692 a_d
3342 5609 3499 5691 odiem
3547 5624 3695 5667 xxxx

2094 5679 2311 5756 Aprilis,
2344 5698 2466 5739 cum
2494 5679 2695 5739 illustri
2720 5681 2995 5740 mentione
3024 5680 3083 5738 S.
3113 5679 3376 5739 Anselmi.
