4044 6074
339 286 443 345 405

1437 290 1769 349 HISTORIA
1804 252 2175 351 Novoauu.
2212 326 2280 338 —
2309 294 2437 353 LIB.
2470 297 2538 355 ιι.

3539 290 3644 353 406

337 421 487 469 catus
514 419 617 469 est.
649 414 927 471 Mandavit
946 415 1167 488 insuper
1181 416 1442 488 episcopo
1457 416 1839 474 Matisconensi
1856 415 1936 489 (α)
1964 416 2020 480 A
2048 420 2417 477 constabiliter
2443 429 2807 492 exsecrantur,
2864 430 2923 479 ut
2966 418 3270 477 nullatenus
3324 402 3448 495 illas
3502 418 3644 475 tole-

335 510 394 557 ut
422 502 538 559 viro
567 503 779 560 decenti
809 505 1016 562 honore
1062 514 1387 575 occurreret,
1445 514 1495 562 et
1542 505 1936 563 ofﬁciosissime

337 592 652 649 deserviret.
687 593 846 664 Quod
876 594 990 665 ipse
1021 596 1308 668 diligenter
1334 599 1623 652 exsecutus
1678 605 1779 651 est.
1829 596 1939 653 Ubi

336 697 469 736 vero
500 683 820 755 Lugdunum
853 684 1115 746 venimus.
1163 701 1270 754 qua
1314 685 1662 740 veneratione
1708 684 1776 739 ab
1816 684 1937 755 ipso

335 785 552 826 summo
581 770 832 843 pontiﬁce
862 780 914 828 et
944 773 1054 827 suis
1083 773 1337 828 omnibus
1375 773 1612 844 suscepti
1659 790 1844 828 sumus
1887 783 1937 830 et

335 874 591 914 enarrare
619 852 857 930 difﬁcile,
890 870 944 916 et
973 861 1119 917 dictu
1148 861 1395 917 fortassis
1449 869 1531 917 est
1583 862 1926 919 incredibile.

336 945 458 1015 Quo
508 965 632 1004 cum
679 949 1105 1017 demoraremur,
1156 949 1347 1006 didicit
1391 951 1674 1006 Anselmus
1728 968 1795 1008 ex
1852 952 1939 1006 his

338 1052 459 1107 qua
498 1037 645 1093 fama
676 1039 904 1106 ferebat,
937 1054 1042 1093 non
1074 1039 1305 1094 multum
1335 1055 1446 1093 sua
1474 1056 1650 1095 causa
1679 1040 1936 1110 profutu-

337 1141 478 1195 rum,
516 1126 561 1180 si
599 1125 715 1196 ipse
752 1127 807 1182 in
874 1127 1132 1182 ulteriora
1195 1127 1530 1199 procederet.
1583 1128 1936 1184 Imbecillitas

338 1229 555 1285 quoque
578 1215 658 1270 sui
689 1216 928 1286 corporis
964 1216 1197 1271 residua
1253 1215 1357 1270 via
1416 1214 1655 1270 laborem
1711 1217 1936 1287 perhor-

336 1303 508 1371 rebat,
541 1313 593 1359 et
621 1303 835 1360 insidia
866 1321 987 1376 qua
1016 1305 1087 1359 ab
1116 1302 1387 1377 indigenis
1405 1303 1617 1359 illarum
1646 1305 1934 1377 regionum

335 1408 400 1449 ea
456 1400 773 1463 tempestate
829 1393 1257 1448 commeantibus
1311 1400 1363 1447 et
1416 1392 1655 1448 maxime
1690 1394 1935 1465 religiosi

335 1481 540 1537 ordinis
603 1482 736 1538 viris
782 1482 1147 1546 struebantur,
1198 1496 1318 1536 eum
1386 1480 1630 1536 nonnihil
1698 1486 1935 1538 retarda-

333 1570 484 1625 bant.
526 1573 713 1642 Itaque
742 1563 991 1644 Lugduni
1020 1568 1235 1638 resedit,
1268 1570 1474 1625 cunctis
1500 1569 1661 1627 valde
1686 1581 1937 1643 acceptus

335 1668 389 1715 et
416 1660 775 1716 honorabilis.

2042 525 2161 565 rare
2188 511 2394 581 possim
2423 527 2546 567 cum
2577 512 2751 567 salute
2779 511 2977 568 anima
3005 528 3160 567 mea.
3195 511 3255 565 In
3285 525 3391 581 quo
3447 507 3639 565 archi-

2043 598 2359 670 episcopatu
2376 600 2491 671 jam
2518 616 2618 670 per
2646 608 2874 671 quatuor
2927 615 3097 656 annos
3153 614 3378 654 manens
3434 597 3644 653 nullum

2045 686 2274 741 fructum
2309 687 2432 757 feci,
2463 689 2559 743 sed
2589 689 2642 743 in
2672 688 2952 744 immensis
2981 696 3033 745 et
3062 687 3490 744 exsecrabilibus
3543 686 3645 741 tri-

2043 774 2405 831 bulationibus
2434 778 2628 833 anima
2657 794 2794 833 meae
2823 777 3079 832 inutiliter
3105 777 3237 844 vixi,
3294 784 3350 831 ut
3401 775 3644 846 quotidie

2044 864 2217 935 magis
2281 864 2585 920 desiderem
2649 866 2787 922 mori
2850 875 3002 921 extra
3056 865 3304 938 Angliam
3360 879 3525 936 quam
3567 862 3643 918 ibi

2044 952 2243 1008 vivere.
2302 953 2441 1007 Nam
2491 953 2536 1008 si
2583 955 2657 1010 ita
2708 954 2869 1009 vitam
2917 961 3233 1026 prasentem
3283 953 3437 1008 sicuti
3486 967 3636 1008 eram

2044 1040 2119 1094 ibi
2147 1040 2377 1111 ﬁnirem,
2410 1042 2536 1113 plus
2565 1043 2818 1098 videbam
2850 1044 3045 1098 anima
3071 1060 3207 1099 mea
3235 1041 3640 1098 damnationem

2042 1146 2205 1201 quam
2235 1132 2483 1187 salutem.
2518 1131 2782 1189 Videbam
2815 1133 2958 1187 enim
3012 1133 3181 1187 multa
3209 1132 3352 1187 mala
3398 1129 3452 1185 in
3496 1138 3639 1186 terra

2040 1216 2156 1287 illa,
2190 1235 2309 1289 qua
2339 1235 2439 1275 nec
2468 1220 2703 1276 tolerare
2732 1221 3016 1291 debebam,
3041 1236 3141 1276 nec
3168 1218 3638 1292 episc0paliliber-

2043 1307 2153 1362 tate
2184 1307 2455 1380 corrigere
2482 1318 2747 1380 poteram.
2808 1313 2933 1381 Ipse
2987 1326 3202 1382 quoque
3257 1326 3352 1365 rex
3409 1308 3642 1365 faciebat

2042 1395 2289 1466 quadam
2321 1414 2441 1468 qua
2472 1398 2722 1453 facienda
2752 1415 2859 1455 non
2886 1399 3208 1455 videbantur
3236 1399 3305 1454 de
3358 1396 3638 1465 Ecclesiis,

2042 1500 2177 1554 quas
2204 1494 2326 1555 post
2354 1486 2559 1541 obitum
2589 1487 2934 1557 pralatorum
2965 1488 3123 1544 aliter
3150 1503 3312 1558 quam
3341 1492 3636 1557 oporteret,

2042 1573 2325 1629 tractabat.
2385 1575 2471 1630 Me
2525 1575 2689 1631 etiam
2745 1585 2799 1632 et
2854 1576 3152 1632 Ecclesiam
3196 1575 3638 1630 Cantuariensem

2042 1662 2225 1717 multis
2254 1663 2431 1719 modis
2458 1665 2740 1734 gravabat.
2772 1666 2964 1721 Terras
3017 1680 3252 1736 namque
3296 1663 3484 1734 ipsius.
3523 1662 3640 1718 Ec-

405 1747 671 1819 Scriptam
702 1749 899 1805 dehinc
954 1751 1235 1821 epistolam
1290 1770 1453 1808 unam
1508 1752 1656 1808 sedis
1702 1760 1930 1823 aposto-
1962 1740 2244 1826 B‘clesia,
2277 1770 2411 1823 quas
2438 1762 2560 1825 post
2588 1758 2823 1811 mortem
2879 1754 3274 1825 archiepiscopi
3329 1751 3639 1820 Lanfranci,

333 1836 457 1892 lica
492 1839 712 1908 praesuli
744 1838 1052 1909 destinavit,
1085 1842 1142 1895 in
1172 1856 1277 1912 qua
1306 1841 1431 1912 quid
1463 1841 1540 1896 illi
1571 1843 1641 1896 de
1696 1842 1780 1896 his
1810 1858 1932 1913 qua

334 1926 647 1983 acciderant
674 1929 1023 2001 suggesserit,
1057 1946 1273 2001 quoque
1302 1930 1468 1985 animi
1489 1930 1575 1984 sui
1606 1930 1939 1985 desiderium

296 2008 643 2082 intenderit,
703 2025 856 2072 tenor
909 2017 1077 2090 ipsius
1132 2018 1374 2090 epistola
1431 2035 1592 2091 quam
1639 2018 1938 2074 subscribi-

336 2119 478 2173 mus,
512 2105 836 2177 designavit.

414 2217 435 2242 α
471 2194 709 2249 Domino
740 2202 791 2250 et
824 2195 963 2250 Patri
995 2212 1116 2251 cum
1148 2212 1331 2252 amore
1359 2196 1677 2267 reverendo,
1736 2204 1788 2252 et
1817 2213 1938 2251 cum

335 2283 638 2338 reverentia
669 2284 924 2353 amando,
957 2301 1170 2341 summo
1198 2284 1446 2355 pontiﬁci
1477 2286 1716 2355 Urbano,
1774 2284 1942 2340 frater

336 2371 644 2440 Anselmus,
721 2389 906 2428 servus
980 2374 1237 2429 Ecclesia
1311 2374 1635 2444 Cantuaria,
1702 2373 1941 2430 debitam

339 2460 741 2532 subjectionem
770 2469 822 2516 et
852 2462 1155 2518 orationum
1187 2463 1557 2519 devotionem.

419 2572 441 2597 α
475 2549 763 2618 Novimus,
798 2549 1017 2606 domine
1048 2552 1366 2620 reverenda,
1391 2560 1442 2607 et
1461 2553 1622 2608 Pater
1642 2552 1942 2624 diligende,

336 2639 484 2708 quod
552 2639 821 2695 Dominus
878 2648 1059 2695 noster
1119 2641 1273 2696 Jesus
1336 2641 1581 2697 Christus
1633 2642 1948 2696 sublimavit

336 2727 677 2783 sanctitatem
707 2736 948 2783 vestram
978 2727 1030 2783 in
1077 2728 1326 2785 Ecclesia
1380 2746 1478 2784 sua
1534 2730 1604 2784 ad
1650 2730 1947 2785 consulen-

336 2814 467 2869 dum
498 2823 551 2870 et
580 2816 1013 2871 subveniendum
1069 2816 1154 2872 bis
1210 2817 1298 2889 qui
1324 2872 1325 2875 η
1357 2816 1422 2873 ad
1481 2835 1729 2889 superna
1756 2819 1947 2889 patria

336 2903 584 2975 requiem
617 2904 954 2973 anhelantes,
987 2906 1040 2959 in
1071 2906 1232 2977 hujus
1261 2906 1445 2962 saeculi
1492 2907 1684 2962 exsilio
1714 2907 1949 2963 diversis

342 2992 643 3064 fatigantur
672 2994 1131 3050 tribulationibus.
1164 2995 1277 3051 Hac
1309 2995 1473 3067 igitur
1525 3011 1622 3066 spe
1678 3004 1729 3051 et
1765 2996 1947 3051 consi-

2044 1857 2167 1896 cum
2196 1841 2251 1895 in
2283 1857 2447 1897 manu
2476 1858 2575 1898 sua
2630 1843 3156 1913 archiepiscopatum
3207 1850 3431 1910 teneret,
3487 1841 3637 1895 mili-

2049 1929 2190 1985 tibus
2225 1931 2339 1985 suis
2376 1931 2621 2001 dederat,
2664 1931 2795 1986 mihi
2848 1931 2985 1987 sicut
3022 1947 3115 1987 eas
3160 1932 3310 1986 idem
3364 1930 3640 2002 archiepi-

2047 2035 2246 2091 sc0pus
2302 2029 2568 2086 tenuerat,
2626 2036 2735 2077 non
2788 2020 3086 2085 reddebat;
3119 2020 3214 2076 sed
3242 2020 3471 2091 insuper
3513 2019 3647 2074 alias

2049 2104 2352 2159 secundum
2408 2105 2617 2160 libitum
2673 2121 2850 2171 suum,
2883 2121 2970 2161 me
3025 2106 3258 2173 nolente,
3292 2104 3477 2160 dabat.
3509 2104 3641 2160 Ser-

2050 2192 2180 2247 vitia
2216 2194 2407 2266 gravia
2445 2203 2498 2249 et
2535 2194 2964 2250 antecessoribus
3014 2194 3153 2250 meis
3202 2194 3456 2249 inusitata
3502 2193 3648 2249 ultra

2050 2299 2211 2354 quam
2270 2283 2414 2339 ferre
2453 2299 2670 2354 possem
2719 2291 2814 2338 aut
2858 2283 2972 2354 pati
3020 2283 3293 2355 deberem,
3342 2300 3373 2338 a
3415 2299 3504 2338 me
3548 2283 3657 2337 exi'

2051 2371 2233 2443 gebat.
2266 2372 2468 2444 Legem
2491 2380 2669 2426 autem
2701 2372 2822 2437 Dei,
2854 2380 2907 2427 et
2935 2372 3221 2428 canonicas
3250 2380 3302 2427 et
3329 2371 3658 2443 apostolicus

2053 2460 2396 2515 auctoritates
2450 2460 2769 2534 voluntariis
2818 2461 3295 2517 consuetudinibus
3346 2461 3501 2517 obrui
3566 2462 3655 2518 vi-

2053 2549 2272 2605 debam.
2305 2551 2386 2605 De
2415 2549 2501 2605 his
2530 2549 2786 2605 omnibus
2816 2566 2935 2605 cum
2968 2550 3251 2621 loquebar,
3284 2550 3419 2605 nihil
3449 2550 3655 2608 eﬁicie—

2054 2639 2199 2707 bam,
2229 2646 2283 2693 et
2310 2654 2417 2693 non
2448 2646 2555 2705 tam
2585 2638 2817 2710 simplex
2847 2638 3113 2694 rectitudo
3143 2655 3305 2711 quam
3336 2640 3657 2696 voluntaria

2057 2726 2474 2783 consuetudines
2527 2726 2985 2783 obtendebantur.
3047 2727 3236 2782 Sciens
3290 2726 3460 2801 igitur
3512 2729 3658 2799 quod

2058 2816 2103 2871 si
2141 2817 2261 2871 hac
2297 2816 2374 2871 ita
2408 2832 2580 2888 usque
2617 2816 2673 2870 in
2711 2814 2870 2871 ﬁnem
2908 2815 3224 2884 tolerarem,
3263 2816 3319 2871 in
3357 2818 3661 2886 damnatio-

2058 2922 2188 2961 nem
2230 2905 2424 2961 anima
2454 2921 2590 2960 mea
2628 2905 3034 2961 successoribus
3069 2904 3209 2961 meis
3269 2913 3377 2960 tam
3432 2922 3662 2976 pravam

2057 2993 2504 3050 consuetudinem
2535 2992 2931 3063 conﬁrmarem,
2965 3009 3063 3049 nec
3091 2994 3160 3049 de
3190 2994 3273 3048 his
3300 2994 3559 3065 placitare
3588 2995 3665 3067 (b)

340 3081 644 3152 deratione,
705 3099 810 3153 ego
867 3083 1089 3138 humilis
1146 3099 1340 3139 servus
1396 3090 1574 3139 vester
1602 3083 1655 3138 in
1686 3082 2302 3169 augustiis'Cpoteram
2360 3080 2562 3153 (nullus
2619 3082 2769 3137 enim
2811 3089 2902 3136 aut
2939 3082 3224 3138 consilium
3263 3091 3355 3138 aut
3401 3084 3657 3140 auxilium

352 3172 532 3227 cordis
561 3172 667 3228 mei
700 3173 769 3227 ad
800 3172 976 3227 sinum
1010 3181 1246 3243 paterna
1276 3181 1329 3227 et
1366 3172 1679 3242 apostolica
1736 3173 1953 3242 pietatis

355 3269 571 3330 vestra,
604 3277 701 3331 per
728 3259 1124 3317 exhibitionem
1154 3261 1465 3332 prasentia
1494 3276 1630 3316 mea
1659 3261 1955 3333 confugere

348 3347 592 3418 disposui
626 3366 638 3402 :
673 3349 768 3404 sed
801 3349 903 3404 hoc
930 3349 1114 3419 utique
1143 3350 1323 3405 facere
1377 3365 1485 3405 non
1539 3366 1762 3421 possum
1817 3350 1954 3405 sicut

352 3436 629 3494 desidero.
664 3438 772 3493 Cur
801 3446 980 3493 autem
1011 3453 1119 3493 non
1159 3438 1387 3509 possim,
1444 3454 1543 3509 per
1598 3439 1950 3508 prasentium

347 3526 572 3581 latorem
603 3527 968 3599 cognoscetis.
1002 3525 1272 3596 Quoniam
1302 3544 1433 3600 ergo
1461 3544 1559 3598 per
1572 3528 1949 3598 memetipsum

348 3615 692 3682 prasentiam
752 3625 982 3671 vestram
1039 3616 1335 3671 secundum
1393 3616 1721 3672 desiderium
1768 3633 1948 3672 meum

339 3702 530 3759 audire
562 3719 793 3774 nequeo,
826 3720 926 3775 per
954 3704 1179 3767 litteras,
1237 3713 1293 3759 ut
1347 3721 1587 3775 possum,
1646 3705 1948 3761 clementia

340 3801 532 3863 vestra
564 3793 841 3865 angustias
871 3808 1021 3847 meas
1051 3793 1289 3859 insinuo,
1340 3802 1600 3863 quatenus
1655 3793 1768 3862 ejus
1823 3811 1951 3849 cou-

348 3881 616 3939 solatione
647 3882 857 3937 eadem
888 3882 1153 3953 angustia
1183 3881 1513 3954 mitigentur,
1547 3890 1597 3936 et
1618 3882 1801 3937 anima
1829 3898 1948 3939 mea

345 3970 710 4026 desideratam
779 3971 1216 4040 tranquillitatem
1284 3986 1382 4041 per
1441 3969 1701 4025 affectum
1755 3980 1947 4028 vestra

339 4059 733 4130 compassionis
762 4076 819 4113 se
848 4058 1078 4128 adipisci
1108 4058 1426 4131 gratuletur.
1484 4060 1652 4114 Tanta
1694 4060 1837 4115 enim
1868 4069 1948 4116 est

339 4150 523 4203 cordis
579 4150 684 4203 mei
748 4148 1044 4216 tribulatio,
1103 4155 1162 4202 ut
1216 4164 1316 4203 nec
1372 4148 1554 4203 verbis
1606 4165 1706 4204 nec
1760 4149 1948 4205 litteris

337 4237 604 4293 sufﬁciam
638 4237 787 4291 illam
829 4237 1173 4307 exprimere;
1208 4237 1304 4293 sed
1337 4251 1436 4291 oro
1464 4238 1635 4292 Deum
1668 4236 1757 4307 qui
1798 4239 1946 4294 novit

337 4327 550 4383 occulta
582 4332 638 4379 ut
668 4341 788 4380 eam
820 4341 918 4381 vos
949 4326 1248 4398 intelligere
1280 4325 1461 4394 faciat,
1519 4335 1571 4381 et
1616 4343 1712 4397 per
1739 4326 1945 4382 viscera

335 4414 719 4470 misericordia
748 4430 867 4469 sua
897 4414 1104 4469 viscera
1131 4423 1307 4471 vestra
1362 4414 1432 4469 ad
1488 4414 1604 4484 ejus
1632 4414 1943 4471 miseratio-

333 4519 458 4558 nem
490 4502 789 4558 secundum
839 4501 1164 4557 desiderium
1223 4511 1274 4558 et
1329 4503 1705 4558 necessitatem
1761 4520 1938 4560 meam

333 4598 701 4647 commoveat.
736 4591 815 4645 De
846 4592 949 4646 hac
980 4595 1159 4646 tamen
1186 4607 1303 4646 mea
1332 4592 1653 4647 necessitate
1709 4600 1761 4648 et
1816 4607 1940 4649 meo

335 4678 611 4734 desiderio
642 4678 822 4749 aliqua
854 4679 1064 4749 aperio,
1096 4695 1193 4750 per
1236 4695 1356 4749 qua
1411 4688 1651 4734 vestram
1692 4681 1938 4751 pruden-

338 4767 467 4823 tiam
498 4782 666 4837 posse
697 4765 1002 4839 intelligere
1030 4767 1161 4838 quid
1190 4768 1321 4821 mihi
1376 4769 1633 4839 expediat
1670 4786 1779 4825 non
1836 4770 1940 4825 du-

338 4855 474 4911 bito.
509 4856 712 4911 Notum
740 4863 821 4911 est
850 4855 1053 4924 multis,
1087 4855 1165 4909 mi
1196 4856 1355 4911 Pater
1381 4857 1494 4926 pie,
1534 4873 1641 4928 qua
1686 4857 1945 4914 violentia

345 4954 399 5001 et
427 4960 589 5016 quam
623 4943 845 5009 invitus,
877 4952 929 4999 et
958 4960 1118 5014 quam
1176 4944 1550 5000 contradicens
1604 4954 1795 5016 captus
1841 4947 1944 5002 sim

342 5042 389 5088 et
423 5033 676 5088 detentus
704 5033 775 5088 ad
807 5031 1181 5103 episcopatum
1213 5031 1267 5086 in
1293 5032 1509 5104 Anglia,
1565 5041 1619 5088 et
1674 5033 1946 5104 quomodo

341 5121 679 5177 Obtenderim
738 5121 1150 5192 repugnantiam
1207 5120 1279 5176 ad
1335 5121 1644 5190 huiusmodi
1689 5122 1945 5193 cilicium,

338 5217 570 5278 natura,
601 5209 794 5279 atatis,
853 5207 1241 5267 imbecillitatis
1298 5216 1355 5265 et
1410 5209 1731 5282 ignorantia
1786 5227 1945 5281 mea,

342 5315 463 5369 qua
494 5298 716 5354 omnino
745 5312 935 5354 omnes
963 5296 1147 5353 saeculi
1178 5297 1422 5353 actiones
1475 5297 1709 5370 fugiunt,
1767 5306 1819 5353 et
1871 5298 1950 5353 in-

1969 4464 2025 4528 D

2059 3171 2193 3226 mihi
2234 3171 2302 3226 ad
2340 3172 2460 3226 hac
2509 3170 2743 3225 audebat
2778 3169 2926 3226 dare)
2963 3171 3096 3241 petii
3133 3187 3164 3226 a
3201 3187 3336 3244 rege
3385 3170 3660 3229 licentiam

2059 3258 2297 3315 adeundi
2362 3266 2596 3315 vestram
2657 3258 3072 3329 paternitatcm,
3140 3268 3403 3330 quatenus
3467 3260 3544 3315 illi
3610 3270 3665 3317 ct

2060 3348 2240 3404 cordis
2279 3346 2386 3403 mei
2425 3346 2707 3419 angustias
2743 3346 3111 3417 ostenderem,
3171 3354 3225 3402 et
3289 3348 3486 3403 deinde
3540 3350 3664 3419 ejus

2059 3436 2287 3493 consilio
2326 3444 2379 3491 et
2415 3434 2621 3491 auxilio
2651 3434 2795 3505 quod
2826 3433 3099 3490 salubrius
3127 3444 3269 3490 esset
3298 3435 3495 3498 anima
3524 3453 3663 3493 mea

2060 3541 2300 3598 agerem.
2333 3524 2454 3595 Qua
2484 3524 2553 3580 de
2582 3540 2639 3580 re
2667 3523 2832 3579 iratus
2859 3523 3014 3594 petiit
3040 3531 3098 3579 ut
3125 3523 3195 3579 de
3220 3523 3381 3595 hujus
3428 3523 3662 3582 licentia

2058 3614 2320 3686 petitione
2351 3612 2501 3685 quasi
2530 3613 2598 3669 de
2626 3612 2785 3685 gravi
2814 3611 3022 3667 offensa
3070 3611 3148 3666 illi
3170 3612 3565 3682 satisfacerem,
3606 3622 3662 3670 et

2057 3719 2308 3760 securum
2346 3702 2498 3757 illum
2530 3701 2764 3758 facerem
2793 3716 2881 3756 me
2909 3700 3168 3772 deinceps
3195 3700 3340 3757 nullo
3371 3701 3534 3759 modo
3564 3718 3660 3759 re-

2057 3793 2379 3863 quisiturum
2416 3807 2519 3862 pro
2559 3789 2735 3861 aliqua
2770 3789 3087 3845 necessitate
3122 3788 3501 3861 apostolicum,
3559 3807 3662 3848 nec

2056 3882 2250 3937 saltem
2280 3880 2408 3935 inde
2434 3880 2757 3947 locuturum,
2791 3881 2885 3933 aut
2905 3877 2950 3932 si
2981 3893 3219 3949 unquam
3269 3881 3372 3935 hoc
3422 3879 3660 3936 facturus

2056 3986 2228 4037 eram,
2262 3970 2315 4023 in
2345 3968 2598 4039 praesenti
2638 3968 2742 4023 hoc
2803 3967 3065 4023 facerem.
3135 3966 3225 4022 Sic
3283 3968 3467 4040 itaque
3513 3984 3659 4025 mare

2058 4058 2239 4113 transii
2271 4072 2431 4113 causa
2461 4056 2531 4110 ad
2562 4071 2658 4110 vos
2685 4055 2960 4110 veniendi.
2983 4054 3141 4123 Quod
3172 4054 3311 4112 sicut
3332 4055 3438 4110 dixi
3475 4057 3657 4114 facere

2054 4163 2162 4202 non
2198 4161 2439 4217 possum.
2487 4142 2761 4213 Quoniam
2802 4150 2980 4197 autem
3019 4143 3361 4213 impossibile
3426 4151 3507 4199 est
3572 4162 3661 4203 me

2054 4233 2365 4305 hujusmodi
2397 4232 2520 4289 vita
2549 4229 2897 4298 concordare,
2937 4237 3029 4285 aut
3085 4231 3324 4286 animam
3387 4248 3568 4287 meam
3599 4233 3653 4288 in

2055 4324 2146 4380 tali
2184 4323 2499 4394 episcopatu
2537 4318 2755 4384 salvari,
2815 4327 2925 4373 tum
2991 4328 3214 4391 propter
3277 4335 3459 4375 rerum
3526 4338 3659 4391 quas

2052 4412 2164 4468 dixi
2205 4410 2512 4484 qualitates,
2545 4417 2656 4463 tum
2693 4415 2919 4478 propter
2981 4424 3135 4464 meas
3202 4407 3553 4465 multimodas
3608 4420 3661 4465 et

2052 4519 2259 4571 sensus,
2291 4507 2343 4555 et
2372 4514 2607 4566 morum,
2638 4505 2690 4552 et
2719 4505 2926 4552 natura
2955 4505 3007 4552 et
3034 4496 3205 4552 atatis
3232 4496 3656 4555 imbecillitates.

2047 4592 2175 4647 Hac
2213 4596 2293 4645 est
2320 4602 2531 4642 summa
2555 4585 2967 4656 supplicationis
3024 4601 3158 4640 mea
3209 4593 3441 4656 propter
3493 4601 3655 4657 quam

2048 4678 2117 4735 ad
2147 4694 2244 4734 vos
2273 4678 2356 4732 ire
2385 4675 2657 4742 volebam,
2689 4682 2746 4728 ut
2773 4673 2916 4728 sicut
2943 4672 3125 4728 Deum
3149 4673 3345 4728 anima
3393 4690 3551 4745 mea,
3602 4685 3655 4733 et

2048 4766 2284 4823 animam
2325 4779 2501 4819 meam
2538 4764 2653 4818 Deo
2692 4760 3034 4830 desideratis,
3101 4776 3201 4831 per
3247 4771 3532 4833 paternam
3596 4772 3655 4822 et

2047 4853 2403 4926 apostolicam
2448 4852 2727 4923 pietatem,
2770 4865 2892 4922 qua
2939 4866 3034 4907 cor
3075 4858 3318 4906 vestrum
3364 4850 3650 4922 inhabitat,

2049 4942 2287 4999 animam
2324 4956 2503 4996 meam
2542 4940 2610 4995 de
2644 4938 2861 4996 vinculo
2902 4946 3063 4997 tanta
3091 4938 3368 4996 servitutis
3397 4940 3656 4999 absolva-

2050 5033 2138 5099 tis,
2170 5031 2326 5101 eique
2354 5028 2663 5084 libertatem
2692 5028 2960 5083 serviendi
2991 5029 3106 5083 Deo
3153 5027 3210 5083 in
3259 5029 3655 5101 tranquillitate

2052 5119 2324 5181 reddatis;
2359 5133 2426 5173 ne
2456 5115 2850 5171 abundantiore
2883 5115 3094 5170 tristitia
3125 5116 3268 5173 sicut
3319 5117 3434 5188 jam
3491 5118 3656 5174 nimis

2054 5224 2216 5280 passa
2253 5214 2335 5261 est
2364 5203 2738 5273 absorbeatur,
2796 5211 2850 5258 et
2903 5202 2973 5260 de
3027 5202 3217 5260 dolore
3274 5206 3557 5280 temporali
3588 5206 3657 5263 ad

2056 5304 2321 5354 aternum
2350 5292 2727 5367 pertrahatur;
2760 5292 2961 5349 deinde
3015 5302 3075 5349 ut
3128 5293 3385 5350 Ecclesia
3447 5294 3657 5368 Anglo-

1641 5410 2075 5468 HENSCHENII
2110 5405 2353 5464 NOTE.

411 5511 493 5592 ςα)
548 5510 739 5592 Distat
765 5509 1104 5592 .Cluniacum
1152 5480 1453 5592 Eatiscone
1477 5508 1678 5592 "leucis
1729 5508 1948 5592 circiter

417 5578 612 5653 inque;
645 5588 700 5636 et
727 5581 853 5636 hinc
880 5581 1131 5653 secundo.
1150 5579 1414 5653 Rhodano
1459 5581 1549 5637 die
1576 5595 1683 5636 uno
1712 5578 1946 5653 descen-

382 5651 505 5709 itur‘
560 5653 903 5725 Lugdunum.
962 5651 1369 5709 Matisconensis
1419 5661 1599 5711 autem
1657 5651 1948 5724 episcopus

3188 5450 3191 5453 λ
3466 5452 3508 5464 _.
3552 5414 3660 5464 ,ὣ

2058 5426 2075 5465 ι
2110 5426 2353 5464 uuam.
2864 5468 2867 5477 ,
3188 5450 3191 5453 λ
3366 5474 3369 5479 ⁴
3466 5426 3660 5520 σφω

2058 5516 2182 5563 tunc
2213 5514 2326 5561 erat
2353 5506 2668 5579 Raynaldus
2694 5507 2834 5562 intra
2864 5505 3140 5563 biennium
3171 5468 3686 5604 νὶιΜφδ

2130 5578 2202 5604 [ιχ
2243 5578 2522 5604 ηι--;ι-..-
2555 5585 2633 5604 ..-ι
2666 5577 2866 5604 ε.-,ι;-;..
2899 5578 3155 5604 ---Α-ξ.
3192 5582 3241 5604 ..Α
3320 5595 3348 5604 ..
3514 5563 3667 5604 (κη-Χ

2098 5522 2182 5563 Inc
2213 5514 2326 5561 erat
2353 5506 2834 5591 ItaynaldusOintra
2864 5505 3140 5588 biennium
3171 5506 3282 5563 vita
3467 5573 3478 5584 .
3514 5488 3669 5604 ἓξὲςῴ

2098 5578 2204 5659 ,(ῥ)
2232 5578 2523 5662 Placatus
2551 5585 2637 5634 est
2658 5577 3155 5704 judicioﬁgpa-tn;
3564 5568 3669 5656 πρ

2098 5663 2260 5704 ictum
2286 5648 2668 5704 tmulacttare.
2700 5664 2755 5704 in
2784 5649 2875 5704 lite
2959 5636 3270 5704 adduﬁea
3330 5638 3445 5704 ,λθ
3464 5619 3587 5704 Ατδᾲ

2057 5619 2260 5708 asas
2283 5619 3587 5770 m'aata;;:ia‘ggss§a§,;s§;§§gs

2712 5748 2772 5770 ,ι
2834 5739 2846 5752 ⁸
3024 5760 3036 5770 .
3101 5742 3163 5770 .0
3234 5746 3291 5770 Α
3357 5768 3365 5770 -
3449 5756 3462 5770 ο

3344 5768 3379 5810 ς

3307 5835 3313 5847 ι
3715 5834 3723 5845 V

3307 5850 3321 5862 ι

3618 5876 3639 5886 Δ
3662 5875 3669 5881 ι

3158 5712 3218 5761 οἳ

2648 5725 2846 5839 ei?“
2863 5725 3475 5867 §®§Zc°§e°fﬁ§v
3699 5806 3748 5855 Ὃ
3766 5738 3861 5819 ὁδ’
3878 5818 3916 5857 δ

2538 5826 2636 5914 δᾴ
2750 5871 2831 5914 ,τε
2877 5839 3011 5914 ,ηιξ
3022 5834 3230 5914 αῶδὶίὴ
3307 5850 3321 5862 ’
3736 5832 3916 5914 ,ςκθδῴἈ

2453 5895 2583 5965 vi?"
2648 5895 3230 5978 nsaioeil‘ifl'ﬂ"
3474 5956 3528 5978 ,α
3541 5895 3669 5978 ιδθῖ
3686 5895 3933 5978 φῦκξᾴκέ

2453 5867 2636 5965 ηιέδδψ
2737 5871 2831 5949 θὶέδ
2856 5876 2955 5951 «³³
2968 5867 3230 5951 ﬁte“
3568 5867 3861 5962 θ’ἳθτδκίδγ
3882 5868 3956 5947 δ

2336 5956 2448 6018 ..τὲκῖ
2592 5924 2967 6018 ,ὠθθὶῖὢδῗςκοδ
2998 5944 3107 6018 λοθ*
3173 5936 3186 5948 .
3416 5956 3529 6018 ,κως
3541 5926 3591 6018 0.
3616 5942 3719 6018 ’ΘΝ
3736 6013 3749 6018 -
3776 5922 4014 6018 «δδδὶάὠ
