3996 6084
450 267 557 326 ‘07

1440 260 1759 319 EADMERI
1801 262 2352 336 CANTUARIENSJS
2410 262 2754 323 MONACHII

3648 275 3761 330 408

449 408 574 449 rum
602 390 898 450 secundum
927 390 1268 465 prudentiam
1316 398 1369 446 et
1398 388 1772 445 auctoritatem
1814 396 2044 461 aposto-
2076 388 2130 450 Α
2160 387 2312 459 quasi
2341 404 2499 458 pares
2528 406 2787 462 essemus,
2848 394 2995 450 nullo
3053 395 3265 450 Patrem
3293 403 3538 451 nostrum
3583 412 3772 454 coram

451 481 594 538 latus
622 482 781 539 vestri
809 481 1113 537 consulatis.
1157 478 1515 549 Omnipotens
1541 477 1804 533 Dominus
1823 487 2057 532 vestram

459 570 793 627 sanctitatem
843 569 999 623 nobis
1036 568 1091 623 in
1143 582 1256 622 sua:
1302 566 1491 639 gratiae
1548 565 1907 637 prosperitate
1964 565 2055 621 diu

457 668 636 715 servet
683 657 1007 714 incolumem
1067 664 1121 711 et
1166 662 1407 712 conterat
1453 654 1710 709 Satanam
1767 663 1819 710 et
1867 661 2055 724 portas

453 746 612 803 inferi
642 763 738 802 sua
766 746 997 817 pedibus
1026 744 1237 801 vestris.
1268 747 1458 798 Amen.
1498 766 1518 791 η

504 838 669 891 'Inter
695 836 813 891 haec
842 835 1068 889 Romam
1101 849 1267 904 usque
1308 833 1588 904 vulgatum
1645 837 1725 887 est
1779 832 2053 903 archiepi-

457 938 682 994 scopum
724 922 1025 978 Cantuarize
1070 922 1358 994 primatem
1395 921 1681 976 Britanniae
1723 922 1892 976 multo
1939 924 2050 978 auri

454 1020 503 1067 et
534 1012 744 1085 argenti
775 1013 1021 1083 pondere
1051 1019 1299 1066 onustum
1332 1025 1482 1065 mare
1511 1010 1805 1078 transiisse,
1825 1012 2052 1066 Romam

455 1117 704 1172 pergere.
724 1101 951 1157 Accensi
982 1116 1113 1172 ergo
1143 1098 1390 1155 nonnulli
1427 1099 1719 1170 cupiditate
1746 1115 1856 1155 non
1913 1099 2056 1154 bona

451 1189 594 1245 viam
633 1190 945 1257 observant,
993 1189 1372 1259 exploratores
1417 1196 1641 1259 ponunt,
1692 1188 1913 1258 laqueos
1959 1203 2051 1259 pa-

451 1287 589 1344 rant,
648 1287 704 1333 ut
751 1295 873 1333 eum
930 1277 1165 1347 capiant.
1225 1278 1321 1331 His
1379 1285 1558 1331 tamen
1614 1292 1776 1347 quam
1807 1276 2052 1332 maxime

451 1366 715 1423 Homines
743 1365 1093 1421 Alemannici
1124 1366 1268 1438 regis
1296 1366 1374 1437 (α)
1405 1365 1772 1431 intendebant,
1831 1367 1901 1421 ob
1932 1368 2049 1420 dis-

453 1457 758 1512 sensionem
807 1472 932 1529 quae
964 1457 1139 1512 fuerat
1178 1454 1284 1510 illis
1313 1454 1504 1509 diebus
1554 1453 1693 1509 inter
1748 1469 1949 1525 papam
2000 1465 2053 1511 et

448 1543 646 1615 ipsum.
704 1544 1000 1614 Supererat
1056 1560 1269 1617 quoque
1299 1560 1360 1598 ea
1390 1550 1708 1615 tempestate
1764 1544 2049 1599 Wibertus

449 1632 896 1703 archiepiscopus
925 1633 1231 1701 Ravennas,
1290 1631 1383 1704 qui
1438 1632 1507 1687 de
1554 1632 1854 1701 apostolatu
1884 1648 2045 1703 quem

2165 477 2286 531 aliis
2314 478 2627 534 dominandi
2652 482 2778 551 jure
2808 490 3085 554 sequente.
3118 483 3253 539 Cum
3297 483 3461 556 igitur
3516 487 3776 544 monachi

2164 564 2239 618 illi
2271 566 2579 637 nobiscum,
2611 570 2749 625 sicut
2777 572 3101 644 peregrinis,
3136 573 3448 642 vespertina
3494 576 3629 629 hora
3685 576 3778 630 lo-

2163 662 2477 726 querentur,
2544 665 2596 711 et
2665 659 2810 714 unde
2873 660 3206 715 venissemus
3270 670 3773 731 percunctarentur,

2161 743 2542 812 respondimus
2582 745 2652 800 de
2703 748 2943 804 Francite
2999 748 3241 820 partibus
3289 765 3389 804 nos
3441 751 3776 808 adventasse

2160 833 2214 885 et
2243 832 2470 886 Romam
2502 850 2695 905 usque,
2729 835 2771 889 si
2816 837 2959 891 Deus
3001 838 3347 904 concederet,
3396 839 3475 893 ire
3511 841 3670 895 velle.
3703 844 3775 895 At

2161 919 2236 973 illi
2269 938 2282 973 :
2324 943 2345 968 α
2380 923 2439 975 In
2487 922 2620 976 nihil
2681 924 2919 990 tenditis,
2961 926 3224 995 inquiunt.
3258 926 3399 980 Nam
3431 927 3575 981 viam
3606 930 3771 983 istam

2162 1025 2324 1078 quam
2382 1010 2744 1081 aggredimini
2801 1013 2977 1068 nullus
3024 1014 3079 1067 in
3137 1014 3321 1069 habitu
3377 1016 3637 1089 religioso
3667 1034 3774 1088 per

2161 1114 2328 1169 agere
2358 1106 2533 1168 potest
2564 1100 2691 1169 quin
2721 1101 2969 1170 capiatur
2997 1102 3287 1173 multisque
3317 1103 3527 1172 injuriis
3556 1105 3771 1161 afﬁcia-

2162 1194 2263 1239 tur.
2310 1184 2467 1255 Quod
2498 1188 2941 1261 archiepiscopus
2982 1190 3381 1246 Cantuariensis
3433 1193 3770 1267 intelligens,

2160 1275 2383 1345 sapienti
2415 1276 2641 1331 consilio
2669 1294 2795 1331 usus
2853 1286 2949 1333 est.
3005 1279 3294 1349 Proposuit
3329 1296 3566 1351 namque
3617 1283 3773 1338 idem

2162 1362 2243 1417 vir
2273 1379 2330 1416 se
2354 1379 2454 1434 pro
2483 1380 2598 1430 sua,
2631 1372 2688 1419 ut
2718 1366 2905 1431 fertur,
2939 1381 3103 1421 causa
3154 1383 3324 1438 nuper
3380 1369 3606 1423 Romam
3660 1371 3767 1425 itu-

2159 1468 2295 1518 rum,
2329 1460 2380 1507 et
2410 1453 2556 1507 venit
2602 1470 2770 1525 usque
2828 1455 3177 1510 Placentiam.
3240 1458 3436 1511 Verum
3492 1474 3613 1512 cum
3660 1459 3782 1515 illic

2158 1541 2435 1610 sequentis
2499 1540 2601 1596 viae
2664 1542 2961 1612 periculum
3016 1543 3317 1611 didicisset,
3359 1561 3614 1601 reversus
3656 1557 3763 1617 est,

2155 1638 2207 1684 et
2237 1644 2379 1685 nunc
2408 1629 2655 1701 Lugduni
2703 1638 2958 1686 moratur.
2999 1653 3019 1680 ι»
3053 1632 3133 1686 Ad
3164 1632 3285 1688 hac
3313 1634 3612 1689 Balduinus
3642 1636 3719 1691 ait
3753 1653 3768 1690 :

446 1728 631 1776 contra
656 1721 745 1791 jus
788 1721 1065 1777 invaserat
1120 1722 1327 1792 pulsus,
1386 1721 1533 1776 omni
1587 1720 1857 1791 religiosa:
1913 1737 2047 1791 per-
2073 1727 2128 1791 Β
2164 1741 2185 1767 «
2221 1719 2290 1773 Et
2318 1718 2410 1773 ille
2441 1718 2576 1773 bene
2604 1718 2826 1789 quidem
2856 1718 2999 1786 fecit,
3032 1728 3085 1774 et
3113 1736 3211 1776 nos
3237 1721 3364 1791 quia
3394 1722 3619 1778 servitio
3638 1724 3766 1792 Dei,

438 1824 589 1865 sanae
618 1810 843 1865 Romam
865 1810 1068 1881 petenti
1098 1827 1199 1880 per
1228 1826 1287 1866 se
1308 1825 1545 1880 suosque
1584 1808 1761 1864 modis
1782 1808 2034 1881 qualibus

430 1904 644 1966 poterat
696 1898 938 1954 struebat
977 1898 1219 1953 insidias.
1279 1898 1434 1954 Unde
1490 1898 1714 1970 quidam
1769 1899 2029 1969 episcOpi,

438 1986 715 2055 monachi,
747 1995 800 2042 et
828 1987 1066 2058 religiosi
1123 1987 1306 2044 clerici
1362 2001 1428 2042 ea
1484 1986 1738 2042 saeviente
1768 2003 2031 2058 persecu-

437 2072 582 2130 tione
629 2074 793 2145 capti,
853 2075 1066 2146 spoliati
1116 2077 1402 2147 multisque
1447 2076 1789 2131 contumeliis
1828 2076 2026 2143 affecti,

427 2163 603 2218 necati
643 2172 786 2219 sunt.
847 2165 957 2235 Spe
1003 2165 1169 2238 igitur
1208 2166 1446 2220 maxima
1488 2182 1678 2220 manus
1718 2164 1897 2237 iniqua
1926 2166 2028 2219 sibi

417 2250 622 2307 confisa
652 2261 733 2308 est
760 2253 924 2308 simili
967 2269 1251 2324 ptenarum
1293 2270 1496 2327 genere
1542 2269 1662 2309 sese
1713 2252 2026 2308 Anselmum

420 2338 825 2395 damnaturum.
885 2341 995 2397 Sed
1045 2342 1157 2407 ille,
1216 2349 1275 2396 ut
1330 2342 1583 2410 diximus,
1642 2343 1888 2414 Lugduni
1932 2359 2026 2398 re-

425 2428 646 2496 mansit,
705 2429 936 2485 reditum
993 2431 1299 2487 nuntiorum
1358 2446 1575 2487 suorum
1611 2430 1686 2485 ibi
1750 2431 2020 2501 operiens.

425 2516 559 2571 Cum
589 2532 720 2574 vero
748 2518 1112 2590 malignantes
1141 2518 1218 2574 illi
1256 2536 1463 2575 moram
1495 2535 1566 2575 ex
1623 2520 1855 2575 adventu
1906 2519 2025 2589 ejus

415 2611 571 2660 extra
631 2622 783 2676 spem
849 2615 1185 2678 paterentur,
1254 2608 1563 2663 didicerunt
1627 2624 1659 2662 a
1722 2609 2024 2680 peregrinis

419 2708 544 2747 cum
574 2693 759 2749 valida
788 2696 1034 2766 corporis
1064 2695 1376 2751 inﬁrmitate
1407 2704 1632 2763 tentum,
1683 2713 1716 2753 a
1760 2697 2022 2769 Lugduno

419 2780 654 2851 amplius
683 2798 790 2838 non
820 2785 1268 2855 promovendum.
1311 2784 1468 2853 Quod
1512 2785 1714 2841 dictum
1770 2785 2018 2856 peregri-

417 2885 613 2925 norum
646 2886 752 2925 non
786 2870 885 2927 fuit
914 2888 979 2926 ex
1023 2880 1133 2928 toto
1189 2872 1399 2928 veritati
1456 2873 1805 2929 contrarium.
1859 2873 2019 2928 Infir-

418 2966 595 3014 matus
625 2975 823 3030 nempe
851 2960 1047 3026 fuerat,
1078 2969 1135 3016 ut
1164 2961 1231 3017 de
1261 2962 1506 3017 sanitatis
1536 2962 1681 3017 illius
1722 2978 2019 3033 recupera-

2142 1818 2191 1865 et
2255 1807 2565 1863 obedientia
2626 1806 2919 1876 spiritualis
2986 1809 3157 1863 Patris
3222 1810 3300 1865 ire
3355 1810 3764 1882 compellimur,

2144 1906 2401 1969 quantum
2432 1895 2589 1950 nobis
2621 1894 2828 1949 licuerit
2859 1896 3088 1951 ducente
3144 1898 3380 1953 Domino
3427 1900 3764 1971 progredie—

2142 2004 2279 2041 mur.
2313 1984 2543 2054 Quando
2571 1982 2710 2038 ultra
2738 1999 2845 2040 non
2876 1985 3230 2057 potuerimus,
3262 1987 3413 2042 salva
3441 1987 3764 2044 obedientia

2139 2083 2317 2131 nostra
2382 2080 2744 2128 revertemur.
2810 2074 2984 2127 Ducat
3046 2090 3168 2141 nos,
3238 2075 3404 2143 aiunt,
3472 2076 3756 2147 benignus

2140 2164 2303 2218 Deus.
2343 2186 2364 2211 ι»
2402 2161 2687 2216 Celebrato
2708 2161 2873 2232 igitur
2895 2161 3035 2216 inter
3064 2178 3157 2217 eos
3177 2162 3349 2219 noctis
3378 2162 3557 2219 ofﬁcio
3585 2173 3755 2235 atque

2139 2252 2270 2320 diei,
2303 2267 2402 2306 nos
2429 2250 2536 2304 via:
2568 2248 2928 2304 reddidimus.

2210 2340 2290 2395 Ex
2314 2339 2440 2395 hinc
2469 2353 2590 2392 cum
2622 2337 2849 2391 Romam
2880 2354 3143 2410 prospero
3202 2339 3396 2395 itinere
3455 2342 3755 2411 pervenis-

2138 2444 2338 2497 semus,
2370 2436 2423 2482 et
2468 2425 2753 2481 Anselmus
2785 2442 2818 2480 a
2863 2443 3006 2497 papa
3046 2428 3433 2483 decentissime
3462 2437 3757 2499 susceptus

2138 2518 2207 2571 de
2250 2516 2333 2570 sui
2380 2515 2645 2570 adventus
2692 2528 2857 2570 causa
2915 2515 3209 2586 requisitus
3256 2515 3464 2581 fuisset,
3496 2532 3562 2573 eo
3590 2516 3752 2571 illam

2135 2604 2329 2660 ordine
2360 2602 2538 2658 retulit
2570 2617 2675 2673 quo
2702 2602 2755 2655 in
2786 2602 3015 2672 epistola
3044 2619 3138 2657 sua
3187 2619 3352 2674 quam
3397 2619 3431 2659 a
3459 2605 3750 2677 Lugduno,

2133 2702 2190 2747 ut
2239 2693 2494 2758 diximus,
2542 2690 2589 2745 ei
2638 2690 2853 2757 dixerit,
2895 2691 3068 2760 ipsam
3127 2691 3373 2763 digessit.
3435 2693 3598 2747 Audit
3656 2693 3754 2750 ille

2133 2798 2254 2851 quae
2284 2781 2545 2845 feruntur,
2605 2786 2658 2834 et
2710 2778 3121 2834 subventionem
3174 2779 3484 2849 pollicetur.
3538 2781 3756 2836 Scribit

2132 2869 2303 2924 littera
2357 2868 2659 2923 Wilhelmo
2711 2867 2828 2939 regi
2880 2868 3110 2941 Anglice,
3171 2869 3224 2922 in
3292 2869 3485 2940 quibus
3540 2876 3601 2924 ut
3658 2886 3757 2926 res

2129 2957 2368 3012 Anselmi
2400 2956 2595 3011 liberas
2650 2956 2701 3010 in
2760 2971 2929 3028 regno
2984 2972 3083 3011 suo
3138 2956 3337 3012 faceret
3387 2972 3453 3012 ac
3507 2958 3575 3013 de
3632 2959 3756 3013 suis

415 3047 561 3118 tione
614 3048 924 3120 desperatio
971 3065 1073 3105 nos
1117 3064 1223 3105 non
1271 3066 1438 3122 parva
1486 3056 1714 3106 teneret.
1774 3050 1894 3119 Quo
1941 3051 2019 3105 illi
2047 3090 2098 3154 Ο
2128 3046 2384 3154 gmnibus
2413 3045 2565 3099 illum
2596 3045 2876 3154 reves‘tiret
2906 3048 3109 3154 mo‘net,
3153 3044 3432 3154 Jhortatur,
3485 3045 3749 3154 imperat.

418 3135 623 3203 audito,
655 3138 984 3193 consternati
1017 3148 1140 3193 sunt
1169 3139 1385 3204 animo;
1419 3149 1471 3195 et
1502 3141 1645 3211 quod
1676 3140 1745 3195 de
1774 3141 2016 3196 Anselmi

418 3224 812 3281 disturbatione
842 3243 997 3297 spem
1054 3226 1347 3296 habebant,
1405 3229 1774 3299 perdiderunt.
1826 3231 2019 3285 Verum

420 3312 684 3385 languore
740 3330 940 3387 magna
986 3332 1053 3371 ex
1096 3325 1250 3387 parte
1310 3318 1509 3388 sOpito,
1560 3326 1612 3373 et
1657 3333 1873 3374 rumore
1931 3319 2022 3390 qui

419 3402 653 3473 populos
694 3402 765 3459 de
803 3419 1061 3475 processu
1109 3405 1276 3477 ipsius
1322 3407 1626 3477 repleverat
1672 3408 2023 3479 circumqua-

412 3506 519 3562 que
574 3492 883 3559 exstincto,
933 3508 1060 3549 ecce
1116 3510 1252 3564 quos
1308 3496 1539 3551 Romam
1588 3496 1807 3551 miserat
1854 3496 2024 3550 nuntii

416 3580 660 3646 veniunt,
692 3586 746 3635 et
774 3581 921 3652 quod
962 3582 1107 3636 omni
1158 3584 1503 3639 excusatione
1541 3584 1753 3638 sublata
1802 3600 1926 3639 eum
1958 3584 2026 3638 ad

414 3682 473 3720 se
501 3682 644 3737 papa
682 3682 976 3737 properare
1002 3671 1263 3749 praecepit
1294 3672 1559 3726 referunt.
1598 3670 1738 3741 Quid
1794 3688 1978 3727 moror
1997 3673 2025 3725 ‘I

419 3754 643 3807 Nescius
699 3769 872 3809 morae
926 3757 1240 3824 apostolicis
1295 3758 1451 3825 jussis
1519 3758 1767 3827 obaudit,
1825 3760 1930 3815 viae
1967 3776 2026 3814 se

418 3840 691 3912 periculis,
726 3849 951 3896 mortem
991 3859 1092 3915 pro
1122 3845 1235 3900 Deo
1267 3861 1373 3900 non
1403 3847 1627 3913 veritus,
1663 3847 1849 3903 tradit.

486 3928 839 3985 Discedentes
865 3930 1035 4004 igitur
1071 3946 1104 3988 a
1167 3932 1445 4005 Lugduno
1511 3936 1665 3990 tertia
1713 3936 1851 3991 feria
1904 3953 2027 4009 quae

418 4025 545 4072 ante
580 4017 918 4077 Dominicam
958 4019 1104 4077 diem
1146 4021 1452 4078 Palmarum
1491 4032 1624 4091 erat,
1665 4024 1911 4080 venimus
1974 4026 2030 4079 in

426 4105 779 4179 subsequenti
816 4108 1061 4165 Sabbato
1101 4109 1170 4166 ad
1211 4111 1389 4166 villam
1431 4115 1723 4183 quamdam
1763 4130 1883 4185 quae
1917 4115 2029 4168 As-

421 4211 456 4266 p
586 4196 662 4266 ’b)
694 4196 905 4265 dicitur,
940 4198 995 4253 in
1025 4216 1132 4270 qua
1162 4215 1285 4255 cum
1314 4200 1573 4272 hospitati
1632 4210 1791 4273 atque
1846 4204 2029 4258 refecti

699 4302 715 4313 ‘
778 4287 955 4341 visum
994 4288 1139 4343 Patri
1179 4298 1261 4344 est
1301 4290 1581 4345 decentius
1645 4292 1789 4347 inter
1841 4308 2029 4347 mona-

832 4376 980 4432 ‘dem
1040 4377 1170 4432 villa
1216 4378 1621 4448 cohabitabant,
1681 4396 1841 4450 quam
1894 4382 2033 4434 inter

2132 3135 2329 3190 Scribit
2356 3149 2567 3204 quoque
2596 3134 2887 3186 Anselmus
2918 3132 3020 3186 sub
3078 3133 3270 3187 eadem
3328 3135 3553 3189 materia
3590 3134 3752 3189 litte-

2130 3238 2237 3291 ras,
2270 3230 2324 3277 et
2353 3238 2445 3278 eas
2471 3237 2576 3276 una
2606 3237 2727 3276 cum
2758 3220 2949 3275 litteris
2994 3236 3154 3291 papae
3201 3221 3305 3292 ipsi
3338 3223 3458 3294 regi
3488 3222 3751 3278 destinat.

2131 3311 2431 3366 Mansimus
2461 3326 2591 3380 ergo
2622 3311 2805 3365 Romte
2827 3310 3017 3365 decem
3040 3309 3302 3364 diebusin
3331 3310 3535 3380 palatio
3573 3311 3752 3366 Late-

2132 3399 2369 3465 ranensi,
2401 3415 2521 3455 cum
2554 3414 2699 3468 papa
2729 3399 3010 3470 degentes.

2205 3498 2438 3553 Praeerat
2458 3512 2524 3551 eo
2554 3500 2801 3565 tempore
2832 3496 3005 3549 abbas
3036 3495 3279 3567 quidam,
3337 3497 3578 3557 Joannes
3638 3513 3753 3553 no-

2135 3587 2298 3652 mine,
2330 3584 2580 3641 coenobio
2611 3583 2918 3639 Salvatoris
2950 3584 3093 3654 quod
3124 3600 3296 3654 prope
3332 3583 3638 3639 Telesinam
3669 3587 3750 3657 (c)

2133 3674 2325 3730 urbem
2355 3675 2512 3728 situm
2545 3681 2643 3727 est.
2699 3671 2839 3741 Quid
2896 3673 3149 3737 Joannes,
3200 3672 3472 3727 Romanus
3516 3689 3745 3745 genere,

2136 3763 2517 3819 discendamm
2549 3761 2727 3816 studio
2758 3761 3053 3815 litterarum
3103 3762 3219 3831 jam
3277 3761 3405 3815 olim
3464 3761 3751 3817 Franciam

2134 3859 2375 3915 venerat,
2419 3851 2605 3921 ibique
2645 3849 2788 3903 fama
2829 3857 3113 3919 permotus
3167 3849 3405 3904 Anselmi
3464 3849 3557 3922 qui
3616 3858 3754 3907 tunc

2136 3940 2289 3995 Becci
2320 3939 2489 3993 abbas
2517 3946 2649 4006 erat,
2697 3952 2818 3992 eum
2869 3937 3147 4009 religionis
3201 3937 3483 4008 proposito
3526 3938 3753 3994 fervens

2136 4027 2289 4096 adiit,
2322 4043 2493 4097 eoque
2522 4027 2726 4093 audito,
2759 4025 2914 4081 Becci
2937 4027 3236 4080 monachus
3268 4025 3441 4081 factus
3472 4025 3752 4095 est.Quod

2136 4114 2228 4169 ubi
2258 4123 2382 4185 post
2425 4115 2635 4184 aliquot
2674 4128 2844 4168 annos
2897 4113 2966 4168 ad
3015 4130 3172 4169 aures
3220 4113 3417 4168 summi
3472 4112 3753 4184 pontificis

2137 4203 2343 4259 Urbani
2375 4202 2639 4273 pervenit,
2671 4203 2930 4257 Joannem
2960 4201 3134 4272 ipsum
3192 4202 3261 4256 ad
3317 4217 3375 4256 se
3420 4203 3751 4258 accersitum

2137 4290 2349 4362 praefati
2403 4290 2633 4345 ccrnobii
2693 4289 2947 4345 abbatem
3002 4290 3147 4344 fecit.
3199 4289 3298 4344 Hic
3328 4290 3507 4362 itaque
3554 4291 3749 4363 agnito

2140 4381 2349 4434 Patrem
2402 4395 2556 4433 suum
2613 4378 2927 4432 Anselmum
2987 4379 3214 4433 Romam
3271 4379 3505 4444 venisse,
3568 4380 3752 4434 missis

965 4481 974 4490 '
1009 4481 1110 4521 nos
1140 4468 1476 4536 conversari,
1510 4474 1619 4521 tum
1653 4476 1871 4539 propter
1891 4469 2023 4523 reli-
2053 4444 2105 4506 Ῑ)
2135 4468 2337 4521 nuntiis
2365 4467 2509 4522 omni
2543 4466 2719 4521 studio
2748 4467 3068 4536 deprecatus
3099 4475 3199 4537 est,
3248 4475 3512 4538 quatenus
3568 4468 3638 4522 ad
3687 4485 3752 4525 se

1095 4554 1304 4622 ‘rdinis,
1349 4562 1458 4609 tum
1499 4564 1725 4626 propter
1788 4557 2022 4612 oﬂicium

1209 4642 1319 4696 "ei.
1354 4643 1435 4698 De
1463 4659 1521 4699 re
1549 4643 1730 4715 itaque
1789 4645 2020 4699 manda-

1381 4741 1747 4787 assenserunt.
1792 4734 2021 4789 Eramus

1494 4820 1724 4889 bamus,
1775 4821 2024 4877 dominus

1608 4909 1917 4976 "alduinus,
1974 4919 2025 4966 et

1761 5015 1769 5022 ’
1813 4997 2025 5055 ibamus

2131 4556 2337 4611 veniret
2366 4564 2525 4625 atque
2556 4555 2608 4608 in
2641 4571 2735 4607 sua
2766 4555 3000 4625 quadam
3033 4554 3315 4610 mansione
3366 4556 3453 4609 cui
3510 4556 3753 4611 salubris

2131 4661 2257 4699 aura
2283 4643 2519 4708 favebat,
2554 4644 2624 4697 ad
2653 4644 2939 4697 evitandas
2996 4643 3256 4699 Romana:
3313 4644 3476 4699 Urbis
3518 4644 3750 4716 aegritu-

2132 4734 2306 4799 dines,
2331 4731 2892 4803 instantidignaretur
2922 4740 3107 4786 aestate
3151 4733 3479 4786 conversari.
3533 4732 3751 4801 Quibus

2132 4821 2224 4876 ille
2245 4821 2461 4889 auditis,
2493 4836 2741 4890 supernae
2769 4820 2955 4890 pietati
2983 4836 3047 4874 ac
3095 4818 3344 4875 fraternae
3391 4820 3751 4878 sollicitudini

2132 4909 2334 4982 gratias
2357 4910 2489 4981 egit,
2521 4924 2842 4979 summoque
2869 4905 3107 4978 pontiﬁci
3163 4907 3362 4963 relatas
3416 4923 3607 4978 preces
3654 4910 3749 4965 in-

2133 4997 2324 5053 notuit.
2382 4999 2448 5051 At
2504 4997 2643 5053 ille:
2683 5020 2703 5045 ‹‹
2738 4996 2807 5064 O,
2867 4995 3059 5067 inquit,
3119 4994 3322 5051 divinae
3380 4996 3752 5054 miserationis

1931 5121 2162 5180 ἻΙΕΝῙΙ
2198 5122 2425 5178 ΝΟΤίΕ.

2132 5245 2296 5299 “riori
2326 5245 2449 5300 Vita
2477 5245 2675 5300 dicitur
2692 5243 2938 5305 Secusfa,
2971 5240 3136 5313 vulgo
3165 5242 3327 5310 Susa,
3351 5241 3444 5296 ubi
3470 5250 3588 5297 erat
3618 5258 3749 5299 mo-

2235 5316 2427 5370 'arium
2458 5317 2512 5371 S.
2545 5317 2701 5381 Justi,
2733 5325 2791 5370 ut
2818 5313 3021 5369 ibidem
3050 5313 3454 5367 annotavimus.

2328 5388 2515 5441 “'-|esia
2547 5390 2674 5442 urbs
2705 5385 2912 5443 Samnii
2943 5383 3289 5453 episcopalis,
3321 5384 3422 5437 sub
3452 5384 3704 5439 Beneven
3723 5416 3746 5427 -

2450 5459 2806 5528 "~niscopatu,
2866 5455 3021 5528 haud
3064 5455 3255 5528 procul
3309 5472 3338 5507 a
3406 5453 3743 5528 continentia

2566 5524 2951 5584 qri'fluminum
3008 5524 3061 5579 in
3119 5526 3384 5581 hodierna
3441 5526 3610 5581 Terra
3642 5528 3740 5582 La-

2646 5600 2684 5628 "
2738 5615 2879 5655 nunc
2908 5597 3025 5653 fere
3051 5594 3281 5652 deserta.
