4044 6074
91 39 539 118 Ἦ

326 349 429 405 409

1426 344 1759 403 HISTORIA
1792 343 2165 403 NOVORUM.
2199 377 2267 386 —
2297 346 2422 403 LIB.
2455 349 2522 402 II.

3527 342 3630 398 HO

332 471 739 546 praedestinatio
768 473 781 527 ι
813 472 950 527 Vere
997 471 1199 528 etenim
1243 472 1505 543 praemisit
1544 472 1685 528 Deus
1729 473 1929 543 Joseph
1957 470 2012 531 A
2040 480 2092 529 et
2119 474 2342 528 omnino
2371 479 2557 528 contra
2584 488 2799 544 aequum
2828 468 3063 543 fatigari.
3094 470 3236 524 Nam
3264 482 3388 523 cum
3439 464 3633 521 litterae.

339 563 392 617 in
414 563 706 634 Egyptum
737 564 861 616 ante
886 561 1053 616 Jacob
1080 569 1290 632 patrem
1329 577 1511 617 suum.
1570 561 1930 631 Quapropter,

334 651 461 708 licet
490 652 673 706 omnia
706 666 827 721 quae
858 650 1053 718 habeo,
1087 651 1190 705 tuis
1218 657 1404 721 utpote
1433 650 1534 705 viri
1582 657 1804 721 propter
1833 649 1931 720 ju-

328 739 529 795 stitiam
560 755 732 794 necne
760 739 901 793 beati
939 739 1077 793 Petri
1108 738 1423 794 ﬁdelitatem
1454 739 1747 794 exsulantis
1801 754 1933 809 pro-

327 828 605 900 posuerim
636 827 1057 882 necessitatibus
1084 827 1363 896 servitura,
1397 836 1575 883 tamen
1614 828 1738 898 quia
1787 828 1936 881 urbis

328 918 481 973 istius
503 933 600 971 aer
628 916 812 971 multis
836 925 888 971 et
917 916 1175 972 maximae
1206 917 1506 989 peregrinae
1538 917 1774 989 regionis
1828 917 1933 971 b0-

330 1005 566 1060 minibus
588 1005 752 1059 nimis
786 1013 866 1060 est
898 1005 1210 1073 insalubris,
1245 1006 1408 1060 laudo
1437 1013 1492 1060 ut
1540 1022 1632 1060 eas
1681 1021 1786 1076 quo
1830 1020 1933 1060 vo-

330 1094 491 1161 caris,
521 1109 589 1147 ne
621 1094 772 1165 quod
803 1109 1035 1164 superna
1063 1093 1307 1165 dignatio
1341 1093 1436 1148 tibi
1466 1094 1701 1164 providit
1753 1092 1933 1164 negli-

331 1198 463 1255 gere
493 1182 751 1238 videaris.
785 1206 807 1231 ιι
860 1183 1171 1255 Acquiescit
1215 1183 1503 1238 Anselmus
1549 1182 1693 1238 dicto
1751 1181 1935 1253 ponti-

332 1270 469 1339 ﬁcis,
502 1281 556 1328 et
584 1278 990 1342 exspectaturus
1020 1272 1147 1343 quid
1200 1288 1298 1326 rex
1343 1271 1561 1344 Anglice
1610 1271 1936 1341 respondeat

332 1360 526 1416 litteris
567 1376 735 1430 papae
789 1375 855 1416 ac
904 1360 1037 1427 suis,
1084 1369 1266 1430 partes
1313 1361 1381 1414 ad
1438 1376 1571 1432 quas
1611 1359 1938 1414 invitabatur

334 1450 504 1522 petiit.
539 1448 863 1505 Occurritur
888 1451 939 1503 ei
971 1465 1098 1503 cum
1130 1449 1318 1503 laetitia
1343 1457 1395 1503 et
1424 1451 1627 1503 honore
1680 1448 1733 1502 in
1789 1448 1936 1502 omni

333 1539 456 1594 loco
487 1538 556 1592 ad
588 1553 747 1607 quem
777 1537 1099 1609 ingreditur,
1134 1545 1185 1593 et
1214 1538 1459 1593 certatim
1507 1536 1578 1591 ad
1625 1536 1935 1590 ministran-

336 1628 465 1682 dum
496 1626 574 1680 illi
602 1626 803 1698 quique
832 1634 1112 1696 parantur.
1145 1626 1249 1681 Ubi
1304 1641 1431 1681 vero
1492 1625 1611 1681 loco
1668 1624 1737 1679 ad
1776 1640 1935 1697 quem

334 1715 449 1785 ibat
478 1714 957 1785 apprOpinquavit,
1009 1715 1268 1785 adjuncta
1327 1730 1513 1771 secum
1556 1715 1781 1769 fratrum
1838 1728 1936 1769 ca-

2040 578 2162 634 quaz
2220 562 2438 618 directa:
2494 562 2721 630 fuerant,
2780 561 2980 615 nullam
3025 559 3125 631 ipsi
3166 574 3273 630 qua
3310 558 3434 627 jure
3479 554 3635 625 argui

2039 660 2225 721 posset
2271 651 2488 721 culpam
2542 651 2826 705 referendo
2869 648 3219 711 inveherent,
3280 660 3381 699 nec
3434 643 3635 697 latores

2042 756 2226 795 earum
2256 756 2287 794 a
2340 740 2532 794 litteris
2570 739 2702 811 ipsis
2749 739 2937 809 pejora
2982 735 3211 790 dicendo
3271 732 3635 797 dissentirent,

2044 830 2244 885 factum
2273 836 2352 884 est
2380 838 2434 883 ut
2460 836 2513 883 et
2538 828 2637 882 viri
2664 828 2867 897 justitia
2896 824 3102 879 firmius
3130 823 3458 884 crederetur,
3483 827 3533 875 et
3561 818 3639 872 in-

2036 918 2241 989 justitia
2268 916 2501 972 hominis
2531 932 2651 972 eum
2710 930 2818 969 non
2862 929 3019 984 aequa
3065 912 3272 983 judicio
3333 908 3632 979 fatigantis,

2044 1006 2224 1079 magis
2250 1022 2313 1063 ac
2342 1006 2519 1077 magis
2547 1005 2817 1076 publicata
2843 1002 3209 1058 detestaretur.
3236 998 3448 1067 Quique
3476 995 3641 1067 igitur

2043 1113 2106 1152 ex
2140 1097 2242 1151 hoc
2273 1095 2417 1149 illius
2463 1102 2741 1165 coeperunt
2793 1108 2964 1147 causae
3020 1091 3222 1158 favere,
3278 1087 3422 1141 illius
3476 1099 3630 1139 com-

2043 1184 2228 1254 modo,
2260 1185 2405 1238 illius
2453 1183 2640 1237 honori
2688 1198 2743 1236 se
2798 1197 3001 1250 suaque
3060 1193 3157 1250 pro
3212 1184 3337 1231 voto
3388 1172 3637 1229 certatim

2043 1274 2387 1345 impendere.
2433 1273 2550 1327 Dux
2583 1271 2715 1342 ipse,
2743 1270 2808 1325 ad
2841 1285 3000 1341 quem
3046 1267 3164 1337 ipsa
3215 1264 3472 1319 mandata
3526 1277 3638 1331 prae

2044 1363 2253 1418 caeteris
2298 1362 2409 1417 lata
2461 1361 2693 1428 fuerunt,
2744 1374 2852 1412 non
2899 1355 3248 1413 consideratis
3290 1354 3373 1407 eis
3427 1351 3638 1404 Patrem

2043 1452 2227 1506 multis
2254 1450 2508 1522 precibus
2537 1450 2607 1505 ad
2636 1453 2739 1505 hoc
2780 1448 2995 1503 ﬂectere
3040 1445 3187 1500 nisus
3232 1451 3331 1506 est,
3381 1447 3645 1511 quatenus

2044 1557 2224 1596 secum
2274 1540 2588 1613 dignaretur
2643 1553 2941 1600 remanere,
2997 1543 3049 1590 et
3097 1531 3327 1603 optimas
3376 1537 3642 1584 terrarum

2044 1646 2263 1685 suarum
2293 1634 2403 1683 tam
2434 1629 2486 1683 in
2516 1628 2659 1684 villis
2688 1643 2849 1699 quam
2890 1626 2943 1679 in
2974 1622 3206 1679 castellis
3252 1636 3350 1675 seu
3402 1615 3640 1672 civitati-

2045 1719 2164 1788 bus,
2190 1720 2341 1790 juxta
2369 1718 2683 1773 electionem
2718 1732 2895 1783 suam,
2926 1714 3072 1769 dono
3115 1711 3386 1783 accipere,
3442 1718 3645 1775 easque

337 1813 485 1859 terra
514 1805 752 1858 Joannes
780 1802 999 1859 obviam
1031 1803 1195 1872 vadit,
1230 1813 1283 1858 et
1314 1804 1522 1858 Pratem
1580 1820 1734 1859 suum
1785 1818 1937 1858 more
1968 1828 2024 1888 Β
2054 1810 2105 1864 in
2134 1825 2263 1863 usus
2293 1823 2423 1862 suos
2453 1821 2801 1875 suorumque,
2835 1804 2963 1859 dum
2993 1804 3220 1867 viveret,
3252 1796 3473 1871 proprio
3522 1793 3643 1862 jure

337 1892 465 1948 boni
498 1890 594 1947 ﬁlii
632 1908 831 1965 magna
856 1907 977 1947 cum
1014 1893 1320 1950 reverentia
1348 1900 1399 1947 et
1429 1892 1792 1947 exsultatione
1822 1908 1943 1946 sus-

338 1989 557 2051 ceptum
633 1981 963 2036 monasterio
1038 1979 1343 2037 introducit.
1416 1981 1628 2036 Exinde
1687 1981 1944 2051 quoniam

343 2070 496 2126 calor
521 2069 597 2123 ibi
626 2076 821 2125 cuncta
848 2069 1099 2138 torrebat,
1134 2070 1280 2125 ducit
1310 2087 1433 2124 eum
1464 2071 1518 2123 in
1546 2069 1727 2125 villam
1768 2084 1943 2136 suam,

346 2157 619 2214 Sclaviam
653 2158 890 2226 nomine,
926 2174 1068 2228 quae,
1127 2158 1181 2212 in
1232 2159 1429 2214 montis
1485 2158 1769 2213 altitudine
1824 2158 1942 2223 sita,

346 2262 480 2303 sano
506 2247 713 2320 jugiter
740 2263 864 2302 aere
892 2247 1335 2302 conversantibus
1365 2247 1477 2301 illic
1506 2247 1703 2301 habilis
1749 2255 1944 2301 exstat.

416 2336 513 2390 His
545 2336 719 2391 ferme
749 2334 940 2390 diebus
968 2336 1214 2408 Rogerus
1243 2336 1351 2389 dux
1383 2335 1596 2406 Apuliae
1627 2338 1705 2405 (τι)
1735 2337 1947 2389 aduna-

343 2433 399 2480 to
417 2425 617 2497 grandi
644 2425 906 2493 exercitu,
927 2425 1243 2494 Capuanam
1278 2425 1553 2480 civitatem
1585 2424 1657 2495 (ὁ)
1688 2441 1720 2479 a
1749 2440 1845 2479 sua
1877 2423 1952 2478 di-

345 2514 494 2569 tione
526 2513 853 2568 resilientem
888 2512 1196 2568 obsidebat.
1229 2513 1297 2567 Et
1328 2513 1509 2567 audita
1538 2513 1686 2567 fama
1740 2513 1950 2569 Ansel-

350 2602 447 2669 mi,
480 2602 702 2658 directis
728 2602 947 2669 nuntiis,
984 2602 1197 2674 rogavit
1225 2617 1345 2656 eum
1376 2602 1559 2657 venire
1590 2601 1655 2656 ad
1714 2618 1791 2671 se,
1852 2618 1952 2656 cu-

344 2689 497 2760 piens
525 2690 685 2745 illum
715 2690 909 2747 videre
941 2699 993 2745 et
1023 2689 1247 2760 alloqui,
1278 2698 1437 2761 atque
1457 2707 1557 2761 per
1579 2706 1703 2745 eum
1724 2691 1809 2745 his
1831 2708 1950 2761 quae

345 2778 506 2833 saluti
555 2796 667 2834 suae
717 2778 1095 2834 adminiculari
1139 2786 1408 2849 poterant,
1480 2778 1792 2834 informari.
1852 2780 1954 2835 Ivit

349 2883 482 2939 ergo
508 2868 666 2923 Pater
694 2867 762 2923 ad
814 2884 959 2922 eum.
995 2868 1188 2923 Adhuc
1228 2867 1391 2940 longe
1441 2884 1676 2933 eramus,
1727 2877 1779 2923 et
1825 2883 1953 2923 ecce

345 2955 464 3011 dux
495 2957 608 3028 ipse
651 2956 874 3029 copiosa
920 2956 1145 3011 militum
1193 2957 1539 3012 multitudine
1584 2966 1767 3027 septus
1811 2958 1952 3012 Patri

345 3045 593 3111 occurrit,
621 3060 684 3100 ac
738 3045 794 3099 in
849 3045 1032 3101 oscula
1085 3062 1268 3112 ruens,
1330 3045 1378 3100 ei
1405 3062 1505 3116 pro
1560 3061 1656 3101 suo
1715 3046 1950 3102 adventu

345 3133 552 3206 gratias
581 3135 712 3205 egit.
747 3134 932 3189 Plures
962 3134 1159 3189 exhinc
1188 3134 1305 3190 dies
1364 3135 1418 3189 in
1474 3134 1759 3190 obsidione
1811 3134 1947 3189 feci-

346 3239 488 3292 mus,
536 3223 734 3279 remoti
785 3223 839 3277 in
886 3223 1137 3278 tentoriis
1182 3240 1213 3278 a
1261 3224 1565 3294 frequentia
1611 3232 1664 3279 et
1720 3225 1948 3279 tumultu

347 3312 738 3382 perstrepentis
767 3312 1055 3367 exercitus.
1088 3313 1223 3367 Cum
1258 3320 1437 3367 autem
1470 3313 1606 3367 inter
1636 3314 1753 3368 haec
1805 3314 1951 3367 sedis

348 3400 662 3470 apostolica:
692 3401 934 3470 pontifex
968 3401 1215 3457 Urbanus
1260 3401 1353 3455 illo
1402 3401 1735 3467 adventaret,
1794 3410 1846 3457 et
1898 3402 1949 3456 ei

352 3489 420 3543 ab
450 3489 708 3544 Anselmo
737 3504 801 3543 ac
829 3489 1172 3559 principibus
1200 3491 1362 3543 totius
1411 3491 1684 3544 exercitus
1730 3490 1946 3545 obviam

346 3578 477 3632 itum
506 3585 667 3644 esset,
702 3577 904 3649 ingenti
937 3577 1219 3632 saecularis
1248 3578 1449 3649 gloriae
1500 3594 1697 3649 pompa
1753 3594 1947 3649 prose-

350 3674 527 3732 cutus,
560 3665 749 3719 ductus
776 3675 853 3720 est
886 3666 940 3719 in
983 3665 1266 3721 tentorium
1322 3665 1466 3737 quod
1522 3667 1570 3721 ei
1630 3681 1797 3738 prope
1852 3683 1951 3721 nos

349 3762 469 3808 erat
495 3754 711 3809 caeteris
744 3752 1097 3809 excellentius
1125 3753 1491 3809 constitutum.
1526 3755 1720 3825 Sicque
1777 3755 1949 3810 donec

348 3842 541 3898 civitas
572 3842 623 3895 in
652 3842 983 3897 deditionem
1040 3843 1273 3909 transiit,
1322 3842 1532 3897 obsidio
1572 3842 1717 3897 illius
1764 3844 1950 3898 domi-

348 3947 472 3985 num
504 3947 704 4001 papam
760 3939 813 3986 et
866 3931 1179 3985 Anselmum
1238 3931 1447 3985 vicinos
1501 3931 1707 3999 habuit,
1763 3932 1837 3987 ita
1892 3940 1951 3987 ut

348 4019 556 4074 familia
586 4018 800 4074 illorum
831 4019 1009 4092 magis
1039 4020 1318 4075 videretur
1348 4035 1454 4074 una
1484 4036 1644 4089 quam
1677 4020 1817 4085 duae,
1850 4038 1950 4076 nec

350 4107 508 4163 facile
537 4108 714 4180 quivis
746 4108 1045 4163 declinaret
1067 4108 1135 4162 ad
1165 4123 1360 4179 papam
1385 4108 1475 4180 qui
1506 4123 1611 4163 non
1654 4108 1950 4165 diverteret

354 4195 426 4252 ad
452 4197 791 4251 Anselmum.

420 4285 526 4339 Sed
553 4285 683 4355 quid
712 4285 907 4340 faciam
938 4286 967 4338 ‘I
997 4284 1052 4339 Si
1083 4284 1377 4347 dilectioni,
1410 4285 1456 4339 si
1509 4286 1842 4353 reverentiae,
1902 4286 1946 4340 si

352 4374 566 4441 honori,
600 4374 692 4445 qui
722 4373 981 4429 Anselmo
1012 4373 1080 4428 ab
1101 4372 1365 4427 universis
1410 4374 1548 4429 inter
1598 4390 1733 4444 quos
1790 4374 1949 4429 habi-

354 4462 502 4516 tabat
549 4477 613 4518 eo
674 4469 922 4532 tempore
969 4469 1021 4517 et
1068 4461 1322 4517 veniebat
1370 4462 1742 4531 exhibebatur,
1807 4463 1946 4518 scri-

352 4549 535 4605 bendo
563 4550 874 4623 singulatim
932 4549 1206 4605 immorari
1261 4550 1506 4616 voluero,
1540 4566 1645 4605 non
1679 4551 1950 4606 immerito

361 4638 764 4695 indiscretionis
795 4638 951 4711 argui
981 4647 1203 4708 potero.
1240 4639 1473 4693 Tantum
1506 4639 1628 4694 dico
1660 4639 1800 4708 quod
1833 4640 1960 4694 licet

354 4743 451 4782 rex
483 4727 695 4799 Angliae
722 4727 812 4799 qui
842 4727 1016 4795 illum,
1045 4734 1103 4781 ut
1132 4727 1453 4797 prazdictum
1505 4734 1610 4796 est,
1668 4727 1735 4782 de
1787 4743 1958 4800 regno

359 4831 458 4871 suo
514 4816 741 4887 pepulit,
797 4823 906 4871 tam
967 4815 1157 4870 litteris
1212 4832 1371 4887 quam
1428 4816 1595 4887 largis
1648 4816 1960 4871 muneribus

359 4920 551 4959 omnes
579 4919 716 4976 quos
745 4913 889 4958 ratus
920 4912 1032 4959 erat
1062 4903 1110 4958 ei
1140 4920 1299 4974 posse
1357 4897 1681 4959 detrimento
1728 4906 1961 4959 existere

363 5001 593 5048 conatus
648 4992 809 5048 fuerit
864 4992 1124 5048 adversus
1178 5009 1301 5047 eum
1358 5008 1722 5059 commovere,
1782 5001 1959 5048 tamen

356 5080 492 5135 nihil
521 5080 753 5152 profecit
781 5081 911 5151 quin
938 5082 1116 5151 potius
1147 5097 1215 5136 ex
1245 5081 1330 5136 his
1357 5082 1749 5154 perspicaciter
1796 5083 1959 5137 intel-

357 5179 560 5235 lectum
616 5187 720 5247 est,
781 5178 957 5234 virum
1016 5178 1278 5251 simplicis
1335 5180 1560 5250 justitize
1610 5179 1699 5238 via
1755 5188 1956 5249 tenere,

2056 1897 2348 1953 vindicare.
2380 1896 2549 1950 Aliter
2576 1896 2743 1968 igitur
2774 1892 3053 1948 molimina
3081 1891 3229 1963 regis
3244 1889 3297 1942 in
3321 1883 3643 1940 Anselmum

2051 1992 2427 2057 processerunt
2453 2001 2515 2040 ac
2541 1985 2656 2054 ipse
2685 1990 2835 2037 ratus
2865 1982 3058 2036 fuerat.
3092 1977 3391 2035 Obsidione
3446 1971 3645 2027 dehinc

2053 2075 2248 2143 soluta,
2277 2074 2560 2129 Anselmns
2587 2089 2708 2127 cum
2739 2086 2880 2142 papa
2907 2070 2976 2125 ad
3002 2072 3337 2124 Aversanam
3370 2063 3442 2133 (ε)
3465 2060 3649 2117 civita-

2054 2172 2161 2218 tem
2193 2162 2359 2218 vadit.
2422 2163 2565 2233 Papa
2610 2160 2904 2225 civitatem,
2953 2157 3239 2212 Anselmus
3281 2152 3448 2207 multa
3490 2162 3651 2220 prece

2056 2252 2310 2306 invitatus
2363 2250 2639 2306 abbatiam
2715 2248 2897 2304 Sancti
2979 2242 3284 2307 Laurentii,
3341 2235 3649 2309 hospitandi

2055 2340 2249 2412 gratia,
2281 2340 2434 2410 petit.
2467 2338 2638 2410 Igitur
2666 2337 2923 2392 Anselmo
2954 2335 3021 2389 ab
3050 2334 3221 2405 ipsius
3248 2327 3481 2387 coenobii
3536 2324 3651 2378 fra-

2056 2429 2227 2483 tribus
2253 2428 2516 2497 perfectae
2548 2425 2815 2480 charitatis
2861 2422 3188 2493 obsequium
3242 2417 3543 2482 exhibetur,
3600 2419 3655 2467 et

2056 2516 2300 2589 loquenti
2330 2515 2489 2571 solito
2516 2530 2671 2570 more
2703 2530 2823 2586 quae
2852 2513 2951 2568 Dei
2997 2518 3119 2566 sunt
3162 2508 3376 2564 auditus
3414 2503 3655 2559 studiose

2058 2605 2345 2678 praebetur.

2130 2693 2490 2748 Considerans
2519 2692 2703 2758 itaque
2732 2689 3016 2745 Anselmus
3062 2687 3205 2758 apud
3257 2702 3337 2753 se,
3399 2688 3653 2754 quantam

2058 2782 2253 2837 mentis
2280 2781 2707 2853 inquietudinem
2738 2787 2791 2835 et
2820 2776 3280 2851 perturbationem
3324 2772 3479 2828 fuerit
3523 2786 3654 2840 pas-

2058 2887 2152 2925 sus
2180 2871 2232 2925 in
2262 2870 2481 2944 Anglia,
2501 2878 2553 2925 et
2580 2869 2854 2939 quomodo
2881 2866 3078 2931 nullus,
3112 2864 3350 2934 exceptis
3384 2859 3653 2931 aliquibus

2058 2960 2359 3028 monachis,
2423 2975 2546 3014 eum
2598 2959 2777 3031 gratia
2838 2954 3202 3011 fructiﬁcandi
3264 2954 3400 3020 Deo,
3465 2948 3654 3005 audire

2058 3049 2307 3118 voluerit,
2374 3054 2682 3118 quantaque
2747 3046 2948 3101 mentis
3008 3043 3395 3113 tranquillitate
3427 3039 3650 3110 potitus,

2057 3146 2109 3193 et
2141 3154 2305 3208 quam
2338 3138 2609 3192 fructuoso
2640 3135 2817 3190 studio
2846 3135 2914 3189 sit
2945 3150 2975 3188 a
3002 3133 3205 3189 cunctis
3233 3130 3447 3186 auditus
3493 3130 3654 3197 post-

2057 3244 2217 3298 quam
2257 3225 2427 3280 exivit
2482 3226 2551 3280 de
2608 3224 2821 3296 Anglia,
2879 3221 3026 3278 omni
3083 3218 3350 3275 desiderio
3383 3217 3648 3282 fervebat,

2054 3332 2244 3372 curam
2265 3313 2475 3385 Anglice
2505 3328 2628 3369 cum
2657 3310 2971 3383 pontiﬁcatu
3002 3309 3277 3371 deserere,
3308 3313 3362 3360 et
3390 3304 3466 3359 eis
3524 3318 3651 3374 per-

2055 3404 2217 3476 petim
2275 3401 2679 3457 abrenuntiare.
2745 3399 2885 3453 Huic
2939 3412 3157 3469 quoque
3215 3393 3489 3450 desiderio
3541 3405 3649 3445 non

2055 3509 2248 3564 parum
2279 3490 2489 3545 roboris
2518 3488 2881 3559 impendebat,
2919 3485 3067 3555 quod
3098 3482 3339 3538 omnium
3370 3480 3648 3534 dubietate

2056 3582 2266 3637 sublata
2294 3579 2515 3634 videbat
2544 3576 2877 3648 impossibile
2908 3575 3024 3630 fore
3081 3588 3209 3628 suos
3257 3578 3309 3627 et
3362 3566 3648 3624 Wilhelmi

2056 3669 2200 3742 regis
2232 3684 2409 3723 mores
2437 3667 2490 3721 in
2544 3683 2709 3720 unum
2763 3663 3000 3735 amplius
3054 3659 3403 3717 concordare.
3452 3656 3533 3712 Ad
3588 3671 3654 3710 ea

2056 3775 2256 3831 nempe
2306 3774 2428 3829 quae
2457 3756 2607 3811 illum
2663 3756 2715 3809 in
2771 3753 2969 3825 Anglia
3024 3751 3186 3823 positi
3246 3749 3425 3804 facere
3478 3747 3654 3802 solere

2058 3863 2505 3920 cognoveramus,
2566 3860 2705 3900 nova
2761 3844 3010 3914 quaedam
3068 3839 3307 3912 quotidie
3334 3838 3403 3892 ab
3432 3837 3517 3891 his
3565 3834 3658 3907 qui

2057 3926 2187 3991 inde
2216 3936 2506 3991 veniebant
2562 3933 2781 4003 publice
2808 3931 3197 3995 referebantur,
3230 3928 3283 3982 in
3342 3927 3537 3997 quibus
3590 3926 3665 3979 ita

2058 4034 2251 4081 contra
2304 4023 2402 4078 Dei
2451 4022 2715 4093 justitiam
2774 4021 3096 4075 obfirmatus
3150 4016 3552 4087 intelligebatur
3606 4018 3665 4068 ut

2058 4110 2211 4164 multi
2240 4109 2527 4181 regionum
2562 4106 2772 4160 illarum
2804 4105 2903 4161 viri
2934 4102 3097 4158 simul
3126 4118 3188 4156 ac
3214 4100 3471 4154 mulieres
3500 4100 3663 4152 aliam

2056 4199 2125 4254 de
2157 4214 2220 4252 eo
2250 4195 2664 4252 aestimationem
2694 4193 2956 4247 haberent
3014 4206 3177 4262 quam
3223 4188 3291 4243 de
3345 4186 3650 4242 Christiano

2056 4286 2391 4343 Christianos
2420 4286 2507 4340 lex
2537 4282 2844 4339 Christiana
2874 4281 3031 4335 docet
3061 4278 3287 4333 habere.
3322 4276 3400 4330 De
3456 4274 3664 4344 quibus

2053 4390 2231 4447 pauca
2278 4374 2424 4429 brevi
2491 4371 2857 4443 perstringere
2912 4367 3131 4438 placuit,
3192 4380 3260 4420 ne
3316 4361 3659 4419 solummodo

2055 4463 2216 4521 nudis
2272 4462 2452 4517 verbis
2494 4477 2615 4533 qua:
2644 4459 2844 4527 dicunt,
2876 4457 3007 4512 dicit
3034 4462 3315 4525 putentur.
3338 4452 3472 4520 Quae
3489 4459 3673 4506 tamen

2065 4555 2201 4609 sicut
2232 4553 2324 4607 illa
2352 4549 2664 4621 accepimus
2692 4546 3005 4618 simpliciter
3027 4559 3245 4615 ponam,
3268 4557 3377 4597 non
3429 4548 3673 4595 astruens

2070 4658 2193 4698 vera
2223 4657 2291 4696 an
2322 4657 2477 4696 secus
2524 4637 2843 4704 exstiterint,
2888 4651 2956 4690 an
2998 4649 3129 4689 non.
3186 4630 3452 4686 Ferebant
3505 4628 3668 4700 igitur

2066 4732 2120 4785 hi
2152 4730 2240 4802 qui
2272 4728 2565 4786 veniebant
2622 4726 2762 4796 quod
2822 4727 3015 4780 eodem
3068 4722 3182 4776 fere
3232 4728 3494 4788 tempore,
3544 4732 3668 4772 cum

2065 4819 2211 4873 idem
2269 4834 2361 4873 rex
2416 4814 2740 4886 Rothomagi
2817 4819 3139 4876 moraretur,
3199 4807 3390 4874 videri,
3469 4806 3561 4877 qui
3618 4805 3672 4859 in

2068 4907 2284 4962 civitate
2314 4905 2429 4976 ipsa
2459 4903 2753 4975 degebant,
2788 4901 2856 4956 ad
2886 4916 3010 4954 eum
3052 4898 3365 4963 convenire,
3423 4909 3671 4965 conque-

2068 5004 2247 5051 rentes
2274 4993 2565 5049 nonnullos
2611 5008 2679 5046 ex
2728 4990 2861 5052 suis,
2913 4996 3094 5059 spreto
3152 4986 3453 5052 Judaismo,
3510 4981 3669 5038 Chri-

2069 5084 2274 5139 stianos
2308 5091 2433 5138 tunc
2488 5065 2701 5136 noviter
2749 5078 2921 5134 factos
2968 5077 3155 5144 fuisse,
3206 5084 3368 5145 atque
3421 5079 3678 5142 rogantes

2067 5190 2124 5237 ut
2170 5186 2384 5251 sumpto
2430 5175 2603 5248 pretio
2646 5174 2788 5243 illos,
2846 5173 3051 5243 rejecto
3116 5168 3547 5235 Christianismo,
3604 5167 3676 5221 ad

1661 5332 2091 5391 IIENSCHENII
2120 5330 2346 5386 ΝΟΤᾸΞ.

394 5448 472 5516 (α)
489 5448 760 5528 Rogerius
772 5446 917 5501 ﬁlius
931 5446 1151 5528 Boberti
1168 5446 1553 5515 Northmanni,
1576 5446 1726 5502 ducis
1740 5448 1967 5518 Apulite,

356 5519 623 5574 successit
652 5519 728 5572 illi
760 5535 902 5573 anno
938 5520 1095 5572 1086.

437 5590 513 5659 (b)
543 5592 699 5644 Anno
728 5593 865 5644 1098
900 5611 922 5636 α
960 5590 1351 5661 comprehensa
1373 5597 1455 5644 est
1475 5589 1663 5660 Capua
1685 5605 1715 5661 a
1736 5589 1970 5661 Rogerio

366 5675 557 5715 mense
588 5661 799 5717 Martio.
840 5683 861 5708 ι-
896 5661 976 5714 Ita
1005 5660 1185 5733 Lupus
1215 5660 1531 5734 Protospata
1581 5660 1634 5715 in
1680 5659 1966 5717 Chronico.

2080 5445 2187 5500 Sed
2216 5443 2427 5498 videtur
2453 5441 2749 5514 legendum
2779 5455 2898 5514 esse
2925 5453 3118 5495 mense
3148 5438 3288 5514 Maio
3321 5458 3339 5495 :
3368 5432 3678 5514 alias_enim

2080 5532 2185 5570 non
2217 5515 2481 5585 potuisset
2508 5506 2698 5585 adesse
2726 5512 3033 5585 Anselmus,
3093 5509 3185 5579 qui
3242 5521 3430 5561 mense
3483 5506 3677 5557 Martio

2080 5582 2310 5643 exeunte
2340 5586 2566 5656 Romam
2598 5584 2775 5656 solum
2805 5582 3073 5656 a_ttigerat.
3161 5648 3210 5656 __
3352 5644 3384 5656 ν

2151 5661 2226 5730 (c)
2253 5659 2460 5713 Aversa
2488 5654 2617 5711 urbs
2644 5654 2786 5710 inter
2811 5645 3050 5722 Capuam
3081 5656 3132 5705 et
3161 5645 3464 5719 Neapolim.
