  <div class='ocr_page' id='page_1' title='image "/cluster/home/n/w/nwhite01/storage/ocr_20150623/159/hvd.32044054760178/211.png"; bbox 0 0 4044 6074; ppageno 0'>
   <div class='ocr_carea' id='block_1_1' title="bbox 428 334 523 391">
    <p class='ocr_par' dir='ltr' id='par_1_1' title="bbox 428 334 523 391">
     <span class='ocr_line' id='line_1_1' title="bbox 428 334 523 391; baseline 0.011 -1"><span class='ocrx_word' id='word_1_1' title='bbox 428 334 523 391; x_wconf 77' lang='grc'><strong>411</strong></span> 
     </span>
    </p>
   </div>
   <div class='ocr_carea' id='block_1_2' title="bbox 1446 336 2713 399">
    <p class='ocr_par' dir='ltr' id='par_1_2' title="bbox 1446 336 2713 399">
     <span class='ocr_line' id='line_1_2' title="bbox 1446 336 2713 399; baseline -0.002 0"><span class='ocrx_word' id='word_1_2' title='bbox 1446 342 1762 399; x_wconf 81' lang='lat' dir='ltr'>EADMERI</span> <span class='ocrx_word' id='word_1_3' title='bbox 1802 336 2357 397; x_wconf 80' lang='lat' dir='ltr'>CANTUARIENSIS</span> <span class='ocrx_word' id='word_1_4' title='bbox 2398 336 2713 397; x_wconf 83' lang='lat' dir='ltr'>MONACHI</span> 
     </span>
    </p>
   </div>
   <div class='ocr_carea' id='block_1_3' title="bbox 3621 336 3730 395">
    <p class='ocr_par' dir='ltr' id='par_1_3' title="bbox 3621 336 3730 395">
     <span class='ocr_line' id='line_1_3' title="bbox 3621 336 3730 395; baseline 0.037 -4"><span class='ocrx_word' id='word_1_5' title='bbox 3621 336 3730 395; x_wconf 73' lang='grc'>412</span> 
     </span>
    </p>
   </div>
   <div class='ocr_carea' id='block_1_4' title="bbox 423 458 3728 541">
    <p class='ocr_par' dir='ltr' id='par_1_4' title="bbox 423 458 3728 541">
     <span class='ocr_line' id='line_1_4' title="bbox 423 458 3728 541; baseline 0.002 -29"><span class='ocrx_word' id='word_1_6' title='bbox 423 458 768 517; x_wconf 80' lang='lat' dir='ltr'>Judaismum</span> <span class='ocrx_word' id='word_1_7' title='bbox 814 464 990 522; x_wconf 89' lang='lat' dir='ltr'>redire</span> <span class='ocrx_word' id='word_1_8' title='bbox 1032 468 1408 537; x_wconf 80' lang='lat' dir='ltr'>compelleret.</span> <span class='ocrx_word' id='word_1_9' title='bbox 1464 466 1771 541; x_wconf 83' lang='lat' dir='ltr'>Acquiescit</span> <span class='ocrx_word' id='word_1_10' title='bbox 1825 465 1938 535; x_wconf 91' lang='lat' dir='ltr'>ille,</span> <span class='ocrx_word' id='word_1_11' title='bbox 1970 467 2025 519; x_wconf 89' lang='lat' dir='ltr'>et</span> <span class='ocrx_word' id='word_1_12' title='bbox 2053 462 2108 523; x_wconf 89' lang='lat' dir='ltr'><strong>A</strong></span> <span class='ocrx_word' id='word_1_13' title='bbox 2137 472 2247 520; x_wconf 89' lang='lat' dir='ltr'>tum</span> <span class='ocrx_word' id='word_1_14' title='bbox 2278 464 2355 519; x_wconf 91' lang='lat' dir='ltr'>rei</span> <span class='ocrx_word' id='word_1_15' title='bbox 2387 480 2483 535; x_wconf 91' lang='lat' dir='ltr'>pro</span> <span class='ocrx_word' id='word_1_16' title='bbox 2512 464 2717 519; x_wconf 85' lang='lat' dir='ltr'>foribus</span> <span class='ocrx_word' id='word_1_17' title='bbox 2743 462 3161 536; x_wconf 63' lang='lat' dir='ltr'>praestolantem,</span> <span class='ocrx_word' id='word_1_18' title='bbox 3193 462 3415 519; x_wconf 77' lang='lat' dir='ltr'>invenit.</span> <span class='ocrx_word' id='word_1_19' title='bbox 3446 462 3505 517; x_wconf 91' lang='lat' dir='ltr'>In</span> <span class='ocrx_word' id='word_1_20' title='bbox 3563 478 3728 533; x_wconf 87' lang='lat' dir='ltr'>quem</span> 
     </span>
    </p>
   </div>
   <div class='ocr_carea' id='block_1_5' title="bbox 429 553 2026 627">
    <p class='ocr_par' dir='ltr' id='par_1_5' title="bbox 429 553 2026 627">
     <span class='ocr_line' id='line_1_5' title="bbox 429 553 2026 627; baseline 0.003 -25"><span class='ocrx_word' id='word_1_21' title='bbox 429 559 678 620; x_wconf 90' lang='lat' dir='ltr'>suscepto</span> <span class='ocrx_word' id='word_1_22' title='bbox 709 553 885 623; x_wconf 91' lang='lat' dir='ltr'>pretio</span> <span class='ocrx_word' id='word_1_23' title='bbox 915 556 1224 625; x_wconf 61' lang='lat' dir='ltr'>apostasia,</span> <span class='ocrx_word' id='word_1_24' title='bbox 1252 557 1411 627; x_wconf 90' lang='lat' dir='ltr'>jubet</span> <span class='ocrx_word' id='word_1_25' title='bbox 1440 572 1512 612; x_wconf 82' lang='lat' dir='ltr'>ex</span> <span class='ocrx_word' id='word_1_26' title='bbox 1540 555 1742 612; x_wconf 76' lang='lat' dir='ltr'>Judaeis</span> <span class='ocrx_word' id='word_1_27' title='bbox 1770 555 1902 625; x_wconf 82' lang='lat' dir='ltr'>ipsis</span> <span class='ocrx_word' id='word_1_28' title='bbox 1930 553 2026 607; x_wconf 83' lang='lat' dir='ltr'>ad-</span> 
     </span>
    </p>
   </div>
   <div class='ocr_carea' id='block_1_6' title="bbox 432 632 2023 713">
    <p class='ocr_par' dir='ltr' id='par_1_6' title="bbox 432 632 2023 713">
     <span class='ocr_line' id='line_1_6' title="bbox 432 632 2023 713; baseline 0.004 -23"><span class='ocrx_word' id='word_1_29' title='bbox 432 637 550 693; x_wconf 87' lang='lat' dir='ltr'>duci</span> <span class='ocrx_word' id='word_1_30' title='bbox 583 639 651 694; x_wconf 91' lang='lat' dir='ltr'>ad</span> <span class='ocrx_word' id='word_1_31' title='bbox 681 656 758 695; x_wconf 90' lang='lat' dir='ltr'>se.</span> <span class='ocrx_word' id='word_1_32' title='bbox 791 641 929 710; x_wconf 88' lang='lat' dir='ltr'>Quid</span> <span class='ocrx_word' id='word_1_33' title='bbox 955 642 1109 713; x_wconf 89' lang='lat' dir='ltr'>plura</span> <span class='ocrx_word' id='word_1_34' title='bbox 1129 645 1156 697; x_wconf 71' lang='lat'>‘2</span> <span class='ocrx_word' id='word_1_35' title='bbox 1186 632 1373 700; x_wconf 70' lang='lat' dir='ltr'>Plures</span> <span class='ocrx_word' id='word_1_36' title='bbox 1401 662 1466 701; x_wconf 86' lang='lat' dir='ltr'>ex</span> <span class='ocrx_word' id='word_1_37' title='bbox 1498 645 1604 699; x_wconf 88' lang='lat' dir='ltr'>illis</span> <span class='ocrx_word' id='word_1_38' title='bbox 1634 643 1795 698; x_wconf 84' lang='lat' dir='ltr'>minis</span> <span class='ocrx_word' id='word_1_39' title='bbox 1815 650 1867 698; x_wconf 92' lang='lat' dir='ltr'>et</span> <span class='ocrx_word' id='word_1_40' title='bbox 1911 650 2023 696; x_wconf 90' lang='lat' dir='ltr'>ter-</span> 
     </span>
    </p>
   </div>
   <div class='ocr_carea' id='block_1_7' title="bbox 429 726 2024 805">
    <p class='ocr_par' dir='ltr' id='par_1_7' title="bbox 429 726 2024 805">
     <span class='ocr_line' id='line_1_7' title="bbox 429 726 2024 805; baseline 0.002 -24"><span class='ocrx_word' id='word_1_41' title='bbox 429 726 639 782; x_wconf 86' lang='lat' dir='ltr'>roribus</span> <span class='ocrx_word' id='word_1_42' title='bbox 671 729 886 799; x_wconf 89' lang='lat' dir='ltr'>fractos,</span> <span class='ocrx_word' id='word_1_43' title='bbox 919 732 1187 805; x_wconf 87' lang='lat' dir='ltr'>abnegato</span> <span class='ocrx_word' id='word_1_44' title='bbox 1218 733 1454 802; x_wconf 81' lang='lat' dir='ltr'>Christo,</span> <span class='ocrx_word' id='word_1_45' title='bbox 1487 732 1767 805; x_wconf 89' lang='lat' dir='ltr'>pristinum</span> <span class='ocrx_word' id='word_1_46' title='bbox 1786 746 2024 787; x_wconf 89' lang='lat' dir='ltr'>errorem</span> 
     </span>
    </p>
   </div>
   <div class='ocr_carea' id='block_1_8' title="bbox 429 816 882 887">
    <p class='ocr_par' dir='ltr' id='par_1_8' title="bbox 429 816 882 887">
     <span class='ocr_line' id='line_1_8' title="bbox 429 816 882 887; baseline 0.007 -17"><span class='ocrx_word' id='word_1_47' title='bbox 429 816 706 887; x_wconf 84' lang='lat' dir='ltr'>suscipere</span> <span class='ocrx_word' id='word_1_48' title='bbox 737 819 882 874; x_wconf 89' lang='lat' dir='ltr'>fecit.</span> 
     </span>
    </p>
   </div>
   <div class='ocr_carea' id='block_1_9' title="bbox 498 904 2024 980">
    <p class='ocr_par' dir='ltr' id='par_1_9' title="bbox 498 904 2024 980">
     <span class='ocr_line' id='line_1_9' title="bbox 498 904 2024 980; baseline 0.002 -22"><span class='ocrx_word' id='word_1_49' title='bbox 498 904 624 959; x_wconf 89' lang='lat' dir='ltr'>Erat</span> <span class='ocrx_word' id='word_1_50' title='bbox 664 916 945 978; x_wconf 69' lang='lat' dir='ltr'>praeterea,</span> <span class='ocrx_word' id='word_1_51' title='bbox 995 909 1098 964; x_wconf 89' lang='lat' dir='ltr'>illis</span> <span class='ocrx_word' id='word_1_52' title='bbox 1158 910 1376 980; x_wconf 89' lang='lat' dir='ltr'>diebus,</span> <span class='ocrx_word' id='word_1_53' title='bbox 1430 910 1754 966; x_wconf 82' lang='lat' dir='ltr'>adolescens</span> <span class='ocrx_word' id='word_1_54' title='bbox 1806 908 2024 979; x_wconf 89' lang='lat' dir='ltr'>quidam</span> 
     </span>
    </p>
   </div>
   <div class='ocr_carea' id='block_1_10' title="bbox 423 992 2013 1070">
    <p class='ocr_par' dir='ltr' id='par_1_10' title="bbox 423 992 2013 1070">
     <span class='ocr_line' id='line_1_10' title="bbox 423 992 2013 1070; baseline 0.003 -24"><span class='ocrx_word' id='word_1_55' title='bbox 423 992 660 1061; x_wconf 76' lang='lat' dir='ltr'>Judaeus,</span> <span class='ocrx_word' id='word_1_56' title='bbox 694 996 776 1050; x_wconf 86' lang='lat' dir='ltr'>cui</span> <span class='ocrx_word' id='word_1_57' title='bbox 808 1013 914 1051; x_wconf 93' lang='lat' dir='ltr'>uno</span> <span class='ocrx_word' id='word_1_58' title='bbox 945 998 1161 1053; x_wconf 89' lang='lat' dir='ltr'>dierum</span> <span class='ocrx_word' id='word_1_59' title='bbox 1192 1016 1289 1070; x_wconf 91' lang='lat' dir='ltr'>per</span> <span class='ocrx_word' id='word_1_60' title='bbox 1318 1000 1462 1054; x_wconf 88' lang='lat' dir='ltr'>viam</span> <span class='ocrx_word' id='word_1_61' title='bbox 1495 1000 1630 1054; x_wconf 90' lang='lat' dir='ltr'>forte</span> <span class='ocrx_word' id='word_1_62' title='bbox 1662 998 1803 1053; x_wconf 90' lang='lat' dir='ltr'>eunti</span> <span class='ocrx_word' id='word_1_63' title='bbox 1837 1012 2013 1067; x_wconf 89' lang='lat' dir='ltr'>appa-</span> 
     </span>
    </p>
   </div>
   <div class='ocr_carea' id='block_1_11' title="bbox 422 1081 2024 1159">
    <p class='ocr_par' dir='ltr' id='par_1_11' title="bbox 422 1081 2024 1159">
     <span class='ocr_line' id='line_1_11' title="bbox 422 1081 2024 1159; baseline 0.003 -25"><span class='ocrx_word' id='word_1_64' title='bbox 422 1081 532 1135; x_wconf 86' lang='lat' dir='ltr'>ruit</span> <span class='ocrx_word' id='word_1_65' title='bbox 561 1081 699 1138; x_wconf 80' lang='lat' dir='ltr'>alter</span> <span class='ocrx_word' id='word_1_66' title='bbox 719 1084 940 1154; x_wconf 87' lang='lat' dir='ltr'>juvenis</span> <span class='ocrx_word' id='word_1_67' title='bbox 968 1088 1116 1141; x_wconf 88' lang='lat' dir='ltr'>vultu</span> <span class='ocrx_word' id='word_1_68' title='bbox 1148 1103 1213 1142; x_wconf 89' lang='lat' dir='ltr'>ac</span> <span class='ocrx_word' id='word_1_69' title='bbox 1242 1096 1394 1143; x_wconf 81' lang='lat' dir='ltr'>veste</span> <span class='ocrx_word' id='word_1_70' title='bbox 1424 1088 1679 1153; x_wconf 84' lang='lat' dir='ltr'>decorus,</span> <span class='ocrx_word' id='word_1_71' title='bbox 1715 1087 1804 1159; x_wconf 85' lang='lat' dir='ltr'>qui</span> <span class='ocrx_word' id='word_1_72' title='bbox 1852 1086 2024 1140; x_wconf 89' lang='lat' dir='ltr'>inter-</span> 
     </span>
    </p>
   </div>
   <div class='ocr_carea' id='block_1_12' title="bbox 425 1174 2025 1247">
    <p class='ocr_par' dir='ltr' id='par_1_12' title="bbox 425 1174 2025 1247">
     <span class='ocr_line' id='line_1_12' title="bbox 425 1174 2025 1247; baseline 0.002 -22"><span class='ocrx_word' id='word_1_73' title='bbox 425 1179 647 1242; x_wconf 79' lang='lat' dir='ltr'>rogatus</span> <span class='ocrx_word' id='word_1_74' title='bbox 704 1174 846 1229; x_wconf 91' lang='lat' dir='ltr'>unde</span> <span class='ocrx_word' id='word_1_75' title='bbox 898 1175 985 1231; x_wconf 85' lang='lat' dir='ltr'>vel</span> <span class='ocrx_word' id='word_1_76' title='bbox 1016 1176 1135 1247; x_wconf 87' lang='lat' dir='ltr'>quis</span> <span class='ocrx_word' id='word_1_77' title='bbox 1164 1185 1325 1243; x_wconf 87' lang='lat' dir='ltr'>esset,</span> <span class='ocrx_word' id='word_1_78' title='bbox 1355 1177 1489 1232; x_wconf 80' lang='lat' dir='ltr'>dixit</span> <span class='ocrx_word' id='word_1_79' title='bbox 1516 1194 1593 1245; x_wconf 91' lang='lat' dir='ltr'>se,</span> <span class='ocrx_word' id='word_1_80' title='bbox 1616 1176 1733 1246; x_wconf 87' lang='lat' dir='ltr'>jam</span> <span class='ocrx_word' id='word_1_81' title='bbox 1777 1176 1907 1230; x_wconf 90' lang='lat' dir='ltr'>olim</span> <span class='ocrx_word' id='word_1_82' title='bbox 1958 1190 2025 1229; x_wconf 85' lang='lat' dir='ltr'>ex</span> 
     </span>
    </p>
   </div>
   <div class='ocr_carea' id='block_1_13' title="bbox 421 1258 2021 1336">
    <p class='ocr_par' dir='ltr' id='par_1_13' title="bbox 421 1258 2021 1336">
     <span class='ocr_line' id='line_1_13' title="bbox 421 1258 2021 1336; baseline 0.002 -23"><span class='ocrx_word' id='word_1_83' title='bbox 421 1258 610 1315; x_wconf 76' lang='grc' dir='ltr'>,Ιυάωο</span> <span class='ocrx_word' id='word_1_84' title='bbox 642 1261 998 1317; x_wconf 85' lang='lat' dir='ltr'>Christianum</span> <span class='ocrx_word' id='word_1_85' title='bbox 1028 1264 1299 1333; x_wconf 83' lang='lat' dir='ltr'>etlectum,</span> <span class='ocrx_word' id='word_1_86' title='bbox 1332 1266 1663 1335; x_wconf 79' lang='lat' dir='ltr'>Stephanum</span> <span class='ocrx_word' id='word_1_87' title='bbox 1716 1273 2021 1336; x_wconf 89' lang='lat' dir='ltr'>protomar-</span> 
     </span>
    </p>
   </div>
   <div class='ocr_carea' id='block_1_14' title="bbox 425 1352 2021 1424">
    <p class='ocr_par' dir='ltr' id='par_1_14' title="bbox 425 1352 2021 1424">
     <span class='ocr_line' id='line_1_14' title="bbox 425 1352 2021 1424; baseline 0.004 -23"><span class='ocrx_word' id='word_1_88' title='bbox 425 1356 598 1418; x_wconf 78' lang='lat' dir='ltr'>tyrem</span> <span class='ocrx_word' id='word_1_89' title='bbox 628 1365 766 1404; x_wconf 91' lang='lat' dir='ltr'>esse.</span> <span class='ocrx_word' id='word_1_90' title='bbox 804 1373 827 1398; x_wconf 74' lang='grc' dir='ltr'>α</span> <span class='ocrx_word' id='word_1_91' title='bbox 863 1353 972 1408; x_wconf 88' lang='lat' dir='ltr'>Sed</span> <span class='ocrx_word' id='word_1_92' title='bbox 1004 1369 1087 1422; x_wconf 90' lang='lat' dir='ltr'>ea,</span> <span class='ocrx_word' id='word_1_93' title='bbox 1126 1352 1319 1424; x_wconf 84' lang='lat' dir='ltr'>inquit,</span> <span class='ocrx_word' id='word_1_94' title='bbox 1371 1370 1531 1409; x_wconf 89' lang='lat' dir='ltr'>causa</span> <span class='ocrx_word' id='word_1_95' title='bbox 1578 1370 1721 1409; x_wconf 89' lang='lat' dir='ltr'>nunc</span> <span class='ocrx_word' id='word_1_96' title='bbox 1766 1353 1834 1407; x_wconf 91' lang='lat' dir='ltr'>de</span> <span class='ocrx_word' id='word_1_97' title='bbox 1882 1352 2021 1408; x_wconf 76' lang='lat' dir='ltr'>cmlo</span> 
     </span>
    </p>
   </div>
   <div class='ocr_carea' id='block_1_15' title="bbox 425 1434 2025 1513">
    <p class='ocr_par' dir='ltr' id='par_1_15' title="bbox 425 1434 2025 1513">
     <span class='ocr_line' id='line_1_15' title="bbox 425 1434 2025 1513; baseline 0.002 -22"><span class='ocrx_word' id='word_1_98' title='bbox 425 1435 493 1491; x_wconf 89' lang='lat' dir='ltr'>ad</span> <span class='ocrx_word' id='word_1_99' title='bbox 521 1443 692 1491; x_wconf 87' lang='lat' dir='ltr'>terras</span> <span class='ocrx_word' id='word_1_100' title='bbox 728 1439 982 1495; x_wconf 90' lang='lat' dir='ltr'>descendi</span> <span class='ocrx_word' id='word_1_101' title='bbox 1030 1451 1086 1495; x_wconf 89' lang='lat' dir='ltr'>ut</span> <span class='ocrx_word' id='word_1_102' title='bbox 1118 1450 1190 1510; x_wconf 89' lang='lat' dir='ltr'>tu,</span> <span class='ocrx_word' id='word_1_103' title='bbox 1239 1443 1453 1513; x_wconf 88' lang='lat' dir='ltr'>abjecta</span> <span class='ocrx_word' id='word_1_104' title='bbox 1513 1434 1892 1513; x_wconf 76' lang='lat' dir='ltr'>superstitione</span> <span class='ocrx_word' id='word_1_105' title='bbox 1933 1441 2025 1494; x_wconf 84' lang='lat' dir='ltr'>Ju-</span> 
     </span>
    </p>
   </div>
   <div class='ocr_carea' id='block_1_16' title="bbox 423 1522 2023 1599">
    <p class='ocr_par' dir='ltr' id='par_1_16' title="bbox 423 1522 2023 1599">
     <span class='ocr_line' id='line_1_16' title="bbox 423 1522 2023 1599; baseline 0.004 -23"><span class='ocrx_word' id='word_1_106' title='bbox 423 1522 597 1591; x_wconf 87' lang='lat' dir='ltr'>daica,</span> <span class='ocrx_word' id='word_1_107' title='bbox 629 1525 961 1583; x_wconf 88' lang='lat' dir='ltr'>Christianus</span> <span class='ocrx_word' id='word_1_108' title='bbox 988 1528 1256 1597; x_wconf 77' lang='lat' dir='ltr'>etﬁciaris,</span> <span class='ocrx_word' id='word_1_109' title='bbox 1290 1540 1342 1585; x_wconf 92' lang='lat' dir='ltr'>et</span> <span class='ocrx_word' id='word_1_110' title='bbox 1371 1546 1492 1586; x_wconf 88' lang='lat' dir='ltr'>meo</span> <span class='ocrx_word' id='word_1_111' title='bbox 1540 1530 1781 1596; x_wconf 90' lang='lat' dir='ltr'>nomine,</span> <span class='ocrx_word' id='word_1_112' title='bbox 1842 1528 2023 1599; x_wconf 88' lang='lat' dir='ltr'>bapti-</span> 
     </span>
    </p>
   </div>
   <div class='ocr_carea' id='block_1_17' title="bbox 426 1615 2026 1689">
    <p class='ocr_par' dir='ltr' id='par_1_17' title="bbox 426 1615 2026 1689">
     <span class='ocr_line' id='line_1_17' title="bbox 426 1615 2026 1689; baseline 0.004 -24"><span class='ocrx_word' id='word_1_113' title='bbox 426 1619 575 1666; x_wconf 88' lang='lat' dir='ltr'>zatus</span> <span class='ocrx_word' id='word_1_114' title='bbox 619 1615 677 1668; x_wconf 89' lang='lat' dir='ltr'>in</span> <span class='ocrx_word' id='word_1_115' title='bbox 718 1616 947 1686; x_wconf 83' lang='lat' dir='ltr'>Christo,</span> <span class='ocrx_word' id='word_1_116' title='bbox 998 1619 1309 1689; x_wconf 88' lang='lat' dir='ltr'>appelleris.</span> <span class='ocrx_word' id='word_1_117' title='bbox 1348 1645 1371 1667; x_wconf 70' lang='grc' dir='ltr'><strong><em>υ</em></strong></span> <span class='ocrx_word' id='word_1_118' title='bbox 1418 1619 1584 1687; x_wconf 87' lang='lat' dir='ltr'>Dixit,</span> <span class='ocrx_word' id='word_1_119' title='bbox 1618 1627 1671 1674; x_wconf 91' lang='lat' dir='ltr'>et</span> <span class='ocrx_word' id='word_1_120' title='bbox 1727 1619 1796 1672; x_wconf 92' lang='lat' dir='ltr'>ab</span> <span class='ocrx_word' id='word_1_121' title='bbox 1854 1616 2026 1672; x_wconf 87' lang='lat' dir='ltr'>oculis</span> 
     </span>
    </p>
   </div>
   <div class='ocr_carea' id='block_1_18' title="bbox 426 1700 2026 1773">
    <p class='ocr_par' dir='ltr' id='par_1_18' title="bbox 426 1700 2026 1773">
     <span class='ocr_line' id='line_1_18' title="bbox 426 1700 2026 1773; baseline 0.004 -19"><span class='ocrx_word' id='word_1_122' title='bbox 426 1700 543 1768; x_wconf 87' lang='lat' dir='ltr'>ejus</span> <span class='ocrx_word' id='word_1_123' title='bbox 574 1701 793 1772; x_wconf 82' lang='lat' dir='ltr'>elapsus</span> <span class='ocrx_word' id='word_1_124' title='bbox 814 1721 923 1760; x_wconf 90' lang='lat' dir='ltr'>non</span> <span class='ocrx_word' id='word_1_125' title='bbox 945 1707 1265 1773; x_wconf 85' lang='lat' dir='ltr'>comparuit.</span> <span class='ocrx_word' id='word_1_126' title='bbox 1288 1707 1617 1763; x_wconf 82' lang='lat' dir='ltr'>Adolescens</span> <span class='ocrx_word' id='word_1_127' title='bbox 1640 1715 1816 1762; x_wconf 86' lang='lat' dir='ltr'>autem</span> <span class='ocrx_word' id='word_1_128' title='bbox 1837 1705 2026 1760; x_wconf 88' lang='lat' dir='ltr'>timore</span> 
     </span>
    </p>
   </div>
   <div class='ocr_carea' id='block_1_19' title="bbox 2130 551 3727 622">
    <p class='ocr_par' dir='ltr' id='par_1_19' title="bbox 2130 551 3727 622">
     <span class='ocr_line' id='line_1_19' title="bbox 2130 551 3727 622; baseline 0 -15"><span class='ocrx_word' id='word_1_129' title='bbox 2130 554 2418 619; x_wconf 88' lang='lat' dir='ltr'>animatus,</span> <span class='ocrx_word' id='word_1_130' title='bbox 2458 572 2478 604; x_wconf 76' lang='grc' dir='ltr'>ι</span> <span class='ocrx_word' id='word_1_131' title='bbox 2517 554 2634 622; x_wconf 86' lang='lat' dir='ltr'>Fili,</span> <span class='ocrx_word' id='word_1_132' title='bbox 2670 554 2760 618; x_wconf 86' lang='lat' dir='ltr'>ait,</span> <span class='ocrx_word' id='word_1_133' title='bbox 2794 553 3005 618; x_wconf 86' lang='lat' dir='ltr'>mortis,</span> <span class='ocrx_word' id='word_1_134' title='bbox 3066 561 3118 608; x_wconf 92' lang='lat' dir='ltr'>et</span> <span class='ocrx_word' id='word_1_135' title='bbox 3170 551 3428 622; x_wconf 85' lang='lat' dir='ltr'>pabulum</span> <span class='ocrx_word' id='word_1_136' title='bbox 3485 559 3727 607; x_wconf 66' lang='lat' dir='ltr'>externa:</span> 
     </span>
    </p>
   </div>
   <div class='ocr_carea' id='block_1_20' title="bbox 2134 639 3731 713">
    <p class='ocr_par' dir='ltr' id='par_1_20' title="bbox 2134 639 3731 713">
     <span class='ocr_line' id='line_1_20' title="bbox 2134 639 3731 713; baseline -0.002 -16"><span class='ocrx_word' id='word_1_137' title='bbox 2134 642 2469 713; x_wconf 88' lang='lat' dir='ltr'>perditionis,</span> <span class='ocrx_word' id='word_1_138' title='bbox 2511 657 2619 696; x_wconf 90' lang='lat' dir='ltr'>non</span> <span class='ocrx_word' id='word_1_139' title='bbox 2648 640 2842 697; x_wconf 78' lang='lat' dir='ltr'>sufﬁcit</span> <span class='ocrx_word' id='word_1_140' title='bbox 2875 642 2968 696; x_wconf 92' lang='lat' dir='ltr'>tibi</span> <span class='ocrx_word' id='word_1_141' title='bbox 3001 641 3278 697; x_wconf 80' lang='lat' dir='ltr'>damnatio</span> <span class='ocrx_word' id='word_1_142' title='bbox 3308 648 3397 695; x_wconf 87' lang='lat' dir='ltr'>tua</span> <span class='ocrx_word' id='word_1_143' title='bbox 3425 639 3527 694; x_wconf 90' lang='lat' dir='ltr'>nisi</span> <span class='ocrx_word' id='word_1_144' title='bbox 3559 648 3611 695; x_wconf 91' lang='lat' dir='ltr'>et</span> <span class='ocrx_word' id='word_1_145' title='bbox 3641 654 3731 694; x_wconf 88' lang='lat' dir='ltr'>me</span> 
     </span>
    </p>
   </div>
   <div class='ocr_carea' id='block_1_21' title="bbox 2135 728 3729 801">
    <p class='ocr_par' dir='ltr' id='par_1_21' title="bbox 2135 728 3729 801">
     <span class='ocr_line' id='line_1_21' title="bbox 2135 728 3729 801; baseline -0.002 -16"><span class='ocrx_word' id='word_1_146' title='bbox 2135 738 2305 785; x_wconf 88' lang='lat' dir='ltr'>tecum</span> <span class='ocrx_word' id='word_1_147' title='bbox 2339 730 2650 801; x_wconf 84' lang='lat' dir='ltr'>praecipites</span> <span class='ocrx_word' id='word_1_148' title='bbox 2682 730 2734 784; x_wconf 91' lang='lat' dir='ltr'>in</span> <span class='ocrx_word' id='word_1_149' title='bbox 2764 747 2883 785; x_wconf 86' lang='lat' dir='ltr'>eam</span> <span class='ocrx_word' id='word_1_150' title='bbox 2905 731 2932 783; x_wconf 81' lang='lat'>‘?</span> <span class='ocrx_word' id='word_1_151' title='bbox 2963 729 3080 800; x_wconf 83' lang='lat' dir='ltr'>Ego</span> <span class='ocrx_word' id='word_1_152' title='bbox 3110 744 3239 785; x_wconf 89' lang='lat' dir='ltr'>vero</span> <span class='ocrx_word' id='word_1_153' title='bbox 3268 728 3351 784; x_wconf 91' lang='lat' dir='ltr'>cui</span> <span class='ocrx_word' id='word_1_154' title='bbox 3395 729 3507 797; x_wconf 87' lang='lat' dir='ltr'>jam</span> <span class='ocrx_word' id='word_1_155' title='bbox 3567 728 3729 783; x_wconf 88' lang='lat' dir='ltr'>Chri-</span> 
     </span>
    </p>
   </div>
   <div class='ocr_carea' id='block_1_22' title="bbox 2134 818 3731 888">
    <p class='ocr_par' dir='ltr' id='par_1_22' title="bbox 2134 818 3731 888">
     <span class='ocr_line' id='line_1_22' title="bbox 2134 818 3731 888; baseline 0 -16"><span class='ocrx_word' id='word_1_156' title='bbox 2134 827 2248 873; x_wconf 88' lang='lat' dir='ltr'>stus</span> <span class='ocrx_word' id='word_1_157' title='bbox 2277 818 2580 888; x_wconf 78' lang='lat' dir='ltr'>patefactus</span> <span class='ocrx_word' id='word_1_158' title='bbox 2611 826 2709 885; x_wconf 93' lang='lat' dir='ltr'>est,</span> <span class='ocrx_word' id='word_1_159' title='bbox 2741 819 2882 873; x_wconf 89' lang='lat' dir='ltr'>absit</span> <span class='ocrx_word' id='word_1_160' title='bbox 2908 827 2965 873; x_wconf 89' lang='lat' dir='ltr'>ut</span> <span class='ocrx_word' id='word_1_161' title='bbox 3022 826 3072 873; x_wconf 89' lang='lat' dir='ltr'>te</span> <span class='ocrx_word' id='word_1_162' title='bbox 3127 834 3365 888; x_wconf 81' lang='lat' dir='ltr'>unquam</span> <span class='ocrx_word' id='word_1_163' title='bbox 3421 833 3519 887; x_wconf 91' lang='lat' dir='ltr'>pro</span> <span class='ocrx_word' id='word_1_164' title='bbox 3577 825 3731 887; x_wconf 90' lang='lat' dir='ltr'>patre</span> 
     </span>
    </p>
   </div>
   <div class='ocr_carea' id='block_1_23' title="bbox 2134 904 3733 979">
    <p class='ocr_par' dir='ltr' id='par_1_23' title="bbox 2134 904 3733 979">
     <span class='ocr_line' id='line_1_23' title="bbox 2134 904 3733 979; baseline -0.001 -17"><span class='ocrx_word' id='word_1_165' title='bbox 2134 923 2425 978; x_wconf 78' lang='lat' dir='ltr'>agnoscam</span> <span class='ocrx_word' id='word_1_166' title='bbox 2458 909 2583 979; x_wconf 89' lang='lat' dir='ltr'>quia</span> <span class='ocrx_word' id='word_1_167' title='bbox 2610 915 2764 977; x_wconf 88' lang='lat' dir='ltr'>pater</span> <span class='ocrx_word' id='word_1_168' title='bbox 2793 916 2916 962; x_wconf 92' lang='lat' dir='ltr'>tuus</span> <span class='ocrx_word' id='word_1_169' title='bbox 2939 905 3189 962; x_wconf 89' lang='lat' dir='ltr'>diabolus</span> <span class='ocrx_word' id='word_1_170' title='bbox 3218 914 3302 961; x_wconf 87' lang='lat' dir='ltr'>est.</span> <span class='ocrx_word' id='word_1_171' title='bbox 3332 907 3344 960; x_wconf 88' lang='lat'><strong>!</strong></span> <span class='ocrx_word' id='word_1_172' title='bbox 3383 929 3403 955; x_wconf 80' lang='grc' dir='ltr'><strong>υ</strong></span> <span class='ocrx_word' id='word_1_173' title='bbox 3440 907 3579 961; x_wconf 89' lang='lat' dir='ltr'>Dum</span> <span class='ocrx_word' id='word_1_174' title='bbox 3626 904 3733 960; x_wconf 87' lang='lat' dir='ltr'>ista.</span> 
     </span>
    </p>
   </div>
   <div class='ocr_carea' id='block_1_24' title="bbox 2133 995 3730 1069">
    <p class='ocr_par' dir='ltr' id='par_1_24' title="bbox 2133 995 3730 1069">
     <span class='ocr_line' id='line_1_24' title="bbox 2133 995 3730 1069; baseline -0.001 -19"><span class='ocrx_word' id='word_1_175' title='bbox 2133 995 2205 1050; x_wconf 88' lang='lat' dir='ltr'>ita</span> <span class='ocrx_word' id='word_1_176' title='bbox 2236 995 2504 1064; x_wconf 88' lang='lat' dir='ltr'>dicuntur,</span> <span class='ocrx_word' id='word_1_177' title='bbox 2536 996 2602 1050; x_wconf 89' lang='lat' dir='ltr'>ad</span> <span class='ocrx_word' id='word_1_178' title='bbox 2627 998 2840 1067; x_wconf 88' lang='lat' dir='ltr'>jussum</span> <span class='ocrx_word' id='word_1_179' title='bbox 2871 997 3015 1069; x_wconf 89' lang='lat' dir='ltr'>regis</span> <span class='ocrx_word' id='word_1_180' title='bbox 3046 996 3406 1051; x_wconf 87' lang='lat' dir='ltr'>introducitur</span> <span class='ocrx_word' id='word_1_181' title='bbox 3436 1004 3559 1049; x_wconf 86' lang='lat' dir='ltr'>ante</span> <span class='ocrx_word' id='word_1_182' title='bbox 3601 1010 3730 1050; x_wconf 89' lang='lat' dir='ltr'>eum</span> 
     </span>
    </p>
   </div>
   <div class='ocr_carea' id='block_1_25' title="bbox 2130 1082 3730 1155">
    <p class='ocr_par' dir='ltr' id='par_1_25' title="bbox 2130 1082 3730 1155">
     <span class='ocr_line' id='line_1_25' title="bbox 2130 1082 3730 1155; baseline -0.001 -17"><span class='ocrx_word' id='word_1_183' title='bbox 2130 1085 2370 1151; x_wconf 69' lang='lat' dir='ltr'>Iudaeus,</span> <span class='ocrx_word' id='word_1_184' title='bbox 2404 1093 2457 1140; x_wconf 90' lang='lat' dir='ltr'>et</span> <span class='ocrx_word' id='word_1_185' title='bbox 2486 1085 2559 1140; x_wconf 85' lang='lat' dir='ltr'>ait</span> <span class='ocrx_word' id='word_1_186' title='bbox 2587 1085 2664 1139; x_wconf 88' lang='lat' dir='ltr'>illi</span> <span class='ocrx_word' id='word_1_187' title='bbox 2716 1101 2811 1139; x_wconf 84' lang='lat' dir='ltr'>rex</span> <span class='ocrx_word' id='word_1_188' title='bbox 2844 1103 2855 1139; x_wconf 91' lang='lat'><strong>:</strong></span> <span class='ocrx_word' id='word_1_189' title='bbox 2912 1107 2934 1132; x_wconf 77' lang='grc' dir='ltr'>α</span> <span class='ocrx_word' id='word_1_190' title='bbox 2971 1086 3111 1141; x_wconf 88' lang='lat' dir='ltr'>Ecce</span> <span class='ocrx_word' id='word_1_191' title='bbox 3156 1083 3255 1139; x_wconf 85' lang='lat' dir='ltr'>feci</span> <span class='ocrx_word' id='word_1_192' title='bbox 3305 1084 3452 1155; x_wconf 89' lang='lat' dir='ltr'>quod</span> <span class='ocrx_word' id='word_1_193' title='bbox 3501 1082 3730 1155; x_wconf 80' lang='lat' dir='ltr'>rogasti,</span> 
     </span>
    </p>
   </div>
   <div class='ocr_carea' id='block_1_26' title="bbox 2135 1171 3731 1246">
    <p class='ocr_par' dir='ltr' id='par_1_26' title="bbox 2135 1171 3731 1246">
     <span class='ocr_line' id='line_1_26' title="bbox 2135 1171 3731 1246; baseline 0 -20"><span class='ocrx_word' id='word_1_194' title='bbox 2135 1173 2298 1228; x_wconf 88' lang='lat' dir='ltr'>redde</span> <span class='ocrx_word' id='word_1_195' title='bbox 2329 1175 2474 1246; x_wconf 86' lang='lat' dir='ltr'>quod</span> <span class='ocrx_word' id='word_1_196' title='bbox 2504 1174 2822 1243; x_wconf 84' lang='lat' dir='ltr'>promisisti.</span> <span class='ocrx_word' id='word_1_197' title='bbox 2862 1196 2883 1222; x_wconf 76' lang='grc' dir='ltr'><strong>ιο</strong></span> <span class='ocrx_word' id='word_1_198' title='bbox 2918 1177 2986 1228; x_wconf 85' lang='lat' dir='ltr'>At</span> <span class='ocrx_word' id='word_1_199' title='bbox 3014 1173 3087 1227; x_wconf 91' lang='lat' dir='ltr'>illi</span> <span class='ocrx_word' id='word_1_200' title='bbox 3121 1191 3133 1227; x_wconf 88' lang='lat'><strong>:</strong></span> <span class='ocrx_word' id='word_1_201' title='bbox 3171 1197 3192 1221; x_wconf 69' lang='grc' dir='ltr'><strong><em>α</em></strong></span> <span class='ocrx_word' id='word_1_202' title='bbox 3228 1172 3396 1227; x_wconf 89' lang='lat' dir='ltr'>Filius</span> <span class='ocrx_word' id='word_1_203' title='bbox 3424 1188 3575 1226; x_wconf 90' lang='lat' dir='ltr'>meus</span> <span class='ocrx_word' id='word_1_204' title='bbox 3611 1171 3731 1242; x_wconf 83' lang='lat' dir='ltr'>jam</span> 
     </span>
    </p>
   </div>
   <div class='ocr_carea' id='block_1_27' title="bbox 2133 1260 3730 1325">
    <p class='ocr_par' dir='ltr' id='par_1_27' title="bbox 2133 1260 3730 1325">
     <span class='ocr_line' id='line_1_27' title="bbox 2133 1260 3730 1325; baseline 0 -10"><span class='ocrx_word' id='word_1_205' title='bbox 2133 1278 2276 1317; x_wconf 92' lang='lat' dir='ltr'>nunc</span> <span class='ocrx_word' id='word_1_206' title='bbox 2305 1271 2358 1317; x_wconf 91' lang='lat' dir='ltr'>et</span> <span class='ocrx_word' id='word_1_207' title='bbox 2387 1262 2438 1316; x_wconf 92' lang='lat' dir='ltr'>in</span> <span class='ocrx_word' id='word_1_208' title='bbox 2471 1263 2668 1317; x_wconf 87' lang='lat' dir='ltr'>Christi</span> <span class='ocrx_word' id='word_1_209' title='bbox 2698 1262 3038 1318; x_wconf 83' lang='lat' dir='ltr'>confessione</span> <span class='ocrx_word' id='word_1_210' title='bbox 3094 1261 3444 1325; x_wconf 88' lang='lat' dir='ltr'>constantior,</span> <span class='ocrx_word' id='word_1_211' title='bbox 3495 1269 3547 1315; x_wconf 91' lang='lat' dir='ltr'>et</span> <span class='ocrx_word' id='word_1_212' title='bbox 3594 1260 3730 1315; x_wconf 80' lang='lat' dir='ltr'>mihi</span> 
     </span>
    </p>
   </div>
   <div class='ocr_carea' id='block_1_28' title="bbox 2133 1347 3732 1421">
    <p class='ocr_par' dir='ltr' id='par_1_28' title="bbox 2133 1347 3732 1421">
     <span class='ocr_line' id='line_1_28' title="bbox 2133 1347 3732 1421; baseline -0.001 -17"><span class='ocrx_word' id='word_1_213' title='bbox 2133 1359 2219 1405; x_wconf 87' lang='lat' dir='ltr'>est</span> <span class='ocrx_word' id='word_1_214' title='bbox 2250 1351 2407 1406; x_wconf 79' lang='lat' dir='ltr'>solito</span> <span class='ocrx_word' id='word_1_215' title='bbox 2438 1350 2610 1406; x_wconf 87' lang='lat' dir='ltr'>factus</span> <span class='ocrx_word' id='word_1_216' title='bbox 2638 1351 2900 1420; x_wconf 90' lang='lat' dir='ltr'>infestior,</span> <span class='ocrx_word' id='word_1_217' title='bbox 2934 1360 2986 1407; x_wconf 91' lang='lat' dir='ltr'>et</span> <span class='ocrx_word' id='word_1_218' title='bbox 3015 1350 3153 1405; x_wconf 90' lang='lat' dir='ltr'>dicis</span> <span class='ocrx_word' id='word_1_219' title='bbox 3185 1369 3197 1405; x_wconf 90' lang='lat'><strong>:</strong></span> <span class='ocrx_word' id='word_1_220' title='bbox 3258 1348 3381 1405; x_wconf 83' lang='lat' dir='ltr'>Feci</span> <span class='ocrx_word' id='word_1_221' title='bbox 3435 1347 3581 1421; x_wconf 91' lang='lat' dir='ltr'>quod</span> <span class='ocrx_word' id='word_1_222' title='bbox 3626 1364 3732 1420; x_wconf 89' lang='lat' dir='ltr'>pe-</span> 
     </span>
    </p>
   </div>
   <div class='ocr_carea' id='block_1_29' title="bbox 2135 1437 3732 1509">
    <p class='ocr_par' dir='ltr' id='par_1_29' title="bbox 2135 1437 3732 1509">
     <span class='ocr_line' id='line_1_29' title="bbox 2135 1437 3732 1509; baseline -0.001 -17"><span class='ocrx_word' id='word_1_223' title='bbox 2135 1438 2268 1508; x_wconf 84' lang='lat' dir='ltr'>tisti,</span> <span class='ocrx_word' id='word_1_224' title='bbox 2326 1440 2493 1493; x_wconf 89' lang='lat' dir='ltr'>redde</span> <span class='ocrx_word' id='word_1_225' title='bbox 2551 1440 2695 1509; x_wconf 91' lang='lat' dir='ltr'>quod</span> <span class='ocrx_word' id='word_1_226' title='bbox 2742 1440 3085 1509; x_wconf 78' lang='lat' dir='ltr'>promisisti?</span> <span class='ocrx_word' id='word_1_227' title='bbox 3133 1441 3249 1493; x_wconf 90' lang='lat' dir='ltr'>Imo</span> <span class='ocrx_word' id='word_1_228' title='bbox 3297 1437 3443 1508; x_wconf 88' lang='lat' dir='ltr'>quod</span> <span class='ocrx_word' id='word_1_229' title='bbox 3498 1437 3732 1508; x_wconf 62' lang='lat' dir='ltr'>coepisti,</span> 
     </span>
    </p>
   </div>
   <div class='ocr_carea' id='block_1_30' title="bbox 2131 1526 3733 1598">
    <p class='ocr_par' dir='ltr' id='par_1_30' title="bbox 2131 1526 3733 1598">
     <span class='ocr_line' id='line_1_30' title="bbox 2131 1526 3733 1598; baseline 0.001 -19"><span class='ocrx_word' id='word_1_230' title='bbox 2131 1527 2306 1597; x_wconf 91' lang='lat' dir='ltr'>primo</span> <span class='ocrx_word' id='word_1_231' title='bbox 2335 1527 2551 1598; x_wconf 88' lang='lat' dir='ltr'>perﬁce,</span> <span class='ocrx_word' id='word_1_232' title='bbox 2583 1537 2633 1583; x_wconf 91' lang='lat' dir='ltr'>et</span> <span class='ocrx_word' id='word_1_233' title='bbox 2664 1535 2790 1584; x_wconf 89' lang='lat' dir='ltr'>tunc</span> <span class='ocrx_word' id='word_1_234' title='bbox 2819 1529 3036 1583; x_wconf 89' lang='lat' dir='ltr'>demum</span> <span class='ocrx_word' id='word_1_235' title='bbox 3063 1528 3130 1583; x_wconf 92' lang='lat' dir='ltr'>de</span> <span class='ocrx_word' id='word_1_236' title='bbox 3158 1526 3418 1597; x_wconf 90' lang='lat' dir='ltr'>pollicitis</span> <span class='ocrx_word' id='word_1_237' title='bbox 3466 1540 3589 1597; x_wconf 93' lang='lat' dir='ltr'>age.</span> <span class='ocrx_word' id='word_1_238' title='bbox 3638 1526 3733 1581; x_wconf 89' lang='lat' dir='ltr'>Sic</span> 
     </span>
    </p>
   </div>
   <div class='ocr_carea' id='block_1_31' title="bbox 2134 1614 3734 1686">
    <p class='ocr_par' dir='ltr' id='par_1_31' title="bbox 2134 1614 3734 1686">
     <span class='ocr_line' id='line_1_31' title="bbox 2134 1614 3734 1686; baseline -0.002 -16"><span class='ocrx_word' id='word_1_239' title='bbox 2134 1615 2274 1670; x_wconf 91' lang='lat' dir='ltr'>enim</span> <span class='ocrx_word' id='word_1_240' title='bbox 2306 1617 2559 1672; x_wconf 88' lang='lat' dir='ltr'>convenit</span> <span class='ocrx_word' id='word_1_241' title='bbox 2591 1619 2731 1671; x_wconf 90' lang='lat' dir='ltr'>inter</span> <span class='ocrx_word' id='word_1_242' title='bbox 2762 1633 2883 1672; x_wconf 92' lang='lat' dir='ltr'>nos.</span> <span class='ocrx_word' id='word_1_243' title='bbox 2920 1617 3064 1685; x_wconf 91' lang='lat' dir='ltr'>Feci,</span> <span class='ocrx_word' id='word_1_244' title='bbox 3099 1617 3252 1680; x_wconf 79' lang='lat' dir='ltr'>dixit,</span> <span class='ocrx_word' id='word_1_245' title='bbox 3279 1623 3537 1686; x_wconf 87' lang='lat' dir='ltr'>quantum</span> <span class='ocrx_word' id='word_1_246' title='bbox 3561 1614 3734 1684; x_wconf 91' lang='lat' dir='ltr'>potui,</span> 
     </span>
    </p>
   </div>
   <div class='ocr_carea' id='block_1_32' title="bbox 2133 1701 3728 1777">
    <p class='ocr_par' dir='ltr' id='par_1_32' title="bbox 2133 1701 3728 1777">
     <span class='ocr_line' id='line_1_32' title="bbox 2133 1701 3728 1777; baseline 0 -20"><span class='ocrx_word' id='word_1_247' title='bbox 2133 1720 2322 1758; x_wconf 89' lang='lat' dir='ltr'>verum</span> <span class='ocrx_word' id='word_1_248' title='bbox 2354 1706 2601 1777; x_wconf 81' lang='lat' dir='ltr'>quamvis</span> <span class='ocrx_word' id='word_1_249' title='bbox 2621 1721 2727 1760; x_wconf 91' lang='lat' dir='ltr'>non</span> <span class='ocrx_word' id='word_1_250' title='bbox 2746 1706 3091 1775; x_wconf 88' lang='lat' dir='ltr'>profecerim,</span> <span class='ocrx_word' id='word_1_251' title='bbox 3117 1704 3337 1758; x_wconf 91' lang='lat' dir='ltr'>minime</span> <span class='ocrx_word' id='word_1_252' title='bbox 3356 1710 3532 1757; x_wconf 90' lang='lat' dir='ltr'>tamen</span> <span class='ocrx_word' id='word_1_253' title='bbox 3554 1701 3728 1758; x_wconf 87' lang='lat' dir='ltr'>feram</span> 
     </span>
    </p>
   </div>
   <div class='ocr_carea' id='block_1_33' title="bbox 428 1790 3741 1878">
    <p class='ocr_par' dir='ltr' id='par_1_33' title="bbox 428 1790 3741 1878">
     <span class='ocr_line' id='line_1_33' title="bbox 428 1790 3741 1878; baseline 0.001 -36"><span class='ocrx_word' id='word_1_254' title='bbox 428 1799 728 1878; x_wconf 87' lang='lat' dir='ltr'>correptus,</span> <span class='ocrx_word' id='word_1_255' title='bbox 771 1791 921 1849; x_wconf 89' lang='lat' dir='ltr'>illico</span> <span class='ocrx_word' id='word_1_256' title='bbox 978 1796 1358 1867; x_wconf 79' lang='lat' dir='ltr'>presbyterum</span> <span class='ocrx_word' id='word_1_257' title='bbox 1413 1796 1564 1863; x_wconf 85' lang='lat' dir='ltr'>adiit,</span> <span class='ocrx_word' id='word_1_258' title='bbox 1625 1795 1752 1867; x_wconf 83' lang='lat' dir='ltr'>quid</span> <span class='ocrx_word' id='word_1_259' title='bbox 1810 1794 2027 1860; x_wconf 84' lang='lat' dir='ltr'>viderit,-</span> <span class='ocrx_word' id='word_1_260' title='bbox 2058 1817 2111 1878; x_wconf 85' lang='lat' dir='ltr'>B</span> <span class='ocrx_word' id='word_1_261' title='bbox 2144 1808 2231 1847; x_wconf 90' lang='lat' dir='ltr'>me</span> <span class='ocrx_word' id='word_1_262' title='bbox 2261 1794 2379 1849; x_wconf 84' lang='lat' dir='ltr'>sine</span> <span class='ocrx_word' id='word_1_263' title='bbox 2410 1793 2580 1849; x_wconf 89' lang='lat' dir='ltr'>fructu</span> <span class='ocrx_word' id='word_1_264' title='bbox 2613 1794 2906 1849; x_wconf 84' lang='lat' dir='ltr'>laborasse.</span> <span class='ocrx_word' id='word_1_265' title='bbox 2946 1818 2968 1843; x_wconf 73' lang='grc' dir='ltr'>ι</span> <span class='ocrx_word' id='word_1_266' title='bbox 3016 1792 3470 1865; x_wconf 85' lang='lat' dir='ltr'>Augustiatusque</span> <span class='ocrx_word' id='word_1_267' title='bbox 3520 1790 3741 1859; x_wconf 68' lang='lat' dir='ltr'>Judazus</span> 
     </span>
    </p>
   </div>
   <div class='ocr_carea' id='block_1_34' title="bbox 434 1877 2030 1953">
    <p class='ocr_par' dir='ltr' id='par_1_34' title="bbox 434 1877 2030 1953">
     <span class='ocr_line' id='line_1_34' title="bbox 434 1877 2030 1953; baseline 0.004 -23"><span class='ocrx_word' id='word_1_268' title='bbox 434 1877 631 1946; x_wconf 87' lang='lat' dir='ltr'>quidve</span> <span class='ocrx_word' id='word_1_269' title='bbox 657 1880 892 1936; x_wconf 90' lang='lat' dir='ltr'>audierit</span> <span class='ocrx_word' id='word_1_270' title='bbox 919 1882 1062 1939; x_wconf 87' lang='lat' dir='ltr'>clara</span> <span class='ocrx_word' id='word_1_271' title='bbox 1092 1900 1224 1940; x_wconf 89' lang='lat' dir='ltr'>voce</span> <span class='ocrx_word' id='word_1_272' title='bbox 1271 1885 1523 1953; x_wconf 89' lang='lat' dir='ltr'>innotuit,</span> <span class='ocrx_word' id='word_1_273' title='bbox 1572 1900 1738 1953; x_wconf 81' lang='lat' dir='ltr'>seque</span> <span class='ocrx_word' id='word_1_274' title='bbox 1780 1883 1834 1937; x_wconf 92' lang='lat' dir='ltr'>in</span> <span class='ocrx_word' id='word_1_275' title='bbox 1873 1882 2030 1938; x_wconf 89' lang='lat' dir='ltr'>Chri-</span> 
     </span>
    </p>
   </div>
   <div class='ocr_carea' id='block_1_35' title="bbox 425 1970 2025 2045">
    <p class='ocr_par' dir='ltr' id='par_1_35' title="bbox 425 1970 2025 2045">
     <span class='ocr_line' id='line_1_35' title="bbox 425 1970 2025 2045; baseline 0.004 -27"><span class='ocrx_word' id='word_1_276' title='bbox 425 1972 564 2020; x_wconf 91' lang='lat' dir='ltr'>stum</span> <span class='ocrx_word' id='word_1_277' title='bbox 605 1970 825 2026; x_wconf 86' lang='lat' dir='ltr'>credere</span> <span class='ocrx_word' id='word_1_278' title='bbox 873 1973 1179 2041; x_wconf 88' lang='lat' dir='ltr'>confessus,</span> <span class='ocrx_word' id='word_1_279' title='bbox 1241 1973 1495 2043; x_wconf 87' lang='lat' dir='ltr'>baptismi</span> <span class='ocrx_word' id='word_1_280' title='bbox 1552 1974 1785 2045; x_wconf 83' lang='lat' dir='ltr'>gratiam</span> <span class='ocrx_word' id='word_1_281' title='bbox 1844 1972 2025 2026; x_wconf 89' lang='lat' dir='ltr'>statim</span> 
     </span>
    </p>
   </div>
   <div class='ocr_carea' id='block_1_36' title="bbox 427 2052 2025 2133">
    <p class='ocr_par' dir='ltr' id='par_1_36' title="bbox 427 2052 2025 2133">
     <span class='ocr_line' id='line_1_36' title="bbox 427 2052 2025 2133; baseline 0.001 -23"><span class='ocrx_word' id='word_1_282' title='bbox 427 2052 655 2125; x_wconf 83' lang='lat' dir='ltr'>adeptus</span> <span class='ocrx_word' id='word_1_283' title='bbox 683 2066 779 2114; x_wconf 89' lang='lat' dir='ltr'>est.</span> <span class='ocrx_word' id='word_1_284' title='bbox 815 2059 972 2128; x_wconf 87' lang='lat' dir='ltr'>Quod</span> <span class='ocrx_word' id='word_1_285' title='bbox 1004 2062 1201 2116; x_wconf 87' lang='lat' dir='ltr'>factum</span> <span class='ocrx_word' id='word_1_286' title='bbox 1233 2078 1354 2116; x_wconf 88' lang='lat' dir='ltr'>cum</span> <span class='ocrx_word' id='word_1_287' title='bbox 1376 2066 1533 2132; x_wconf 88' lang='lat' dir='ltr'>pater</span> <span class='ocrx_word' id='word_1_288' title='bbox 1550 2063 1667 2132; x_wconf 92' lang='lat' dir='ltr'>ejus</span> <span class='ocrx_word' id='word_1_289' title='bbox 1690 2060 2025 2133; x_wconf 80' lang='lat' dir='ltr'>agnovisset,</span> 
     </span>
    </p>
   </div>
   <div class='ocr_carea' id='block_1_37' title="bbox 425 2143 2024 2221">
    <p class='ocr_par' dir='ltr' id='par_1_37' title="bbox 425 2143 2024 2221">
     <span class='ocr_line' id='line_1_37' title="bbox 425 2143 2024 2221; baseline 0.004 -24"><span class='ocrx_word' id='word_1_290' title='bbox 425 2143 537 2198; x_wconf 87' lang='lat' dir='ltr'>acri</span> <span class='ocrx_word' id='word_1_291' title='bbox 595 2146 773 2201; x_wconf 90' lang='lat' dir='ltr'>cordis</span> <span class='ocrx_word' id='word_1_292' title='bbox 825 2149 1015 2205; x_wconf 90' lang='lat' dir='ltr'>dolore</span> <span class='ocrx_word' id='word_1_293' title='bbox 1071 2149 1316 2206; x_wconf 76' lang='lat' dir='ltr'>afﬁcitur.</span> <span class='ocrx_word' id='word_1_294' title='bbox 1374 2153 1441 2205; x_wconf 87' lang='lat' dir='ltr'>Et</span> <span class='ocrx_word' id='word_1_295' title='bbox 1496 2159 1734 2205; x_wconf 84' lang='lat' dir='ltr'>aestuans</span> <span class='ocrx_word' id='word_1_296' title='bbox 1790 2165 2024 2221; x_wconf 86' lang='lat' dir='ltr'>quonam</span> 
     </span>
    </p>
   </div>
   <div class='ocr_carea' id='block_1_38' title="bbox 427 2227 2026 2311">
    <p class='ocr_par' dir='ltr' id='par_1_38' title="bbox 427 2227 2026 2311">
     <span class='ocr_line' id='line_1_38' title="bbox 427 2227 2026 2311; baseline 0.003 -24"><span class='ocrx_word' id='word_1_297' title='bbox 427 2232 592 2287; x_wconf 87' lang='lat' dir='ltr'>modo</span> <span class='ocrx_word' id='word_1_298' title='bbox 619 2227 734 2289; x_wconf 87' lang='lat' dir='ltr'>suis</span> <span class='ocrx_word' id='word_1_299' title='bbox 780 2238 949 2292; x_wconf 88' lang='lat' dir='ltr'>sacris</span> <span class='ocrx_word' id='word_1_300' title='bbox 1004 2238 1173 2293; x_wconf 89' lang='lat' dir='ltr'>ﬁlium</span> <span class='ocrx_word' id='word_1_301' title='bbox 1230 2248 1410 2311; x_wconf 88' lang='lat' dir='ltr'>posset</span> <span class='ocrx_word' id='word_1_302' title='bbox 1472 2239 1774 2305; x_wconf 87' lang='lat' dir='ltr'>restituere,</span> <span class='ocrx_word' id='word_1_303' title='bbox 1835 2237 2026 2294; x_wconf 87' lang='lat' dir='ltr'>didicit</span> 
     </span>
    </p>
   </div>
   <div class='ocr_carea' id='block_1_39' title="bbox 426 2322 2023 2399">
    <p class='ocr_par' dir='ltr' id='par_1_39' title="bbox 426 2322 2023 2399">
     <span class='ocr_line' id='line_1_39' title="bbox 426 2322 2023 2399; baseline 0.004 -24"><span class='ocrx_word' id='word_1_304' title='bbox 426 2322 881 2391; x_wconf 89' lang='lat' dir='ltr'>quemadmodum</span> <span class='ocrx_word' id='word_1_305' title='bbox 909 2327 1259 2383; x_wconf 89' lang='lat' dir='ltr'>Willhelmus</span> <span class='ocrx_word' id='word_1_306' title='bbox 1290 2345 1379 2383; x_wconf 86' lang='lat' dir='ltr'>rex</span> <span class='ocrx_word' id='word_1_307' title='bbox 1404 2328 1707 2399; x_wconf 84' lang='lat' dir='ltr'>Anglorum</span> <span class='ocrx_word' id='word_1_308' title='bbox 1732 2327 2023 2382; x_wconf 89' lang='lat' dir='ltr'>nonnullos</span> 
     </span>
    </p>
   </div>
   <div class='ocr_carea' id='block_1_40' title="bbox 425 2409 2026 2487">
    <p class='ocr_par' dir='ltr' id='par_1_40' title="bbox 425 2409 2026 2487">
     <span class='ocr_line' id='line_1_40' title="bbox 425 2409 2026 2487; baseline 0.004 -22"><span class='ocrx_word' id='word_1_309' title='bbox 425 2409 737 2479; x_wconf 88' lang='lat' dir='ltr'>hujusmodi</span> <span class='ocrx_word' id='word_1_310' title='bbox 768 2416 1013 2485; x_wconf 62' lang='lat' dir='ltr'>pecuniae</span> <span class='ocrx_word' id='word_1_311' title='bbox 1042 2417 1210 2487; x_wconf 80' lang='lat' dir='ltr'>gratis</span> <span class='ocrx_word' id='word_1_312' title='bbox 1240 2433 1412 2487; x_wconf 89' lang='lat' dir='ltr'>nuper</span> <span class='ocrx_word' id='word_1_313' title='bbox 1441 2416 1716 2471; x_wconf 87' lang='lat' dir='ltr'>Jadaismo</span> <span class='ocrx_word' id='word_1_314' title='bbox 1766 2415 2026 2471; x_wconf 87' lang='lat' dir='ltr'>reddide-</span> 
     </span>
    </p>
   </div>
   <div class='ocr_carea' id='block_1_41' title="bbox 425 2497 2021 2577">
    <p class='ocr_par' dir='ltr' id='par_1_41' title="bbox 425 2497 2021 2577">
     <span class='ocr_line' id='line_1_41' title="bbox 425 2497 2021 2577; baseline 0.004 -25"><span class='ocrx_word' id='word_1_315' title='bbox 425 2497 511 2553; x_wconf 89' lang='lat' dir='ltr'>rit.</span> <span class='ocrx_word' id='word_1_316' title='bbox 547 2501 649 2556; x_wconf 89' lang='lat' dir='ltr'>Ivit</span> <span class='ocrx_word' id='word_1_317' title='bbox 703 2519 834 2573; x_wconf 85' lang='lat' dir='ltr'>ergo</span> <span class='ocrx_word' id='word_1_318' title='bbox 874 2504 941 2559; x_wconf 91' lang='lat' dir='ltr'>ad</span> <span class='ocrx_word' id='word_1_319' title='bbox 968 2506 1140 2572; x_wconf 89' lang='lat' dir='ltr'>illum,</span> <span class='ocrx_word' id='word_1_320' title='bbox 1174 2514 1228 2561; x_wconf 88' lang='lat' dir='ltr'>et</span> <span class='ocrx_word' id='word_1_321' title='bbox 1274 2507 1504 2577; x_wconf 84' lang='lat' dir='ltr'>qualiter</span> <span class='ocrx_word' id='word_1_322' title='bbox 1560 2506 1794 2577; x_wconf 91' lang='lat' dir='ltr'>perdidit</span> <span class='ocrx_word' id='word_1_323' title='bbox 1851 2504 2021 2559; x_wconf 83' lang='lat' dir='ltr'>filium</span> 
     </span>
    </p>
   </div>
   <div class='ocr_carea' id='block_1_42' title="bbox 429 2592 2028 2665">
    <p class='ocr_par' dir='ltr' id='par_1_42' title="bbox 429 2592 2028 2665">
     <span class='ocr_line' id='line_1_42' title="bbox 429 2592 2028 2665; baseline 0.003 -24"><span class='ocrx_word' id='word_1_324' title='bbox 429 2604 588 2642; x_wconf 88' lang='lat' dir='ltr'>suum</span> <span class='ocrx_word' id='word_1_325' title='bbox 619 2592 843 2661; x_wconf 88' lang='lat' dir='ltr'>querula</span> <span class='ocrx_word' id='word_1_326' title='bbox 870 2608 1003 2648; x_wconf 90' lang='lat' dir='ltr'>voce</span> <span class='ocrx_word' id='word_1_327' title='bbox 1033 2595 1387 2665; x_wconf 89' lang='lat' dir='ltr'>deprompsit.</span> <span class='ocrx_word' id='word_1_328' title='bbox 1448 2594 1578 2649; x_wconf 87' lang='lat' dir='ltr'>Orat</span> <span class='ocrx_word' id='word_1_329' title='bbox 1605 2594 1705 2647; x_wconf 87' lang='lat' dir='ltr'>sibi</span> <span class='ocrx_word' id='word_1_330' title='bbox 1765 2594 2028 2657; x_wconf 85' lang='lat' dir='ltr'>misereri,</span> 
     </span>
    </p>
   </div>
   <div class='ocr_carea' id='block_1_43' title="bbox 429 2678 2029 2756">
    <p class='ocr_par' dir='ltr' id='par_1_43' title="bbox 429 2678 2029 2756">
     <span class='ocr_line' id='line_1_43' title="bbox 429 2678 2029 2756; baseline 0.003 -26"><span class='ocrx_word' id='word_1_331' title='bbox 429 2684 482 2731; x_wconf 88' lang='lat' dir='ltr'>et</span> <span class='ocrx_word' id='word_1_332' title='bbox 511 2678 653 2733; x_wconf 90' lang='lat' dir='ltr'>unici</span> <span class='ocrx_word' id='word_1_333' title='bbox 684 2695 832 2735; x_wconf 89' lang='lat' dir='ltr'>more</span> <span class='ocrx_word' id='word_1_334' title='bbox 860 2697 891 2735; x_wconf 87' lang='lat' dir='ltr'>a</span> <span class='ocrx_word' id='word_1_335' title='bbox 918 2697 977 2736; x_wconf 92' lang='lat' dir='ltr'>se</span> <span class='ocrx_word' id='word_1_336' title='bbox 1010 2682 1260 2736; x_wconf 87' lang='lat' dir='ltr'>dilectum</span> <span class='ocrx_word' id='word_1_337' title='bbox 1311 2684 1551 2752; x_wconf 82' lang='lat' dir='ltr'>paternis</span> <span class='ocrx_word' id='word_1_338' title='bbox 1602 2690 1758 2756; x_wconf 85' lang='lat' dir='ltr'>rogat</span> <span class='ocrx_word' id='word_1_339' title='bbox 1812 2683 2029 2754; x_wconf 86' lang='lat' dir='ltr'>legibus</span> 
     </span>
    </p>
   </div>
   <div class='ocr_carea' id='block_1_44' title="bbox 428 2764 2022 2841">
    <p class='ocr_par' dir='ltr' id='par_1_44' title="bbox 428 2764 2022 2841">
     <span class='ocr_line' id='line_1_44' title="bbox 428 2764 2022 2841; baseline 0.003 -23"><span class='ocrx_word' id='word_1_340' title='bbox 428 2764 701 2836; x_wconf 88' lang='lat' dir='ltr'>imperiali</span> <span class='ocrx_word' id='word_1_341' title='bbox 730 2770 1005 2825; x_wconf 88' lang='lat' dir='ltr'>sanctione</span> <span class='ocrx_word' id='word_1_342' title='bbox 1034 2772 1265 2826; x_wconf 89' lang='lat' dir='ltr'>restitui.</span> <span class='ocrx_word' id='word_1_343' title='bbox 1324 2773 1487 2826; x_wconf 89' lang='lat' dir='ltr'>Tacet</span> <span class='ocrx_word' id='word_1_344' title='bbox 1544 2770 1634 2826; x_wconf 91' lang='lat' dir='ltr'>ille</span> <span class='ocrx_word' id='word_1_345' title='bbox 1687 2771 1755 2826; x_wconf 92' lang='lat' dir='ltr'>ad</span> <span class='ocrx_word' id='word_1_346' title='bbox 1813 2778 2022 2841; x_wconf 87' lang='lat' dir='ltr'>rogata,</span> 
     </span>
    </p>
   </div>
   <div class='ocr_carea' id='block_1_45' title="bbox 427 2853 2031 2931">
    <p class='ocr_par' dir='ltr' id='par_1_45' title="bbox 427 2853 2031 2931">
     <span class='ocr_line' id='line_1_45' title="bbox 427 2853 2031 2931; baseline 0.004 -25"><span class='ocrx_word' id='word_1_347' title='bbox 427 2853 667 2910; x_wconf 89' lang='lat' dir='ltr'>nondum</span> <span class='ocrx_word' id='word_1_348' title='bbox 722 2857 947 2913; x_wconf 89' lang='lat' dir='ltr'>audiens</span> <span class='ocrx_word' id='word_1_349' title='bbox 977 2860 1328 2930; x_wconf 89' lang='lat' dir='ltr'>quamobrem</span> <span class='ocrx_word' id='word_1_350' title='bbox 1361 2858 1453 2914; x_wconf 90' lang='lat' dir='ltr'>tali</span> <span class='ocrx_word' id='word_1_351' title='bbox 1483 2859 1702 2931; x_wconf 88' lang='lat' dir='ltr'>negotio</span> <span class='ocrx_word' id='word_1_352' title='bbox 1724 2874 1844 2914; x_wconf 91' lang='lat' dir='ltr'>sese</span> <span class='ocrx_word' id='word_1_353' title='bbox 1867 2858 2031 2913; x_wconf 88' lang='lat' dir='ltr'>debe-</span> 
     </span>
    </p>
   </div>
   <div class='ocr_carea' id='block_1_46' title="bbox 432 2943 2033 3019">
    <p class='ocr_par' dir='ltr' id='par_1_46' title="bbox 432 2943 2033 3019">
     <span class='ocr_line' id='line_1_46' title="bbox 432 2943 2033 3019; baseline 0.003 -24"><span class='ocrx_word' id='word_1_354' title='bbox 432 2952 509 2997; x_wconf 91' lang='lat' dir='ltr'>ret</span> <span class='ocrx_word' id='word_1_355' title='bbox 538 2943 775 2999; x_wconf 90' lang='lat' dir='ltr'>medium</span> <span class='ocrx_word' id='word_1_356' title='bbox 808 2944 1005 3003; x_wconf 90' lang='lat' dir='ltr'>facere.</span> <span class='ocrx_word' id='word_1_357' title='bbox 1040 2947 1282 3004; x_wconf 85' lang='lat' dir='ltr'>Advertit</span> <span class='ocrx_word' id='word_1_358' title='bbox 1303 2948 1521 3003; x_wconf 72' lang='lat' dir='ltr'>Iudaeus</span> <span class='ocrx_word' id='word_1_359' title='bbox 1569 2947 1876 3019; x_wconf 81' lang='lat' dir='ltr'>mysterium</span> <span class='ocrx_word' id='word_1_360' title='bbox 1936 2962 2033 3001; x_wconf 91' lang='lat' dir='ltr'>cur</span> 
     </span>
    </p>
   </div>
   <div class='ocr_carea' id='block_1_47' title="bbox 425 3032 2021 3105">
    <p class='ocr_par' dir='ltr' id='par_1_47' title="bbox 425 3032 2021 3105">
     <span class='ocr_line' id='line_1_47' title="bbox 425 3032 2021 3105; baseline 0.003 -21"><span class='ocrx_word' id='word_1_361' title='bbox 425 3032 535 3086; x_wconf 86' lang='lat' dir='ltr'>suis</span> <span class='ocrx_word' id='word_1_362' title='bbox 566 3033 812 3102; x_wconf 87' lang='lat' dir='ltr'>precibus</span> <span class='ocrx_word' id='word_1_363' title='bbox 838 3051 945 3090; x_wconf 90' lang='lat' dir='ltr'>non</span> <span class='ocrx_word' id='word_1_364' title='bbox 976 3037 1360 3105; x_wconf 88' lang='lat' dir='ltr'>responderet,</span> <span class='ocrx_word' id='word_1_365' title='bbox 1391 3044 1445 3091; x_wconf 87' lang='lat' dir='ltr'>et</span> <span class='ocrx_word' id='word_1_366' title='bbox 1488 3052 1517 3090; x_wconf 93' lang='lat' dir='ltr'>e</span> <span class='ocrx_word' id='word_1_367' title='bbox 1573 3035 1799 3105; x_wconf 75' lang='lat' dir='ltr'>vestigio</span> <span class='ocrx_word' id='word_1_368' title='bbox 1856 3051 2021 3089; x_wconf 88' lang='lat' dir='ltr'>sexa-</span> 
     </span>
    </p>
   </div>
   <div class='ocr_carea' id='block_1_48' title="bbox 2140 1880 3739 1953">
    <p class='ocr_par' dir='ltr' id='par_1_48' title="bbox 2140 1880 3739 1953">
     <span class='ocr_line' id='line_1_48' title="bbox 2140 1880 3739 1953; baseline -0.001 -16"><span class='ocrx_word' id='word_1_369' title='bbox 2140 1898 2208 1937; x_wconf 87' lang='lat' dir='ltr'>ex</span> <span class='ocrx_word' id='word_1_370' title='bbox 2240 1882 2320 1937; x_wconf 89' lang='lat' dir='ltr'>his</span> <span class='ocrx_word' id='word_1_371' title='bbox 2351 1884 2439 1937; x_wconf 82' lang='lat' dir='ltr'>vix</span> <span class='ocrx_word' id='word_1_372' title='bbox 2471 1884 2721 1951; x_wconf 89' lang='lat' dir='ltr'>obtinuit,</span> <span class='ocrx_word' id='word_1_373' title='bbox 2751 1891 2808 1937; x_wconf 91' lang='lat' dir='ltr'>ut</span> <span class='ocrx_word' id='word_1_374' title='bbox 2838 1882 2963 1937; x_wconf 89' lang='lat' dir='ltr'>data</span> <span class='ocrx_word' id='word_1_375' title='bbox 2992 1882 3281 1938; x_wconf 90' lang='lat' dir='ltr'>medietate</span> <span class='ocrx_word' id='word_1_376' title='bbox 3311 1880 3595 1953; x_wconf 59' lang='lat' dir='ltr'>promissa;</span> <span class='ocrx_word' id='word_1_377' title='bbox 3631 1896 3739 1951; x_wconf 85' lang='lat' dir='ltr'>pe-</span> 
     </span>
    </p>
   </div>
   <div class='ocr_carea' id='block_1_49' title="bbox 2133 1971 3221 2040">
    <p class='ocr_par' dir='ltr' id='par_1_49' title="bbox 2133 1971 3221 2040">
     <span class='ocr_line' id='line_1_49' title="bbox 2133 1971 3221 2040; baseline -0.002 -13"><span class='ocrx_word' id='word_1_378' title='bbox 2133 1971 2325 2040; x_wconf 65' lang='lat' dir='ltr'>cuniae,</span> <span class='ocrx_word' id='word_1_379' title='bbox 2359 1972 2464 2026; x_wconf 89' lang='lat' dir='ltr'>alia</span> <span class='ocrx_word' id='word_1_380' title='bbox 2491 1972 2596 2026; x_wconf 90' lang='lat' dir='ltr'>sibi</span> <span class='ocrx_word' id='word_1_381' title='bbox 2626 1971 2895 2028; x_wconf 88' lang='lat' dir='ltr'>medieras</span> <span class='ocrx_word' id='word_1_382' title='bbox 2925 1971 3221 2027; x_wconf 82' lang='lat' dir='ltr'>laxaretur.</span> 
     </span>
    </p>
   </div>
   <div class='ocr_carea' id='block_1_50' title="bbox 2205 2058 3735 2131">
    <p class='ocr_par' dir='ltr' id='par_1_50' title="bbox 2205 2058 3735 2131">
     <span class='ocr_line' id='line_1_50' title="bbox 2205 2058 3735 2131; baseline -0.003 -17"><span class='ocrx_word' id='word_1_383' title='bbox 2205 2062 2407 2115; x_wconf 66' lang='lat' dir='ltr'>Praeter</span> <span class='ocrx_word' id='word_1_384' title='bbox 2452 2061 2568 2116; x_wconf 66' lang='lat' dir='ltr'>haec</span> <span class='ocrx_word' id='word_1_385' title='bbox 2615 2076 2850 2131; x_wconf 85' lang='lat' dir='ltr'>quoque.</span> <span class='ocrx_word' id='word_1_386' title='bbox 2900 2076 3001 2130; x_wconf 90' lang='lat' dir='ltr'>per</span> <span class='ocrx_word' id='word_1_387' title='bbox 3044 2060 3101 2115; x_wconf 93' lang='lat' dir='ltr'>id</span> <span class='ocrx_word' id='word_1_388' title='bbox 3148 2061 3408 2131; x_wconf 91' lang='lat' dir='ltr'>temporis</span> <span class='ocrx_word' id='word_1_389' title='bbox 3464 2058 3735 2115; x_wconf 87' lang='lat' dir='ltr'>ferebatur</span> 
     </span>
    </p>
   </div>
   <div class='ocr_carea' id='block_1_51' title="bbox 2134 2148 3729 2217">
    <p class='ocr_par' dir='ltr' id='par_1_51' title="bbox 2134 2148 3729 2217">
     <span class='ocr_line' id='line_1_51' title="bbox 2134 2148 3729 2217; baseline -0.001 -13"><span class='ocrx_word' id='word_1_390' title='bbox 2134 2165 2257 2204; x_wconf 89' lang='lat' dir='ltr'>eum</span> <span class='ocrx_word' id='word_1_391' title='bbox 2292 2149 2343 2203; x_wconf 91' lang='lat' dir='ltr'>in</span> <span class='ocrx_word' id='word_1_392' title='bbox 2373 2157 2573 2204; x_wconf 87' lang='lat' dir='ltr'>tantam</span> <span class='ocrx_word' id='word_1_393' title='bbox 2606 2149 2799 2204; x_wconf 90' lang='lat' dir='ltr'>mentis</span> <span class='ocrx_word' id='word_1_394' title='bbox 2826 2148 3117 2205; x_wconf 88' lang='lat' dir='ltr'>elationem</span> <span class='ocrx_word' id='word_1_395' title='bbox 3146 2149 3414 2205; x_wconf 86' lang='lat' dir='ltr'>corruisse</span> <span class='ocrx_word' id='word_1_396' title='bbox 3442 2157 3500 2203; x_wconf 90' lang='lat' dir='ltr'>ut</span> <span class='ocrx_word' id='word_1_397' title='bbox 3526 2161 3729 2217; x_wconf 83' lang='lat' dir='ltr'>nequa-</span> 
     </span>
    </p>
   </div>
   <div class='ocr_carea' id='block_1_52' title="bbox 2135 2237 3732 2309">
    <p class='ocr_par' dir='ltr' id='par_1_52' title="bbox 2135 2237 3732 2309">
     <span class='ocr_line' id='line_1_52' title="bbox 2135 2237 3732 2309; baseline 0 -18"><span class='ocrx_word' id='word_1_398' title='bbox 2135 2255 2297 2309; x_wconf 88' lang='lat' dir='ltr'>quam</span> <span class='ocrx_word' id='word_1_399' title='bbox 2331 2238 2590 2309; x_wconf 83' lang='lat' dir='ltr'>patienter</span> <span class='ocrx_word' id='word_1_400' title='bbox 2620 2238 2809 2293; x_wconf 88' lang='lat' dir='ltr'>audire</span> <span class='ocrx_word' id='word_1_401' title='bbox 2840 2238 3064 2307; x_wconf 85' lang='lat' dir='ltr'>valeret,</span> <span class='ocrx_word' id='word_1_402' title='bbox 3097 2238 3139 2292; x_wconf 90' lang='lat' dir='ltr'>si</span> <span class='ocrx_word' id='word_1_403' title='bbox 3172 2238 3352 2308; x_wconf 89' lang='lat' dir='ltr'>quivis</span> <span class='ocrx_word' id='word_1_404' title='bbox 3404 2237 3569 2291; x_wconf 90' lang='lat' dir='ltr'>ullum</span> <span class='ocrx_word' id='word_1_405' title='bbox 3627 2251 3732 2291; x_wconf 87' lang='lat' dir='ltr'>ne-</span> 
     </span>
    </p>
   </div>
   <div class='ocr_carea' id='block_1_53' title="bbox 2135 2324 3735 2399">
    <p class='ocr_par' dir='ltr' id='par_1_53' title="bbox 2135 2324 3735 2399">
     <span class='ocr_line' id='line_1_53' title="bbox 2135 2324 3735 2399; baseline -0.003 -18"><span class='ocrx_word' id='word_1_406' title='bbox 2135 2328 2343 2399; x_wconf 86' lang='lat' dir='ltr'>gotium</span> <span class='ocrx_word' id='word_1_407' title='bbox 2374 2326 2518 2399; x_wconf 90' lang='lat' dir='ltr'>quod</span> <span class='ocrx_word' id='word_1_408' title='bbox 2547 2326 2631 2381; x_wconf 88' lang='lat' dir='ltr'>vel</span> <span class='ocrx_word' id='word_1_409' title='bbox 2664 2342 2694 2381; x_wconf 89' lang='lat' dir='ltr'>a</span> <span class='ocrx_word' id='word_1_410' title='bbox 2724 2343 2803 2394; x_wconf 80' lang='lat' dir='ltr'>se,</span> <span class='ocrx_word' id='word_1_411' title='bbox 2836 2327 2925 2382; x_wconf 85' lang='lat' dir='ltr'>vel</span> <span class='ocrx_word' id='word_1_412' title='bbox 2981 2344 3049 2381; x_wconf 83' lang='lat' dir='ltr'>ex</span> <span class='ocrx_word' id='word_1_413' title='bbox 3105 2343 3201 2380; x_wconf 90' lang='lat' dir='ltr'>suo</span> <span class='ocrx_word' id='word_1_414' title='bbox 3258 2334 3537 2397; x_wconf 66' lang='lat' dir='ltr'>praecepto</span> <span class='ocrx_word' id='word_1_415' title='bbox 3593 2324 3735 2379; x_wconf 90' lang='lat' dir='ltr'>foret</span> 
     </span>
    </p>
   </div>
   <div class='ocr_carea' id='block_1_54' title="bbox 2136 2413 3735 2487">
    <p class='ocr_par' dir='ltr' id='par_1_54' title="bbox 2136 2413 3735 2487">
     <span class='ocr_line' id='line_1_54' title="bbox 2136 2413 3735 2487; baseline -0.003 -16"><span class='ocrx_word' id='word_1_416' title='bbox 2136 2417 2430 2487; x_wconf 87' lang='lat' dir='ltr'>agendum,</span> <span class='ocrx_word' id='word_1_417' title='bbox 2481 2424 2710 2484; x_wconf 90' lang='lat' dir='ltr'>poneret</span> <span class='ocrx_word' id='word_1_418' title='bbox 2764 2415 2862 2470; x_wconf 90' lang='lat' dir='ltr'>sub</span> <span class='ocrx_word' id='word_1_419' title='bbox 2920 2415 3235 2470; x_wconf 86' lang='lat' dir='ltr'>conditione</span> <span class='ocrx_word' id='word_1_420' title='bbox 3290 2414 3577 2470; x_wconf 89' lang='lat' dir='ltr'>voluntatis</span> <span class='ocrx_word' id='word_1_421' title='bbox 3630 2413 3735 2468; x_wconf 90' lang='lat' dir='ltr'>Dei</span> 
     </span>
    </p>
   </div>
   <div class='ocr_carea' id='block_1_55' title="bbox 2137 2501 3735 2576">
    <p class='ocr_par' dir='ltr' id='par_1_55' title="bbox 2137 2501 3735 2576">
     <span class='ocr_line' id='line_1_55' title="bbox 2137 2501 3735 2576; baseline -0.003 -17"><span class='ocrx_word' id='word_1_422' title='bbox 2137 2504 2276 2560; x_wconf 85' lang='lat' dir='ltr'>ﬂeri.</span> <span class='ocrx_word' id='word_1_423' title='bbox 2312 2504 2421 2559; x_wconf 91' lang='lat' dir='ltr'>Sed</span> <span class='ocrx_word' id='word_1_424' title='bbox 2447 2520 2675 2576; x_wconf 66' lang='lat' dir='ltr'>quaeque</span> <span class='ocrx_word' id='word_1_425' title='bbox 2705 2512 2826 2559; x_wconf 86' lang='lat' dir='ltr'>acta</span> <span class='ocrx_word' id='word_1_426' title='bbox 2855 2504 3015 2559; x_wconf 84' lang='lat' dir='ltr'>simul</span> <span class='ocrx_word' id='word_1_427' title='bbox 3044 2508 3099 2560; x_wconf 90' lang='lat' dir='ltr'>et</span> <span class='ocrx_word' id='word_1_428' title='bbox 3128 2504 3344 2575; x_wconf 86' lang='lat' dir='ltr'>agenda</span> <span class='ocrx_word' id='word_1_429' title='bbox 3372 2520 3483 2558; x_wconf 72' lang='lat' dir='ltr'>suae</span> <span class='ocrx_word' id='word_1_430' title='bbox 3513 2502 3613 2558; x_wconf 88' lang='lat' dir='ltr'>soli</span> <span class='ocrx_word' id='word_1_431' title='bbox 3644 2501 3735 2555; x_wconf 93' lang='lat' dir='ltr'>in-</span> 
     </span>
    </p>
   </div>
   <div class='ocr_carea' id='block_1_56' title="bbox 2139 2591 3738 2661">
    <p class='ocr_par' dir='ltr' id='par_1_56' title="bbox 2139 2591 3738 2661">
     <span class='ocr_line' id='line_1_56' title="bbox 2139 2591 3738 2661; baseline -0.001 -13"><span class='ocrx_word' id='word_1_432' title='bbox 2139 2593 2357 2649; x_wconf 66' lang='lat' dir='ltr'>dustria:</span> <span class='ocrx_word' id='word_1_433' title='bbox 2380 2610 2443 2647; x_wconf 90' lang='lat' dir='ltr'>ac</span> <span class='ocrx_word' id='word_1_434' title='bbox 2473 2593 2773 2647; x_wconf 87' lang='lat' dir='ltr'>fortitudini</span> <span class='ocrx_word' id='word_1_435' title='bbox 2805 2593 3026 2648; x_wconf 88' lang='lat' dir='ltr'>volebat</span> <span class='ocrx_word' id='word_1_436' title='bbox 3073 2592 3286 2647; x_wconf 89' lang='lat' dir='ltr'>ascribi.</span> <span class='ocrx_word' id='word_1_437' title='bbox 3346 2591 3480 2661; x_wconf 74' lang='lat' dir='ltr'>Quae</span> <span class='ocrx_word' id='word_1_438' title='bbox 3536 2591 3738 2646; x_wconf 88' lang='lat' dir='ltr'>mentis</span> 
     </span>
    </p>
   </div>
   <div class='ocr_carea' id='block_1_57' title="bbox 2140 2679 3739 2753">
    <p class='ocr_par' dir='ltr' id='par_1_57' title="bbox 2140 2679 3739 2753">
     <span class='ocr_line' id='line_1_57' title="bbox 2140 2679 3739 2753; baseline -0.002 -16"><span class='ocrx_word' id='word_1_439' title='bbox 2140 2682 2301 2737; x_wconf 88' lang='lat' dir='ltr'>elatio</span> <span class='ocrx_word' id='word_1_440' title='bbox 2332 2682 2401 2736; x_wconf 88' lang='lat' dir='ltr'>ita</span> <span class='ocrx_word' id='word_1_441' title='bbox 2433 2682 2671 2736; x_wconf 85' lang='lat' dir='ltr'>excrevit</span> <span class='ocrx_word' id='word_1_442' title='bbox 2703 2681 2755 2734; x_wconf 91' lang='lat' dir='ltr'>in</span> <span class='ocrx_word' id='word_1_443' title='bbox 2787 2696 2852 2736; x_wconf 88' lang='lat' dir='ltr'>eo</span> <span class='ocrx_word' id='word_1_444' title='bbox 2880 2690 2956 2750; x_wconf 89' lang='lat' dir='ltr'>ut,</span> <span class='ocrx_word' id='word_1_445' title='bbox 2991 2680 3449 2753; x_wconf 86' lang='lat' dir='ltr'>quemadmodum</span> <span class='ocrx_word' id='word_1_446' title='bbox 3505 2679 3739 2735; x_wconf 87' lang='lat' dir='ltr'>diceba-</span> 
     </span>
    </p>
   </div>
   <div class='ocr_carea' id='block_1_58' title="bbox 2141 2768 3738 2842">
    <p class='ocr_par' dir='ltr' id='par_1_58' title="bbox 2141 2768 3738 2842">
     <span class='ocr_line' id='line_1_58' title="bbox 2141 2768 3738 2842; baseline -0.003 -16"><span class='ocrx_word' id='word_1_447' title='bbox 2141 2775 2251 2839; x_wconf 90' lang='lat' dir='ltr'>tur,</span> <span class='ocrx_word' id='word_1_448' title='bbox 2279 2770 2526 2825; x_wconf 89' lang='lat' dir='ltr'>crederet</span> <span class='ocrx_word' id='word_1_449' title='bbox 2552 2778 2603 2824; x_wconf 90' lang='lat' dir='ltr'>et</span> <span class='ocrx_word' id='word_1_450' title='bbox 2636 2770 2848 2842; x_wconf 78' lang='lat' dir='ltr'>publica</span> <span class='ocrx_word' id='word_1_451' title='bbox 2880 2786 3015 2826; x_wconf 88' lang='lat' dir='ltr'>voce</span> <span class='ocrx_word' id='word_1_452' title='bbox 3046 2778 3311 2825; x_wconf 88' lang='lat' dir='ltr'>assereret</span> <span class='ocrx_word' id='word_1_453' title='bbox 3336 2768 3543 2823; x_wconf 91' lang='lat' dir='ltr'>nullum</span> <span class='ocrx_word' id='word_1_454' title='bbox 3599 2783 3738 2822; x_wconf 88' lang='lat' dir='ltr'>san-</span> 
     </span>
    </p>
   </div>
   <div class='ocr_carea' id='block_1_59' title="bbox 2142 2856 3739 2930">
    <p class='ocr_par' dir='ltr' id='par_1_59' title="bbox 2142 2856 3739 2930">
     <span class='ocr_line' id='line_1_59' title="bbox 2142 2856 3739 2930; baseline -0.001 -15"><span class='ocrx_word' id='word_1_455' title='bbox 2142 2863 2349 2915; x_wconf 85' lang='lat' dir='ltr'>ctorum</span> <span class='ocrx_word' id='word_1_456' title='bbox 2379 2858 2631 2930; x_wconf 90' lang='lat' dir='ltr'>cuiquam</span> <span class='ocrx_word' id='word_1_457' title='bbox 2663 2859 2804 2929; x_wconf 89' lang='lat' dir='ltr'>apud</span> <span class='ocrx_word' id='word_1_458' title='bbox 2836 2860 3009 2915; x_wconf 92' lang='lat' dir='ltr'>Deum</span> <span class='ocrx_word' id='word_1_459' title='bbox 3038 2875 3200 2930; x_wconf 91' lang='lat' dir='ltr'>posse</span> <span class='ocrx_word' id='word_1_460' title='bbox 3230 2859 3511 2930; x_wconf 87' lang='lat' dir='ltr'>prodesse,</span> <span class='ocrx_word' id='word_1_461' title='bbox 3536 2865 3593 2911; x_wconf 92' lang='lat' dir='ltr'>et</span> <span class='ocrx_word' id='word_1_462' title='bbox 3612 2856 3739 2913; x_wconf 93' lang='lat' dir='ltr'>ideo</span> 
     </span>
    </p>
   </div>
   <div class='ocr_carea' id='block_1_60' title="bbox 2142 2946 3740 3019">
    <p class='ocr_par' dir='ltr' id='par_1_60' title="bbox 2142 2946 3740 3019">
     <span class='ocr_line' id='line_1_60' title="bbox 2142 2946 3740 3019; baseline -0.004 -15"><span class='ocrx_word' id='word_1_463' title='bbox 2142 2965 2243 3004; x_wconf 90' lang='lat' dir='ltr'>nec</span> <span class='ocrx_word' id='word_1_464' title='bbox 2273 2965 2328 3003; x_wconf 89' lang='lat' dir='ltr'>se</span> <span class='ocrx_word' id='word_1_465' title='bbox 2359 2948 2516 3015; x_wconf 91' lang='lat' dir='ltr'>velle,</span> <span class='ocrx_word' id='word_1_466' title='bbox 2552 2964 2649 3003; x_wconf 83' lang='lat' dir='ltr'>nec</span> <span class='ocrx_word' id='word_1_467' title='bbox 2680 2948 2915 3018; x_wconf 88' lang='lat' dir='ltr'>aliquem</span> <span class='ocrx_word' id='word_1_468' title='bbox 2945 2948 3249 3019; x_wconf 90' lang='lat' dir='ltr'>sapientem</span> <span class='ocrx_word' id='word_1_469' title='bbox 3281 2948 3481 3002; x_wconf 86' lang='lat' dir='ltr'>debere</span> <span class='ocrx_word' id='word_1_470' title='bbox 3519 2946 3740 3002; x_wconf 86' lang='lat' dir='ltr'>beatum</span> 
     </span>
    </p>
   </div>
   <div class='ocr_carea' id='block_1_61' title="bbox 2145 3033 3741 3108">
    <p class='ocr_par' dir='ltr' id='par_1_61' title="bbox 2145 3033 3741 3108">
     <span class='ocr_line' id='line_1_61' title="bbox 2145 3033 3741 3108; baseline -0.002 -16"><span class='ocrx_word' id='word_1_471' title='bbox 2145 3038 2379 3106; x_wconf 89' lang='lat' dir='ltr'>Petrum,</span> <span class='ocrx_word' id='word_1_472' title='bbox 2412 3053 2503 3091; x_wconf 91' lang='lat' dir='ltr'>seu</span> <span class='ocrx_word' id='word_1_473' title='bbox 2534 3037 2827 3107; x_wconf 81' lang='lat' dir='ltr'>quemlibet</span> <span class='ocrx_word' id='word_1_474' title='bbox 2883 3038 3046 3091; x_wconf 89' lang='lat' dir='ltr'>alium</span> <span class='ocrx_word' id='word_1_475' title='bbox 3105 3053 3210 3108; x_wconf 89' lang='lat' dir='ltr'>quo</span> <span class='ocrx_word' id='word_1_476' title='bbox 3267 3053 3326 3091; x_wconf 89' lang='lat' dir='ltr'>se</span> <span class='ocrx_word' id='word_1_477' title='bbox 3378 3036 3592 3106; x_wconf 82' lang='lat' dir='ltr'>juvaret</span> <span class='ocrx_word' id='word_1_478' title='bbox 3647 3033 3741 3089; x_wconf 90' lang='lat' dir='ltr'>in-</span> 
     </span>
    </p>
   </div>
   <div class='ocr_carea' id='block_1_62' title="bbox 428 3118 3740 3221">
    <p class='ocr_par' dir='ltr' id='par_1_62' title="bbox 428 3118 3740 3221">
     <span class='ocr_line' id='line_1_62' title="bbox 428 3118 3740 3221; baseline 0.002 -49"><span class='ocrx_word' id='word_1_479' title='bbox 428 3118 580 3190; x_wconf 84' lang='lat' dir='ltr'>ginta</span> <span class='ocrx_word' id='word_1_480' title='bbox 606 3136 817 3176; x_wconf 89' lang='lat' dir='ltr'>marcas</span> <span class='ocrx_word' id='word_1_481' title='bbox 845 3124 1055 3195; x_wconf 88' lang='lat' dir='ltr'>argenti</span> <span class='ocrx_word' id='word_1_482' title='bbox 1084 3140 1142 3179; x_wconf 90' lang='lat' dir='ltr'>se</span> <span class='ocrx_word' id='word_1_483' title='bbox 1199 3124 1277 3179; x_wconf 91' lang='lat' dir='ltr'>illi</span> <span class='ocrx_word' id='word_1_484' title='bbox 1333 3125 1602 3187; x_wconf 86' lang='lat' dir='ltr'>daturum,</span> <span class='ocrx_word' id='word_1_485' title='bbox 1655 3125 1700 3178; x_wconf 93' lang='lat' dir='ltr'>si</span> <span class='ocrx_word' id='word_1_486' title='bbox 1754 3123 2028 3193; x_wconf 88' lang='lat' dir='ltr'>judaismo</span> <span class='ocrx_word' id='word_1_487' title='bbox 2061 3158 2109 3221; x_wconf 66' lang='grc' dir='ltr'><strong>Ο</strong></span> <span class='ocrx_word' id='word_1_488' title='bbox 2147 3126 2457 3196; x_wconf 90' lang='lat' dir='ltr'>terpellare.</span> <span class='ocrx_word' id='word_1_489' title='bbox 2492 3126 2603 3180; x_wconf 85' lang='lat' dir='ltr'>Hac</span> <span class='ocrx_word' id='word_1_490' title='bbox 2634 3124 2738 3180; x_wconf 89' lang='lat' dir='ltr'>fide</span> <span class='ocrx_word' id='word_1_491' title='bbox 2768 3125 2821 3180; x_wconf 92' lang='lat' dir='ltr'>in</span> <span class='ocrx_word' id='word_1_492' title='bbox 2854 3126 2975 3195; x_wconf 90' lang='lat' dir='ltr'>ipso</span> <span class='ocrx_word' id='word_1_493' title='bbox 3007 3124 3342 3197; x_wconf 88' lang='lat' dir='ltr'>proficiente,</span> <span class='ocrx_word' id='word_1_494' title='bbox 3374 3124 3441 3179; x_wconf 87' lang='lat' dir='ltr'>ad</span> <span class='ocrx_word' id='word_1_495' title='bbox 3470 3126 3573 3179; x_wconf 90' lang='lat' dir='ltr'>hoc</span> <span class='ocrx_word' id='word_1_496' title='bbox 3602 3138 3740 3196; x_wconf 87' lang='lat' dir='ltr'>quo-</span> 
     </span>
    </p>
   </div>
   <div class='ocr_carea' id='block_1_63' title="bbox 428 3208 2029 3284">
    <p class='ocr_par' dir='ltr' id='par_1_63' title="bbox 428 3208 2029 3284">
     <span class='ocr_line' id='line_1_63' title="bbox 428 3208 2029 3284; baseline 0.004 -24"><span class='ocrx_word' id='word_1_497' title='bbox 428 3208 730 3265; x_wconf 86' lang='lat' dir='ltr'>restitueret</span> <span class='ocrx_word' id='word_1_498' title='bbox 756 3208 925 3265; x_wconf 84' lang='lat' dir='ltr'>ﬁlium</span> <span class='ocrx_word' id='word_1_499' title='bbox 982 3228 1160 3281; x_wconf 91' lang='lat' dir='ltr'>suum,</span> <span class='ocrx_word' id='word_1_500' title='bbox 1221 3212 1523 3284; x_wconf 88' lang='lat' dir='ltr'>pollicetur.</span> <span class='ocrx_word' id='word_1_501' title='bbox 1579 3212 1807 3267; x_wconf 88' lang='lat' dir='ltr'>Jubente</span> <span class='ocrx_word' id='word_1_502' title='bbox 1863 3212 2029 3284; x_wconf 82' lang='lat' dir='ltr'>igitur</span> 
     </span>
    </p>
   </div>
   <div class='ocr_carea' id='block_1_64' title="bbox 429 3297 2028 3372">
    <p class='ocr_par' dir='ltr' id='par_1_64' title="bbox 429 3297 2028 3372">
     <span class='ocr_line' id='line_1_64' title="bbox 429 3297 2028 3372; baseline 0.003 -22"><span class='ocrx_word' id='word_1_503' title='bbox 429 3312 581 3368; x_wconf 89' lang='lat' dir='ltr'>rege,</span> <span class='ocrx_word' id='word_1_504' title='bbox 608 3297 827 3368; x_wconf 88' lang='lat' dir='ltr'>juvenis</span> <span class='ocrx_word' id='word_1_505' title='bbox 852 3299 967 3370; x_wconf 89' lang='lat' dir='ltr'>ipse</span> <span class='ocrx_word' id='word_1_506' title='bbox 992 3300 1046 3354; x_wconf 92' lang='lat' dir='ltr'>in</span> <span class='ocrx_word' id='word_1_507' title='bbox 1076 3311 1419 3372; x_wconf 87' lang='lat' dir='ltr'>conspectum</span> <span class='ocrx_word' id='word_1_508' title='bbox 1451 3317 1605 3355; x_wconf 90' lang='lat' dir='ltr'>suum</span> <span class='ocrx_word' id='word_1_509' title='bbox 1637 3300 1943 3364; x_wconf 87' lang='lat' dir='ltr'>adducitur,</span> <span class='ocrx_word' id='word_1_510' title='bbox 1978 3308 2028 3354; x_wconf 89' lang='lat' dir='ltr'>et</span> 
     </span>
    </p>
   </div>
   <div class='ocr_carea' id='block_1_65' title="bbox 427 3385 2025 3460">
    <p class='ocr_par' dir='ltr' id='par_1_65' title="bbox 427 3385 2025 3460">
     <span class='ocr_line' id='line_1_65' title="bbox 427 3385 2025 3460; baseline 0.002 -21"><span class='ocrx_word' id='word_1_511' title='bbox 427 3401 524 3440; x_wconf 80' lang='lat' dir='ltr'>rex</span> <span class='ocrx_word' id='word_1_512' title='bbox 553 3385 706 3440; x_wconf 91' lang='lat' dir='ltr'>illum</span> <span class='ocrx_word' id='word_1_513' title='bbox 735 3389 838 3443; x_wconf 89' lang='lat' dir='ltr'>hac</span> <span class='ocrx_word' id='word_1_514' title='bbox 868 3404 1001 3445; x_wconf 92' lang='lat' dir='ltr'>voce</span> <span class='ocrx_word' id='word_1_515' title='bbox 1031 3390 1319 3460; x_wconf 88' lang='lat' dir='ltr'>alloquitur</span> <span class='ocrx_word' id='word_1_516' title='bbox 1353 3409 1364 3443; x_wconf 93' lang='lat'>:</span> <span class='ocrx_word' id='word_1_517' title='bbox 1390 3413 1407 3438; x_wconf 74' lang='grc' dir='ltr'>ι</span> <span class='ocrx_word' id='word_1_518' title='bbox 1440 3388 1703 3458; x_wconf 86' lang='lat' dir='ltr'>Queritur</span> <span class='ocrx_word' id='word_1_519' title='bbox 1722 3398 1881 3459; x_wconf 90' lang='lat' dir='ltr'>pater</span> <span class='ocrx_word' id='word_1_520' title='bbox 1903 3397 2025 3442; x_wconf 92' lang='lat' dir='ltr'>tuus</span> 
     </span>
    </p>
   </div>
   <div class='ocr_carea' id='block_1_66' title="bbox 431 3472 2023 3546">
    <p class='ocr_par' dir='ltr' id='par_1_66' title="bbox 431 3472 2023 3546">
     <span class='ocr_line' id='line_1_66' title="bbox 431 3472 2023 3546; baseline 0.003 -20"><span class='ocrx_word' id='word_1_521' title='bbox 431 3472 499 3528; x_wconf 94' lang='lat' dir='ltr'>de</span> <span class='ocrx_word' id='word_1_522' title='bbox 530 3480 580 3528; x_wconf 90' lang='lat' dir='ltr'>te</span> <span class='ocrx_word' id='word_1_523' title='bbox 610 3477 754 3546; x_wconf 88' lang='lat' dir='ltr'>quod</span> <span class='ocrx_word' id='word_1_524' title='bbox 781 3486 975 3546; x_wconf 61' lang='lat' dir='ltr'>praeter</span> <span class='ocrx_word' id='word_1_525' title='bbox 1002 3478 1271 3534; x_wconf 89' lang='lat' dir='ltr'>licentiam</span> <span class='ocrx_word' id='word_1_526' title='bbox 1303 3495 1455 3533; x_wconf 87' lang='lat' dir='ltr'>suam</span> <span class='ocrx_word' id='word_1_527' title='bbox 1495 3477 1830 3533; x_wconf 90' lang='lat' dir='ltr'>Christianus</span> <span class='ocrx_word' id='word_1_528' title='bbox 1885 3476 2023 3532; x_wconf 80' lang='lat' dir='ltr'>effe-</span> 
     </span>
    </p>
   </div>
   <div class='ocr_carea' id='block_1_67' title="bbox 435 3564 2030 3637">
    <p class='ocr_par' dir='ltr' id='par_1_67' title="bbox 435 3564 2030 3637">
     <span class='ocr_line' id='line_1_67' title="bbox 435 3564 2030 3637; baseline 0.003 -21"><span class='ocrx_word' id='word_1_529' title='bbox 435 3569 553 3616; x_wconf 86' lang='lat' dir='ltr'>ctus</span> <span class='ocrx_word' id='word_1_530' title='bbox 576 3579 672 3624; x_wconf 89' lang='lat' dir='ltr'>es;</span> <span class='ocrx_word' id='word_1_531' title='bbox 708 3564 810 3620; x_wconf 89' lang='lat' dir='ltr'>hoc</span> <span class='ocrx_word' id='word_1_532' title='bbox 839 3566 885 3618; x_wconf 90' lang='lat' dir='ltr'>si</span> <span class='ocrx_word' id='word_1_533' title='bbox 916 3565 985 3620; x_wconf 87' lang='lat' dir='ltr'>ita</span> <span class='ocrx_word' id='word_1_534' title='bbox 1019 3575 1118 3632; x_wconf 90' lang='lat' dir='ltr'>est,</span> <span class='ocrx_word' id='word_1_535' title='bbox 1149 3566 1405 3637; x_wconf 65' lang='lat' dir='ltr'>praecipio</span> <span class='ocrx_word' id='word_1_536' title='bbox 1436 3566 1531 3619; x_wconf 83' lang='lat' dir='ltr'>tibi</span> <span class='ocrx_word' id='word_1_537' title='bbox 1555 3574 1815 3637; x_wconf 90' lang='lat' dir='ltr'>quatenus</span> <span class='ocrx_word' id='word_1_538' title='bbox 1845 3566 2030 3621; x_wconf 88' lang='lat' dir='ltr'>volun-</span> 
     </span>
    </p>
   </div>
   <div class='ocr_carea' id='block_1_68' title="bbox 432 3650 2029 3725">
    <p class='ocr_par' dir='ltr' id='par_1_68' title="bbox 432 3650 2029 3725">
     <span class='ocr_line' id='line_1_68' title="bbox 432 3650 2029 3725; baseline 0.004 -23"><span class='ocrx_word' id='word_1_539' title='bbox 432 3650 528 3703; x_wconf 84' lang='lat' dir='ltr'>tati</span> <span class='ocrx_word' id='word_1_540' title='bbox 560 3651 679 3719; x_wconf 87' lang='lat' dir='ltr'>ejus</span> <span class='ocrx_word' id='word_1_541' title='bbox 711 3652 1067 3715; x_wconf 87' lang='lat' dir='ltr'>satisfaciens,</span> <span class='ocrx_word' id='word_1_542' title='bbox 1101 3655 1248 3709; x_wconf 92' lang='lat' dir='ltr'>omni</span> <span class='ocrx_word' id='word_1_543' title='bbox 1266 3654 1506 3725; x_wconf 88' lang='lat' dir='ltr'>ambage</span> <span class='ocrx_word' id='word_1_544' title='bbox 1526 3654 1732 3709; x_wconf 86' lang='lat' dir='ltr'>seclusa</span> <span class='ocrx_word' id='word_1_545' title='bbox 1751 3654 2029 3723; x_wconf 85' lang='lat' dir='ltr'>judaismo</span> 
     </span>
    </p>
   </div>
   <div class='ocr_carea' id='block_1_69' title="bbox 432 3737 2020 3812">
    <p class='ocr_par' dir='ltr' id='par_1_69' title="bbox 432 3737 2020 3812">
     <span class='ocr_line' id='line_1_69' title="bbox 432 3737 2020 3812; baseline 0.003 -22"><span class='ocrx_word' id='word_1_546' title='bbox 432 3744 483 3791; x_wconf 94' lang='lat' dir='ltr'>te</span> <span class='ocrx_word' id='word_1_547' title='bbox 510 3737 623 3792; x_wconf 91' lang='lat' dir='ltr'>sine</span> <span class='ocrx_word' id='word_1_548' title='bbox 641 3754 795 3794; x_wconf 88' lang='lat' dir='ltr'>mora</span> <span class='ocrx_word' id='word_1_549' title='bbox 821 3742 1095 3796; x_wconf 89' lang='lat' dir='ltr'>restituas.</span> <span class='ocrx_word' id='word_1_550' title='bbox 1130 3764 1151 3789; x_wconf 77' lang='grc' dir='ltr'><strong>υ</strong></span> <span class='ocrx_word' id='word_1_551' title='bbox 1216 3743 1317 3797; x_wconf 91' lang='lat' dir='ltr'>Cui</span> <span class='ocrx_word' id='word_1_552' title='bbox 1372 3742 1588 3811; x_wconf 87' lang='lat' dir='ltr'>juvenis</span> <span class='ocrx_word' id='word_1_553' title='bbox 1643 3742 1979 3812; x_wconf 89' lang='lat' dir='ltr'>respondens</span> <span class='ocrx_word' id='word_1_554' title='bbox 2009 3761 2020 3795; x_wconf 90' lang='lat'>:</span> 
     </span>
    </p>
   </div>
   <div class='ocr_carea' id='block_1_70' title="bbox 435 3824 2026 3899">
    <p class='ocr_par' dir='ltr' id='par_1_70' title="bbox 435 3824 2026 3899">
     <span class='ocr_line' id='line_1_70' title="bbox 435 3824 2026 3899; baseline 0.004 -21"><span class='ocrx_word' id='word_1_555' title='bbox 435 3846 456 3871; x_wconf 74' lang='grc' dir='ltr'><em>α</em></span> <span class='ocrx_word' id='word_1_556' title='bbox 490 3824 721 3880; x_wconf 92' lang='lat' dir='ltr'>Domine</span> <span class='ocrx_word' id='word_1_557' title='bbox 757 3844 871 3893; x_wconf 84' lang='lat' dir='ltr'>rex,</span> <span class='ocrx_word' id='word_1_558' title='bbox 904 3829 997 3896; x_wconf 89' lang='lat' dir='ltr'>ait,</span> <span class='ocrx_word' id='word_1_559' title='bbox 1030 3837 1086 3883; x_wconf 91' lang='lat' dir='ltr'>ut</span> <span class='ocrx_word' id='word_1_560' title='bbox 1114 3838 1265 3899; x_wconf 90' lang='lat' dir='ltr'>puto,</span> <span class='ocrx_word' id='word_1_561' title='bbox 1292 3830 1521 3898; x_wconf 88' lang='lat' dir='ltr'>jocaris.</span> <span class='ocrx_word' id='word_1_562' title='bbox 1565 3853 1586 3877; x_wconf 74' lang='grc' dir='ltr'><strong><em>η</em></strong></span> <span class='ocrx_word' id='word_1_563' title='bbox 1621 3833 1687 3883; x_wconf 77' lang='lat' dir='ltr'>At</span> <span class='ocrx_word' id='word_1_564' title='bbox 1737 3830 1828 3884; x_wconf 90' lang='lat' dir='ltr'>ille</span> <span class='ocrx_word' id='word_1_565' title='bbox 1878 3830 2026 3884; x_wconf 86' lang='lat' dir='ltr'>indi—</span> 
     </span>
    </p>
   </div>
   <div class='ocr_carea' id='block_1_71' title="bbox 427 3916 2021 3988">
    <p class='ocr_par' dir='ltr' id='par_1_71' title="bbox 427 3916 2021 3988">
     <span class='ocr_line' id='line_1_71' title="bbox 427 3916 2021 3988; baseline 0.003 -22"><span class='ocrx_word' id='word_1_566' title='bbox 427 3921 645 3985; x_wconf 87' lang='lat' dir='ltr'>gnatus,</span> <span class='ocrx_word' id='word_1_567' title='bbox 702 3938 725 3963; x_wconf 72' lang='grc' dir='ltr'><em>α</em></span> <span class='ocrx_word' id='word_1_568' title='bbox 758 3916 981 3985; x_wconf 86' lang='lat' dir='ltr'>Tecum,</span> <span class='ocrx_word' id='word_1_569' title='bbox 1040 3918 1229 3987; x_wconf 85' lang='lat' dir='ltr'>inquit.</span> <span class='ocrx_word' id='word_1_570' title='bbox 1284 3919 1515 3988; x_wconf 89' lang='lat' dir='ltr'>jocarer,</span> <span class='ocrx_word' id='word_1_571' title='bbox 1573 3919 1828 3973; x_wconf 89' lang='lat' dir='ltr'>stercoris</span> <span class='ocrx_word' id='word_1_572' title='bbox 1887 3917 2021 3972; x_wconf 76' lang='lat' dir='ltr'>ﬁli?</span> 
     </span>
    </p>
   </div>
   <div class='ocr_carea' id='block_1_72' title="bbox 430 3999 2021 4077">
    <p class='ocr_par' dir='ltr' id='par_1_72' title="bbox 430 3999 2021 4077">
     <span class='ocr_line' id='line_1_72' title="bbox 430 3999 2021 4077; baseline 0.004 -23"><span class='ocrx_word' id='word_1_573' title='bbox 430 3999 647 4057; x_wconf 85' lang='lat' dir='ltr'>Recede</span> <span class='ocrx_word' id='word_1_574' title='bbox 678 4004 874 4075; x_wconf 90' lang='lat' dir='ltr'>potius,</span> <span class='ocrx_word' id='word_1_575' title='bbox 906 4014 957 4060; x_wconf 91' lang='lat' dir='ltr'>et</span> <span class='ocrx_word' id='word_1_576' title='bbox 984 4014 1317 4077; x_wconf 79' lang='lat' dir='ltr'>praeceptum</span> <span class='ocrx_word' id='word_1_577' title='bbox 1348 4022 1527 4061; x_wconf 90' lang='lat' dir='ltr'>meum</span> <span class='ocrx_word' id='word_1_578' title='bbox 1562 4007 1805 4061; x_wconf 87' lang='lat' dir='ltr'>velocius</span> <span class='ocrx_word' id='word_1_579' title='bbox 1835 4006 2021 4076; x_wconf 88' lang='lat' dir='ltr'>imple,</span> 
     </span>
    </p>
   </div>
   <div class='ocr_carea' id='block_1_73' title="bbox 436 4089 2020 4162">
    <p class='ocr_par' dir='ltr' id='par_1_73' title="bbox 436 4089 2020 4162">
     <span class='ocr_line' id='line_1_73' title="bbox 436 4089 2020 4162; baseline 0.004 -19"><span class='ocrx_word' id='word_1_580' title='bbox 436 4089 675 4161; x_wconf 89' lang='lat' dir='ltr'>alioquin</span> <span class='ocrx_word' id='word_1_581' title='bbox 705 4108 806 4162; x_wconf 89' lang='lat' dir='ltr'>per</span> <span class='ocrx_word' id='word_1_582' title='bbox 824 4094 1033 4149; x_wconf 88' lang='lat' dir='ltr'>vultum</span> <span class='ocrx_word' id='word_1_583' title='bbox 1054 4095 1121 4149; x_wconf 90' lang='lat' dir='ltr'>de</span> <span class='ocrx_word' id='word_1_584' title='bbox 1141 4095 1281 4150; x_wconf 86' lang='lat' dir='ltr'>Luca</span> <span class='ocrx_word' id='word_1_585' title='bbox 1300 4095 1492 4150; x_wconf 89' lang='lat' dir='ltr'>faciam</span> <span class='ocrx_word' id='word_1_586' title='bbox 1510 4095 1605 4149; x_wconf 91' lang='lat' dir='ltr'>tibi</span> <span class='ocrx_word' id='word_1_587' title='bbox 1627 4096 1811 4151; x_wconf 90' lang='lat' dir='ltr'>oculos</span> <span class='ocrx_word' id='word_1_588' title='bbox 1831 4096 1970 4150; x_wconf 91' lang='lat' dir='ltr'>erui.</span> <span class='ocrx_word' id='word_1_589' title='bbox 2000 4118 2020 4142; x_wconf 79' lang='grc' dir='ltr'>η</span> 
     </span>
    </p>
   </div>
   <div class='ocr_carea' id='block_1_74' title="bbox 429 4177 2025 4255">
    <p class='ocr_par' dir='ltr' id='par_1_74' title="bbox 429 4177 2025 4255">
     <span class='ocr_line' id='line_1_74' title="bbox 429 4177 2025 4255; baseline 0.003 -23"><span class='ocrx_word' id='word_1_590' title='bbox 429 4177 578 4235; x_wconf 90' lang='lat' dir='ltr'>Tunc</span> <span class='ocrx_word' id='word_1_591' title='bbox 607 4180 923 4238; x_wconf 89' lang='lat' dir='ltr'>adolescens</span> <span class='ocrx_word' id='word_1_592' title='bbox 954 4184 1150 4238; x_wconf 88' lang='lat' dir='ltr'>animae</span> <span class='ocrx_word' id='word_1_593' title='bbox 1180 4184 1336 4255; x_wconf 88' lang='lat' dir='ltr'>quior</span> <span class='ocrx_word' id='word_1_594' title='bbox 1366 4184 1557 4253; x_wconf 90' lang='lat' dir='ltr'>factus,</span> <span class='ocrx_word' id='word_1_595' title='bbox 1591 4200 1723 4241; x_wconf 88' lang='lat' dir='ltr'>voce</span> <span class='ocrx_word' id='word_1_596' title='bbox 1764 4185 2025 4240; x_wconf 89' lang='lat' dir='ltr'>constanti</span> 
     </span>
    </p>
   </div>
   <div class='ocr_carea' id='block_1_75' title="bbox 429 4266 2025 4343">
    <p class='ocr_par' dir='ltr' id='par_1_75' title="bbox 429 4266 2025 4343">
     <span class='ocr_line' id='line_1_75' title="bbox 429 4266 2025 4343; baseline 0.004 -23"><span class='ocrx_word' id='word_1_597' title='bbox 429 4266 500 4320; x_wconf 85' lang='lat' dir='ltr'>ita</span> <span class='ocrx_word' id='word_1_598' title='bbox 532 4270 810 4340; x_wconf 78' lang='lat' dir='ltr'>respondit</span> <span class='ocrx_word' id='word_1_599' title='bbox 840 4290 851 4325; x_wconf 88' lang='lat'><strong>:</strong></span> <span class='ocrx_word' id='word_1_600' title='bbox 902 4294 923 4320; x_wconf 79' lang='grc' dir='ltr'><em>α</em></span> <span class='ocrx_word' id='word_1_601' title='bbox 958 4273 1151 4343; x_wconf 86' lang='lat' dir='ltr'>Utique</span> <span class='ocrx_word' id='word_1_602' title='bbox 1177 4288 1283 4327; x_wconf 90' lang='lat' dir='ltr'>non</span> <span class='ocrx_word' id='word_1_603' title='bbox 1315 4271 1534 4328; x_wconf 88' lang='lat' dir='ltr'>faciam.</span> <span class='ocrx_word' id='word_1_604' title='bbox 1580 4275 1773 4329; x_wconf 80' lang='lat' dir='ltr'>Verum</span> <span class='ocrx_word' id='word_1_605' title='bbox 1806 4272 2025 4327; x_wconf 85' lang='lat' dir='ltr'>noveris</span> 
     </span>
    </p>
   </div>
   <div class='ocr_carea' id='block_1_76' title="bbox 429 4357 2024 4432">
    <p class='ocr_par' dir='ltr' id='par_1_76' title="bbox 429 4357 2024 4432">
     <span class='ocr_line' id='line_1_76' title="bbox 429 4357 2024 4432; baseline 0.004 -24"><span class='ocrx_word' id='word_1_606' title='bbox 429 4357 575 4427; x_wconf 84' lang='lat' dir='ltr'>quia,</span> <span class='ocrx_word' id='word_1_607' title='bbox 610 4357 657 4412; x_wconf 91' lang='lat' dir='ltr'>si</span> <span class='ocrx_word' id='word_1_608' title='bbox 686 4358 859 4414; x_wconf 90' lang='lat' dir='ltr'>bonus</span> <span class='ocrx_word' id='word_1_609' title='bbox 901 4360 1235 4415; x_wconf 87' lang='lat' dir='ltr'>Christianus</span> <span class='ocrx_word' id='word_1_610' title='bbox 1281 4377 1447 4425; x_wconf 87' lang='lat' dir='ltr'>esses,</span> <span class='ocrx_word' id='word_1_611' title='bbox 1482 4378 1761 4432; x_wconf 82' lang='lat' dir='ltr'>nunquam</span> <span class='ocrx_word' id='word_1_612' title='bbox 1818 4362 1886 4416; x_wconf 86' lang='lat' dir='ltr'>de</span> <span class='ocrx_word' id='word_1_613' title='bbox 1932 4378 2024 4415; x_wconf 92' lang='lat' dir='ltr'>ore</span> 
     </span>
    </p>
   </div>
   <div class='ocr_carea' id='block_1_77' title="bbox 428 4446 2023 4521">
    <p class='ocr_par' dir='ltr' id='par_1_77' title="bbox 428 4446 2023 4521">
     <span class='ocr_line' id='line_1_77' title="bbox 428 4446 2023 4521; baseline 0.003 -22"><span class='ocrx_word' id='word_1_614' title='bbox 428 4454 519 4500; x_wconf 92' lang='lat' dir='ltr'>tuo</span> <span class='ocrx_word' id='word_1_615' title='bbox 550 4446 681 4501; x_wconf 88' lang='lat' dir='ltr'>talia</span> <span class='ocrx_word' id='word_1_616' title='bbox 714 4449 1047 4518; x_wconf 90' lang='lat' dir='ltr'>protulisses.</span> <span class='ocrx_word' id='word_1_617' title='bbox 1081 4449 1364 4505; x_wconf 88' lang='lat' dir='ltr'>Christiani</span> <span class='ocrx_word' id='word_1_618' title='bbox 1396 4449 1592 4503; x_wconf 89' lang='lat' dir='ltr'>etenim</span> <span class='ocrx_word' id='word_1_619' title='bbox 1625 4458 1704 4504; x_wconf 90' lang='lat' dir='ltr'>est</span> <span class='ocrx_word' id='word_1_620' title='bbox 1732 4466 1825 4504; x_wconf 91' lang='lat' dir='ltr'>eos</span> <span class='ocrx_word' id='word_1_621' title='bbox 1873 4451 1961 4521; x_wconf 89' lang='lat' dir='ltr'>qui</span> <span class='ocrx_word' id='word_1_622' title='bbox 1995 4467 2023 4503; x_wconf 88' lang='lat' dir='ltr'>a</span> 
     </span>
    </p>
   </div>
   <div class='ocr_carea' id='block_1_78' title="bbox 429 4518 2104 4607">
    <p class='ocr_par' dir='ltr' id='par_1_78' title="bbox 429 4518 2104 4607">
     <span class='ocr_line' id='line_1_78' title="bbox 429 4518 2104 4607; baseline 0.003 -21"><span class='ocrx_word' id='word_1_623' title='bbox 429 4533 637 4590; x_wconf 89' lang='lat' dir='ltr'>Christo</span> <span class='ocrx_word' id='word_1_624' title='bbox 665 4553 763 4606; x_wconf 91' lang='lat' dir='ltr'>per</span> <span class='ocrx_word' id='word_1_625' title='bbox 787 4537 1217 4592; x_wconf 90' lang='lat' dir='ltr'>incredulitatem</span> <span class='ocrx_word' id='word_1_626' title='bbox 1250 4538 1479 4607; x_wconf 85' lang='lat' dir='ltr'>separati</span> <span class='ocrx_word' id='word_1_627' title='bbox 1511 4545 1632 4592; x_wconf 89' lang='lat' dir='ltr'>sunt</span> <span class='ocrx_word' id='word_1_628' title='bbox 1685 4537 1734 4592; x_wconf 91' lang='lat' dir='ltr'>ei</span> <span class='ocrx_word' id='word_1_629' title='bbox 1791 4518 2020 4607; x_wconf 81' lang='lat' dir='ltr'>conjun—</span> <span class='ocrx_word' id='word_1_630' title='bbox 2053 4518 2104 4578; x_wconf 85' lang='lat' dir='ltr'>D</span> 
     </span>
    </p>
   </div>
   <div class='ocr_carea' id='block_1_79' title="bbox 426 4625 2024 4698">
    <p class='ocr_par' dir='ltr' id='par_1_79' title="bbox 426 4625 2024 4698">
     <span class='ocr_line' id='line_1_79' title="bbox 426 4625 2024 4698; baseline 0.003 -21"><span class='ocrx_word' id='word_1_631' title='bbox 426 4638 593 4695; x_wconf 83' lang='lat' dir='ltr'>gere;</span> <span class='ocrx_word' id='word_1_632' title='bbox 620 4641 724 4679; x_wconf 91' lang='lat' dir='ltr'>non</span> <span class='ocrx_word' id='word_1_633' title='bbox 754 4634 935 4680; x_wconf 88' lang='lat' dir='ltr'>autem</span> <span class='ocrx_word' id='word_1_634' title='bbox 968 4642 1062 4681; x_wconf 91' lang='lat' dir='ltr'>eos</span> <span class='ocrx_word' id='word_1_635' title='bbox 1091 4627 1179 4698; x_wconf 90' lang='lat' dir='ltr'>qui</span> <span class='ocrx_word' id='word_1_636' title='bbox 1213 4626 1287 4679; x_wconf 90' lang='lat' dir='ltr'>illi</span> <span class='ocrx_word' id='word_1_637' title='bbox 1318 4642 1418 4696; x_wconf 90' lang='lat' dir='ltr'>per</span> <span class='ocrx_word' id='word_1_638' title='bbox 1436 4625 1595 4681; x_wconf 89' lang='lat' dir='ltr'>ﬁdem</span> <span class='ocrx_word' id='word_1_639' title='bbox 1615 4626 1782 4694; x_wconf 88' lang='lat' dir='ltr'>juncti</span> <span class='ocrx_word' id='word_1_640' title='bbox 1805 4636 1925 4681; x_wconf 86' lang='lat' dir='ltr'>sunt</span> <span class='ocrx_word' id='word_1_641' title='bbox 1957 4627 2024 4681; x_wconf 89' lang='lat' dir='ltr'>ab</span> 
     </span>
    </p>
   </div>
   <div class='ocr_carea' id='block_1_80' title="bbox 429 4713 2025 4786">
    <p class='ocr_par' dir='ltr' id='par_1_80' title="bbox 429 4713 2025 4786">
     <span class='ocr_line' id='line_1_80' title="bbox 429 4713 2025 4786; baseline 0.003 -21"><span class='ocrx_word' id='word_1_642' title='bbox 429 4726 495 4765; x_wconf 92' lang='lat' dir='ltr'>eo</span> <span class='ocrx_word' id='word_1_643' title='bbox 522 4728 801 4780; x_wconf 89' lang='lat' dir='ltr'>separare.</span> <span class='ocrx_word' id='word_1_644' title='bbox 841 4734 862 4764; x_wconf 77' lang='grc' dir='ltr'><strong>ι</strong></span> <span class='ocrx_word' id='word_1_645' title='bbox 899 4713 1165 4769; x_wconf 83' lang='lat' dir='ltr'>Confusus</span> <span class='ocrx_word' id='word_1_646' title='bbox 1195 4716 1451 4786; x_wconf 82' lang='lat' dir='ltr'>princeps</span> <span class='ocrx_word' id='word_1_647' title='bbox 1481 4715 1533 4768; x_wconf 91' lang='lat' dir='ltr'>in</span> <span class='ocrx_word' id='word_1_648' title='bbox 1567 4714 1698 4781; x_wconf 90' lang='lat' dir='ltr'>istis,</span> <span class='ocrx_word' id='word_1_649' title='bbox 1740 4724 2025 4769; x_wconf 88' lang='lat' dir='ltr'>contume-</span> 
     </span>
    </p>
   </div>
   <div class='ocr_carea' id='block_1_81' title="bbox 429 4797 2025 4874">
    <p class='ocr_par' dir='ltr' id='par_1_81' title="bbox 429 4797 2025 4874">
     <span class='ocr_line' id='line_1_81' title="bbox 429 4797 2025 4874; baseline 0.003 -21"><span class='ocrx_word' id='word_1_650' title='bbox 429 4797 515 4853; x_wconf 88' lang='lat' dir='ltr'>liis</span> <span class='ocrx_word' id='word_1_651' title='bbox 546 4799 795 4856; x_wconf 79' lang='lat' dir='ltr'>aﬁ‘ectum</span> <span class='ocrx_word' id='word_1_652' title='bbox 821 4802 1075 4872; x_wconf 85' lang='lat' dir='ltr'>juvenem</span> <span class='ocrx_word' id='word_1_653' title='bbox 1106 4819 1229 4859; x_wconf 85' lang='lat' dir='ltr'>cum</span> <span class='ocrx_word' id='word_1_654' title='bbox 1262 4805 1528 4860; x_wconf 91' lang='lat' dir='ltr'>dedecore</span> <span class='ocrx_word' id='word_1_655' title='bbox 1552 4804 1709 4874; x_wconf 86' lang='lat' dir='ltr'>jussit</span> <span class='ocrx_word' id='word_1_656' title='bbox 1740 4804 1849 4858; x_wconf 88' lang='lat' dir='ltr'>suis</span> <span class='ocrx_word' id='word_1_657' title='bbox 1888 4820 2025 4860; x_wconf 91' lang='lat' dir='ltr'>con-</span> 
     </span>
    </p>
   </div>
   <div class='ocr_carea' id='block_1_82' title="bbox 428 4889 2023 4965">
    <p class='ocr_par' dir='ltr' id='par_1_82' title="bbox 428 4889 2023 4965">
     <span class='ocr_line' id='line_1_82' title="bbox 428 4889 2023 4965; baseline 0.004 -24"><span class='ocrx_word' id='word_1_658' title='bbox 428 4889 703 4958; x_wconf 89' lang='lat' dir='ltr'>spectibus</span> <span class='ocrx_word' id='word_1_659' title='bbox 732 4890 1017 4946; x_wconf 90' lang='lat' dir='ltr'>eliminari.</span> <span class='ocrx_word' id='word_1_660' title='bbox 1040 4890 1142 4961; x_wconf 90' lang='lat' dir='ltr'>Qui</span> <span class='ocrx_word' id='word_1_661' title='bbox 1169 4892 1429 4963; x_wconf 84' lang='lat' dir='ltr'>expulsus</span> <span class='ocrx_word' id='word_1_662' title='bbox 1449 4902 1656 4965; x_wconf 89' lang='lat' dir='ltr'>patrem</span> <span class='ocrx_word' id='word_1_663' title='bbox 1681 4910 1836 4948; x_wconf 91' lang='lat' dir='ltr'>suum</span> <span class='ocrx_word' id='word_1_664' title='bbox 1860 4906 2023 4948; x_wconf 89' lang='lat' dir='ltr'>even-</span> 
     </span>
    </p>
   </div>
   <div class='ocr_carea' id='block_1_83' title="bbox 2142 3211 3739 3287">
    <p class='ocr_par' dir='ltr' id='par_1_83' title="bbox 2142 3211 3739 3287">
     <span class='ocr_line' id='line_1_83' title="bbox 2142 3211 3739 3287; baseline -0.003 -18"><span class='ocrx_word' id='word_1_665' title='bbox 2142 3231 2247 3287; x_wconf 91' lang='lat' dir='ltr'>que</span> <span class='ocrx_word' id='word_1_666' title='bbox 2280 3215 2463 3285; x_wconf 90' lang='lat' dir='ltr'>lapsus</span> <span class='ocrx_word' id='word_1_667' title='bbox 2493 3223 2571 3269; x_wconf 93' lang='lat' dir='ltr'>est</span> <span class='ocrx_word' id='word_1_668' title='bbox 2604 3223 2659 3269; x_wconf 90' lang='lat' dir='ltr'>ut</span> <span class='ocrx_word' id='word_1_669' title='bbox 2688 3215 3006 3283; x_wconf 89' lang='lat' dir='ltr'>Deijudicio</span> <span class='ocrx_word' id='word_1_670' title='bbox 3036 3213 3347 3269; x_wconf 87' lang='lat' dir='ltr'>incredulus</span> <span class='ocrx_word' id='word_1_671' title='bbox 3375 3211 3554 3282; x_wconf 89' lang='lat' dir='ltr'>ﬁeret,</span> <span class='ocrx_word' id='word_1_672' title='bbox 3586 3212 3739 3282; x_wconf 86' lang='lat' dir='ltr'>inju-</span> 
     </span>
    </p>
   </div>
   <div class='ocr_carea' id='block_1_84' title="bbox 2139 3300 3739 3375">
    <p class='ocr_par' dir='ltr' id='par_1_84' title="bbox 2139 3300 3739 3375">
     <span class='ocr_line' id='line_1_84' title="bbox 2139 3300 3739 3375; baseline -0.001 -18"><span class='ocrx_word' id='word_1_673' title='bbox 2139 3304 2385 3375; x_wconf 74' lang='lat' dir='ltr'>stitzrque</span> <span class='ocrx_word' id='word_1_674' title='bbox 2415 3302 2546 3357; x_wconf 88' lang='lat' dir='ltr'>illud</span> <span class='ocrx_word' id='word_1_675' title='bbox 2579 3319 2838 3374; x_wconf 88' lang='lat' dir='ltr'>arguens,</span> <span class='ocrx_word' id='word_1_676' title='bbox 2884 3304 3055 3358; x_wconf 91' lang='lat' dir='ltr'>Deum</span> <span class='ocrx_word' id='word_1_677' title='bbox 3109 3311 3201 3357; x_wconf 87' lang='lat' dir='ltr'>aut</span> <span class='ocrx_word' id='word_1_678' title='bbox 3257 3302 3400 3358; x_wconf 86' lang='lat' dir='ltr'>facta</span> <span class='ocrx_word' id='word_1_679' title='bbox 3454 3300 3739 3356; x_wconf 87' lang='lat' dir='ltr'>hominum</span> 
     </span>
    </p>
   </div>
   <div class='ocr_carea' id='block_1_85' title="bbox 2140 3390 3744 3462">
    <p class='ocr_par' dir='ltr' id='par_1_85' title="bbox 2140 3390 3744 3462">
     <span class='ocr_line' id='line_1_85' title="bbox 2140 3390 3744 3462; baseline -0.002 -16"><span class='ocrx_word' id='word_1_680' title='bbox 2140 3391 2419 3462; x_wconf 85' lang='lat' dir='ltr'>ignorare,</span> <span class='ocrx_word' id='word_1_681' title='bbox 2479 3400 2569 3446; x_wconf 90' lang='lat' dir='ltr'>aut</span> <span class='ocrx_word' id='word_1_682' title='bbox 2636 3391 2906 3462; x_wconf 83' lang='lat' dir='ltr'>aequitatis</span> <span class='ocrx_word' id='word_1_683' title='bbox 2967 3408 3031 3446; x_wconf 90' lang='lat' dir='ltr'>ea</span> <span class='ocrx_word' id='word_1_684' title='bbox 3106 3391 3258 3445; x_wconf 88' lang='lat' dir='ltr'>lance</span> <span class='ocrx_word' id='word_1_685' title='bbox 3314 3390 3459 3446; x_wconf 90' lang='lat' dir='ltr'>nolle</span> <span class='ocrx_word' id='word_1_686' title='bbox 3514 3405 3744 3460; x_wconf 88' lang='lat' dir='ltr'>pensare</span> 
     </span>
    </p>
   </div>
   <div class='ocr_carea' id='block_1_86' title="bbox 2144 3474 3738 3548">
    <p class='ocr_par' dir='ltr' id='par_1_86' title="bbox 2144 3474 3738 3548">
     <span class='ocr_line' id='line_1_86' title="bbox 2144 3474 3738 3548; baseline -0.002 -17"><span class='ocrx_word' id='word_1_687' title='bbox 2144 3485 2429 3532; x_wconf 88' lang='lat' dir='ltr'>astrueret.</span> <span class='ocrx_word' id='word_1_688' title='bbox 2464 3476 2711 3548; x_wconf 85' lang='lat' dir='ltr'>Exempli</span> <span class='ocrx_word' id='word_1_689' title='bbox 2740 3492 2924 3542; x_wconf 85' lang='lat' dir='ltr'>causa,</span> <span class='ocrx_word' id='word_1_690' title='bbox 2958 3476 3350 3548; x_wconf 88' lang='lat' dir='ltr'>quinquaginta</span> <span class='ocrx_word' id='word_1_691' title='bbox 3374 3475 3588 3531; x_wconf 87' lang='lat' dir='ltr'>circiter</span> <span class='ocrx_word' id='word_1_692' title='bbox 3616 3474 3738 3543; x_wconf 87' lang='lat' dir='ltr'>viri,</span> 
     </span>
    </p>
   </div>
   <div class='ocr_carea' id='block_1_87' title="bbox 2145 3562 3738 3636">
    <p class='ocr_par' dir='ltr' id='par_1_87' title="bbox 2145 3562 3738 3636">
     <span class='ocr_line' id='line_1_87' title="bbox 2145 3562 3738 3636; baseline -0.003 -17"><span class='ocrx_word' id='word_1_693' title='bbox 2145 3565 2344 3636; x_wconf 89' lang='lat' dir='ltr'>quibus</span> <span class='ocrx_word' id='word_1_694' title='bbox 2373 3565 2549 3620; x_wconf 89' lang='lat' dir='ltr'>adhuc</span> <span class='ocrx_word' id='word_1_695' title='bbox 2577 3565 2680 3618; x_wconf 90' lang='lat' dir='ltr'>illis</span> <span class='ocrx_word' id='word_1_696' title='bbox 2709 3564 2923 3631; x_wconf 82' lang='lat' dir='ltr'>diebus,</span> <span class='ocrx_word' id='word_1_697' title='bbox 2958 3581 3022 3619; x_wconf 89' lang='lat' dir='ltr'>ex</span> <span class='ocrx_word' id='word_1_698' title='bbox 3054 3563 3269 3634; x_wconf 87' lang='lat' dir='ltr'>antiqua</span> <span class='ocrx_word' id='word_1_699' title='bbox 3298 3564 3597 3636; x_wconf 87' lang='lat' dir='ltr'>Anglorum</span> <span class='ocrx_word' id='word_1_700' title='bbox 3649 3562 3738 3616; x_wconf 92' lang='lat' dir='ltr'>in-</span> 
     </span>
    </p>
   </div>
   <div class='ocr_carea' id='block_1_88' title="bbox 2144 3651 3744 3726">
    <p class='ocr_par' dir='ltr' id='par_1_88' title="bbox 2144 3651 3744 3726">
     <span class='ocr_line' id='line_1_88' title="bbox 2144 3651 3744 3726; baseline -0.002 -17"><span class='ocrx_word' id='word_1_701' title='bbox 2144 3655 2464 3726; x_wconf 81' lang='lat' dir='ltr'>genuitate,</span> <span class='ocrx_word' id='word_1_702' title='bbox 2536 3654 2876 3709; x_wconf 83' lang='lat' dir='ltr'>divitiaruum</span> <span class='ocrx_word' id='word_1_703' title='bbox 2934 3654 3182 3725; x_wconf 86' lang='lat' dir='ltr'>quaedam</span> <span class='ocrx_word' id='word_1_704' title='bbox 3242 3652 3474 3725; x_wconf 71' lang='lat' dir='ltr'>vestigia</span> <span class='ocrx_word' id='word_1_705' title='bbox 3507 3651 3744 3708; x_wconf 77' lang='lat' dir='ltr'>arridere</span> 
     </span>
    </p>
   </div>
   <div class='ocr_carea' id='block_1_89' title="bbox 2146 3741 3742 3814">
    <p class='ocr_par' dir='ltr' id='par_1_89' title="bbox 2146 3741 3742 3814">
     <span class='ocr_line' id='line_1_89' title="bbox 2146 3741 3742 3814; baseline -0.002 -16"><span class='ocrx_word' id='word_1_706' title='bbox 2146 3744 2496 3810; x_wconf 88' lang='lat' dir='ltr'>videbantur,</span> <span class='ocrx_word' id='word_1_707' title='bbox 2529 3744 2673 3813; x_wconf 87' lang='lat' dir='ltr'>capti</span> <span class='ocrx_word' id='word_1_708' title='bbox 2703 3751 2844 3810; x_wconf 78' lang='lat' dir='ltr'>sunt,</span> <span class='ocrx_word' id='word_1_709' title='bbox 2878 3751 2929 3796; x_wconf 92' lang='lat' dir='ltr'>et</span> <span class='ocrx_word' id='word_1_710' title='bbox 2960 3742 3270 3797; x_wconf 89' lang='lat' dir='ltr'>calumniati</span> <span class='ocrx_word' id='word_1_711' title='bbox 3303 3744 3416 3812; x_wconf 79' lang='lat'>(20)</span> <span class='ocrx_word' id='word_1_712' title='bbox 3447 3741 3597 3814; x_wconf 87' lang='lat' dir='ltr'>quod</span> <span class='ocrx_word' id='word_1_713' title='bbox 3627 3756 3742 3796; x_wconf 85' lang='lat' dir='ltr'>cer-</span> 
     </span>
    </p>
   </div>
   <div class='ocr_carea' id='block_1_90' title="bbox 2144 3830 3730 3904">
    <p class='ocr_par' dir='ltr' id='par_1_90' title="bbox 2144 3830 3730 3904">
     <span class='ocr_line' id='line_1_90' title="bbox 2144 3830 3730 3904; baseline -0.001 -18"><span class='ocrx_word' id='word_1_714' title='bbox 2144 3848 2243 3887; x_wconf 88' lang='lat' dir='ltr'>vos</span> <span class='ocrx_word' id='word_1_715' title='bbox 2274 3833 2417 3904; x_wconf 89' lang='lat' dir='ltr'>regis</span> <span class='ocrx_word' id='word_1_716' title='bbox 2444 3832 2684 3903; x_wconf 84' lang='lat' dir='ltr'>ceperint</span> <span class='ocrx_word' id='word_1_717' title='bbox 2717 3831 2814 3901; x_wconf 77' lang='lat' dir='ltr'>(a),</span> <span class='ocrx_word' id='word_1_718' title='bbox 2850 3832 3224 3896; x_wconf 86' lang='lat' dir='ltr'>mactaverint,</span> <span class='ocrx_word' id='word_1_719' title='bbox 3258 3830 3730 3885; x_wconf 88' lang='lat' dir='ltr'>manducaverint.</span> 
     </span>
    </p>
   </div>
   <div class='ocr_carea' id='block_1_91' title="bbox 2143 3918 3739 3994">
    <p class='ocr_par' dir='ltr' id='par_1_91' title="bbox 2143 3918 3739 3994">
     <span class='ocr_line' id='line_1_91' title="bbox 2143 3918 3739 3994; baseline -0.002 -19"><span class='ocrx_word' id='word_1_720' title='bbox 2143 3922 2359 3994; x_wconf 87' lang='lat' dir='ltr'>Negant</span> <span class='ocrx_word' id='word_1_721' title='bbox 2390 3921 2463 3975; x_wconf 91' lang='lat' dir='ltr'>illi</span> <span class='ocrx_word' id='word_1_722' title='bbox 2489 3939 2500 3983; x_wconf 90' lang='lat'>;</span> <span class='ocrx_word' id='word_1_723' title='bbox 2533 3921 2676 3975; x_wconf 91' lang='lat' dir='ltr'>unde</span> <span class='ocrx_word' id='word_1_724' title='bbox 2704 3920 2887 3975; x_wconf 90' lang='lat' dir='ltr'>statim</span> <span class='ocrx_word' id='word_1_725' title='bbox 2910 3919 3255 3990; x_wconf 90' lang='lat' dir='ltr'>adjudicium</span> <span class='ocrx_word' id='word_1_726' title='bbox 3275 3918 3739 3990; x_wconf 84' lang='lat' dir='ltr'>raptijudicantur</span> 
     </span>
    </p>
   </div>
   <div class='ocr_carea' id='block_1_92' title="bbox 2144 4007 3741 4080">
    <p class='ocr_par' dir='ltr' id='par_1_92' title="bbox 2144 4007 3741 4080">
     <span class='ocr_line' id='line_1_92' title="bbox 2144 4007 3741 4080; baseline -0.001 -16"><span class='ocrx_word' id='word_1_727' title='bbox 2144 4010 2392 4080; x_wconf 83' lang='lat' dir='ltr'>injectam</span> <span class='ocrx_word' id='word_1_728' title='bbox 2430 4010 2755 4065; x_wconf 88' lang='lat' dir='ltr'>calumniam</span> <span class='ocrx_word' id='word_1_729' title='bbox 2788 4010 2898 4079; x_wconf 76' lang='lat'>(&#39;21)</span> <span class='ocrx_word' id='word_1_730' title='bbox 2930 4008 3178 4063; x_wconf 80' lang='lat' dir='ltr'>examine</span> <span class='ocrx_word' id='word_1_731' title='bbox 3205 4007 3355 4080; x_wconf 88' lang='lat' dir='ltr'>igniti</span> <span class='ocrx_word' id='word_1_732' title='bbox 3381 4009 3450 4077; x_wconf 91' lang='lat' dir='ltr'>(b)</span> <span class='ocrx_word' id='word_1_733' title='bbox 3475 4007 3606 4062; x_wconf 91' lang='lat' dir='ltr'>ferri</span> <span class='ocrx_word' id='word_1_734' title='bbox 3630 4023 3660 4061; x_wconf 93' lang='lat' dir='ltr'>a</span> <span class='ocrx_word' id='word_1_735' title='bbox 3684 4024 3741 4062; x_wconf 90' lang='lat' dir='ltr'>se</span> 
     </span>
    </p>
   </div>
   <div class='ocr_carea' id='block_1_93' title="bbox 2148 4095 3742 4170">
    <p class='ocr_par' dir='ltr' id='par_1_93' title="bbox 2148 4095 3742 4170">
     <span class='ocr_line' id='line_1_93' title="bbox 2148 4095 3742 4170; baseline -0.001 -17"><span class='ocrx_word' id='word_1_736' title='bbox 2148 4099 2464 4170; x_wconf 89' lang='lat' dir='ltr'>propulsare</span> <span class='ocrx_word' id='word_1_737' title='bbox 2494 4098 2714 4153; x_wconf 88' lang='lat' dir='ltr'>debere.</span> <span class='ocrx_word' id='word_1_738' title='bbox 2749 4098 2955 4152; x_wconf 88' lang='lat' dir='ltr'>Statuto</span> <span class='ocrx_word' id='word_1_739' title='bbox 2987 4097 3166 4168; x_wconf 88' lang='lat' dir='ltr'>itaque</span> <span class='ocrx_word' id='word_1_740' title='bbox 3197 4096 3303 4165; x_wconf 86' lang='lat' dir='ltr'>die,</span> <span class='ocrx_word' id='word_1_741' title='bbox 3338 4095 3539 4168; x_wconf 61' lang='lat' dir='ltr'>praeﬁxi</span> <span class='ocrx_word' id='word_1_742' title='bbox 3566 4112 3742 4167; x_wconf 60' lang='lat' dir='ltr'>pinna</span> 
     </span>
    </p>
   </div>
   <div class='ocr_carea' id='block_1_94' title="bbox 2142 4185 3738 4261">
    <p class='ocr_par' dir='ltr' id='par_1_94' title="bbox 2142 4185 3738 4261">
     <span class='ocr_line' id='line_1_94' title="bbox 2142 4185 3738 4261; baseline 0 -20"><span class='ocrx_word' id='word_1_743' title='bbox 2142 4188 2329 4258; x_wconf 81' lang='lat' dir='ltr'>judicii</span> <span class='ocrx_word' id='word_1_744' title='bbox 2356 4187 2555 4261; x_wconf 74' lang='lat' dir='ltr'>pariter</span> <span class='ocrx_word' id='word_1_745' title='bbox 2584 4187 2792 4242; x_wconf 87' lang='lat' dir='ltr'>subacti</span> <span class='ocrx_word' id='word_1_746' title='bbox 2823 4194 2952 4241; x_wconf 90' lang='lat' dir='ltr'>sunt</span> <span class='ocrx_word' id='word_1_747' title='bbox 2983 4193 3186 4240; x_wconf 87' lang='lat' dir='ltr'>remota</span> <span class='ocrx_word' id='word_1_748' title='bbox 3216 4186 3412 4256; x_wconf 87' lang='lat' dir='ltr'>pietate</span> <span class='ocrx_word' id='word_1_749' title='bbox 3459 4194 3510 4240; x_wconf 93' lang='lat' dir='ltr'>et</span> <span class='ocrx_word' id='word_1_750' title='bbox 3566 4185 3738 4241; x_wconf 89' lang='lat' dir='ltr'>mise-</span> 
     </span>
    </p>
   </div>
   <div class='ocr_carea' id='block_1_95' title="bbox 2144 4274 3738 4347">
    <p class='ocr_par' dir='ltr' id='par_1_95' title="bbox 2144 4274 3738 4347">
     <span class='ocr_line' id='line_1_95' title="bbox 2144 4274 3738 4347; baseline -0.001 -17"><span class='ocrx_word' id='word_1_751' title='bbox 2144 4276 2398 4332; x_wconf 89' lang='lat' dir='ltr'>ricordia.</span> <span class='ocrx_word' id='word_1_752' title='bbox 2433 4276 2557 4329; x_wconf 89' lang='lat' dir='ltr'>Erat</span> <span class='ocrx_word' id='word_1_753' title='bbox 2586 4290 2717 4347; x_wconf 85' lang='lat' dir='ltr'>ergo</span> <span class='ocrx_word' id='word_1_754' title='bbox 2748 4274 3021 4328; x_wconf 86' lang='lat' dir='ltr'>miseriam</span> <span class='ocrx_word' id='word_1_755' title='bbox 3054 4274 3257 4328; x_wconf 89' lang='lat' dir='ltr'>videre.</span> <span class='ocrx_word' id='word_1_756' title='bbox 3308 4275 3506 4329; x_wconf 80' lang='lat' dir='ltr'>Verum</span> <span class='ocrx_word' id='word_1_757' title='bbox 3555 4274 3738 4329; x_wconf 90' lang='lat' dir='ltr'>omni-</span> 
     </span>
    </p>
   </div>
   <div class='ocr_carea' id='block_1_96' title="bbox 2144 4362 3737 4435">
    <p class='ocr_par' dir='ltr' id='par_1_96' title="bbox 2144 4362 3737 4435">
     <span class='ocr_line' id='line_1_96' title="bbox 2144 4362 3737 4435; baseline 0 -16"><span class='ocrx_word' id='word_1_758' title='bbox 2144 4375 2335 4435; x_wconf 80' lang='lat' dir='ltr'>potens</span> <span class='ocrx_word' id='word_1_759' title='bbox 2366 4365 2530 4430; x_wconf 88' lang='lat' dir='ltr'>Deus,</span> <span class='ocrx_word' id='word_1_760' title='bbox 2564 4364 2646 4418; x_wconf 84' lang='lat' dir='ltr'>cui</span> <span class='ocrx_word' id='word_1_761' title='bbox 2688 4362 3115 4418; x_wconf 87' lang='lat' dir='ltr'>misericordiam</span> <span class='ocrx_word' id='word_1_762' title='bbox 3170 4371 3223 4417; x_wconf 91' lang='lat' dir='ltr'>et</span> <span class='ocrx_word' id='word_1_763' title='bbox 3273 4362 3535 4433; x_wconf 90' lang='lat' dir='ltr'>judicium</span> <span class='ocrx_word' id='word_1_764' title='bbox 3592 4365 3737 4419; x_wconf 89' lang='lat' dir='ltr'>canit</span> 
     </span>
    </p>
   </div>
   <div class='ocr_carea' id='block_1_97' title="bbox 2143 4451 3745 4523">
    <p class='ocr_par' dir='ltr' id='par_1_97' title="bbox 2143 4451 3745 4523">
     <span class='ocr_line' id='line_1_97' title="bbox 2143 4451 3745 4523; baseline 0.001 -17"><span class='ocrx_word' id='word_1_765' title='bbox 2143 4454 2439 4508; x_wconf 86' lang='lat' dir='ltr'>Davidicus</span> <span class='ocrx_word' id='word_1_766' title='bbox 2467 4452 2728 4523; x_wconf 86' lang='lat' dir='ltr'>psalmus,</span> <span class='ocrx_word' id='word_1_767' title='bbox 2764 4451 3067 4506; x_wconf 88' lang='lat' dir='ltr'>innocentia</span> <span class='ocrx_word' id='word_1_768' title='bbox 3098 4467 3306 4516; x_wconf 88' lang='lat' dir='ltr'>eorum,</span> <span class='ocrx_word' id='word_1_769' title='bbox 3340 4451 3569 4506; x_wconf 84' lang='lat' dir='ltr'>servatis</span> <span class='ocrx_word' id='word_1_770' title='bbox 3587 4452 3745 4507; x_wconf 89' lang='lat' dir='ltr'>mise-</span> 
     </span>
    </p>
   </div>
   <div class='ocr_carea' id='block_1_98' title="bbox 2138 4539 3743 4606">
    <p class='ocr_par' dir='ltr' id='par_1_98' title="bbox 2138 4539 3743 4606">
     <span class='ocr_line' id='line_1_98' title="bbox 2138 4539 3743 4606; baseline -0.001 -11"><span class='ocrx_word' id='word_1_771' title='bbox 2138 4543 2429 4597; x_wconf 76' lang='lat' dir='ltr'>ricordater</span> <span class='ocrx_word' id='word_1_772' title='bbox 2457 4542 2524 4595; x_wconf 89' lang='lat' dir='ltr'>ab</span> <span class='ocrx_word' id='word_1_773' title='bbox 2574 4540 2853 4595; x_wconf 86' lang='lat' dir='ltr'>exustione</span> <span class='ocrx_word' id='word_1_774' title='bbox 2908 4539 3156 4594; x_wconf 89' lang='lat' dir='ltr'>manibus</span> <span class='ocrx_word' id='word_1_775' title='bbox 3212 4539 3473 4606; x_wconf 91' lang='lat' dir='ltr'>omnium,</span> <span class='ocrx_word' id='word_1_776' title='bbox 3533 4541 3743 4596; x_wconf 83' lang='lat' dir='ltr'>cunctis</span> 
     </span>
    </p>
   </div>
   <div class='ocr_carea' id='block_1_99' title="bbox 2137 4623 3741 4693">
    <p class='ocr_par' dir='ltr' id='par_1_99' title="bbox 2137 4623 3741 4693">
     <span class='ocr_line' id='line_1_99' title="bbox 2137 4623 3741 4693; baseline -0.001 -12"><span class='ocrx_word' id='word_1_777' title='bbox 2137 4627 2391 4687; x_wconf 80' lang='lat' dir='ltr'>ostendit.</span> <span class='ocrx_word' id='word_1_778' title='bbox 2424 4634 2477 4680; x_wconf 88' lang='lat' dir='ltr'>et</span> <span class='ocrx_word' id='word_1_779' title='bbox 2502 4625 2712 4678; x_wconf 88' lang='lat' dir='ltr'>malitia</span> <span class='ocrx_word' id='word_1_780' title='bbox 2743 4624 3021 4678; x_wconf 87' lang='lat' dir='ltr'>hominum</span> <span class='ocrx_word' id='word_1_781' title='bbox 3080 4640 3176 4678; x_wconf 90' lang='lat' dir='ltr'>eos</span> <span class='ocrx_word' id='word_1_782' title='bbox 3234 4624 3400 4693; x_wconf 89' lang='lat' dir='ltr'>impie</span> <span class='ocrx_word' id='word_1_783' title='bbox 3456 4623 3741 4681; x_wconf 85' lang='lat' dir='ltr'>destruere</span> 
     </span>
    </p>
   </div>
   <div class='ocr_carea' id='block_1_100' title="bbox 2137 4712 3740 4786">
    <p class='ocr_par' dir='ltr' id='par_1_100' title="bbox 2137 4712 3740 4786">
     <span class='ocr_line' id='line_1_100' title="bbox 2137 4712 3740 4786; baseline -0.001 -16"><span class='ocrx_word' id='word_1_784' title='bbox 2137 4715 2462 4786; x_wconf 87' lang='lat' dir='ltr'>cupientium</span> <span class='ocrx_word' id='word_1_785' title='bbox 2494 4729 2654 4785; x_wconf 87' lang='lat' dir='ltr'>quam</span> <span class='ocrx_word' id='word_1_786' title='bbox 2677 4712 2874 4783; x_wconf 88' lang='lat' dir='ltr'>injusta</span> <span class='ocrx_word' id='word_1_787' title='bbox 2900 4712 3087 4776; x_wconf 84' lang='lat' dir='ltr'>fuerit,</span> <span class='ocrx_word' id='word_1_788' title='bbox 3115 4714 3266 4782; x_wconf 89' lang='lat' dir='ltr'>justo</span> <span class='ocrx_word' id='word_1_789' title='bbox 3291 4712 3496 4782; x_wconf 91' lang='lat' dir='ltr'>judicio</span> <span class='ocrx_word' id='word_1_790' title='bbox 3553 4713 3740 4768; x_wconf 85' lang='lat' dir='ltr'>decla-</span> 
     </span>
    </p>
   </div>
   <div class='ocr_carea' id='block_1_101' title="bbox 2137 4800 3742 4875">
    <p class='ocr_par' dir='ltr' id='par_1_101' title="bbox 2137 4800 3742 4875">
     <span class='ocr_line' id='line_1_101' title="bbox 2137 4800 3742 4875; baseline 0 -18"><span class='ocrx_word' id='word_1_791' title='bbox 2137 4804 2301 4858; x_wconf 84' lang='lat' dir='ltr'>ravit.</span> <span class='ocrx_word' id='word_1_792' title='bbox 2340 4802 2508 4875; x_wconf 88' lang='lat' dir='ltr'>Igitur</span> <span class='ocrx_word' id='word_1_793' title='bbox 2532 4818 2651 4855; x_wconf 90' lang='lat' dir='ltr'>cum</span> <span class='ocrx_word' id='word_1_794' title='bbox 2683 4802 2914 4871; x_wconf 87' lang='lat' dir='ltr'>principi</span> <span class='ocrx_word' id='word_1_795' title='bbox 2945 4810 3086 4857; x_wconf 82' lang='lat' dir='ltr'>esset</span> <span class='ocrx_word' id='word_1_796' title='bbox 3115 4800 3343 4856; x_wconf 87' lang='lat' dir='ltr'>relatum</span> <span class='ocrx_word' id='word_1_797' title='bbox 3402 4800 3742 4857; x_wconf 78' lang='lat' dir='ltr'>condemna-</span> 
     </span>
    </p>
   </div>
   <div class='ocr_carea' id='block_1_102' title="bbox 2139 4889 3741 4961">
    <p class='ocr_par' dir='ltr' id='par_1_102' title="bbox 2139 4889 3741 4961">
     <span class='ocr_line' id='line_1_102' title="bbox 2139 4889 3741 4961; baseline -0.001 -14"><span class='ocrx_word' id='word_1_798' title='bbox 2139 4902 2220 4947; x_wconf 89' lang='lat' dir='ltr'>tos</span> <span class='ocrx_word' id='word_1_799' title='bbox 2249 4892 2370 4946; x_wconf 92' lang='lat' dir='ltr'>illos</span> <span class='ocrx_word' id='word_1_800' title='bbox 2399 4890 2556 4945; x_wconf 90' lang='lat' dir='ltr'>tertio</span> <span class='ocrx_word' id='word_1_801' title='bbox 2582 4889 2774 4961; x_wconf 85' lang='lat' dir='ltr'>judicii</span> <span class='ocrx_word' id='word_1_802' title='bbox 2804 4889 2892 4946; x_wconf 91' lang='lat' dir='ltr'>die</span> <span class='ocrx_word' id='word_1_803' title='bbox 2922 4890 3083 4945; x_wconf 91' lang='lat' dir='ltr'>simul</span> <span class='ocrx_word' id='word_1_804' title='bbox 3116 4906 3311 4947; x_wconf 92' lang='lat' dir='ltr'>omnes</span> <span class='ocrx_word' id='word_1_805' title='bbox 3340 4889 3533 4944; x_wconf 88' lang='lat' dir='ltr'>inustis</span> <span class='ocrx_word' id='word_1_806' title='bbox 3561 4889 3741 4945; x_wconf 84' lang='lat' dir='ltr'>mani-</span> 
     </span>
    </p>
   </div>
   <div class='ocr_carea' id='block_1_103' title="bbox 1742 5032 2442 5090">
    <p class='ocr_par' dir='ltr' id='par_1_103' title="bbox 1742 5032 2442 5090">
     <span class='ocr_line' id='line_1_103' title="bbox 1742 5032 2442 5090; baseline -0.003 -1"><span class='ocrx_word' id='word_1_807' title='bbox 1742 5034 2177 5090; x_wconf 81' lang='lat' dir='ltr'>HENSCHENII</span> <span class='ocrx_word' id='word_1_808' title='bbox 2214 5032 2442 5089; x_wconf 72' lang='grc' dir='ltr'>ΝΟΤιΕ.</span> 
     </span>
    </p>
   </div>
   <div class='ocr_carea' id='block_1_104' title="bbox 480 5156 2021 5230">
    <p class='ocr_par' dir='ltr' id='par_1_104' title="bbox 480 5156 2021 5230">
     <span class='ocr_line' id='line_1_104' title="bbox 480 5156 2021 5230; baseline 0.002 -22"><span class='ocrx_word' id='word_1_809' title='bbox 480 5156 599 5230; x_wconf 45' lang='lat' dir='ltr'>(eis</span> <span class='ocrx_word' id='word_1_810' title='bbox 618 5156 971 5230; x_wconf 85' lang='lat' dir='ltr'>Venationes,</span> <span class='ocrx_word' id='word_1_811' title='bbox 987 5158 1687 5230; x_wconf 82' lang='lat' dir='ltr'>inquitMalmesburiensis,</span> <span class='ocrx_word' id='word_1_812' title='bbox 1704 5174 1835 5228; x_wconf 88' lang='lat' dir='ltr'>quas</span> <span class='ocrx_word' id='word_1_813' title='bbox 1847 5158 2021 5228; x_wconf 90' lang='lat' dir='ltr'>primo</span> 
     </span>
    </p>
   </div>
   <div class='ocr_carea' id='block_1_105' title="bbox 429 5227 2021 5300">
    <p class='ocr_par' dir='ltr' id='par_1_105' title="bbox 429 5227 2021 5300">
     <span class='ocr_line' id='line_1_105' title="bbox 429 5227 2021 5300; baseline 0 -18"><span class='ocrx_word' id='word_1_814' title='bbox 429 5227 748 5297; x_wconf 89' lang='lat' dir='ltr'>indulserat,</span> <span class='ocrx_word' id='word_1_815' title='bbox 782 5228 918 5283; x_wconf 87' lang='lat' dir='ltr'>adeo</span> <span class='ocrx_word' id='word_1_816' title='bbox 949 5227 1244 5299; x_wconf 79' lang='lat' dir='ltr'>prohibuit,</span> <span class='ocrx_word' id='word_1_817' title='bbox 1276 5237 1334 5282; x_wconf 90' lang='lat' dir='ltr'>ut</span> <span class='ocrx_word' id='word_1_818' title='bbox 1359 5230 1587 5298; x_wconf 87' lang='lat' dir='ltr'>capitale</span> <span class='ocrx_word' id='word_1_819' title='bbox 1614 5227 1755 5283; x_wconf 82' lang='lat' dir='ltr'>esset</span> <span class='ocrx_word' id='word_1_820' title='bbox 1812 5229 2021 5300; x_wconf 90' lang='lat' dir='ltr'>suppli-</span> 
     </span>
    </p>
   </div>
   <div class='ocr_carea' id='block_1_106' title="bbox 426 5300 2023 5369">
    <p class='ocr_par' dir='ltr' id='par_1_106' title="bbox 426 5300 2023 5369">
     <span class='ocr_line' id='line_1_106' title="bbox 426 5300 2023 5369; baseline -0.001 -15"><span class='ocrx_word' id='word_1_821' title='bbox 426 5300 591 5367; x_wconf 91' lang='lat' dir='ltr'>cium,</span> <span class='ocrx_word' id='word_1_822' title='bbox 626 5300 961 5369; x_wconf 87' lang='lat' dir='ltr'>prendidisse</span> <span class='ocrx_word' id='word_1_823' title='bbox 992 5315 1213 5369; x_wconf 89' lang='lat' dir='ltr'>cervum</span> <span class='ocrx_word' id='word_1_824' title='bbox 1248 5317 1260 5351; x_wconf 89' lang='lat'><strong>:</strong></span> <span class='ocrx_word' id='word_1_825' title='bbox 1302 5323 1321 5345; x_wconf 73' lang='grc' dir='ltr'><strong><em>η</em></strong></span> <span class='ocrx_word' id='word_1_826' title='bbox 1358 5316 1516 5369; x_wconf 90' lang='lat' dir='ltr'>quam</span> <span class='ocrx_word' id='word_1_827' title='bbox 1539 5300 1828 5364; x_wconf 82' lang='lat' dir='ltr'>insaniam,</span> <span class='ocrx_word' id='word_1_828' title='bbox 1892 5316 2023 5368; x_wconf 87' lang='lat' dir='ltr'>per-</span> 
     </span>
    </p>
   </div>
   <div class='ocr_carea' id='block_1_107' title="bbox 427 5368 2026 5443">
    <p class='ocr_par' dir='ltr' id='par_1_107' title="bbox 427 5368 2026 5443">
     <span class='ocr_line' id='line_1_107' title="bbox 427 5368 2026 5443; baseline -0.001 -18"><span class='ocrx_word' id='word_1_829' title='bbox 427 5370 605 5443; x_wconf 84' lang='lat' dir='ltr'>dentis</span> <span class='ocrx_word' id='word_1_830' title='bbox 630 5368 925 5443; x_wconf 10' lang='lat' dir='ltr'>iholninem</span> <span class='ocrx_word' id='word_1_831' title='bbox 958 5384 1089 5443; x_wconf 90' lang='lat' dir='ltr'>_pro_</span> <span class='ocrx_word' id='word_1_832' title='bbox 1119 5368 1389 5443; x_wconf 57' lang='lat' dir='ltr'>bestiola,</span> <span class='ocrx_word' id='word_1_833' title='bbox 1410 5371 1657 5443; x_wconf 62' lang='lat' dir='ltr'>egregie</span> <span class='ocrx_word' id='word_1_834' title='bbox 1713 5370 2026 5443; x_wconf 84' lang='lat' dir='ltr'>perstringit</span> 
     </span>
    </p>
   </div>
   <div class='ocr_carea' id='block_1_108' title="bbox 431 5439 2020 5512">
    <p class='ocr_par' dir='ltr' id='par_1_108' title="bbox 431 5439 2020 5512">
     <span class='ocr_line' id='line_1_108' title="bbox 431 5439 2020 5512; baseline 0 -18"><span class='ocrx_word' id='word_1_835' title='bbox 431 5441 670 5496; x_wconf 83' lang='lat' dir='ltr'>Joannes</span> <span class='ocrx_word' id='word_1_836' title='bbox 698 5439 1122 5495; x_wconf 86' lang='lat' dir='ltr'>Sarisburiensis</span> <span class='ocrx_word' id='word_1_837' title='bbox 1179 5439 1275 5494; x_wconf 89' lang='lat' dir='ltr'>lib.</span> <span class='ocrx_word' id='word_1_838' title='bbox 1332 5457 1347 5493; x_wconf 90' lang='grc' dir='ltr'>ι</span> <span class='ocrx_word' id='word_1_839' title='bbox 1394 5439 1492 5496; x_wconf 71' lang='grc' dir='ltr'>ἀρ’</span> <span class='ocrx_word' id='word_1_840' title='bbox 1520 5439 1679 5512; x_wconf 79' lang='lat' dir='ltr'>hugis</span> <span class='ocrx_word' id='word_1_841' title='bbox 1718 5439 2020 5505; x_wconf 77' lang='lat' dir='ltr'>curialium,</span> 
     </span>
    </p>
   </div>
   <div class='ocr_carea' id='block_1_109' title="bbox 430 5514 637 5566">
    <p class='ocr_par' dir='ltr' id='par_1_109' title="bbox 430 5514 637 5566">
     <span class='ocr_line' id='line_1_109' title="bbox 430 5514 637 5566; baseline -0.01 0"><span class='ocrx_word' id='word_1_842' title='bbox 430 5528 550 5566; x_wconf 90' lang='lat' dir='ltr'>can.</span> <span class='ocrx_word' id='word_1_843' title='bbox 584 5514 637 5565; x_wconf 75' lang='grc'>4.</span> 
     </span>
    </p>
   </div>
   <div class='ocr_carea' id='block_1_110' title="bbox 498 5528 2027 5652">
    <p class='ocr_par' dir='ltr' id='par_1_110' title="bbox 498 5528 2027 5652">
     <span class='ocr_line' id='line_1_110' title="bbox 498 5528 2027 5652; baseline -0.001 -16"><span class='ocrx_word' id='word_1_844' title='bbox 498 5528 815 5652; x_wconf 37' lang='grc' dir='ltr'>ἵδΐέὶωὶὶίε</span> <span class='ocrx_word' id='word_1_845' title='bbox 843 5579 1109 5652; x_wconf 83' lang='lat' dir='ltr'>examinis</span> <span class='ocrx_word' id='word_1_846' title='bbox 1136 5581 1443 5652; x_wconf 85' lang='lat' dir='ltr'>exemplum</span> <span class='ocrx_word' id='word_1_847' title='bbox 1485 5583 1598 5652; x_wconf 90' lang='lat' dir='ltr'>jam</span> <span class='ocrx_word' id='word_1_848' title='bbox 1656 5581 1892 5637; x_wconf 88' lang='lat' dir='ltr'>vidimus</span> <span class='ocrx_word' id='word_1_849' title='bbox 1941 5581 2027 5635; x_wconf 90' lang='lat' dir='ltr'>dei</span> 
     </span>
    </p>
   </div>
   <div class='ocr_carea' id='block_1_111' title="bbox 437 5648 2029 5729">
    <p class='ocr_par' dir='ltr' id='par_1_111' title="bbox 437 5648 2029 5729">
     <span class='ocr_line' id='line_1_111' title="bbox 437 5648 2029 5729; baseline 0 -22"><span class='ocrx_word' id='word_1_850' title='bbox 437 5648 766 5729; x_wconf 84' lang='lat' dir='ltr'>praecedenti</span> <span class='ocrx_word' id='word_1_851' title='bbox 798 5651 852 5707; x_wconf 91' lang='lat' dir='ltr'>in</span> <span class='ocrx_word' id='word_1_852' title='bbox 886 5651 1001 5706; x_wconf 87' lang='lat' dir='ltr'>Vita</span> <span class='ocrx_word' id='word_1_853' title='bbox 1031 5651 1089 5705; x_wconf 88' lang='grc' dir='ltr'>Β.</span> <span class='ocrx_word' id='word_1_854' title='bbox 1123 5648 1503 5724; x_wconf 67' lang='lat' dir='ltr'>HildegundisI</span> <span class='ocrx_word' id='word_1_855' title='bbox 1532 5652 1797 5708; x_wconf 88' lang='lat' dir='ltr'>Seldenus</span> <span class='ocrx_word' id='word_1_856' title='bbox 1850 5659 2029 5707; x_wconf 87' lang='lat' dir='ltr'>autem</span> 
     </span>
    </p>
   </div>
   <div class='ocr_carea' id='block_1_112' title="bbox 2131 5155 3741 5227">
    <p class='ocr_par' dir='ltr' id='par_1_112' title="bbox 2131 5155 3741 5227">
     <span class='ocr_line' id='line_1_112' title="bbox 2131 5155 3741 5227; baseline 0.001 -16"><span class='ocrx_word' id='word_1_857' title='bbox 2131 5159 2187 5212; x_wconf 93' lang='lat' dir='ltr'>in</span> <span class='ocrx_word' id='word_1_858' title='bbox 2216 5156 2513 5227; x_wconf 77' lang='lat' dir='ltr'>Spicilegio</span> <span class='ocrx_word' id='word_1_859' title='bbox 2544 5155 2610 5211; x_wconf 91' lang='lat' dir='ltr'>ad</span> <span class='ocrx_word' id='word_1_860' title='bbox 2639 5156 2783 5211; x_wconf 83' lang='lat' dir='ltr'>hunc</span> <span class='ocrx_word' id='word_1_861' title='bbox 2806 5157 2981 5212; x_wconf 91' lang='lat' dir='ltr'>locum</span> <span class='ocrx_word' id='word_1_862' title='bbox 3006 5165 3153 5212; x_wconf 91' lang='lat' dir='ltr'>notat</span> <span class='ocrx_word' id='word_1_863' title='bbox 3176 5156 3337 5227; x_wconf 87' lang='lat' dir='ltr'>hujus</span> <span class='ocrx_word' id='word_1_864' title='bbox 3359 5171 3425 5212; x_wconf 89' lang='lat' dir='ltr'>ac</span> <span class='ocrx_word' id='word_1_865' title='bbox 3444 5157 3637 5212; x_wconf 88' lang='lat' dir='ltr'>similis</span> <span class='ocrx_word' id='word_1_866' title='bbox 3652 5158 3741 5227; x_wconf 88' lang='lat' dir='ltr'>ju-</span> 
     </span>
    </p>
   </div>
   <div class='ocr_carea' id='block_1_113' title="bbox 2132 5227 3741 5298">
    <p class='ocr_par' dir='ltr' id='par_1_113' title="bbox 2132 5227 3741 5298">
     <span class='ocr_line' id='line_1_113' title="bbox 2132 5227 3741 5298; baseline 0.001 -15"><span class='ocrx_word' id='word_1_867' title='bbox 2132 5229 2281 5294; x_wconf 89' lang='lat' dir='ltr'>dicii,</span> <span class='ocrx_word' id='word_1_868' title='bbox 2316 5229 2458 5298; x_wconf 89' lang='lat' dir='ltr'>quod</span> <span class='ocrx_word' id='word_1_869' title='bbox 2491 5227 2686 5283; x_wconf 80' lang='lat' dir='ltr'>ordald</span> <span class='ocrx_word' id='word_1_870' title='bbox 2693 5245 2787 5283; x_wconf 87' lang='lat' dir='ltr'>um</span> <span class='ocrx_word' id='word_1_871' title='bbox 2808 5236 3021 5283; x_wconf 89' lang='lat' dir='ltr'>veteres</span> <span class='ocrx_word' id='word_1_872' title='bbox 3042 5229 3292 5285; x_wconf 80' lang='lat' dir='ltr'>Saxones</span> <span class='ocrx_word' id='word_1_873' title='bbox 3307 5229 3565 5284; x_wconf 89' lang='lat' dir='ltr'>dicebant</span> <span class='ocrx_word' id='word_1_874' title='bbox 3582 5230 3741 5297; x_wconf 86' lang='lat' dir='ltr'>(Alc-</span> 
     </span>
    </p>
   </div>
   <div class='ocr_carea' id='block_1_114' title="bbox 2134 5298 3736 5369">
    <p class='ocr_par' dir='ltr' id='par_1_114' title="bbox 2134 5298 3736 5369">
     <span class='ocr_line' id='line_1_114' title="bbox 2134 5298 3736 5369; baseline 0.001 -16"><span class='ocrx_word' id='word_1_875' title='bbox 2134 5301 2317 5353; x_wconf 89' lang='lat' dir='ltr'>manni</span> <span class='ocrx_word' id='word_1_876' title='bbox 2353 5300 2588 5365; x_wconf 80' lang='lat' dir='ltr'>urtheil,</span> <span class='ocrx_word' id='word_1_877' title='bbox 2622 5298 2770 5369; x_wconf 86' lang='lat' dir='ltr'>Belgi</span> <span class='ocrx_word' id='word_1_878' title='bbox 2822 5298 3024 5354; x_wconf 70' lang='lat' dir='ltr'>Graeci</span> <span class='ocrx_word' id='word_1_879' title='bbox 3072 5299 3374 5365; x_wconf 88' lang='lat' dir='ltr'>nominant)</span> <span class='ocrx_word' id='word_1_880' title='bbox 3430 5300 3736 5355; x_wconf 86' lang='lat' dir='ltr'>exolevisse</span> 
     </span>
    </p>
   </div>
   <div class='ocr_carea' id='block_1_115' title="bbox 2133 5369 3738 5440">
    <p class='ocr_par' dir='ltr' id='par_1_115' title="bbox 2133 5369 3738 5440">
     <span class='ocr_line' id='line_1_115' title="bbox 2133 5369 3738 5440; baseline -0.001 -15"><span class='ocrx_word' id='word_1_881' title='bbox 2133 5386 2293 5425; x_wconf 91' lang='lat' dir='ltr'>usum</span> <span class='ocrx_word' id='word_1_882' title='bbox 2324 5378 2568 5437; x_wconf 90' lang='lat' dir='ltr'>tempore</span> <span class='ocrx_word' id='word_1_883' title='bbox 2598 5369 2816 5424; x_wconf 86' lang='lat' dir='ltr'>Henrici</span> <span class='ocrx_word' id='word_1_884' title='bbox 2847 5371 2941 5435; x_wconf 82' lang='grc' dir='ltr'>ΙΙΙ,</span> <span class='ocrx_word' id='word_1_885' title='bbox 2988 5377 3149 5439; x_wconf 84' lang='lat' dir='ltr'>atque</span> <span class='ocrx_word' id='word_1_886' title='bbox 3202 5371 3366 5440; x_wconf 88' lang='lat' dir='ltr'>hujus</span> <span class='ocrx_word' id='word_1_887' title='bbox 3423 5371 3738 5426; x_wconf 88' lang='lat' dir='ltr'>mandatum</span> 
     </span>
    </p>
   </div>
   <div class='ocr_carea' id='block_1_116' title="bbox 2134 5439 3741 5512">
    <p class='ocr_par' dir='ltr' id='par_1_116' title="bbox 2134 5439 3741 5512">
     <span class='ocr_line' id='line_1_116' title="bbox 2134 5439 3741 5512; baseline -0.001 -15"><span class='ocrx_word' id='word_1_888' title='bbox 2134 5456 2288 5512; x_wconf 85' lang='lat' dir='ltr'>anno</span> <span class='ocrx_word' id='word_1_889' title='bbox 2318 5442 2446 5494; x_wconf 75' lang='lat'>1219</span> <span class='ocrx_word' id='word_1_890' title='bbox 2474 5439 2876 5512; x_wconf 84' lang='lat' dir='ltr'>promulgatum</span> <span class='ocrx_word' id='word_1_891' title='bbox 2908 5439 3287 5512; x_wconf 28' lang='lat' dir='ltr'>exhibet,pro’</span> <span class='ocrx_word' id='word_1_892' title='bbox 3312 5456 3417 5512; x_wconf 89' lang='lat' dir='ltr'>quo</span> <span class='ocrx_word' id='word_1_893' title='bbox 3448 5441 3549 5497; x_wconf 90' lang='lat' dir='ltr'>isto</span> <span class='ocrx_word' id='word_1_894' title='bbox 3596 5457 3741 5496; x_wconf 88' lang='lat' dir='ltr'>anno</span> 
     </span>
    </p>
   </div>
   <div class='ocr_carea' id='block_1_117' title="bbox 2135 5509 3739 5583">
    <p class='ocr_par' dir='ltr' id='par_1_117' title="bbox 2135 5509 3739 5583">
     <span class='ocr_line' id='line_1_117' title="bbox 2135 5509 3739 5583; baseline 0 -18"><span class='ocrx_word' id='word_1_895' title='bbox 2135 5511 2356 5566; x_wconf 85' lang='lat' dir='ltr'>mandat</span> <span class='ocrx_word' id='word_1_896' title='bbox 2379 5509 3039 5583; x_wconf 53' lang='lat' dir='ltr'>justitiariis&#39;quibusdam</span> <span class='ocrx_word' id='word_1_897' title='bbox 3084 5509 3208 5583; x_wconf 73' lang='lat' dir='ltr'>suis</span> <span class='ocrx_word' id='word_1_898' title='bbox 3247 5509 3523 5581; x_wconf 79' lang='lat' dir='ltr'>quemodo</span> <span class='ocrx_word' id='word_1_899' title='bbox 3572 5527 3739 5583; x_wconf 79' lang='lat' dir='ltr'>agere</span> 
     </span>
    </p>
   </div>
   <div class='ocr_carea' id='block_1_118' title="bbox 2135 5581 3737 5653">
    <p class='ocr_par' dir='ltr' id='par_1_118' title="bbox 2135 5581 3737 5653">
     <span class='ocr_line' id='line_1_118' title="bbox 2135 5581 3737 5653; baseline -0.001 -16"><span class='ocrx_word' id='word_1_900' title='bbox 2135 5583 2368 5637; x_wconf 87' lang='lat' dir='ltr'>debeant</span> <span class='ocrx_word' id='word_1_901' title='bbox 2396 5582 2448 5653; x_wconf 84' lang='lat' dir='ltr'>in</span> <span class='ocrx_word' id='word_1_902' title='bbox 2478 5581 2557 5653; x_wconf 83' lang='lat' dir='ltr'>iis</span> <span class='ocrx_word' id='word_1_903' title='bbox 2572 5581 2910 5649; x_wconf 88' lang='lat' dir='ltr'>criminibus,</span> <span class='ocrx_word' id='word_1_904' title='bbox 2947 5603 2969 5628; x_wconf 76' lang='grc' dir='ltr'><strong>α</strong></span> <span class='ocrx_word' id='word_1_905' title='bbox 3005 5581 3203 5652; x_wconf 86' lang='lat' dir='ltr'>quibus</span> <span class='ocrx_word' id='word_1_906' title='bbox 3230 5591 3564 5652; x_wconf 86' lang='lat' dir='ltr'>competeret</span> <span class='ocrx_word' id='word_1_907' title='bbox 3586 5581 3737 5653; x_wconf 84' lang='lat' dir='ltr'>judi-</span> 
     </span>
    </p>
   </div>
   <div class='ocr_carea' id='block_1_119' title="bbox 2137 5651 3587 5728">
    <p class='ocr_par' dir='ltr' id='par_1_119' title="bbox 2137 5651 3587 5728">
     <span class='ocr_line' id='line_1_119' title="bbox 2137 5651 3587 5728; baseline -0.004 -18"><span class='ocrx_word' id='word_1_908' title='bbox 2137 5655 2284 5711; x_wconf 89' lang='lat' dir='ltr'>cium</span> <span class='ocrx_word' id='word_1_909' title='bbox 2311 5652 2452 5725; x_wconf 84' lang='lat' dir='ltr'>ignis</span> <span class='ocrx_word' id='word_1_910' title='bbox 2475 5651 2565 5709; x_wconf 86' lang='lat' dir='ltr'>vel</span> <span class='ocrx_word' id='word_1_911' title='bbox 2593 5668 2766 5727; x_wconf 80' lang='lat' dir='ltr'>aquae,</span> <span class='ocrx_word' id='word_1_912' title='bbox 2791 5653 2836 5708; x_wconf 86' lang='lat' dir='ltr'>si</span> <span class='ocrx_word' id='word_1_913' title='bbox 2867 5667 2975 5707; x_wconf 92' lang='lat' dir='ltr'>non</span> <span class='ocrx_word' id='word_1_914' title='bbox 2996 5660 3139 5710; x_wconf 89' lang='lat' dir='ltr'>esset</span> <span class='ocrx_word' id='word_1_915' title='bbox 3168 5654 3526 5728; x_wconf 87' lang='lat' dir='ltr'>prohibitum.</span> <span class='ocrx_word' id='word_1_916' title='bbox 3566 5677 3587 5703; x_wconf 67' lang='grc' dir='ltr'><strong><em>ιν</em></strong></span> 
     </span>
    </p>
   </div>
  </div>
