4044 6074
254 357 358 416 H3

1329 350 1659 410 HISTORIA
1695 350 2070 410 NOVORUM.
2115 382 2186 395 -
2223 351 2349 409 LIB.
2391 352 2466 409 II.

3446 351 3547 409 414

255 484 362 539 bus
393 482 738 555 apparuisse,
763 482 1131 539 stomachatus
1154 479 1329 537 taliter
1359 480 1526 537 fertur
1552 478 1865 549 respondis-
1891 479 1950 541 Α
1978 480 2187 548 horum,
2222 481 2389 536 altero
2418 478 2694 549 inviolato,
2726 494 2891 551 posse
2946 493 3161 535 servare
3203 477 3573 552 (quandoqui-

249 590 309 629 se
343 592 354 627 :
396 596 417 622 η
450 572 590 642 Quid
608 581 689 628 est
734 572 885 627 hoc?
909 573 1053 627 Deus
1075 579 1155 627 est
1190 571 1545 641 justusjudex
1580 570 1609 622 ἱ)
1647 569 1860 633 Pereat,

255 663 348 734 qui
379 662 637 732 deinceps
664 663 765 717 hoc
794 660 1100 715 crediderit.
1133 659 1310 729 Quare
1367 676 1467 729 per
1494 660 1597 713 hoc
1652 665 1703 711 et
1761 657 1865 711 hoc

258 765 381 806 meo
401 749 482 822 (a)
496 749 708 820 judicio
737 749 935 805 amodo
967 749 1409 819 respondebitur.
1448 749 1569 803 Non
1596 744 1700 801 Dei
1719 744 1865 817 quod

257 855 364 911 pro
394 846 524 895 voto
556 839 820 909 cujusque
850 838 974 893 hinc
1002 838 1129 892 inde
1174 837 1424 910 plicetur.
1464 856 1487 886 ι
1521 837 1648 890 Hac
1679 844 1731 891 et
1760 838 1866 890 hu-

256 928 500 998 jusmodi
530 927 689 998 plura
719 929 801 981 bis
830 927 1098 982 atrociora
1120 942 1240 996 qua
1263 941 1295 980 a
1324 924 1549 979 diversis
1577 941 1688 979 non
1716 924 1869 996 igno-

253 1016 384 1072 bilis
414 1017 574 1071 fama
604 1015 914 1071 hominibus
937 1015 1005 1070 de
1020 1013 1345 1070 Willbelmo
1367 1013 1462 1069 illo
1492 1021 1619 1070 tunc
1649 1021 1863 1084 tempo-

250 1104 327 1160 ris
385 1104 791 1173 nuntiabantur,
858 1119 1082 1177 magno,
1140 1109 1200 1158 ut
1257 1104 1511 1169 diximus,
1542 1102 1864 1158 Anselmum

260 1193 637 1249 accendebant
665 1191 1002 1265 pontiﬁcatui
1025 1191 1234 1264 Anglia
1250 1191 1643 1261 abrenuntiare,
1681 1192 1865 1247 scien-

252 1289 363 1337 tem
392 1281 645 1337 videlicet
677 1297 857 1337 mores
881 1297 1009 1337 suos
1040 1281 1282 1337 moribus
1338 1281 1502 1353 ipsius
1522 1281 1666 1336 nulla
1705 1296 1865 1353 posse

255 1371 471 1427 ratione
499 1371 732 1442 amplius
762 1371 1122 1427 concordare.

333 1460 717 1515 Postulaturus
747 1459 914 1532 igitur
943 1476 974 1514 a
1004 1475 1220 1515 summo
1249 1458 1504 1530 pontiﬁce
1545 1459 1714 1529 ipsius
1741 1459 1864 1515 vin-

261 1549 366 1604 culi
427 1564 534 1619 quo
576 1565 636 1605 se
689 1548 853 1604 nimis
884 1549 1110 1621 astringi
1140 1548 1394 1622 gemebat
1442 1549 1861 1620 relaxationem,

256 1652 383 1693 eum
409 1636 563 1702 adiit,
597 1644 648 1692 et
679 1638 760 1693 sui
793 1638 974 1694 cordis
992 1639 1316 1693 anxietatem
1347 1637 1598 1707 innotuit,
1618 1637 1862 1694 misereri

256 1724 365 1781 sibi
397 1726 665 1797 poposcit,
699 1726 753 1781 id
792 1734 956 1781 estut
1009 1727 1079 1781 ab
1138 1742 1301 1782 onere
1352 1742 1499 1781 cura
1553 1728 1861 1798 pastoralis,

1973 570 2096 624 dem
2122 570 2382 624 Dominus
2392 569 2601 638 jubeat,
2622 586 2745 642 qua
2766 570 2997 625 Caesaris
3019 569 3244 634 Caesari,
3261 571 3317 623 et
3336 584 3456 639 qua
3472 568 3574 623 Dei

1971 663 2109 714 sunt
2163 660 2271 713 Deo
2326 658 2479 712 reddi
2510 657 2734 729 [Matth.
2792 672 2933 725 xxn,
2957 656 3107 728 21]),
3146 656 3438 724 objiciebat
3469 657 3573 710 hoc

1973 747 2118 818 apud
2148 763 2205 801 se
2235 747 2292 799 in
2322 763 2418 801 usu
2448 762 2555 801 non
2573 745 2779 814 haberi,
2813 761 2913 800 nec
2941 746 3080 801 velle
3113 744 3179 799 de
3228 743 3445 799 domino
3473 758 3569 798 suo

1972 837 2111 891 banc
2140 834 2390 904 injuriam
2438 835 2719 900 sustinere,
2778 832 2836 888 ut
2889 833 3083 905 aliquis
3131 832 3187 886 in
3242 848 3411 904 regno
3459 833 3573 900 ejus

1972 925 2193 980 cuilibet
2220 924 2543 990 intenderet,
2571 922 2671 978 nisi
2704 923 2751 979 ei
2783 924 2867 979 vel
2897 939 2994 993 per
3023 938 3174 977 eum.
3213 922 3281 976 Et
3310 936 3434 993 ego,
3467 921 3565 974 Pa-

1972 1022 2070 1080 ter,
2126 1014 2266 1068 inter
2303 1013 2438 1068 tales
2466 1012 2598 1083 quid
2629 1010 2861 1067 facerem
2892 1012 2921 1064 ‘i
2956 1035 2977 1059 η
3010 1009 3310 1080 Respondit
3343 1028 3354 1063 :
3392 1030 3413 1055 α
3451 1010 3564 1065 Ra-

1972 1103 2116 1159 tione
2147 1102 2378 1159 duceris.
2412 1102 2531 1173 Ego
2561 1117 2774 1174 quoque
2801 1116 2868 1155 ne
2901 1102 2970 1154 de
2998 1100 3082 1153 his
3122 1106 3283 1170 atque
3313 1098 3434 1153 aliis
3464 1097 3565 1151 tibi

1970 1208 2079 1249 non
2105 1193 2229 1263 jure
2260 1190 2424 1247 illatis
2454 1190 2645 1245 videar
2674 1205 2783 1244 non
2804 1203 3013 1256 curare,
3039 1203 3208 1257 eaque
3230 1186 3415 1259 gladio
3436 1202 3564 1241 san-

1970 1284 2039 1339 cti
2074 1281 2212 1337 Petri
2240 1281 2385 1336 nolle
2415 1279 2710 1346 vindicare,
2759 1294 2957 1333 moneo
3012 1285 3275 1347 quatenus
3330 1274 3565 1331 concilio

1974 1373 2118 1443 quod
2157 1370 2302 1442 apud
2322 1371 2517 1425 Barum
2548 1376 2670 1423 ante
2696 1383 2895 1437 corpus
2915 1367 3058 1422 beati
3094 1365 3325 1434 Nicolai,
3357 1365 3563 1419 Kalen-

1972 1460 2056 1516 dis
2114 1459 2315 1516 Octob.
2354 1459 2627 1513 celebrare
2680 1455 2952 1522 constitui,
3003 1453 3342 1525 prasentiam
3419 1461 3567 1506 tuam

1972 1549 2252 1616 exhibeas,
2285 1555 2343 1602 ut
2372 1548 2517 1617 quod
2548 1547 2616 1601 de
2646 1546 2765 1615 ipso
2797 1560 2926 1617 rege
2954 1543 3202 1614 Anglico,
3236 1541 3479 1612 suisque,
3502 1556 3566 1596 ac

1972 1639 2053 1694 sui
2083 1638 2350 1693 similibus
2381 1636 2471 1708 qui
2502 1643 2685 1691 contra
2706 1635 3010 1690 libertatem
3041 1630 3297 1688 Ecclesia
3354 1629 3454 1685 Dei
3509 1645 3567 1684 se

1970 1736 2283 1795 erexerunt,
2316 1726 2592 1781 mediante
2620 1723 2891 1797 aquitatis
2935 1738 3187 1789 censura,
3245 1735 3332 1774 me
3387 1718 3567 1774 factu-

256 1815 409 1887 quod
438 1815 777 1886 importabile
803 1815 908 1870 sibi
939 1816 1064 1888 quia
1093 1816 1481 1871 infructuosum
1537 1815 1775 1887 videbat,
1800 1833 1858 1873 se
1883 1834 1939 1897 Β
1970 1834 2090 1873 rum
2147 1815 2409 1887 disposui,
2442 1814 2627 1869 auditu
2650 1814 2878 1882 visuque
2935 1810 3218 1882 percipias.
3284 1831 3305 1857 »
3357 1807 3566 1862 Dehinc

256 1903 541 1973 relevaret,
573 1903 776 1959 obnixe
804 1904 1034 1977 rogavit.
1064 1904 1226 1959 Audit
1263 1920 1403 1976 papa
1433 1906 1577 1975 quod
1634 1906 1725 1961 ille
1753 1924 1861 1977 po-

256 1991 439 2058 stulat,
472 1999 524 2045 et
553 1991 704 2048 illico
747 1993 972 2047 miratus
1011 1993 1278 2049 exclamat
1310 2009 1322 2049 :
1361 2015 1383 2040 «
1420 1993 1465 2049 Ο
1495 1995 1809 2065 episcOpum
1846 1999 1858 2051 !

256 2078 307 2135 Ο
338 2087 611 2151 pastorem
647 2081 660 2135 ι
693 2081 945 2136 Nondum
974 2081 1178 2151 caedes,
1212 2081 1452 2137 nondum
1481 2084 1699 2139 vulnera
1734 2101 1860 2156 per-

251 2185 457 2240 pessus
474 2184 553 2236 es,
574 2170 750 2238 etjam
769 2170 1038 2226 Dominici
1066 2186 1251 2226 curam
1290 2171 1450 2226 ovilis
1491 2172 1863 2245 subterfugere

257 2257 461 2329 quaris
492 2258 521 2312 ?
551 2257 796 2314 Christus
818 2258 873 2313 in
903 2274 1030 2313 cura
1053 2259 1235 2314 ovium
1266 2275 1482 2314 suarum
1516 2262 1863 2332 probatPctri

254 2360 498 2401 amorem
530 2362 661 2420 erga
689 2362 767 2414 se,
798 2355 851 2402 et
892 2348 1196 2417 Anselmus,
1255 2349 1565 2416 Anselmus,
1616 2350 1859 2422 inquam,

251 2433 348 2489 ille
377 2442 613 2505 sanctus,
642 2435 733 2491 ille
758 2435 879 2491 talis
910 2451 974 2492 ac
1005 2445 1180 2491 tantus
1208 2437 1311 2504 vir,
1345 2438 1694 2494 solummodo
1717 2438 1863 2508 quie-

232 2537 418 2603 ‘scere
472 2524 685 2594 volens,
744 2540 877 2580 oves
915 2525 1109 2579 Christi
1167 2533 1219 2580 et
1275 2533 1399 2581 ante
1431 2542 1666 2597 pugnam
1697 2525 1861 2597 lupo-

250 2626 377 2665 rum
408 2612 680 2667 morsibus
706 2613 1051 2669 dilaniandas
1098 2629 1206 2669 non
1265 2622 1480 2669 veretur
1531 2631 1805 2685 exponere
1832 2616 1861 2668 ‘I

255 2700 340 2754 Ah
378 2702 391 2755 !
422 2701 552 2773 quid
570 2701 749 2757 dicam
779 2702 807 2755 ‘I
839 2700 957 2771 Quo
974 2717 1161 2758 amore
1179 2703 1861 2773 speratDominocopulari

253 2788 347 2859 qui
374 2788 478 2844 hoc
512 2790 653 2862 fugit
682 2806 790 2861 quo
820 2790 939 2861 ipse
984 2791 1255 2847 Dominus
1310 2808 1371 2847 se
1419 2800 1553 2847 teste
1604 2792 1862 2863 probatur

256 2877 687 2933 amari?Absint
711 2880 830 2934 bac
853 2895 881 2933 a
913 2888 983 2946 te,
1005 2880 1187 2935 absint
1218 2896 1248 2935 a
1278 2888 1368 2936 tua
1403 2880 1685 2952 religione,
1720 2880 1860 2936 dile-

248 2966 491 3048 ctissime
506 2967 670 3023 frater
683 2969 936 3025 Anselme
968 2972 980 3021 t
1005 2968 1252 3024 Potiusne
1294 2985 1381 3025 me
1412 2969 1463 3023 in
1494 2969 1611 3024 istis
1636 2970 1861 3025 ulterius

253 3055 542 3128 inquietes,
576 3057 713 3112 scias
744 3059 890 3128 quod
920 3074 1028 3113 non
1060 3058 1236 3113 solum
1294 3074 1401 3113 non
1459 3059 1702 3114 concedo
1758 3058 1857 3116 tibi

249 3143 431 3199 facere
463 3144 605 3216 quod
637 3146 797 3216 petis,
830 3146 940 3201 imo
998 3162 1065 3201 ex
1113 3154 1269 3216 parte
1323 3147 1425 3201 Dei
1468 3146 1853 3216 omnipotentis
1881 3185 1932 3250 Ο

253 3232 374 3289 vice
402 3232 701 3289 beatissimi
753 3234 891 3290 Petri
922 3235 1287 3305 apostolorum
1312 3234 1572 3307 principis
1601 3235 1697 3289 tibi
1751 3251 1855 3305 per

252 3330 495 3377 sanctam
519 3323 881 3379 obedientiam
913 3323 1173 3395 praecipio
1204 3331 1465 3394 quatenus
1504 3339 1686 3379 curam
1743 3327 1855 3378 An-

257 3411 393 3484 glici
421 3411 572 3483 regni
591 3411 687 3467 tibi
717 3413 1179 3480 commendatam,
1225 3412 1462 3483 quandiu
1518 3413 1745 3467 retinere
1798 3422 1857 3467 ut

258 3500 516 3554 hactenus
542 3502 766 3571 poteris,
800 3516 908 3556 non
940 3500 1191 3571 abjicias.
1228 3500 1388 3568 Quod
1414 3501 1458 3554 si
1515 3508 1735 3573 prepter
1763 3504 1855 3572 ty-

251 3590 536 3643 rannidem
564 3589 845 3661 principis,
878 3589 968 3660 qui
998 3606 1139 3645 nunc
1169 3590 1242 3644 ibi
1293 3589 1624 3659 dominatur,
1658 3591 1710 3644 in
1743 3599 1853 3645 ter-

252 3693 373 3732 ram
403 3677 548 3732 illam
582 3679 757 3734 redire
785 3694 893 3734 non
921 3680 1271 3750 permitteris,
1312 3680 1433 3750 jure
1461 3687 1637 3734 tamen
1695 3680 1855 3734 Chri-

249 3766 535 3821 stianitatis
586 3783 806 3838 semper
861 3767 1008 3822 illius
1063 3769 1509 3839 archiepiscopus
1562 3776 1695 3833 esto,
1748 3784 1857 3839 po-

259 3862 509 3910 testatem
558 3855 765 3929 ligandi
821 3865 984 3927 atque
1014 3856 1262 3912 solvendi
1316 3873 1477 3928 super
1527 3873 1668 3926 eam,
1727 3858 1855 3912 dum

252 3943 476 4014 vixeris,
507 3945 765 4001 obtineris
792 3953 847 4001 et
890 3945 1197 4018 insignibus
1255 3945 1656 4017 pontiﬁcalibus
1710 3962 1859 4001 more

257 4034 461 4088 summi
492 4034 763 4104 pontiﬁcis
790 4043 947 4090 utens
981 4034 1289 4105 ubicunque
1340 4034 1535 4089 fueris.
1577 4058 1599 4083 ιι
1629 4035 1714 4090 Ad
1743 4036 1857 4091 hac

258 4122 356 4177 ille
387 4140 399 4177 :
439 4146 461 4169 ιε
486 4121 886 4189 Obedientiam,
921 4125 1096 4192 Pater,
1138 4139 1247 4177 non
1277 4123 1495 4193 abjicio,
1528 4124 1623 4178 sed
1676 4123 1721 4177 si
1752 4138 1859 4178 non

256 4211 534 4281 displicet,
568 4212 697 4282 quid
726 4213 908 4267 animo
939 4227 1123 4284 geram
1156 4212 1344 4282 paucis
1374 4228 1687 4284 suggeram.
1721 4211 1857 4267 Cre-

257 4300 377 4367 dat,
407 4300 453 4353 si
482 4301 676 4371 placet,
708 4302 1029 4357 excellentia
1049 4308 1226 4357 vestra
1275 4301 1529 4373 quoniam
1582 4301 1627 4355 si
1658 4301 1856 4367 cades,

256 4388 302 4442 si
332 4389 576 4467 vulnera,
609 4391 655 4445 si
687 4406 839 4445 mors
868 4390 988 4461 ipsa
1001 4391 1130 4445 mihi
1159 4406 1259 4461 pro
1287 4391 1446 4444 tutela
1475 4398 1527 4445 et
1544 4389 1862 4445 defensione

257 4477 445 4533 ovium
475 4478 676 4533 Christi
708 4480 1088 4546 intenderetur,
1125 4494 1309 4549 spero,
1334 4495 1441 4535 non
1471 4476 1861 4551 aufugerem,si

1967 1909 2038 1963 ad
2081 1906 2447 1961 habitaculum
2505 1918 2660 1958 suum
2717 1900 2987 1956 Selaviam
3048 1898 3328 1954 Anselmus
3381 1911 3569 1953 rever—

1969 1995 2116 2062 titur,
2151 1993 2384 2067 quietem
2441 2000 2492 2048 et
2515 1997 2889 2063 paupertatem
2945 1988 3139 2044 oblatis
3168 1984 3376 2042 divitiis
3409 1991 3566 2038 ante—

1966 2101 2193 2157 ponens.

2038 2176 2279 2227 Instante
2307 2179 2484 2227 autem
2514 2168 2742 2226 termino
2792 2165 3027 2232 concilii,
3074 2165 3146 2220 ad
3204 2161 3564 2235 apostolicum

1969 2278 2219 2317 reversus
2247 2264 2348 2327 est,
2381 2268 2435 2315 et
2462 2274 2581 2316 cum
2606 2273 2671 2313 eo
2700 2259 2891 2311 Bamm
2940 2269 3114 2325 usque
3167 2251 3465 2323 profectus.
3505 2251 3563 2304 In

1966 2350 2089 2422 ipso
2115 2366 2247 2405 vero
2277 2347 2508 2404 concilio
2526 2346 2624 2419 (ὁ),
2657 2346 2783 2399 dum
2814 2342 3049 2414 plurima
3078 2341 3146 2397 de
3171 2340 3277 2395 ﬁde
3301 2338 3565 2395 catholica

1966 2454 2210 2493 summus
2267 2436 2531 2509 pontifex,
2609 2434 2845 2491 facunda
2891 2431 3097 2487 ratione
3148 2428 3564 2498 rationabilique

1969 2526 2224 2583 facundia
2254 2526 2614 2593 disseruisset,
2639 2531 2786 2578 mota
2816 2529 2897 2576 est
2926 2519 3181 2592 quadam
3225 2517 3448 2589 quaestio
3496 2533 3565 2572 ex

1965 2624 2116 2687 parte
2146 2615 2461 2671 Graecorum
2496 2611 2814 2684 evangelica
2844 2608 3159 2664 auctoritate
3204 2605 3437 2677 probare
3470 2621 3565 2661 vo-

1964 2705 2190 2760 lentium
2229 2727 2250 2752 υ
2288 2702 2544 2773 Spiritum
2573 2707 2817 2755 sanctum
2842 2696 3249 2769 processionem
3298 2710 3407 2748 non
3463 2696 3562 2749 ba-

1966 2795 2093 2850 bere
2118 2793 2221 2848 nisi
2254 2801 2457 2848 tantum
2488 2806 2521 2846 a
2550 2789 2730 2845 Patre.
2769 2809 2792 2839 ι
2825 2787 2962 2844 Huic
2991 2785 3161 2841 errori
3217 2792 3328 2839 tum
3384 2782 3567 2837 multis

1966 2881 2325 2955 argumentis,
2358 2888 2466 2934 tum
2497 2878 2757 2951 plurimus
2785 2874 3085 2931 rationibus
3105 2888 3249 2943 papa
3292 2870 3565 2927 contraire

1964 2971 2130 3036 nisus,
2164 2970 2303 3025 inter
2319 2968 2424 3023 alia
2446 2967 2559 3040 (22)
2589 2964 2843 3036 quiddam
2890 2964 2957 3019 de
2984 2961 3210 3034 epistola
3267 2960 3370 3015 sibi
3425 2959 3556 3014 olim

1962 3060 2031 3113 ab
2060 3059 2314 3113 Anselmo
2336 3057 2401 3113 de
2431 3058 2834 3113 Incarnatione
2884 3052 3038 3109 Verbi
3068 3050 3215 3106 edita
3252 3058 3305 3103 et
3329 3048 3557 3115 directa,

1962 3148 2199 3217 exempli
2229 3146 2422 3219 gratia,
2465 3143 2662 3211 intulit,
2693 3143 2839 3213 quod
2895 3157 3005 3195 sua
3049 3135 3397 3208 disputationi
3456 3151 3564 3193 non

1959 3252 2151 3308 parum
2183 3233 2439 3291 claritatis
2468 3247 2533 3287 ac
2553 3230 2889 3285 ﬁrmitudinis
2938 3228 3132 3283 attulit.
3181 3228 3384 3281 Verum
3440 3238 3563 3279 cum

1962 3324 2221 3380 nonnulla
2250 3322 2633 3390 objicerentur,
2679 3328 2728 3374 et
2786 3318 3013 3372 reddita
3055 3315 3313 3381 rationes,
3374 3328 3561 3382 quem-

1962 3413 2255 3468 admodum
2276 3408 2617 3465 instabilibus
2642 3423 2761 3462 mos
2791 3404 3197 3476 est,disquisita
3216 3400 3554 3457 enucleatius

1962 3501 2160 3573 exponi
2191 3506 2523 3571 peterentur,
2558 3497 2875 3568 imperatum
2908 3492 3181 3548 silentium
3213 3490 3417 3562 primus
3447 3487 3563 3559 ipse

1962 3590 2206 3664 pontifex
2236 3588 2378 3659 rupit
2408 3587 2516 3642 alta
2544 3601 2678 3641 voce
2711 3585 2897 3639 dicens
2930 3599 2942 3636 :
2981 3606 3003 3630 α
3043 3583 3267 3637 Pateret
3312 3578 3566 3651 magister

1963 3681 2237 3745 Anselme,
2271 3677 2567 3750 Anglorum
2597 3673 3023 3744 archiepiscope,
3055 3671 3148 3726 ubi
3176 3686 3233 3725 es
3261 3671 3290 3723 ‘i
3326 3692 3347 3716 η
3383 3667 3560 3724 Sede-

1963 3769 2059 3824 bat
2112 3768 2255 3823 enim
2311 3767 2455 3821 idem
2501 3765 2659 3820 Pater
2699 3763 2752 3817 in
2817 3762 3006 3817 ordine
3052 3768 3370 3816 caterorum
3426 3756 3564 3810 inter

1965 3859 2173 3929 primos
2199 3855 2412 3912 concilii
2469 3855 2667 3921 Patres,
2700 3859 2753 3908 et
2781 3866 2884 3924 ego
2940 3850 3008 3904 ad
3055 3848 3219 3920 pedes
3270 3846 3407 3916 ejus.
3459 3843 3566 3901 Ubi

1969 3938 2099 4017 ergo
2155 3961 2213 3999 se
2242 3943 2434 4014 requiri
2482 3942 2707 4007 audivit,
2748 3939 2984 3995 surrexit
3038 3938 3311 4003 continuo,
3373 3941 3427 3989 et
3480 3948 3562 3988 re-

1968 4034 2183 4104 spondit
2216 4051 2227 4087 :
2267 4055 2289 4079 α
2326 4030 2554 4086 Domine
2576 4031 2748 4093 Pater,
2772 4027 2899 4099 quid
2917 4025 3208 4097 pracipis‘?
3239 4024 3382 4077 Ecce
3403 4037 3511 4076 me.
3537 4043 3558 4069 ι»

1970 4122 2140 4176 Atille
2174 4140 2185 4175 :
2226 4142 2246 4171 ι
2282 4119 2442 4188 Quid,
2463 4134 2665 4188 quaso,
2690 4116 2816 4171 facis
2844 4118 2872 4168 εἰ
2906 4117 3011 4170 Cur
3040 4115 3093 4167 in
3142 4112 3369 4166 aliorum
3400 4108 3564 4163 silen-

1972 4211 2046 4266 tio
2074 4210 2228 4281 degis
2252 4211 2280 4263 ‘I
2308 4208 2461 4275 Veni,
2495 4207 2639 4271 veni,
2682 4205 2908 4261 obsecro
2941 4222 2953 4266 ;
2987 4200 3222 4257 ascende
3270 4213 3441 4268 usque
3495 4195 3564 4251 ad

1970 4315 2069 4354 nos
2097 4306 2149 4352 et
2178 4313 2424 4370 pugnans
2460 4312 2557 4367 pro
2589 4296 2750 4349 Matre
2782 4298 2874 4348 tua
2904 4296 2959 4347 et
2985 4297 3189 4355 nostra,
3213 4289 3412 4358 adjuva
3439 4300 3559 4352 nos,

1971 4389 2056 4445 cui
2104 4400 2254 4441 suam
2312 4385 2671 4456 integritatem
2726 4383 2883 4438 vides
2939 4381 3165 4436 Gracos
3193 4378 3327 4433 istos
3382 4372 3563 4430 conari

1972 4477 2231 4543 adimere,
2265 4483 2317 4529 et
2344 4473 2511 4528 nosin
2540 4472 2769 4542 idipsum
2801 4469 2969 4539 nefas,
2999 4469 3044 4523 si
3073 4468 3305 4522 facultas
3336 4462 3413 4519 eis
3470 4461 3563 4516 tri-

253 4582 345 4622 me
373 4568 705 4623 conscientia
733 4584 853 4624 mea
883 4584 990 4623 non
1025 4546 1179 4623 fallit.
1214 4546 1436 4623 Attunc
1491 4575 1547 4622 ut
1601 4546 1669 4622 de
1723 4583 1852 4638 rege
1882 4546 1940 4609 D
1966 4564 2165 4631 buitur,
2199 4561 2561 4632 praecipitare.
2587 4561 2848 4615 Succurre
2878 4558 3041 4630 igitur
3088 4555 3241 4626 quasi
3270 4567 3402 4610 vere
3459 4565 3559 4621 pro

254 4657 399 4729 ipso,
434 4657 523 4728 qui
553 4673 660 4724 me,
693 4657 831 4712 sicut
858 4666 1041 4712 notum
1072 4665 1175 4726 est,
1210 4659 1278 4712 de
1309 4672 1480 4728 regno
1507 4671 1603 4711 suo
1633 4657 1858 4727 expulit,

259 4753 491 4813 taceam,
524 4746 628 4816 ipsi
647 4761 782 4816 quos
803 4762 948 4813 oves,
966 4753 1016 4801 et
1036 4747 1281 4817 episcopi
1305 4761 1442 4816 quos
1473 4746 1751 4815 adjutores
1770 4745 1861 4799 ha-

261 4834 395 4890 bere
424 4834 719 4901 debebam,
777 4843 830 4890 et
886 4835 977 4907 qui
1028 4834 1163 4888 mihi
1217 4834 1579 4890 obedientiam
1632 4833 1859 4904 professi

260 4931 410 4992 sunt,
433 4939 625 4980 omnes
665 4924 720 4978 in
752 4939 1037 4979 commune
1067 4923 1136 4977 ad
1166 4922 1272 4978 hoc
1302 4939 1387 4977 me
1445 4924 1643 4978 ducere
1688 4936 1859 4977 cona-

256 5013 480 5079 bantur,
513 5020 773 5082 quatenus
796 5012 897 5067 sub
944 5011 1163 5067 obtentu
1191 5011 1411 5081 justitia
1462 5018 1647 5066 contra
1696 5009 1860 5080 justi-

259 5101 386 5157 tiam
420 5101 679 5169 facerem,
712 5100 769 5154 id
790 5107 871 5155 est
897 5100 1221 5155 obedientia
1248 5099 1394 5153 beati
1426 5100 1565 5154 Petri
1586 5098 1860 5153 abrenun-

267 5190 487 5257 tiarem,
516 5205 586 5245 ne
610 5189 774 5244 ﬁdem
810 5205 970 5261 quam
1005 5188 1269 5244 debebam
1292 5189 1407 5259 regi
1466 5197 1674 5242 terreno
1691 5187 1861 5242 viola-

254 5295 392 5336 rem.
437 5277 648 5348 Quibus
680 5278 807 5332 dum
837 5279 1045 5333 niterer
1076 5277 1406 5348 persuadere
1437 5292 1523 5331 me
1577 5285 1863 5348 utrumque

1968 4656 2071 4709 hoc
2101 4667 2133 4705 a
2165 4653 2276 4706 Deo
2304 4649 2497 4704 missus
2528 4648 2653 4704 huc.
2693 4672 2716 4696 ι»
2750 4646 2973 4702 Videres
3002 4646 3183 4715 itaque
3201 4643 3348 4700 circa
3361 4640 3560 4697 solium

1968 4757 2126 4812 papa
2155 4754 2395 4810 quosque
2414 4746 2774 4807 perstrepere,
2815 4735 2974 4790 sedes
2994 4742 3219 4800 mutare,
3252 4735 3432 4789 locum
3465 4747 3559 4787 se—

1967 4831 2135 4885 dendi
2157 4829 2274 4883 viro
2303 4841 2513 4898 parare,
2548 4832 2601 4880 et
2629 4824 2709 4879 sic
2729 4825 2947 4878 demum
2977 4822 3275 4879 honoriﬁce
3324 4821 3557 4879 levatum

1968 4919 2039 4973 ad
2077 4934 2135 4973 se
2164 4932 2332 4989 prOpe
2358 4929 2555 4985 papam
2585 4913 2871 4981 collocare,
2921 4912 3151 4967 concilio
3198 4917 3453 4982 stupente
3493 4909 3563 4963 ad

1965 5009 2106 5075 hac,
2163 5013 2215 5061 et
2256 5010 2642 5075 percunctante
2691 5001 2812 5072 quis
2864 5008 3005 5055 esset
3061 5008 3154 5055 aut
3206 5001 3368 5054 unde.
3420 4998 3558 5052 Tum

1968 5108 2288 5167 compresso
2317 5092 2564 5161 tumultu,
2597 5090 2849 5146 omnibus
2876 5089 2929 5143 in
2957 5103 3244 5144 commune
3290 5086 3390 5144 viri
3439 5089 3563 5141 san-

1967 5186 2207 5242 ctitatem
2255 5190 2415 5253 atque
2467 5180 2784 5235 industriam
2814 5193 2955 5250 papa
3005 5176 3273 5248 exposuit,
3331 5183 3384 5231 et
3438 5175 3561 5246 quia

1967 5282 2188 5346 propter
2202 5272 2474 5342 justitiam
2499 5270 2696 5324 multas
2729 5266 3129 5341 persecutiones
3155 5282 3365 5337 passus,
3398 5273 3562 5336 atque

1559 5391 1988 5449 HENSCHENII
2024 5390 2251 5447 NOTAE.

329 5495 409 5564 (α)
440 5496 550 5551 Per
577 5494 679 5550 hoc
710 5493 909 5564 ethoc,
942 5490 1179 5547 formula
1204 5490 1423 5561 jurandi
1451 5498 1550 5557 est,
1582 5506 1689 5563 qua
1709 5490 1854 5545 idem

252 5563 354 5623 rex
387 5565 550 5620 etiam
568 5564 710 5619 infra
739 5563 918 5619 utitur.

325 5637 407 5707 (ὁ)
442 5659 466 5685 ι
492 5637 674 5691 Mense
692 5634 915 5715 Octobri
943 5647 1090 5715 papa.
1112 5632 1377 5715 Urbanus
1396 5632 1702 5715 universam
1722 5647 1853 5715 s31}:

252 5702 426 5767 odum
453 5706 811 5783 congregavit
838 5706 895 5761 in
915 5702 1131 5762 civitate
1146 5703 1290 5775 Bari,
1322 5702 1375 5759 in
1396 5719 1502 5781 qua
1521 5702 1737 5760 fuerunt
1756 5705 1854 5763 183

1969 5487 2241 5560 episcOpi.
2281 5509 2302 5536 ι»
2335 5486 2413 5541 Ita
2438 5486 2621 5560 Lupus
2649 5486 2987 5560 Protgspata,
3019 5485 3114 5540 sed
3145 5495 3430 5555 perperam
3462 5496 3563 5560 no_-

1966 5552 2078 5616 tato
2109 5552 2253 5614 anno
2288 5560 2443 5625 1099,
2468 5552 2568 5613 nisi
2590 5573 2741 5613 more
2769 5552 3086 5616 Gracorum
3133 5552 3339 5611 annum
3385 5552 3565 5625 auspi-

1965 5638 2116 5689 cetur
2142 5647 2172 5686 a
2203 5629 2530 5702 Septembri.
