4044 6074
490 293 593 351 415

1496 296 1804 354 EADMERI
1845 295 2401 353 CANTUARIENSIS
2439 296 2756 354 MONACHI

3686 292 3799 353 £16

488 418 682 487 injuria
736 420 804 475 de
848 436 946 476 sua
1001 421 1068 477 sit
1098 428 1240 478 terra
1268 423 1540 493 expulsus,
1600 424 1896 478 reverenda
1952 436 2085 477 voce
2116 420 2170 480 A
2199 421 2381 477 auditu
2401 422 2599 490 edocti,
2634 437 2776 478 nunc
2831 437 2954 477 eum
3012 422 3160 477 facto
3215 435 3274 476 se
3329 417 3562 492 experiri
3610 418 3804 491 gavisi

490 507 741 564 innotuit.
791 510 920 563 Cum
956 510 1119 581 igitur
1170 511 1237 564 ad
1294 512 1579 581 imperium
1633 513 1746 581 ejus
1796 511 2084 566 Anselmus

492 604 693 667 praesto
714 605 860 651 esset
879 606 1037 653 motae
1067 599 1344 669 quaestioni
1382 615 1507 653 mox
1533 599 1884 669 respondere,
1908 599 2082 653 visum

493 685 765 739 nonnullis
793 692 874 739 est
910 686 1099 739 melius
1147 686 1258 741 fore
1284 687 1337 740 in
1370 688 1672 742 crastinum
1714 704 1826 742 rem
1858 687 2082 754 ditlerri,

495 771 958 841 quoliberioribus
1001 774 1203 828 animis
1256 775 1488 830 dicenda
1524 776 1827 845 expeditius
1881 790 2084 846 propo-

494 866 768 913 nerentur.
803 860 860 913 In
881 862 1116 916 crastino
1173 863 1352 934 itaque
1386 865 1649 919 maturius
1671 872 1938 919 conventu
1979 863 2087 917 dis-

492 947 692 1018 posito,
718 949 1004 1003 Anselmus
1024 967 1090 1004 ex
1115 953 1372 1007 condicto
1403 952 1642 1008 debitum
1674 953 1884 1008 solvere
1905 960 2087 1022 postu-

493 1035 632 1089 latus
661 1044 762 1089 est.
799 1038 1043 1093 Surrexit
1074 1056 1204 1112 ergo
1235 1049 1288 1094 et
1316 1056 1501 1095 coram
1534 1042 1802 1096 universis
1859 1041 1913 1095 in
1944 1042 2088 1096 edito

494 1131 665 1191 stans,
699 1124 778 1179 sic
807 1125 871 1179 de
900 1128 1385 1199 negotio,regente
1429 1146 1522 1184 cor
1577 1139 1627 1184 et
1676 1130 1915 1201 linguam
1974 1130 2091 1200 ejus

495 1211 695 1281 Spiritu
755 1222 957 1282 sancto,
1018 1218 1864 1286 tractavit,disseruit,absolvit,
1924 1228 1981 1273 ut
2038 1219 2090 1271 in

496 1300 616 1370 ipso
647 1311 914 1357 conventu
943 1320 1100 1360 nemo
1129 1306 1383 1361 existeret
1413 1308 1503 1378 qui
1536 1324 1641 1361 non
1675 1308 1798 1361 inde
1838 1307 1942 1361 sibi
1998 1324 2089 1360 sa-

496 1389 765 1444 tisfactum
818 1394 1161 1448 consentiret.
1214 1394 1321 1449 Sed
1370 1396 1564 1465 quibus
1603 1396 1707 1452 hoc
1736 1396 2090 1467 argumentis,

497 1478 698 1547 quibus
719 1479 1036 1547 rationibus,
1062 1483 1327 1551 quibusve
1359 1484 1558 1539 divina:
1583 1485 1873 1555 Scriptura:
1901 1494 2092 1540 aucto-

496 1564 739 1621 ritatibus
770 1572 823 1622 et
851 1571 1116 1639 exemplis
1152 1572 1340 1643 egerit,
1384 1572 1627 1627 scribere
1682 1573 2095 1643 supersedemus

496 1668 562 1709 eo
593 1655 735 1726 quod
770 1656 1001 1728 ipsemet
1028 1660 1310 1715 Anselmus
1329 1662 1676 1732 postmodum
1708 1662 1831 1716 inde
1850 1662 2091 1735 diligen-

2193 518 2336 576 sunt,
2370 512 2499 566 dum
2530 512 2677 566 illum
2710 519 2761 567 et
2790 528 2888 581 pro
2921 511 3069 566 malo
3099 511 3304 565 bonum
3335 508 3580 576 reddere,
3622 512 3677 563 et.
3693 521 3802 578 pro

2195 608 2555 671 persequente
2579 618 2636 655 se
2667 616 2773 655 non
2805 599 2927 656 ﬁcta
2983 600 3165 654 vident
3212 614 3374 669 prece
3430 596 3793 653 intercedere.

2193 688 2539 756 Admirabilis
2570 690 2752 761 itaque
2775 689 3041 744 universis
3075 688 3246 743 factus
3267 694 3366 743 est.

2268 779 2407 832 Inter
2436 779 2553 833 haec
2583 795 2686 849 ego
2719 778 2858 832 Patri
2893 794 2988 848 per
3017 777 3198 832 omnia
3255 791 3495 848 praesens
3554 774 3806 844 aderam,

2190 873 2415 940 paratus
2446 866 2697 921 videlicet
2727 866 2791 920 ad
2814 866 3092 921 servitium
3124 865 3261 935 ejus.
3299 865 3364 919 Et
3394 864 3515 936 quia
3547 863 3680 917 mihi
3728 862 3807 916 ab

2196 953 2421 1009 infantia
2452 956 2539 1009 hic
2572 970 2688 1010 mos
2709 962 2840 1022 erat,
2880 970 3095 1024 semper
3141 968 3289 1009 nova
3318 968 3438 1024 quae
3487 949 3643 1019 forte,
3704 950 3806 1005 sed

2196 1042 2431 1098 maxime
2452 1042 2505 1097 in
2531 1042 2935 1110 ecclesiasticis,
2967 1041 3325 1097 occurrebant
3354 1039 3600 1112 diligenti
3619 1039 3806 1094 inten-

2198 1132 2343 1186 tione
2373 1132 2741 1196 considerare,
2769 1148 2829 1187 ac
2852 1132 3127 1186 memoria
3158 1129 3558 1197 commendare,
3608 1128 3811 1200 dispo-

2199 1220 2357 1274 situm
2389 1221 2698 1288 concilium,
2733 1221 2849 1275 loca
2882 1228 2932 1275 et
2964 1220 3179 1295 ordines
3210 1234 3586 1289 personarum,
3609 1216 3811 1273 modos

2200 1313 2253 1365 et
2286 1310 2719 1364 examinationes
2747 1325 3035 1365 causarum
3092 1308 3309 1363 curiosa
3340 1307 3566 1362 fortasse
3623 1306 3809 1377 magis

2203 1415 2361 1468 quam
2394 1398 2581 1470 sagaci
2614 1407 2793 1454 mente
2822 1407 2874 1453 et
2903 1398 3080 1465 oculo,
3126 1396 3252 1453 hinc
3297 1395 3424 1452 inde
3482 1401 3665 1466 utpote
3713 1393 3812 1464 qui

2202 1503 2477 1556 nunquam
2508 1487 2657 1557 prius
2688 1487 2812 1541 talia
2844 1486 3108 1554 videram,
3153 1486 3399 1540 modesto
3430 1484 3620 1539 intuitu
3667 1497 3812 1539 con-

2204 1574 2457 1629 sideravi.
2494 1576 2630 1631 Ecce
2661 1581 2863 1641 autem,
2906 1591 3031 1631 cum
3061 1574 3169 1629 illis
3199 1574 3559 1641 intenderem,
3616 1587 3818 1627 occur-

2203 1663 2292 1731 rit,
2326 1679 2485 1734 quem
2517 1673 2675 1718 antea
2707 1665 2843 1719 bene
2875 1680 3158 1731 noveram,
3193 1663 3631 1734 archiepiscopus
3689 1659 3816 1716 Be-

501 1742 603 1835 tius
632 1750 791 1815 atque
821 1745 1067 1801 subtilius
1095 1756 1351 1817 tractans,
1385 1750 1665 1822 egregium
1691 1752 1921 1821 opus(a)
1955 1750 2095 1804 scri-
2124 1776 2177 1835 Β
2206 1760 2539 1806 neventanus
2562 1752 2656 1824 (1)),
2690 1769 2861 1824 cappa
2914 1769 3025 1824 prae
3057 1751 3311 1807 omnibus
3363 1749 3459 1823 qui
3516 1749 3821 1804 conventui

498 1830 622 1900 psit,
656 1832 816 1903 idque
845 1852 946 1905 per
1001 1837 1169 1892 multa
1197 1840 1464 1892 terrarum
1521 1839 1661 1907 loca,
1693 1839 1785 1893 ubi
1842 1840 2094 1909 ejusdem

497 1920 693 1975 erroris
723 1921 863 1977 fama
890 1926 1155 1994 pervenit,
1189 1926 1258 1980 ab
1279 1927 1468 1982 amicis
1499 1928 1608 1981 suis
1625 1936 1847 2000 rogatus
1880 1928 2091 1982 direxit.

497 2007 644 2080 Ergo
676 2009 762 2063 ubi
796 2010 956 2066 finem
987 2012 1201 2068 dicendi
1230 2014 1377 2082 fecit,
1409 2015 1692 2071 intendens
1724 2016 1776 2069 in
1803 2032 1925 2071 eum
1943 2033 2096 2070 sum-

497 2112 618 2151 mus
642 2099 907 2169 pontifex,
940 2101 1012 2156 ait
1044 2120 1055 2155 :
1092 2125 1115 2150 «
1151 2103 1497 2159 Benedictum
1553 2105 1620 2158 sit
1663 2121 1755 2158 cor
1801 2114 1852 2159 et
1906 2121 2098 2159 sensus

500 2191 643 2252 tuus,
675 2193 727 2240 et
747 2202 807 2241 os
830 2196 878 2242 et
899 2205 1080 2244 sermo
1109 2190 1216 2245 oris
1257 2191 1330 2246 tui
1380 2192 1450 2247 sit
1496 2192 1830 2248 benedictus.
1885 2218 1906 2242 »
1961 2193 2097 2248 Hinc

500 2272 554 2327 in
604 2274 764 2329 laude
816 2276 913 2330 viri
961 2278 1300 2334 demoratum
1355 2288 1455 2348 est,
1512 2290 1561 2336 et
1610 2282 1744 2336 fides
1773 2283 1890 2352 ejus
1939 2290 2097 2353 atque

499 2360 785 2431 prudentia
817 2364 1094 2438 divulgata
1124 2384 1189 2424 ac
1213 2370 1577 2441 magniﬁcata,
1608 2387 1708 2425 nec
1759 2387 1867 2426 non
1899 2387 2096 2426 eorum

499 2448 746 2520 perfidia,
779 2453 823 2506 si
857 2454 946 2525 qui
979 2456 1171 2520 forent,
1206 2458 1296 2527 qui
1326 2474 1389 2513 ea
1420 2475 1542 2530 quae
1556 2459 1623 2513 de
1654 2460 1928 2530 pr0posita
1943 2476 2100 2529 qua:-

502 2539 681 2593 stione
712 2540 896 2597 docuit
924 2544 1192 2614 suscipere
1222 2553 1275 2600 et
1330 2547 1558 2601 credere
1614 2548 1837 2611 nollent,
1898 2563 2101 2617 expro-

499 2625 657 2681 brata
704 2644 769 2685 ac
843 2641 1103 2702 perpetuo
1177 2634 1521 2690 anathemate
1596 2650 1859 2705 percussa
1940 2644 2102 2706 atque

503 2723 790 2784 prostrata.

576 2803 909 2861 Procedente
940 2807 1201 2881 deinceps
1240 2811 1451 2866 ratione
1502 2810 1571 2865 de
1618 2827 1749 2884 rege
1803 2813 2102 2884 Anglorum

501 2907 682 2947 sermo
709 2896 1022 2965 conseritur,
1045 2906 1097 2953 et
1137 2899 1353 2954 sinistra
1400 2899 1649 2971 quaedam
1707 2900 1773 2955 de
1831 2902 1951 2972 ipso
2001 2918 2099 2970 pu-

502 2977 642 3034 blice
674 2983 1056 3053 praedicantur,
1087 2987 1340 3043 Anselmo
1374 2989 1517 3043 inter
1557 2989 1649 3043 illa
1682 2990 1925 3045 demisso
1954 2991 2105 3044 vultu

503 3067 723 3124 sedente
754 3078 806 3126 et
834 3071 1118 3143 loquentes
1146 3076 1293 3131 nullo
1327 3075 1507 3131 favore
1539 3086 1919 3148 prosequente.
1955 3079 2103 3132 Tan-

504 3154 627 3210 dem
659 3157 727 3213 de
756 3161 1066 3218 venditione
1115 3171 1168 3218 et
1204 3165 1563 3235 oppressione
1618 3166 1982 3221 Ecclesiarum
2035 3167 2104 3221 de

503 3245 865 3316 quibusinter
918 3251 1023 3305 alia
1071 3252 1499 3324 vituperabatur,
1560 3271 1728 3310 necne
1781 3255 1850 3310 de
1895 3254 2104 3323 injuriis

504 3335 760 3391 Anselmo
817 3337 981 3395 illatis
1032 3342 1366 3413 apostolicus
1418 3343 1618 3398 acriter
1698 3352 1915 3414 questus
1986 3352 2093 3398 est.

509 3444 530 3469 «ι
576 3423 747 3491 Quem
769 3436 1076 3499 propterea,
1110 3431 1300 3500 inquit,
1335 3431 1497 3486 etiam
1531 3433 1689 3503 regni
1739 3433 1820 3486 sui
1856 3432 1980 3486 fecit
2010 3448 2104 3486 ex-

502 3517 996 3585 torrem,quoniam
1018 3534 1049 3573 a
1070 3519 1211 3573 beati
1237 3520 1373 3575 Petri
1404 3520 1663 3575 ﬁdelitate
1705 3528 1756 3575 et
1787 3521 2105 3575 obedientia

503 3601 747 3669 nequivit
767 3619 1047 3673 separare.
1085 3630 1105 3653 υ
1144 3608 1206 3661 Et
1243 3609 1445 3678 adjecit
1481 3624 1492 3661 :
1534 3632 1553 3655 α
1592 3610 1733 3665 Ecce
1789 3610 1898 3663 vita
1956 3609 2103 3663 illius

504 3689 712 3757 tyranni
744 3692 919 3760 qualis
948 3694 1015 3746 ad
1047 3696 1401 3764 apostolicam
1430 3697 1611 3751 sedem
1644 3714 1788 3767 saepe
1820 3697 1984 3751 dilata
1998 3706 2098 3751 est.

505 3773 601 3828 Cui
629 3790 726 3845 pro
756 3781 1085 3836 correctione
1107 3783 1188 3836 sui
1217 3785 1371 3854 plura
1404 3785 1675 3839 multoties
1732 3788 2099 3840 cohortatoria

504 3862 663 3918 simul
691 3868 1368 3941 etcastigatoriasuasione
1396 3873 1978 3940 verbamandavimus,
2004 3875 2103 3929 sed

507 3950 723 4008 afﬂictio
752 3962 919 4028 atque
951 3958 1195 4028 depulsio
1223 3960 1356 4015 tanti
1390 3961 1512 4026 viri,
1541 3978 1703 4033 quem
1736 3977 1921 4017 coram
1942 3963 2099 4018 vide-

506 4039 597 4108 tis,
628 4043 764 4097 satis
796 4044 969 4101 innuit
993 4056 1248 4116 quantum
1280 4048 1617 4119 proﬁcimus.
1677 4051 1757 4106 Ad
1794 4052 1927 4120 haec,
1989 4051 2101 4106 fra-

509 4136 632 4198 tres,
667 4132 794 4201 quid
839 4135 1051 4190 sentitis
1079 4136 1108 4188 ‘I
1139 4137 1282 4205 Quid
1339 4139 1631 4194 decernitis
1662 4141 1689 4192 ‘2
1726 4162 1747 4187 »
1782 4141 2055 4195 Dixerunt
2087 4160 2097 4194 :

513 4240 534 4265 α
571 4218 843 4276 Sententia
875 4222 1037 4293 plana
1067 4233 1227 4281 estet
1264 4227 1529 4297 judicium
1588 4228 1829 4284 evidens.
1866 4229 1926 4283 Si
1959 4230 2102 4283 enim

508 4308 693 4377 semel,
725 4310 772 4363 si
806 4313 1066 4379 secundo,
1096 4313 1139 4367 si
1173 4316 1560 4384 tertiovocasti,
1606 4325 1656 4371 et
1676 4317 1849 4372 renuit
1880 4317 2100 4382 audire,

509 4398 688 4452 renuit
708 4399 1048 4469 disciplinam
1081 4403 1346 4473 accipere,
1388 4413 1557 4459 restat
1612 4414 1687 4473 ut,
1718 4405 1899 4477 glazlio
1929 4406 2102 4460 sancti

2134 3130 2183 3193 C

2204 1840 2309 1912 ipsi
2339 1840 2629 1896 intererant
2657 1840 2956 1913 pretiosiori
2978 1841 3281 1896 decoratus.
3314 1840 3463 1910 Papa
3524 1837 3670 1894 enim
3702 1852 3819 1891 non

2205 1944 2398 2000 cappa,
2434 1928 2528 1984 sed
2559 1929 2743 1984 casula
2764 1938 2813 1985 et
2836 1929 2999 2000 pallio
3052 1929 3283 1997 desuper
3330 1927 3607 1982 redimitus
3667 1942 3814 1980 con-

2204 2016 2328 2073 cilio
2358 2017 2699 2089 prmsidebat.
2734 2020 2855 2089 Ego
2886 2018 3054 2089 igitur
3079 2017 3289 2072 intuens
3317 2031 3551 2086 cappam
3598 2013 3815 2069 antisti-

2209 2106 2273 2159 tis
2293 2106 2674 2175 Beneventani,
2707 2114 2757 2161 et
2805 2122 2946 2175 eam,
3004 2110 3062 2160 ut
3109 2104 3220 2159 dixi
3277 2105 3489 2160 caeteris
3543 2112 3815 2174 prmstare

2208 2194 2566 2265 perspiciens,
2604 2194 2914 2251 recordatus
2945 2211 3062 2247 sum
3098 2194 3387 2248 verborum
3438 2209 3559 2263 qum
3592 2206 3726 2262 puer
3779 2207 3815 2244 a

2207 2282 2506 2337 senioribus
2535 2283 2790 2338 Ecclesiae
2812 2292 3029 2350 nostra},
3054 2281 3245 2337 Edwio
3277 2281 3484 2336 scilicet
3516 2278 3812 2352 magnifico

2209 2371 2324 2426 viro
2354 2372 2739 2438 Blacliemano,
2774 2381 2933 2441 atque
2957 2371 3263 2425 Farmanno
3311 2370 3538 2439 aliisque
3569 2367 3810 2423 nonnul-

2209 2460 2275 2513 lis
2304 2461 2431 2514 olim
2464 2460 2770 2515 audieram.
2802 2460 3060 2514 Solebant
3108 2459 3306 2513 etenim
3355 2458 3516 2513 iidem
3550 2470 3818 2513 memora-

2212 2549 2347 2603 biles
2378 2548 2476 2602 viri
2506 2564 2648 2618 saepe
2680 2563 2901 2602 narrare
2932 2547 3075 2618 quod
3106 2547 3257 2617 ipsis,
3296 2544 3679 2602 adolescentiae
3706 2544 3826 2616 pri-

2211 2637 2424 2692 mordia
2452 2637 2757 2707 agentibus.
2790 2638 2965 2691 Imma
2996 2638 3066 2705 (c)
3090 2634 3297 2708 regina,
3348 2636 3502 2705 cujus
3530 2634 3582 2688 in
3639 2633 3826 2704 capite

2212 2728 2373 2797 hujus
2405 2726 2588 2796 operis
2617 2725 2798 2779 habita
2832 2727 3033 2780 mentio
3082 2732 3182 2791 est,
3243 2725 3381 2779 inter
3436 2723 3610 2778 multa
3665 2722 3819 2777 bona

2215 2831 2335 2886 quae
2369 2814 2630 2869 Ecclesiae
2661 2813 2858 2868 Christi
2890 2813 3271 2868 Cantuariensi
3299 2811 3544 2877 contulit,
3578 2810 3814 2865 brachio

2213 2903 2352 2957 beati
2385 2902 2615 2973 apostoli
2648 2902 3048 2970 Bartholomaei,
3078 2902 3253 2972 ipsam
3292 2900 3610 2966 Ecclesiam,
3641 2898 3825 2969 dispo-

2215 2999 2374 3048 nente
2406 2990 2624 3045 domino
2656 3007 2751 3045 suo
2775 2991 2963 3045 Cnudo
3002 3007 3133 3063 rege
3181 2990 3498 3061 Anglorum,
3549 2987 3820 3043 sublima-

2222 3081 2381 3135 verit.
2415 3079 2548 3147 Quae
2580 3096 2663 3133 res
2701 3079 2930 3150 qualiter
2950 3088 3064 3134 acta
3095 3080 3273 3145 fuerit,
3319 3079 3421 3132 hoc
3453 3076 3615 3133 modo
3644 3076 3825 3148 (quod

2212 3184 2310 3239 per
2361 3184 2645 3222 excessum
2706 3173 2900 3238 emptae
2958 3168 3281 3221 narrationis
3366 3167 3478 3221 dici
3552 3165 3828 3237 patienter

2210 3272 2391 3329 quaeso
2422 3256 2741 3327 accipiatur)
2776 3271 2881 3311 uno
2912 3272 3092 3325 sensu,
3119 3256 3236 3327 pari
3267 3254 3463 3310 ordine
3486 3253 3822 3309 referebant.

2211 3348 2497 3417 Tempore,
2533 3347 2707 3413 aiunt,
2738 3360 2844 3418 quo
2868 3346 2980 3415 ipsa
3010 3345 3250 3413 domina,
3294 3344 3434 3399 sicut
3485 3343 3698 3414 regina,
3757 3343 3819 3397 in

2212 3451 2381 3506 regno
2437 3435 2735 3507 Anglorum
2790 3449 2986 3506 magna
3043 3441 3095 3488 et
3132 3441 3440 3504 praepotens
3494 3431 3818 3499 habebatur,

2210 3523 2455 3595 pontifex
2486 3523 2741 3578 Ecclesia:
2793 3524 3199 3577 Beneventanze
3233 3521 3378 3576 venit
3435 3521 3488 3574 in
3542 3520 3823 3593 Angliam,

2212 3629 2393 3682 quem,
2426 3612 2565 3667 sicut
2595 3612 2711 3681 ipse
2744 3611 2974 3674 ferebat,
3003 3611 3251 3664 immanis
3272 3611 3444 3664 fames
3486 3608 3645 3664 certis
3672 3625 3819 3679 pree-

2211 3700 2377 3771 sagiis
2406 3707 2569 3754 totam
2604 3700 2850 3769 Apuliam
2882 3698 3144 3754 atilictura
3203 3699 3296 3753 illo
3354 3697 3670 3765 deduxerat,
3726 3711 3824 3752 cu-

2212 3788 2364 3859 piens
2411 3788 2593 3859 aliquo
2626 3787 2809 3856 modo,
2846 3788 2888 3841 si
2950 3803 3054 3843 non
3105 3795 3289 3857 posset
3344 3787 3437 3841 toti
3497 3785 3817 3857 provinciae,

2211 3878 2403 3932 saltem
2434 3877 2545 3931 suis
2575 3876 2781 3932 civibus
2815 3885 3017 3930 tantum
3051 3876 3253 3931 ma'um
3282 3876 3621 3946 propulsare.
3656 3875 3707 3927 Is
3742 3881 3829 3928 ter

2212 3965 2493 4037 ingressus
2524 3965 2803 4019 brachium
2836 3964 2976 4018 beati
3011 3963 3387 4019 Bartholomtei
3433 3961 3666 4034 apostoli
3723 3976 3824 4017 se—

2212 4070 2333 4108 cum
2368 4054 2581 4120 tulerat,
2615 4069 2712 4122 spe
2743 4052 2843 4106 sibi
2866 4059 3010 4107 certa
3045 4053 3359 4123 promittens
3413 4067 3471 4106 se
3528 4067 3627 4122 per
3682 4049 3823 4105 illud

2212 4142 2377 4196 multa
2401 4142 2750 4196 lucraturum.
2806 4141 2952 4196 Idem
3011 4140 3210 4213 quippe
3242 4139 3546 4203 brachium,
3606 4138 3680 4193 ob
3711 4138 3815 4193 hu-

2205 4230 2446 4299 jusmodi
2468 4229 2922 4284 necessitudinem
2953 4228 3320 4284 contrahenda
3361 4226 3607 4282 subsidia
3628 4227 3680 4280 in
3702 4226 3823 4296 ipsa

2212 4319 2441 4374 ecclesia
2476 4317 2763 4373 Beneventi
2794 4335 2826 4372 a
2855 4318 3062 4387 reliquo
3093 4332 3327 4386 corpore
3357 4316 3676 4372 servabatur
3725 4331 3823 4369 re-

2213 4414 2438 4461 motum.
2478 4405 2778 4477 EpiscOpus
2809 4407 3008 4476 itaque,
3067 4405 3287 4460 transitu
3341 4404 3513 4470 Italia,
3574 4402 3720 4459 venit
3765 4402 3827 4457 in

512 4486 651 4540 Petri
676 4488 777 4541 sub
806 4490 1162 4544 anathematis
1208 4491 1315 4544 ictu
1371 4509 1680 4561 percussus,
1740 4494 1882 4563 quod
1916 4494 2107 4548 meruit
2134 4482 2186 4542 D
2216 4494 2466 4563 Galliam,
2501 4512 2623 4567 quae
2656 4494 2756 4549 sibi
2789 4494 3059 4548 dabantur
3078 4497 3365 4564 gratanter
3419 4492 3617 4562 ubique
3677 4491 3827 4547 bcna

508 4577 721 4642 sentiat,
755 4575 926 4631 donec
954 4593 982 4630 a
1014 4592 1111 4631 sua
1143 4578 1408 4648 pravitate
1440 4580 1700 4636 discebat.
1733 4606 1751 4628 »ι
1772 4581 2099 4651 Respondit:

516 4683 537 4709 α
573 4665 649 4716 lta
681 4671 783 4716 est.
818 4688 839 4711 »
874 4664 1111 4719 Audiens
1140 4666 1254 4722 haec
1305 4668 1594 4722 Anselmus
1652 4656 1797 4723 illico
1854 4671 2105 4738 surrexit,

509 4757 563 4802 et
590 4750 746 4805 tlexis
773 4752 1006 4822 genibus
1035 4769 1213 4809 coram
1248 4771 1389 4826 papa
1434 4756 1717 4826 prarfatum
1752 4774 1938 4829 regem
1993 4759 2106 4827 jam

511 4845 638 4892 tunc
668 4841 1137 4896 excommunicare
1168 4852 1376 4912 parato,
1410 4845 1498 4897 vix
1528 4845 1760 4899 obtinuit
1818 4862 1884 4900 ne
1920 4847 1971 4899 in
2026 4862 2107 4899 re-

509 4940 634 4995 gem
664 4926 874 4981 faceret
905 4930 1052 4999 quod
1082 4931 1385 4986 communis
1414 4934 1658 4987 omnium
1691 4934 1957 4989 sententia
1988 4950 2107 5003 pro-

510 5013 790 5086 mulgavit.
822 5014 925 5084 Qui
948 5032 1083 5090 ergo
1116 5018 1408 5075 bonitatem
1454 5021 1549 5076 viri
1580 5022 1695 5077 solo
1726 5022 1873 5092 prius
1898 5023 2110 5077 fuerant

2218 4584 2539 4654 suscipiens.
2556 4583 2746 4637 Audita
2778 4598 2907 4637 vero
2938 4582 3121 4635 divitis
3141 4583 3280 4636 fama
3304 4581 3457 4653 regni
3489 4579 3823 4653 Anglorum,

2218 4680 2360 4725 ratus
2386 4679 2468 4726 est
2497 4671 2597 4724 sibi
2630 4686 2693 4725 eo
2725 4669 3207 4742 progrediendum,
3242 4685 3307 4724 ex
3330 4669 3557 4724 aliorum
3615 4669 3828 4723 eventi-

2217 4760 2316 4813 bus
2362 4774 2587 4829 sperans
2636 4776 2695 4813 se
2725 4758 2835 4813 illic
2863 4758 3096 4829 amplius
3133 4758 3340 4812 caeteris
3398 4757 3715 4829 regionibus
3736 4771 3829 4815 ac-

2216 4847 2564 4918 quisiturum.
2597 4847 2827 4901 Prmtata
2866 4861 3083 4917 quoque
3134 4846 3319 4917 regina
3349 4844 3534 4918 magni
3590 4845 3828 4903 nominis

2217 4943 2267 4989 et
2297 4934 2586 5004 divulgata:
2618 4936 2773 4990 lamas
2798 4933 3099 4988 habebatur
3131 4951 3143 4995 ;
3182 4925 3342 5003 quam
3387 4933 3603 4989 bonitas
3630 4942 3825 5002 sua,et

2218 5040 2318 5093 qua
2351 5040 2516 5094 super
2546 5023 2815 5079 Ecclesias
2846 5021 3170 5094 respiciebat
3189 5022 3411 5095 largitas
3424 5022 3472 5077 ei
3503 5030 3820 5094 pepererat.

1822 5118 2246 5176 HENSCHENII
2284 5120 2508 5177 NOTzE.

582 5214 661 5285 (α)
690 5214 804 5270 Hoc
822 5224 913 5288 est
933 5216 1273 5287 opusculum,
1306 5218 1458 5288 cujus
1487 5226 1569 5272 est
1625 5217 1826 5273 mentio
1855 5218 1909 5271 in
1966 5218 2105 5283 Vita,

513 5301 661 5357 num.
700 5289 785 5350 10,
820 5287 913 5341 lib.
942 5304 999 5354 ιι,
1037 5294 1296 5357 tanquam
1353 5287 1407 5341 in
1450 5290 1664 5344 Barensi
1723 5289 1952 5344 concilio
1985 5288 2108 5342 lau-

512 5356 638 5409 dati.
671 5360 750 5410 An
783 5357 915 5411 illud
945 5358 1028 5411 cui
1061 5356 1260 5423 titulus,
1296 5359 1407 5414 Cur
1442 5363 1584 5416 Deus
1632 5363 1791 5417 homo
1814 5362 1843 5414 ?
1872 5360 2024 5426 cujus
2053 5359 2109 5413 in

512 5427 807 5552 Campagia
850 5428 1113 5484 elaborati
1165 5429 1371 5484 mentio
1420 5429 1480 5484 Iit
1524 5432 1797 5501 praecitato
1856 5432 1997 5487 libro
2043 5445 2103 5497 ιι,

512 5515 661 5552 num.
772 5541 783 5552 .

510 5515 661 5554 num.
696 5503 783 5552 t3.

583 5571 657 5639 (b)
685 5570 783 5626 Hic
811 5577 926 5625 erat
955 5569 1246 5639 Botfridus,
1302 5586 1366 5627 ex
1415 5571 1751 5645 principibus
1781 5573 2105 5649 Longobar-

2219 5219 2433 5289 dorum,
2493 5218 2584 5289 qui
2634 5216 2775 5272 sedit
2822 5216 2891 5272 ab
2930 5231 3076 5271 anno
3127 5216 3264 5272 1076
3298 5232 3469 5287 usque
3519 5215 3589 5270 ad
3619 5230 3825 5271 annum

2224 5293 2564 5428 H8:7).lmma
2594 5359 2843 5414 materS.
2884 5356 3245 5425 Edwardi,ad
3271 5358 3428 5427 cujus
3463 5358 3645 5428 Vitam,
3667 5357 3820 5412 5.1a-

2220 5427 2394 5486 nuarii
2419 5432 2669 5502 plurima,
2703 5431 2796 5502 de
2821 5444 2886 5484 eo
2925 5437 2977 5483 et
3007 5444 3136 5502 rege
3157 5428 3510 5502 Cnuddicta,
3542 5427 3652 5500 legi
3683 5443 3824 5499 pos-

2220 5512 2364 5557 sunt.
2389 5497 2661 5558 Craterum
2686 5499 2986 5555 Eadmerus
3034 5497 3298 5571 principio
3327 5499 3453 5555 libri
3481 5515 3499 5554 ι
3532 5497 3654 5555 eum
3686 5497 3820 5561 ⁷ηο-

2221 5574 2388 5629 minat
2410 5573 2697 5629 duntaxat.
