4044 6074
242 273 346 336 417

1352 266 1679 328 HISTORIA
1714 260 2087 329 NOVORUM.
2118 302 2189 311 —
2216 269 2342 327 LIB.
2384 264 2447 329 II.

3446 282 3546 348 ιιε

241 379 486 435 Pontifex
522 378 706 451 igitur,
745 373 998 447 Angliam
1046 373 1301 441 veniens,
1369 372 1542 443 ipsam
1587 373 1832 444 reginam
1861 370 1917 431 A
1947 372 2092 444 coepi
2128 372 2199 427 de
2229 374 2421 429 eadem
2451 390 2625 446 cappa
2654 375 2822 447 loqui,
2856 386 2910 434 et
2935 381 3079 438 unde
3122 383 3273 440 illam
3325 389 3552 448 haberet

240 468 375 523 adiit
406 509 423 537 ,
464 475 518 523 et
554 466 697 521 illius
734 463 1065 521 allocutione
1098 463 1301 533 potitus
1329 507 1342 528 ,
1384 462 1514 533 quid
1553 461 1844 530 detulerit,

242 571 406 627 quam
446 556 518 611 ob
555 570 772 609 causam
810 562 918 608 tam
958 559 1195 607 remotas
1249 550 1398 606 orbis
1435 550 1629 605 adierit
1664 557 1847 620 partes

240 644 564 699 insinuavit.
599 648 672 698 At
717 642 831 710 illa,
883 642 1128 697 hominis
1174 640 1496 697 charitativo
1543 639 1732 694 labore
1775 639 1845 693 ad

239 732 678 789 misericordiam
710 730 874 797 ﬂexa,
905 731 974 786 de
1005 730 1115 785 suis
1143 730 1193 785 ei
1242 729 1461 800 copiose
1503 728 1700 801 largita
1743 736 1842 797 est,

242 830 297 878 et
326 822 479 877 illum
510 821 744 892 patriam
773 834 1034 885 remeare,
1067 835 1167 873 nec
1194 833 1303 873 non
1330 817 1407 873 eis
1437 816 1630 887 quibus
1658 816 1845 871 immi—

240 926 378 965 nens
406 910 569 965 famis
596 909 900 979 periculum
934 907 1279 975 formidabat,
1314 906 1605 962 subvenire
1633 908 1847 961 hortata

243 1006 345 1054 est.
378 997 486 1054 Sed
519 999 633 1070 ipse
655 997 967 1069 intelligens
994 1011 1102 1051 non
1131 993 1371 1050 sufficere
1406 994 1507 1048 sibi
1565 995 1634 1049 ad
1690 1009 1848 1048 suum

244 1088 525 1159 negotium
558 1103 681 1159 qua
710 1086 965 1154 habebat,
999 1101 1092 1142 eos
1116 1100 1251 1155 quos
1279 1082 1455 1154 magis
1476 1082 1773 1137 familiares
1792 1081 1847 1137 in

240 1176 396 1231 curia
423 1175 524 1247 ipsi
556 1174 793 1231 domina
830 1189 947 1230 esse
1003 1181 1284 1245 acceperat
1338 1179 1714 1244 percunctatus
1769 1179 1849 1226 est

238 1272 416 1320 utrum
447 1280 509 1320 os
538 1264 684 1335 quod
714 1263 991 1331 attulerat,
1025 1263 1153 1317 dato
1178 1261 1373 1332 pretio,
1417 1261 1621 1333 regina
1650 1261 1705 1315 in
1756 1260 1848 1329 jus

236 1352 517 1424 preprium
549 1351 836 1408 transferre
866 1367 1009 1407 cura
1032 1359 1195 1406 esset.
1225 1349 1365 1419 Quid
1391 1350 1556 1404 multa
1576 1350 1605 1402 ‘l
1626 1349 1845 1403 Investi-

237 1450 401 1515 gatur
428 1442 497 1497 de
525 1458 586 1498 re
615 1442 827 1498 animus
855 1440 1111 1508 domina,
1143 1448 1195 1495 et
1224 1440 1493 1495 invenitur
1513 1438 1845 1509 promptissi-

236 1548 361 1587 mus
389 1547 527 1599 esse,
558 1539 761 1587 certam
790 1547 847 1586 se
876 1530 1253 1585 tantummodo
1299 1529 1583 1600 episcOpus
1640 1528 1845 1583 faceret

248 1636 404 1692 psum
438 1636 499 1675 os
529 1619 791 1675 nominati
821 1619 1050 1691 apostoli
1100 1633 1293 1674 revera
1334 1617 1520 1684 fuisse,
1571 1624 1624 1672 et
1668 1616 1845 1671 taliter

1956 462 2108 533 quasi
2139 464 2361 519 nescius
2394 463 2746 537 interrogavi,
2780 483 3049 524 summam
3079 472 3157 527 rei
3190 478 3458 546 exposuit,
3492 487 3553 538 et

1955 565 2075 605 eam
2104 551 2298 607 ordine
2328 568 2435 623 quo
2451 553 2707 625 descripsi
2729 570 2883 610 suam
2904 558 3202 616 Ecclesiam
3221 564 3289 618 ab
3311 567 3556 625 Ecclesia

1956 638 2321 695 Cantuariensi
2353 641 2607 711 adeptam
2640 660 2762 699 esse
2793 646 3107 703 declaravit.
3133 649 3252 718 Qua
3271 653 3340 709 de
3359 672 3418 712 re
3438 674 3557 713 cer-

1957 727 2058 781 tior
2088 727 2332 797 effectus,
2391 732 2573 800 putavi
2632 732 2901 804 aliquibus
2956 746 3169 808 gratum
3228 742 3332 798 hoc
3379 745 3555 814 ipsum

1956 816 2078 871 huic
2104 819 2365 888 opusculo
2396 820 2609 889 indere,
2658 822 2779 877 licet
2836 825 3172 895 propositum
3228 834 3555 891 narrationis

1957 906 2228 960 tramitem
2261 923 2348 961 me
2380 910 2480 963 hoc
2526 910 2742 981 agendo
2790 927 2896 966 non
2944 915 3211 971 nescirem
3267 921 3552 979 excedere.

1957 992 2078 1061 Quo
2109 1001 2347 1065 peracto,
2380 997 2450 1051 ad
2480 1006 2714 1068 captum
2745 1001 3032 1057 redeamus
3062 1003 3181 1060 iter.
3213 1007 3388 1064 Finito
3417 1027 3556 1067 con-

1956 1082 2078 1138 cilio
2108 1097 2141 1138 a
2171 1085 2309 1140 Baro
2339 1085 2699 1157 discessimus,
2750 1089 3068 1146 comitatum
3121 1110 3278 1166 papa
3327 1098 3556 1156 Romam

1957 1188 2127 1244 usque
2155 1189 2261 1227 non
2292 1173 2626 1231 deserentes.

2027 1261 2238 1316 Interea
2269 1265 2490 1318 revertit
2516 1266 2732 1319 nuntius
2762 1282 2921 1336 quem
2952 1284 2983 1323 a
3023 1269 3196 1326 Roma
3242 1274 3309 1328 ad
3366 1290 3555 1349 regem

1954 1350 2168 1421 Anglia
2215 1350 2543 1406 destinatum
2593 1356 3018 1424 supradiximus,
3079 1359 3327 1417 referens
3382 1364 3557 1436 ipsum

1954 1453 2139 1509 regem
2169 1440 2432 1511 susceptis
2457 1442 2673 1513 quidem
2704 1460 2926 1516 quoquo
2969 1447 3129 1503 modo
3177 1448 3367 1507 litteris
3398 1470 3559 1526 papa

1953 1526 2158 1582 litteras
2186 1529 2426 1584 Anselmi
2458 1530 2603 1585 nullo
2653 1532 2887 1588 voluisse
2934 1542 3091 1604 pacto
3119 1538 3413 1610 suscipere,
3446 1542 3557 1598 imo

1953 1617 2173 1687 cognito
2205 1618 2353 1672 illum
2386 1635 2506 1674 esse
2536 1620 2810 1675 hominem
2842 1624 2959 1692 ejus
2983 1625 3196 1693 jurasse
3224 1644 3321 1699 per
3351 1632 3557 1688 vultum

247 1717 306 1764 ut
333 1709 563 1779 ipsemet
590 1716 875 1764 testaretur
903 1708 1025 1776 sibi,
1059 1708 1269 1762 sublata
1291 1706 1436 1762 omni
1458 1706 1840 1777 ambiguitate,
1878 1725 1926 1785 Β
1956 1705 2055 1759 Die
2086 1706 2230 1777 quia,
2263 1706 2306 1761 si
2340 1708 2532 1764 festiue
2562 1718 2760 1764 terram
2818 1728 2967 1766 suam
3026 1730 3131 1769 non
3189 1718 3376 1785 exiret,
3436 1721 3554 1777 sine

243 1797 603 1852 satisfactum.
638 1797 731 1851 Ad
761 1797 906 1868 quod
936 1796 1027 1851 ille
1061 1814 1073 1849 :
1112 1819 1133 1845 α
1161 1795 1303 1864 Quo,
1335 1794 1526 1865 inquit,
1560 1794 1723 1850 modo
1753 1795 1781 1849 ?
1818 1816 1839 1841 ιο

247 1908 270 1933 ι
307 1886 485 1956 Super
510 1900 725 1955 corpus,
752 1886 848 1949 ait,
908 1885 1252 1941 Dominicum
1310 1892 1363 1939 et
1418 1900 1580 1954 super
1624 1892 1843 1938 sancto-

244 1990 368 2029 rum
434 1974 690 2045 reliquias
756 1990 893 2046 quas
958 1974 1007 2029 ei
1075 1988 1420 2045 preponam,
1482 1972 1848 2044 jurejurando

240 2063 502 2136 reliquias
559 2062 627 2118 de
661 2063 859 2135 quibus
896 2063 1073 2134 agitur
1126 2063 1390 2119 veraciter
1443 2077 1560 2117 esse
1612 2063 1682 2117 de
1718 2076 1844 2116 cor-

242 2167 378 2223 pore
447 2151 592 2207 beati
653 2151 883 2222 apostoli
948 2151 1349 2217 Bartholomai,
1418 2159 1472 2206 et
1534 2150 1587 2204 id
1640 2158 1845 2206 remota

239 2241 387 2296 omni
471 2240 897 2312 aquivocatione
982 2248 1143 2311 atque
1234 2240 1564 2310 sophismate
1657 2239 1839 2295 faciat.

237 2330 373 2396 Hoc,
400 2329 576 2400 inquit
604 2329 909 2400 episcopus,
966 2345 1153 2385 secure
1208 2345 1296 2384 me
1353 2329 1622 2385 facturum
1677 2328 1844 2398 polli-

232 2434 378 2474 ceor.
415 2437 441 2469 ι
479 2417 708 2473 Veniens
751 2417 932 2489 itaque
963 2418 1303 2473 Cantuariam
1322 2434 1444 2475 cum
1461 2418 1689 2473 brachio
1704 2417 1841 2488 ipso,

232 2515 397 2579 prout
436 2506 516 2561 illi
553 2523 650 2562 rex
689 2514 741 2562 et
769 2508 963 2579 regina
1000 2507 1352 2575 dictaverant,
1403 2508 1657 2563 decenter
1718 2523 1838 2562 sus-

231 2603 425 2664 ceptus
454 2601 553 2650 est.
584 2596 804 2650 Astante
859 2595 1027 2667 igitur
1065 2595 1201 2667 ipsa,
1251 2597 1639 2651 monachorum
1695 2612 1836 2667 quo-

239 2700 346 2756 que
376 2698 442 2740 ac
470 2683 789 2739 clericorum
819 2683 1083 2740 immenso
1132 2684 1350 2757 agmine
1404 2700 1523 2740 eam
1577 2684 1832 2754 vallante,

235 2773 381 2828 inter
408 2788 547 2845 quos
575 2772 733 2827 etiam
763 2787 925 2843 supra
951 2774 1230 2829 memorati
1261 2773 1361 2828 viri
1391 2790 1422 2828 a
1469 2774 1665 2843 quibus
1720 2775 1837 2829 hac

242 2861 555 2931 accepimus
583 2875 641 2916 se
667 2870 960 2933 prasentes
991 2861 1151 2918 fuisse
1177 2863 1351 2917 testati
1380 2870 1520 2932 sunt,
1578 2879 1839 2918 numero-

240 2966 410 3020 saque
441 2950 724 3021 utriusque
755 2967 920 3005 sexus
948 2959 999 3005 et
1026 2951 1198 3006 atatis
1227 2951 1586 3007 multidudine
1615 2952 1686 3007 ob
1740 2953 1846 3006 hoc

237 3039 560 3094 convolante
589 3044 646 3094 et
676 3039 946 3105 audiente,
973 3038 1215 3108 jurando
1245 3057 1407 3111 super
1436 3040 1605 3095 altare
1635 3049 1689 3095 et
1717 3055 1842 3096 cor-
1870 3078 1920 3141 Ο

238 3145 343 3197 pus
372 3126 569 3181 Christi
599 3143 769 3183 necne
796 3136 1104 3183 sanctorum
1127 3128 1387 3200 reliquias
1436 3144 1570 3200 quas
1623 3129 1839 3184 beatum

244 3215 571 3287 Gregorium
633 3224 819 3272 sancto
887 3217 1205 3288 Augustino,
1270 3217 1512 3288 aliosque
1570 3220 1842 3275 Romanos

240 3304 526 3376 pontifices
553 3305 670 3361 aliis
698 3305 1126 3376 archiepiscopis
1154 3305 1448 3363 destinasse
1501 3308 1688 3377 scitur,
1751 3323 1843 3363 as-

248 3394 521 3449 severavit
552 3394 729 3466 ipsum
762 3410 822 3450 os
851 3394 917 3450 de
948 3410 1055 3467 quo
1109 3411 1286 3451 sermo
1344 3396 1645 3452 habebatur
1697 3396 1843 3453 beati

251 3482 638 3538 Bartholomai
669 3483 901 3553 apostoli
931 3482 1214 3554 proprium
1246 3484 1429 3553 fuisse,
1458 3501 1557 3541 nec
1594 3486 1696 3557 ipsi
1753 3503 1843 3541 as-

238 3571 462 3627 sertioni
493 3587 607 3627 sua
630 3572 832 3643 aliquid
864 3571 1086 3627 omnino
1114 3572 1460 3642 sephismatis
1490 3582 1579 3629 aut
1607 3575 1843 3644 aquivo-

235 3659 465 3714 cationis
519 3660 719 3716 inesse.
778 3659 900 3728 Quo
956 3660 1118 3728 facto,
1190 3661 1560 3717 memorabilis
1624 3662 1845 3719 domina

251 3749 607 3820 quamplures
638 3748 845 3821 argenti
877 3748 1039 3803 libras
1062 3750 1283 3804 antistiti
1314 3751 1559 3820 contulit,
1618 3759 1670 3807 et
1724 3768 1844 3807 osse

237 3835 412 3906 potita
462 3837 595 3892 illud
650 3837 895 3893 ecclesia
950 3837 1142 3892 Christi
1198 3838 1565 3894 Cantuariensi
1614 3840 1845 3896 solemni

243 3922 541 3981 donatione
570 3940 636 3980 ex
668 3934 822 3997 parte
874 3927 1019 3997 regis
1074 3926 1244 3980 Cnudi
1299 3943 1503 3998 suaque
1557 3930 1840 3984 concessit.

242 4013 356 4068 Illis
413 4014 616 4086 quippe
668 4014 863 4069 diebus
888 4014 1124 4070 hic'mos
1152 4015 1347 4088 Anglis
1376 4025 1490 4072 erat
1544 4017 1845 4089 patrocinia

244 4109 556 4158 sanctorum
586 4103 839 4159 omnibus
867 4103 1050 4160 saculi
1079 4103 1239 4159 rebus
1268 4106 1554 4161 anteferre.
1600 4107 1843 4163 Pontifex

238 4190 446 4263 quippe
475 4191 622 4247 sedis
666 4192 853 4264 ipsius,
899 4192 1252 4264 Egelnothus
1280 4194 1518 4266 nomine,
1547 4195 1687 4251 inter
1710 4197 1843 4253 reli-

240 4295 348 4350 qua
381 4296 504 4352 qua
534 4280 736 4335 homini
754 4280 921 4348 dedit,
955 4297 1181 4353 cappam
1212 4282 1289 4337 illi
1338 4284 1497 4340 valde
1550 4287 1843 4357 pretiosam

241 4368 525 4440 aurifrigio
557 4385 619 4424 ex
653 4369 799 4425 omni
829 4378 984 4440 parte
1014 4380 1260 4427 ornatam
1292 4373 1458 4443 dedit,
1492 4391 1613 4444 qua
1633 4384 1685 4431 et
1704 4377 1845 4432 illius

237 4456 498 4513 Ecclesia
530 4459 732 4527 decori,
780 4467 833 4515 et
889 4460 1148 4515 Ecclesia
1204 4463 1599 4518 Cantuariensis
1656 4436 1923 4521 futurisD

238 4546 572 4617 temporibus
599 4554 763 4604 tanta
792 4547 867 4602 rei
898 4548 1149 4604 existeret
1191 4549 1494 4606 testimonio
1550 4560 1599 4607 et
1649 4554 1843 4624 proba-

233 4633 391 4690 tioni.
425 4634 552 4707 Ego
608 4635 775 4708 igitur
828 4651 973 4705 cum,
1031 4646 1090 4691 ut
1148 4637 1279 4708 dixi,
1328 4639 1557 4695 concilio
1605 4658 1844 4713 prasens

235 4722 535 4779 antistitem
566 4724 1005 4781 Beneventanum
1044 4741 1218 4797 cappa
1276 4727 1497 4800 reliquis
1550 4739 1843 4799 prastante

236 4819 488 4866 ornatum
512 4811 777 4881 viderem,
808 4820 860 4868 et
890 4829 1010 4868 eam
1040 4830 1107 4869 ex
1139 4810 1376 4887 hisqua
1405 4816 1537 4872 olim
1567 4819 1843 4876 audieram

235 4897 442 4970 optime
490 4915 721 4970 nossem,
784 4917 892 4957 non
949 4902 1161 4959 modice
1216 4904 1446 4974 latatus,
1506 4914 1560 4962 et
1613 4924 1843 4981 cappam

233 4994 289 5043 et
315 4987 488 5044 verba
543 4989 677 5044 mihi
736 5006 904 5062 puero
960 4990 1156 5047 exinde
1211 4991 1354 5049 dicta
1411 4995 1557 5049 Patri
1585 4999 1843 5053 Anselmo

232 5077 467 5134 ostendi.
500 5077 624 5134 Mox
655 5078 928 5136 celebrato
985 5080 1222 5137 concilio
1268 5081 1362 5136 ubi
1405 5082 1841 5142 Beneventanum

228 5175 407 5248 ipsum
436 5175 569 5245 adii,
601 5184 653 5232 et
682 5176 824 5234 inter
852 5176 962 5234 alia
991 5186 1191 5235 mutuae
1220 5178 1524 5237 dilectionis
1574 5182 1843 5255 colloquia

1954 1796 2338 1850 retractatione
2370 1797 2557 1852 oculos
2587 1798 2635 1852 ei
2666 1799 2781 1853 erui
2813 1799 3036 1856 faceret.

2028 1883 2230 1938 Verum
2262 1893 2381 1955 post
2412 1886 2528 1940 dies
2554 1886 2776 1957 aliquot,
2811 1904 2881 1943 ex
2913 1906 3020 1961 quo
3070 1892 3298 1949 Romam
3353 1900 3555 1955 reversi

1957 1970 2177 2039 fuimus,
2212 1973 2355 2027 venit
2386 1974 2580 2029 missus
2611 1989 2644 2029 a
2701 1992 2829 2047 rege
2885 1979 3251 2050 Willhelmus,
3284 1987 3440 2055 cujus
3498 1988 3553 2043 in

1955 2060 2099 2115 exitu
2129 2061 2336 2133 Anglia
2365 2064 2695 2119 mentionem
2730 2066 2982 2133 fecimus,
3006 2069 3226 2126 domino
3271 2088 3431 2146 papa
3484 2078 3554 2131 ad

1956 2149 2160 2204 litteras
2190 2166 2321 2222 quas
2350 2166 2447 2222 pro
2475 2153 2732 2208 Anselmo
2763 2154 2983 2211 miserat
3026 2173 3404 2228 responsurus.
3455 2165 3555 2219 Di-

1956 2237 2115 2292 cebat
2143 2253 2275 2311 ergo
2305 2239 2639 2309 pontificizu
2674 2242 2894 2298 Mandat
2948 2245 3045 2300 tibi
3101 2248 3348 2304 dominus
3402 2269 3555 2309 meus

1954 2341 2048 2380 rex
2077 2326 2179 2380 sibi
2209 2343 2316 2382 non
2368 2345 2550 2398 parva
2605 2331 2952 2388 admirationi
3004 2350 3117 2390 esse
3164 2338 3307 2406 quod
3354 2339 3440 2395 vel
3496 2341 3551 2396 in

1954 2424 2188 2470 mentem
2223 2416 2317 2471 tibi
2348 2418 2545 2473 cadere
2574 2419 2752 2487 potuit
2780 2428 2837 2474 ut
2864 2437 3010 2488 eum,
3065 2439 3163 2493 pro
3214 2427 3556 2485 restitutione

1955 2520 2133 2558 rerum
2174 2506 2436 2575 Anselmi,
2480 2507 2869 2578 interpellares.
2907 2530 2930 2560 ι
2965 2512 3035 2565 Ει
3089 2513 3327 2570 subdidit
3362 2535 3373 2571 :
3440 2540 3460 2567 «ι
3496 2519 3554 2581 Si

1954 2608 2178 2650 causam
2211 2595 2426 2664 quaris,
2460 2596 2576 2651 hac
2605 2604 2681 2652 est
2716 2616 2726 2651 :
2761 2596 2987 2666 Quando
3016 2600 3084 2655 de
3114 2609 3254 2657 terra
3297 2621 3390 2660 sua
3437 2607 3551 2662 dis-

1956 2682 2151 2738 cedere
2181 2683 2367 2751 voluit,
2402 2692 2586 2755 aperte
2613 2685 2846 2740 minatus
2874 2695 2955 2741 est
2984 2704 3041 2743 se
3095 2689 3188 2745 illo
3244 2691 3555 2751 discedente

1956 2780 2123 2828 totum
2157 2772 2678 2844 archiepiscopatum
2708 2774 2761 2828 in
2790 2775 3083 2831 dominium
3116 2794 3272 2833 suum
3301 2791 3556 2853 acceptu.

1955 2879 2100 2917 rum.
2130 2862 2394 2931 Quoniam
2426 2862 2590 2934 igitur
2618 2878 2717 2919 nec
2747 2862 2829 2917 his
2859 2864 3015 2919 minis
3052 2868 3370 2926 constrictus
3425 2874 3555 2944 quin

1955 2951 2127 3006 exiret
2156 2951 2404 3007 omittere
2433 2951 2625 3023 noluit,
2651 2953 2795 3023 juste
2850 2968 2908 3009 se
2965 2962 3115 3025 putat
3162 2956 3353 3014 fecisse
3407 2962 3554 3033 quod

1953 3039 2101 3109 fecit,
2133 3047 2183 3095 et
2214 3040 2405 3108 injuria
2434 3041 2782 3109 reprehendi.
2827 3064 2847 3089 η
2883 3041 2962 3095 Ad
2992 3043 3110 3099 hac
3130 3060 3305 3117 papa:
3333 3067 3360 3099 α
3382 3052 3552 3107 Accu-

1949 3137 2032 3184 sat
2061 3145 2203 3196 eum,
2238 3128 2431 3200 inquit,
2464 3128 2687 3184 aliunde
2707 3130 2736 3182 ‘I
2771 3153 2792 3178 ιο
2819 3130 3115 3202 Respondit
3139 3150 3152 3187 :
3176 3157 3189 3181 ‹
3218 3135 3337 3190 Non
3360 3142 3548 3210 papa!

1950 3219 2043 3289 ait,
2077 3217 2197 3289 quis
2227 3234 2463 3289 unquam
2496 3218 2701 3272 audivit
2740 3218 2864 3273 talia
2892 3221 2921 3273 ?
2973 3220 3075 3275 Pro
3122 3222 3225 3277 hoc
3274 3226 3391 3281 solo
3446 3229 3553 3300 pri-

1951 3316 2151 3362 matem
2183 3308 2339 3379 regni
2370 3306 2479 3362 suis
2508 3307 2761 3361 omnibus
2792 3307 3066 3379 spoliavit,
3125 3312 3250 3382 quia
3305 3330 3375 3370 ne
3429 3333 3554 3371 san-

1953 3404 2097 3453 ctam
2124 3403 2354 3451 matrem
2382 3396 2678 3451 Ecclesium
2710 3396 2970 3451 ommium
3001 3397 3302 3454 Romanam
3358 3403 3549 3461 visita-

1953 3493 2049 3553 ret,
2083 3485 2330 3541 omittere
2360 3484 2531 3539 noluit
2560 3485 2588 3537 ‘I
2621 3485 2757 3540 Vere
2787 3492 2839 3539 et
2869 3485 2983 3540 sine
3014 3486 3160 3540 omni
3194 3488 3551 3562 ambiguitate

1952 3574 2133 3631 dicere
2161 3590 2449 3646 possumus
2478 3590 2509 3628 a
2530 3573 2729 3629 saculo
2751 3573 2856 3628 tale
2877 3574 3004 3643 quid
3025 3590 3133 3630 non
3144 3591 3265 3633 esse
3285 3579 3548 3637 auditum.

1953 3659 2021 3713 Et
2050 3675 2149 3728 pro
2165 3659 2255 3714 tali
2275 3674 2557 3729 responso,
2580 3657 2839 3712 mirabilis
2859 3659 3045 3725 homo,
3070 3659 3173 3715 huc
3192 3668 3242 3717 te
3262 3661 3502 3737 fatigasti
3522 3667 3552 3719 ?

1954 3747 2106 3814 Redi,
2142 3747 2462 3819 quantocius
2494 3747 2633 3816 redi,
2665 3756 2717 3802 et
2746 3748 2986 3819 praecipe
3014 3748 3093 3803 illi
3122 3765 3186 3805 ex
3228 3760 3377 3822 parte
3408 3754 3552 3811 beati

1954 3838 2095 3892 Petri
2126 3844 2391 3907 quatenus
2446 3844 2651 3892 remota
2708 3837 2855 3892 omni
2912 3838 3343 3897 contradictione
3397 3842 3550 3899 illum

1952 3926 2064 3981 suis
2094 3926 2353 3981 omnibus
2406 3926 2616 3998 integre
2670 3925 2943 3995 revestiat,
3002 3926 3048 3982 si
3098 3932 3551 3989 excommunicari

1952 4022 2180 4070 recusat.
2216 4016 2401 4086 Itaque
2432 4015 2518 4069 fac
2545 4022 2603 4068 ut
2633 4013 2767 4083 quid
2786 4014 2916 4069 hinc
2943 4014 3075 4070 velit
3102 4017 3245 4072 scire
3274 4034 3359 4074 me
3388 4019 3553 4077 faciat

1952 4114 2076 4161 ante
2104 4103 2416 4170 concilium,
2449 4102 2589 4171 quod
2613 4102 2767 4157 tertia
2788 4102 3134 4158 hebdomade
3157 4105 3376 4161 Pascha
3396 4108 3474 4178 (a)
3494 4109 3554 4165 in

1953 4196 2054 4249 hac
2081 4195 2214 4248 urbe
2244 4208 2367 4248 sum
2389 4190 2777 4258 celebraturus,
2803 4190 3005 4263 alioqui
3022 4192 3314 4249 certissime
3335 4197 3552 4252 noveris

1952 4282 2094 4340 sein
2124 4283 2317 4339 eodem
2363 4279 2591 4335 concilio
2646 4278 3005 4335 damnationis
3057 4282 3319 4337 sententia
3374 4285 3555 4356 puniri

1954 4388 2113 4444 quam
2145 4371 2459 4445 promeruit.
2498 4394 2518 4418 η
2578 4372 2647 4423 At
2704 4367 2839 4423 ille:
2909 4387 2929 4417 α
2960 4369 3275 4440 Priusquam
3331 4372 3549 4443 abeam,

1955 4468 2133 4517 tecum
2163 4459 2419 4516 secretius
2479 4473 2660 4529 agam.
2698 4478 2719 4505 η
2756 4456 2951 4510 Mansit
2976 4472 3107 4528 ergo
3149 4457 3222 4512 ibi
3276 4476 3379 4529 per
3433 4462 3551 4517 dies

1953 4552 2213 4627 plurimos
2242 4548 2384 4604 idem
2406 4544 2785 4613 Willhelmus,
2810 4545 3109 4615 prudenter
3127 4561 3351 4619 cperam
3372 4548 3552 4607 dando

1952 4644 2054 4701 hos
2082 4651 2135 4699 et
2164 4641 2289 4696 illos
2319 4653 2430 4692 sua
2457 4650 2636 4692 causa
2668 4634 2909 4690 fautores
2939 4633 3167 4703 efﬁcere,
3199 4651 3263 4691 ac
3292 4642 3353 4692 ut
3367 4637 3549 4695 domi-

1951 4735 2005 4789 ni
2036 4732 2116 4788 sui
2147 4727 2412 4786 voluntati
2443 4722 2793 4790 satisfaceret,
2824 4739 3051 4778 munera
3077 4723 3275 4795 quibus
3304 4741 3368 4781 ea
3396 4729 3550 4783 cordi

1953 4837 2069 4879 esse
2090 4814 2556 4874 animadvertebat
2576 4811 2967 4882 dispertiendo,
2991 4818 3043 4866 et
3062 4812 3375 4882 pollicendo
3394 4815 3551 4884 parvi

1950 4912 2173 4968 habere.
2206 4905 2483 4961 Deductus
2514 4917 2652 4972 orgo
2681 4917 2712 4955 a
2740 4899 3002 4956 sententia
3018 4902 3291 4956 Romanus
3309 4901 3551 4974 pontifex

1952 5010 2050 5070 est,
2083 5014 2145 5053 ac
2177 5011 2271 5068 pro
2302 4999 2426 5049 voto
2455 4990 2760 5045 Willhelmi
2790 4990 3031 5045 inducias
3053 5006 3225 5062 usque
3256 4990 3325 5046 ad
3355 4991 3551 5047 festum

1952 5087 2124 5145 sancti
2154 5081 2430 5140 Michaelis
2460 5077 2610 5134 dedit
2633 5078 2777 5148 regi.
2814 5080 2946 5135 Acta
2963 5086 3087 5134 sunt
3106 5077 3177 5149 (b)
3199 5078 3318 5135 haec
3338 5078 3393 5134 in
3414 5079 3551 5153 ipsis

1952 5174 2236 5235 solemniis
2263 5169 2571 5228 Nativitatis
2601 5166 2820 5223 Christi.

1651 5307 2078 5366 HENSCHENII
2104 5299 2333 5360 NOTAE.

300 5424 381 5553 X1)
408 5426 562 5529 Anno
590 5438 726 5553 ergo
744 5427 903 5496 1099,
926 5428 1145 5513 quando
1169 5431 1373 5513 Pascha
1389 5431 1837 5516 fuitcelehratutn

349 5497 502 5553 nrtlts
534 5541 546 5553 .
581 5506 634 5553 et
685 5506 843 5553 ittera
871 5501 1231 5553 Dommxcahs
1254 5503 1294 5553 Β
1340 5503 1627 5553 Dmmmca
1669 5520 1731 5553 ιιι
1782 5522 1837 5553 ιη

230 5512 274 5556 x
300 5497 502 5571 Aprilis
534 5517 559 5571 :_
581 5506 634 5554 et
658 5497 1231 5571 litteraideinicalis
1253 5503 1294 5558 Β
1338 5503 1627 5561 Dominica
1669 5520 1731 5561 ιιι
1781 5506 1839 5561 in

232 5569 378 5626 xm
405 5569 656 5640 ejusdem
686 5570 888 5626 mensis
916 5571 1162 5628 cadebat.

1946 5427 2166 5500 aliquod
2193 5426 2501 5500 Romanum
2532 5433 2676 5500 anno
2723 5415 2863 5500 10,98
2918 5413 3268 5500 celebratum,
3326 5415 3546 5500 inmquo

1947 5488 2279 5559 induciaha
2305 5507 2575 5561 concessa
2605 5489 2799 5561 fuerint
2833 5504 2845 5543 :
2878 5505 3086 5561 necque
3114 5498 3236 5561 post
3258 5488 3547 5561 concilium

1948 5557 2188 5630 Rarense
2217 5561 2367 5624 aliud
2396 5560 2682 5621 concilium
2711 5557 2925 5618 videtur
2945 5557 3190 5615 habiturn
3218 5568 3403 5617 coram
3433 5559 3544 5615 Ur-

305 5640 383 5718 (b)
410 5630 550 5701 itala
579 5655 713 5717 ergo
740 5641 831 5700 hic
851 5641 1121 5702 inducitur
1144 5644 1524 5722 aquibusdam
1550 5643 1841 5707 concilium
1946 5646 2095 5704 bane
2125 5640 2315 5711 fuisse,
2346 5651 2511 5709 quam
2539 5632 2597 5715 id
2622 5633 2681 5692 in
2708 5645 2835 5706 quo,
2863 5638 2989 5704 post
3015 5631 3224 5691 Pascha
3265 5630 3545 5705 sequentis
