3996 6084
457 218 562 273 419

1464 196 1778 261 EADMERI
1829 200 2382 285 CANTUARIENSIS
2434 196 2751 257 MONACHI

3667 198 3780 255 420

536 334 699 409 Quod
748 334 1023 406 videntes,
1078 348 1217 392 vane
1270 345 1369 389 nos
1441 331 1516 386 ibi
1583 328 1872 386 consilium
1926 328 2061 382 nihil
2087 329 2144 389 A
2172 329 2318 383 hunc
2346 326 2533 382 sedem
2559 326 2881 393 referuntur,
2931 323 3161 381 consilia
3205 331 3257 379 et
3306 323 3527 392 auxilia,
3574 325 3713 397 sicut
3746 340 3784 379 a

464 431 726 489 auxilium
790 426 992 499 operiri
1054 420 1438 487 intelleximus,
1505 419 1779 490 petitaque
1841 417 2058 477 licentia

462 522 785 594 Lugdunum
851 527 1098 570 remeare
1160 508 1506 566 decrivimus.
1560 507 1736 575 Quam
1786 505 2058 563 licentiam

465 628 589 667 cum
620 607 928 662 nullatenus
965 602 1273 671 impetrare,
1306 595 2059 667 potuissemus,remansimus

469 702 655 756 Roma:
684 709 854 763 usque
884 692 951 745 ad
984 687 1301 760 praeﬁnitum
1335 694 1548 757 tempus
1596 684 1823 753 consilii,
1882 683 2059 739 conti-

471 803 577 842 nue
606 785 749 839 circa
778 795 979 851 papam
1010 777 1272 849 degentes
1302 782 1353 830 et
1383 774 1540 844 quasi
1569 774 1625 827 in
1661 788 1946 828 commune
1974 772 2059 827 vi-

464 882 667 933 ventes.
698 872 812 926 Nec
838 868 983 923 enim
1013 867 1160 933 duae,
1192 864 1289 919 sed
1320 880 1426 918 una
1459 862 1746 917 videbatur
1774 861 2058 917 amborum

465 964 613 1021 curia
643 975 781 1015 esse.
816 956 969 1013 Unde
999 962 1051 1009 et
1080 954 1203 1023 ipse
1232 968 1375 1023 papa
1406 951 1714 1021 frequenter
1740 950 1811 1004 ad
1865 949 2060 1004 Ansel-

465 1068 614 1108 mum
644 1047 918 1112 veniebat,
951 1044 1072 1100 lzete
1104 1058 1231 1098 cum
1261 1056 1325 1096 eo
1354 1056 1470 1094 sese
1506 1040 1743 1109 agendo,
1767 1047 1819 1093 et
1860 1038 2062 1092 curiam

462 1138 714 1198 faciendo
774 1136 871 1198 ei;
920 1132 1071 1187 dedit
1117 1144 1332 1202 quoque
1377 1127 1456 1182 illi
1507 1127 1800 1199 hospitium
1848 1127 1904 1181 in
1956 1142 2062 1197 quo

465 1225 924 1289 conservahamur
972 1236 1036 1276 eo
1086 1220 1209 1289 jure
1267 1226 1343 1284 ut,
1402 1216 1449 1271 si
1506 1216 2062 1288 aliquandoRomam

464 1319 696 1384 rediret,
728 1321 915 1370 contra
943 1325 1132 1364 omnes
1160 1307 1405 1363 homines
1434 1306 1569 1360 illud
1598 1305 1700 1360 sibi
1730 1305 2055 1361 vindicaret.

466 1412 590 1479 Ipse
632 1407 686 1459 in
733 1408 998 1459 conventu
1047 1396 1335 1465 nobilium,
1392 1395 1448 1449 in
1494 1393 1948 1466 processionibus,
2008 1392 2064 1447 in

467 1492 812 1557 stationibus,
845 1503 1063 1559 semper
1091 1493 1143 1541 et
1172 1485 1374 1556 ubique
1405 1500 1436 1539 a
1465 1500 1610 1554 papa
1637 1482 1904 1538 secundus
1930 1488 2062 1549 erat,

464 1601 580 1657 prae
646 1578 853 1636 cunctis
914 1579 1231 1643 honoratus,
1288 1572 1500 1629 cunctis
1544 1580 1812 1642 acceptus,
1856 1579 1907 1626 et
1948 1571 2066 1641 ipse

468 1671 674 1733 cunctis
711 1665 942 1738 simplici
974 1663 1274 1720 humilitate
1302 1661 1620 1717 submissus.

542 1758 677 1812 Cum
706 1768 834 1809 vero
865 1750 932 1805 ad
963 1748 1248 1805 consilium
1280 1755 1497 1803 ventum
1529 1749 1691 1813 esset,
1715 1754 1769 1800 et
1796 1743 2067 1815 episcOpis

468 1847 561 1921 qui
590 1846 660 1900 de
684 1841 838 1897 Italia
870 1847 922 1894 et
953 1837 1133 1893 Gallia
1162 1843 1419 1891 venerant
1459 1851 1585 1889 suas
1625 1834 1784 1889 sedes
1831 1842 1884 1889 et
1928 1848 2069 1889 con-

466 1933 745 1992 suetudine
773 1924 1206 1995 vendicantibus,
1243 1940 1403 1979 nemo
1437 1924 1694 1979 existeret
1724 1922 1814 1992 qui
1871 1937 1931 1977 se
1986 1922 2073 1977 vel

468 2025 687 2082 audisse
717 2020 803 2076 vel
846 2016 1049 2071 vidisse
1105 2013 1576 2083 archiepiscopum
1634 2010 2072 2067 Cantuariensem

468 2116 717 2171 Romano
749 2105 984 2163 concilio
1016 2112 1139 2158 ante
1172 2104 1290 2157 haec
1347 2101 1652 2157 interfuisse
1707 2100 1928 2167 diceret,
1984 2094 2073 2155 vel

466 2202 612 2260 scire
642 2214 750 2272 quo
776 2205 901 2251 tunc
928 2194 983 2248 in
1013 2193 1134 2248 loco
1164 2192 1355 2247 sedere
1404 2190 1646 2257 deberet,
1691 2205 1757 2244 ex
1799 2196 2071 2258 praecepto

469 2306 629 2363 papm
658 2288 712 2341 in
742 2299 943 2342 corona
971 2280 1087 2354 (23)
1119 2279 1369 2336 sedesilli
1394 2279 1568 2351 posita
1591 2286 1671 2334 est
1687 2279 1790 2349 (a),
1810 2277 1902 2349 qui
1921 2277 2072 2331 locus

469 2396 576 2436 non
607 2375 823 2433 obscuri
852 2371 1074 2428 honoris
1102 2370 1158 2423 in
1187 2368 1282 2424 tali
1337 2375 1602 2424 conventu
1659 2366 1798 2422 solet
1853 2365 2066 2420 haberi.

468 2470 639 2542 Igitur
665 2466 794 2521 dum
824 2461 1019 2531 inipso
1048 2458 1278 2515 concilio
1308 2457 1479 2512 multa
1513 2464 1884 2522 tractarentur,
1898 2454 2071 2508 multa

469 2558 911 2628 disponerentur,
940 2549 1109 2603 multa
1155 2546 1439 2603 observari
1488 2546 1919 2610 decernerentur,
1968 2558 2069 2598 nec

473 2658 652 2703 tamen
705 2642 775 2697 ab
824 2639 1078 2695 omnibus
1122 2635 1327 2706 partim
1370 2642 1591 2704 propter
1620 2640 1914 2689 conventus
1958 2631 2067 2685 im-

470 2731 833 2797 mensitatem,
865 2726 1059 2797 partim
1089 2731 1307 2796 propter
1335 2723 1647 2777 intrantium
1678 2730 1730 2775 et
1757 2720 2068 2776 exeuntium

470 2841 503 2879 a
531 2834 758 2891 corpore
812 2817 872 2873 B.
932 2813 1070 2870 Petri
1128 2811 1410 2883 strepitum
1465 2818 1518 2865 et
1571 2809 2065 2880 concrepationem,

469 2912 615 2971 clare
644 2906 1088 2978 intelligerentur,
1120 2900 1378 2971 praecepit
1405 2900 1524 2969 ipse
1554 2896 1870 2969 pontiﬁcum
1916 2914 2069 2953 sum-

467 3018 590 3058 mus
615 2994 839 3055 Lucensi
868 2994 1144 3065 episcopo,
1163 2990 1434 3061 Reingero
1453 2988 1525 3059 (ὁ)
1544 2988 1780 3055 nomine,
1802 2994 2067 3056 quatenus

465 3091 523 3146 in
549 3088 732 3144 medio
762 3082 974 3141 caeteris
1021 3079 1347 3136 eminenttor
1394 3084 1591 3145 staret,
1641 3092 1704 3131 ac
1732 3092 1931 3132 sonora
1962 3091 2067 3147 qua

468 3178 719 3250 pollebat
746 3188 882 3230 voce
913 3187 1033 3241 quae
1062 3176 1257 3223 statuta
1286 3174 1437 3222 erant
1468 3174 1792 3221 cunctorum
1847 3164 2068 3219 auribus

471 3280 731 3338 expresse
761 3262 1077 3332 deponeret.
1112 3257 1267 3311 Pater
1296 3257 1417 3327 ipse
1446 3253 1789 3326 praesidentis
1816 3253 2064 3323 imperio,

471 3370 661 3413 verum
693 3349 966 3408 nonnullis
995 3347 1065 3402 ab
1095 3361 1160 3402 eo
1190 3344 1439 3416 capitulis
1464 3343 1519 3398 in
1536 3342 1809 3398 audientis
1826 3342 2066 3397 omnium

474 3446 677 3501 diserte
760 3437 1040 3511 expositis,
1139 3434 1319 3490 subito
1402 3432 1801 3488 admirantibus
1842 3431 2066 3497 cunctis,

465 3534 637 3601 vultu,
672 3544 825 3595 voce,
860 3543 924 3582 ac
978 3532 1133 3597 gestu
1190 3521 1431 3593 corporis
1483 3521 1539 3575 in
1594 3520 1760 3575 alium
1819 3520 2065 3574 habitum

467 3623 775 3678 demutatus
795 3623 898 3680 est,
928 3613 1071 3667 unde
1100 3627 1320 3666 suorum
1351 3608 1617 3663 luminum
1668 3607 1783 3663 acie
1838 3608 1893 3661 in
1950 3608 2065 3661 cir-

466 3706 843 3768 cumsedentes
912 3701 1138 3768 directa,
1201 3698 1500 3753 vulneratae
1564 3697 1761 3751 mentis
1825 3694 2064 3751 dolorem

468 3798 612 3853 ultra
638 3790 979 3848 dissimulare
1009 3803 1119 3842 non
1151 3786 1349 3855 potuit.
1387 3785 1563 3855 Rupta
1604 3784 1768 3856 igitur
1819 3784 2057 3840 decreto-

468 3901 586 3941 rum
618 3880 782 3946 serie,
817 3894 937 3949 quae
967 3874 1293 3947 exponenda
1340 3880 1675 3942 susceperat,
1734 3872 1930 3942 intulit,
1978 3871 2067 3927 di-

470 3989 646 4031 cens:
701 3993 723 4019 α
777 3967 885 4024 Sed
940 3963 1191 4021 videlicet
1241 3961 1369 4034 quid
1425 3961 1727 4017 faciamus?
1783 3962 2072 4033 Praeceptis

468 4062 718 4119 subditos
759 4070 1065 4123 oneramus,
1100 4060 1156 4108 et
1210 4050 1405 4122 iniquis
1438 4057 1789 4121 tyrannorum
1846 4050 2070 4106 szevitiis

465 4168 575 4209 non
615 4147 920 4205 obviamus.
976 4141 1374 4215 Oppressiones
1402 4156 1636 4211 namque
1671 4155 1806 4209 quas
1835 4138 1936 4210 ipsi
1967 4155 2067 4195 sua

472 4237 753 4313 tyrannide
784 4231 1041 4291 Ecclesiis
1098 4230 1356 4296 inferunt,
1403 4236 1455 4284 et
1483 4228 1902 4300 exspoliationes
1931 4244 2061 4299 per-

462 4316 717 4387 sonarum
745 4339 865 4396 qum
907 4319 1123 4378 tuendis
1149 4318 1260 4374 illis
1288 4317 1541 4374 instituta:
1569 4324 1693 4373 sunt
1721 4316 1963 4388 quotidie
1989 4317 2062 4372 ad

2166 416 2341 485 capite
2385 414 2649 482 omnium,
2699 414 3064 484 requiruntur.
3111 412 3221 468 Sed
3262 428 3368 482 quo
3416 413 3782 469 terminentur

2168 502 2381 570 effectu,
2419 506 2521 558 heu
2552 511 2694 559 totus
2718 502 2950 558 mundus
2981 501 3131 559 novit
3157 510 3211 556 et
3238 501 3365 556 inde
3392 490 3778 573 conqueritur!

2166 593 2249 646 De
2295 592 2450 661 cujus
2499 591 2683 646 mundi
2730 590 3105 646 remotissimis
3148 590 3392 661 partibus
3446 607 3584 645 unus
3640 605 3784 646 ecce

2168 681 2308 735 inter
2379 696 2479 735 nos
2552 680 2798 736 modesta
2853 680 3215 735 taciturnitate
3287 679 3573 750 quiescens
3628 680 3783 735 mitis

2168 770 2384 834 residet,
2427 768 2587 840 cujus
2625 769 2894 823 silentium
2935 769 3147 823 clamor
3184 783 3416 841 magnus
3473 776 3575 836 est,
3616 768 3783 837 cujus

2170 858 2450 913 humilitas
2481 866 2533 912 et
2562 858 2820 927 patientia
2850 874 2957 928 quo
2988 857 3250 913 declivior
3304 865 3466 929 atque
3511 872 3778 913 mansue-

2169 948 2291 1014 tior,
2316 962 2381 1002 eo
2410 946 2696 1002 sublimior
2725 954 2808 1002 est
2837 956 2959 1002 ante
2975 948 3149 1002 Deum
3168 946 3296 1005 etin
3325 962 3427 1002 nos
3458 946 3777 1014 ferventior,

2170 1036 2271 1091 iste
2322 1051 2480 1102 unus,
2530 1051 2688 1103 unus,
2740 1035 2983 1106 inquam,
3035 1035 3157 1102 iste,
3212 1050 3375 1106 quam
3402 1033 3781 1091 crudelissime

2170 1122 2401 1179 afﬂictus
2431 1140 2591 1195 quam
2620 1122 2976 1193 injustissime
3004 1123 3115 1179 suis
3145 1123 3396 1179 omnibus
3449 1122 3785 1194 exspoliatus

2170 1214 2319 1269 venit
2369 1213 2472 1268 huc
2511 1211 2783 1278 judicium
2832 1220 2885 1268 et
2921 1212 3229 1283 aequitatem
3274 1212 3584 1284 apostolicae
3632 1212 3782 1268 sedis

2173 1301 2243 1357 de
2270 1302 2491 1375 negotio
2521 1317 2616 1356 suo
2639 1299 2963 1375 efﬂagitans.
2986 1302 3106 1356 Jam
3128 1317 3300 1357 annus
3314 1301 3581 1357 secundus
3603 1308 3686 1357 est
3697 1301 3780 1373 (ο)

2174 1406 2279 1460 quo
2309 1391 2413 1445 huc
2440 1389 2606 1456 venit,
2638 1389 2737 1444 sed
2768 1390 2854 1444 vel
2883 1388 3012 1459 quid
3066 1389 3350 1460 hucusque
3403 1389 3781 1449 subventionis

2173 1478 2423 1535 invenit?
2454 1477 2510 1533 Si
2539 1477 2608 1532 de
2638 1493 2745 1550 quo
2774 1478 2898 1534 dico
2923 1494 3031 1534 non
3060 1494 3248 1534 omnes
3293 1478 3610 1551 agnoscitis,
3654 1478 3784 1550 ipse

2174 1576 2260 1622 est
2313 1567 2602 1623 Anselmus
2655 1568 3096 1639 archiepiscopus
3152 1566 3384 1638 anglicee
3442 1567 3704 1640 regionis.
3756 1591 3779 1615 ο

2096 1673 2149 1732 Β
2174 1657 2271 1712 llis
2301 1657 2457 1713 dictis
2478 1656 2686 1729 virgam
2717 1656 3066 1728 pastoralem,
3100 1671 3264 1726 quam
3321 1670 3491 1711 manu
3537 1656 3784 1722 tenebat,

2180 1745 2335 1802 tertio
2394 1745 2704 1816 pavimento
2735 1745 2905 1811 illisit,
2940 1744 3376 1816 indignationem
3405 1745 3624 1815 spiritus
3672 1746 3789 1814 sui,

2179 1833 2510 1903 compressis
2564 1833 2794 1903 exploso
2851 1848 3123 1888 murmure
3182 1833 3337 1888 labiis
3391 1841 3445 1889 et
3498 1833 3786 1903 dentibus,

2178 1922 2361 1993 palam
2393 1922 2599 1978 cunctis
2624 1921 2938 1977 ostendens.
2969 1921 3051 1975 Ad
3080 1923 3197 1978 haec
3225 1937 3365 1993 papa
3420 1921 3470 1977 ei
3525 1924 3785 1992 innuens,

2181 2011 2255 2066 ait
2295 2029 2306 2065 :
2353 2033 2374 2059 α
2406 2011 2591 2065 Frater
2621 2011 2911 2082 Reingere,
2944 2009 3164 2079 sufﬁcit,
3197 2009 3407 2066 sufficit.
3450 2012 3532 2066 De
3573 2011 3676 2067 hac
3719 2027 3788 2067 re

2180 2099 2390 2155 bonum
2419 2098 2701 2154 consilium
2734 2100 2913 2155 erit.»
2965 2102 3031 2154 At
3077 2099 3189 2165 ille,
3237 2100 3497 2170 producto
3551 2099 3606 2153 in
3652 2116 3784 2156 eum

2180 2188 2392 2258 spiritu,
2452 2187 2628 2260 inquit
2662 2203 2677 2240 :
2718 2210 2738 2237 α
2775 2189 2841 2243 Et
2870 2188 3121 2259 equidem
3152 2188 3395 2258 expedit.
3424 2189 3564 2244 Nam
3620 2189 3788 2245 aliter

2180 2293 2303 2331 eum
2335 2276 2425 2346 qui
2463 2277 2608 2347 justa
2650 2276 2879 2346 judicat,
2937 2292 3046 2332 non
3091 2276 3361 2332 transibit.
3398 2300 3420 2326 ››
3455 2277 3665 2333 Deinde
3709 2278 3788 2333 ad
3874 2331 3888 2340 ,

2179 2365 2506 2436 perdicenda
2569 2365 2781 2421 concilii
2839 2364 3060 2421 decreta
3123 2364 3377 2434 monitus,
3455 2366 3622 2422 verba
3677 2382 3786 2422 re-

2177 2453 2404 2525 sumpsit
2433 2468 2499 2509 ac
2529 2453 2582 2508 in
2611 2452 2715 2508 ﬁne
2744 2454 2982 2522 dicendi,
3014 2470 3083 2509 ne
3112 2453 3271 2525 parvi
3314 2453 3642 2525 penderetur
3688 2455 3786 2509 in-

2170 2543 2320 2614 juria
2345 2543 2601 2598 Anselmo
2631 2543 2802 2610 illata,
2831 2544 3047 2615 repetit,
3079 2544 3306 2612 monuit,
3339 2552 3393 2599 et
3419 2560 3631 2599 sessum
3661 2545 3783 2601 ivit.

2177 2634 2306 2688 Haec
2335 2632 2539 2699 omnia,
2567 2648 2689 2687 cum
2721 2632 2881 2686 Pater
2930 2632 3216 2687 Anselmus
3260 2631 3505 2688 audisset
3548 2641 3604 2689 et
3648 2641 3783 2689 tan-

2176 2721 2301 2777 dem
2332 2720 2477 2776 circa
2504 2719 2666 2775 ﬁnem
2696 2720 2982 2776 verborum
3012 2720 3080 2776 de
3110 2736 3170 2777 se
3199 2720 3347 2777 dicta
3402 2721 3782 2791 intellexisset,

2177 2809 2378 2881 oppido
2404 2809 2627 2865 miratus
2657 2817 2756 2878 est,
2787 2810 2964 2865 sciens
2993 2826 3052 2866 se
3084 2825 3184 2866 nec
3212 2809 3418 2865 homini
3465 2811 3535 2867 de
3581 2827 3641 2867 re
3689 2811 3786 2868 lo-

2177 2906 2359 2954 cuium
2417 2897 2602 2966 fuisse,
2652 2915 2754 2953 nec
2799 2913 2833 2953 a
2874 2915 2933 2954 se
2980 2898 3069 2954 vel
3110 2898 3222 2955 ullo
3269 2914 3512 2967 suorum,
3557 2908 3615 2954 ut
3653 2899 3788 2956 talia

2175 2988 2400 3057 diceret,
2449 2986 2798 3057 processisse.
2846 2987 3083 3044 Sedebat
3125 3002 3258 3060 ergo
3306 2987 3380 3043 uti
3420 2987 3650 3057 solebat,
3696 2988 3785 3044 si-

2173 3077 2347 3132 lenter
2375 3076 2709 3132 auscultans.

2246 3166 2393 3221 lnter
2421 3165 2603 3220 ultima
2635 3180 2765 3221 vero
2793 3164 3019 3238 synodi,
3040 3165 3157 3236 jam
3212 3165 3403 3223 recisis
3448 3182 3572 3237 quae
3628 3167 3785 3222 reci-

2175 3254 2355 3309 denda
2384 3261 2436 3309 et
2464 3255 2671 3309 statutis
2702 3271 2822 3326 quae
2852 3255 2967 3310 visa
3013 3255 3234 3310 fuerunt
3288 3256 3667 3312 constituenda
3725 3254 3785 3309 in

2176 3343 2512 3399 adversarios
2576 3347 2781 3399 sancta
2850 3343 3110 3400 Ecclesiae
3197 3343 3785 3403 excommunicationis

2175 3432 2499 3488 sententiam
2554 3448 2679 3488 cum
2736 3440 2848 3488 toto
2902 3432 3135 3489 concilio
3192 3449 3329 3504 papa
3387 3433 3602 3489 intorsit
3646 3432 3785 3504 quia

2177 3521 2442 3577 sententia
2497 3537 2688 3576 omnes
2745 3537 2959 3592 quoque
3016 3521 3155 3578 laico
3210 3522 3562 3578 investituras
3591 3521 3783 3577 Eccle-

2174 3610 2371 3665 siarum
2416 3610 2627 3679 dantes,
2679 3613 2734 3665 et
2778 3625 2967 3666 omnes
3031 3610 3250 3667 easdem
3306 3610 3653 3667 investituras
3709 3610 3785 3666 de

2176 3699 2427 3754 manibus
2455 3699 2672 3754 illarum
2700 3698 3050 3770 accipientes,
3104 3715 3276 3756 necne
3323 3716 3514 3756 omnes
3557 3700 3613 3755 in
3650 3698 3782 3755 oﬁi-

2174 3788 2320 3844 cium
2346 3788 2423 3844 sic
2452 3786 2565 3843 dati
2595 3787 2817 3843 honoris
2848 3788 3166 3857 hujusmodi
3194 3796 3592 3854 consecrantes,
3652 3789 3782 3860 pari

2176 3876 2337 3933 modo
2367 3876 2609 3932 involvit.
2642 3877 2752 3931 Eos
2779 3876 3129 3933 nihilominus
3171 3878 3270 3933 sub
3317 3878 3491 3948 ipsius
3540 3877 3782 3935 anathe-

2175 3965 2339 4021 matis
2366 3964 2581 4022 vinculo
2630 3965 2909 4037 colligavit
2937 3966 3029 4038 qui
3081 3981 3180 4037 pro
3234 3966 3613 4023 ecclesiasticis
3665 3967 3782 4023 ho-

2174 4054 2399 4110 noribus
2453 4053 2711 4109 laicorum
2768 4054 3053 4109 hominum
3110 4055 3366 4111 homines
3420 4053 3557 4110 ﬁunt
3582 4055 3783 4111 dicens

2173 4142 2337 4197 nimis
2368 4141 2709 4198 exsecrabile
2738 4142 2913 4199 videri
2942 4158 3135 4197 manus
3162 4158 3284 4215 qua;
3313 4143 3371 4198 in
3400 4151 3602 4199 tantam
3636 4145 3783 4200 emi-

2172 4230 2416 4287 nentiam
2474 4230 2839 4299 excreverint,
2898 4238 2976 4298 ut,
3037 4231 3181 4301 quod
3246 4232 3384 4287 nulli
3460 4220 3783 4305 Anglorum

2171 4333 2487 4375 concessum
2518 4326 2620 4388 est,
2652 4319 2827 4375 Deum
2848 4325 3041 4376 cuncta
3068 4326 3346 4381 creantem
3374 4335 3473 4376 suo
3529 4320 3781 4377 ministe-

1770 4458 2201 4515 HENSCHENII
2241 4459 2470 4516 NOTZE.

467 4569 594 4628 anni
661 4565 798 4623 1099
846 4560 1192 4627 celebrando,
1239 4559 1565 4615 sententiam
1613 4558 2062 4615 excommunica-

466 4642 638 4698 tionis
667 4654 732 4694 se
758 4639 987 4692 laturum
1017 4633 1325 4688 minabatur
1378 4628 1621 4701 pontifex
1656 4644 1669 4698 ;
1727 4630 1866 4686 ultra
1920 4629 2063 4699 quod

467 4709 818 4768 nihilominus
871 4705 1119 4762 inducias
1174 4703 1440 4759 concessit
1494 4717 1664 4770 usque
1734 4702 1803 4756 ad
1869 4701 2063 4756 festum

470 4783 528 4838 S.
560 4779 840 4836 Michaelis
872 4794 885 4840 ;
919 4793 988 4832 an
1016 4776 1271 4845 primum,
1312 4787 1417 4845 vni
1442 4772 1566 4827 Maii
1622 4773 1966 4845 recurrens?_
1994 4788 2063 4827 an

468 4867 601 4907 vero
631 4849 930 4905 solemnius
955 4842 1199 4914 alterum,
1233 4860 1369 4899 xx1x
1397 4842 1731 4914 Septembris
1752 4845 1780 4896 ί]
1800 4843 2064 4898 Existimo

471 4921 767 4979 secundum
802 4936 815 4974 :
866 4917 990 4985 quia
1037 4917 1162 4971 licet
1191 4916 1338 4985 prior
1366 4914 1631 4969 terminus
1672 4914 1965 4969 sufﬁciebat
2008 4922 2066 4985 ut

471 4936 767 4979 secundum
802 4936 815 4974 :
903 4936 990 4972 tua.
1038 4936 1162 4971 licet
1191 4936 1338 4985 pl'lOI'
1366 4936 1631 4969 terminus
1672 4936 1965 4969 sumeremus
2008 4936 2057 4969 ut

465 4992 601 5049 nihil
650 5008 680 5046 a
736 4936 966 5045 (ξοηοῇἱο
1021 4987 1199 5041 timeri
1254 4986 1495 5052 deberet,
1559 4985 1699 5039 infra
1752 4993 1932 5040 tamen
1988 4984 2057 5039 de

462 5071 639 5121 morte
666 5061 868 5118 Urbani
896 5074 1064 5132 agens
1117 5065 1322 5125 auctor,
1366 5072 1616 5132 eumque
1669 5055 1853 5112 dicens
1908 5055 2057 5125 prius

465 5137 673 5193 obitum
704 5146 865 5202 quam
892 5126 1221 5202 résponsum
1250 5144 1320 5183 ex
1346 5126 1539 5202 Anglia
1559 5133 1931 5202 exspectatum
1963 5141 2058 5202 ve-

462 5207 628 5276 niret,
658 5197 789 5260 satis
817 5197 1039 5276 indicat,
1071 5214 1133 5276 se
1162 5199 1260 5276 bis
1268 5197 1640 5276 posteriorem
1653 5197 1943 5276 terminum
1968 5198 2057 5276 in-

463 5267 747 5349 telligere;
780 5270 1218 5349 quandoquidem
1246 5267 1583 5349 ille_o'b_ierit
1608 5268 1822 5325 duobus
1850 5267 2059 5324 mensi-

458 5350 566 5406 bus
579 5340 717 5417 post
742 5340 995 5417 primum,
1018 5340 1221 5417 scilicet
1248 5343 1315 5417 2_9
1343 5340 1491 5395 Julii.

531 5409 613 5493 (ej
641 5409 775 5488 Quae
802 5414 1029 5488 pictura:
1055 5411 1424 5493 Tridentinam
1454 5418 1549 5493 aut
1598 5409 2064 5493 similessynodos

458 5480 744 5563 exhibent,
795 5480 1188 5561 repraesentant
1237 5482 1430 5541 sedilia
1480 5483 1563 5540 sic
1604 5480 1885 5556 disposita,
1917 5489 1981 5539 ut
2004 5480 2063 5537 in

2170 4558 2348 4630 capite
2378 4556 2566 4613 sedeat
2593 4556 2836 4633 pontifex
2869 4574 2991 4614 cum
3020 4558 3131 4633 suis
3160 4567 3251 4615 aut
3279 4559 3439 4633 legati
3469 4559 3733 4633 pontiﬁcii
3760 4580 3773 4618 :

2170 4646 2236 4685 ex
2267 4637 2704 4701 utroqueautem
2735 4630 2904 4685 latere
2959 4631 3221 4701 producta
3276 4630 3496 4685 scamna
3552 4632 3777 4688 demum

2170 4701 2228 4755 in
2256 4699 2612 4773 hemicyclum
2642 4708 2834 4773 coeant
2864 4719 2877 4763 ;
2912 4699 3003 4773 qui
3033 4701 3366 4773 hemicyclus
3418 4701 3630 4758 videtur
3684 4705 3780 4761 hic

2170 4787 2398 4856 coronat.
2411 4771 2698 4856 appellari,
2728 4779 2886 4841 atque
2903 4771 3056 4856 adeo
3088 4772 3247 4856 plane
3275 4774 3634 4856 exhopposito
3656 4791 3777 4856 pa-

2170 4859 2256 4914 pae
2286 4842 2491 4897 sedisse
2518 4843 2807 4897 Anselmus
2841 4860 2852 4896 :
2887 4842 2956 4899 de
2986 4859 3091 4912 quo
3122 4844 3312 4900 scribit
3342 4842 3633 4901 Ge'rvasius
3652 4842 3775 4912 Do-

2172 4913 2523 4969 robernensis
2553 4913 2605 4967 in
2638 4930 2736 4985 ms.
2769 4914 2911 4984 apud
2955 4913 3270 4985 Seldenum,
3315 4916 3570 4973 Alterius
3619 4918 3777 4975 orbis

2160 5001 2371 5057 papam
2400 4992 2653 5057 vocatum
2683 4984 3018 5057 abUrbano.

2259 5056 2307 5125 b)
2338 5055 2656 5126 Reingerus,
2686 5056 2803 5110 aliis
2834 5056 3133 5127 Ringerius
3162 5066 3215 5113 et
3245 5058 3580 5127 Rangeriuc,
3627 5058 3774 5117 vixit

2166 5143 2340 5198 usque
2370 5126 2438 5181 ad
2469 5142 2670 5182 annum
2699 5130 2863 5183 1112.
2902 5126 3131 5184 Exstant
3157 5126 3435 5185 Mathildis
3461 5130 3669 5203 reginae
3701 5134 3774 5189 ad

2169 5214 2289 5251 eum
2321 5198 2589 5251 epistolae.

2169 5214 2289 5252 eum
2321 5212 2589 5254 emsmtae.

2242 5268 2318 5340 (ο)
2349 5268 2629 5340 Secundus
2657 5284 2830 5325 annus
2859 5268 2929 5324 ab
2984 5268 3217 5327 adventu
3273 5270 3330 5327 S.
3379 5272 3624 5330 Anselmi
3655 5273 3779 5331 Ro-

2170 5338 2337 5413 mam,
2368 5354 2477 5413 non
2507 5338 2706 5413 ﬁnitus,
2739 5340 3144 5413 sedinchoatus
3171 5343 3450 5413 duntaxat,
3496 5345 3585 5403 hic
3613 5345 3779 5409 intel-

2170 5380 2494 5483 ἰξίᾜεῦἔᾶ
2507 5380 2706 5468 VEB?
2727 5380 3159 5485 SciiéTiiﬁiFéi.
