4044 6074
321 240 417 296 ﬁt

1447 233 1778 296 HISTORIA
1804 238 2169 302 NOVORUM.
2202 279 2275 289 —
2299 249 2427 305 LIB.
2461 251 2529 305 11.

3530 270 3643 339 422,

326 366 409 469 rio
434 373 647 463 creent,
690 372 744 419 et
790 365 1042 469 eumdem
1087 364 1406 469 ipsumhpro
1426 364 2005 469 “redemptione‘etA
2035 373 2352 443 susciperet.
2404 374 2507 445 Qui
2555 379 2811 436 decessus
2858 382 3003 451 vitae,
3056 385 3149 442 ubi
3194 388 3435 459 ejusdem
3483 399 3634 469 regis

324 454 500 509 salute
552 452 718 508 totius
761 452 949 506 mundi
997 452 1194 508 summi
1259 453 1359 509 Dei
1426 454 1599 509 Patris
1660 454 1934 509 obtutibus

324 541 577 610 offerant,
630 542 686 595 in
732 543 875 597 hanc
921 542 1277 613 ignominiam
1330 542 1567 609 detrudi,
1616 551 1675 598 ut
1721 543 1932 600 ancillae

321 628 456 686 ﬁant
515 645 698 684 earum
747 646 1003 685 manuum
1054 648 1174 701 quae
1218 632 1307 687 die
1363 648 1428 687 ac
1474 640 1630 687 nocte
1677 631 1930 688 obscenis

322 719 591 791 contagiis
639 719 1012 789 inquinamur,
1062 719 1274 791 rapinis
1322 736 1385 774 ac
1432 720 1653 791 injustas
1698 722 1928 793 sangui-

322 824 451 862 num
475 806 725 863 eﬂusioni
749 808 981 863 addictae
1002 809 1482 864 commaculantur.
1513 810 1606 862 His
1625 818 1928 879 praesentes

320 896 546 965 fuimus,
575 897 694 952 haec
723 897 1126 967 conspeximus,
1159 898 1244 952 his
1273 898 1345 952 ab
1376 899 1663 966 universis,
1682 897 1790 967 fiat,
1810 898 1921 966 ﬁat,

321 985 614 1041 acclamari
644 985 954 1042 audivimus
980 995 1034 1042 et
1070 986 1125 1041 in
1171 986 1257 1040 his
1305 994 1739 1042 consummatum
1788 1004 1923 1043 con-

320 1075 501 1131 cilium
532 1076 750 1130 scimus.

392 1163 608 1219 Postera
637 1164 746 1232 die,
795 1172 1023 1234 accepta
1067 1163 1305 1233 licentia,
1349 1164 1522 1219 Roma
1563 1164 1918 1236 digredimur,

317 1252 451 1308 nihil
494 1252 687 1323 judicii
734 1252 822 1307 vel
888 1252 1281 1319 subventionis,
1349 1265 1710 1326 praeterquam
1775 1256 1921 1326 quod

322 1340 580 1407 diximus,
613 1356 711 1412 per
748 1340 1053 1397 Romanum
1101 1343 1387 1413 praesulem
1425 1345 1594 1399 nacti.
1646 1345 1745 1400 Via
1790 1360 1919 1401 vero

314 1430 583 1487 redeundi
617 1438 740 1485 tunc
771 1430 1030 1501 temporis
1058 1430 1247 1485 multis
1293 1440 1403 1487 erat
1446 1433 1703 1503 periculis
1748 1434 1918 1490 obno-

314 1519 424 1586 xia,
475 1520 577 1575 sed
624 1527 947 1591 protegente
988 1534 1091 1575 nos
1134 1520 1388 1587 Domino,
1439 1522 1679 1591 pericula
1726 1532 1917 1578 cuncta

317 1608 612 1676 evasimus,
646 1622 714 1664 ac
743 1607 1061 1680 Lugdunum
1092 1608 1251 1664 illaesi
1280 1610 1644 1679 pervenimus,
1676 1611 1767 1665 ubi
1788 1628 1912 1667 cum

2039 460 2260 517 auribus
2290 463 2544 535 insonuit,
2575 469 2854 538 respondit
2883 489 2897 526 :
2936 495 2958 521 α
2992 474 3060 528 Ει
3088 468 3187 532 Dei
3217 475 3402 535 odium
3432 460 3635 542 διώξει

2038 549 2130 619 qui
2160 549 2286 606 inde
2316 562 2487 608 curat.
2525 578 2547 603 ι»
2577 556 2891 629 Adjecitque
2925 579 2936 615 :
2975 584 2995 609 α
3033 561 3130 620 Ille
3161 582 3289 622 vero
3329 569 3420 639 qui
3467 574 3646 630 modo

2034 642 2284 731 papa_(a)
2320 650 2419 710 est,
2452 644 2757 714 cujusmodi
2788 656 2867 702 est
2894 649 2923 701 ‘?
2955 674 2978 699 ι
3013 651 3110 706 Cui
3141 655 3339 710 cumin
3362 658 3634 731 aliquibus

2033 728 2292 783 Anselmo
2322 732 2735 805 archiepiscOpo
2765 736 2957 792 similis
2985 739 3267 813 diceretur,
3299 747 3375 800 ait
3406 766 3418 800 :
3456 728 3495 796 iu
3533 751 3633 807 Per

2032 815 2239 870 vultum
2276 819 2395 886 Dei,
2429 821 2470 874 si
2504 822 2624 876 talis
2654 831 2755 892 est,
2790 841 2897 880 non
2925 828 3084 884 valet.
3140 832 3515 892 Verumtamen
3564 841 3633 896 sit

2030 907 2194 960 modo
2224 906 2338 975 ipse
2369 924 2469 977 per
2497 925 2571 975 se,
2605 912 2729 983 quia
2757 929 2858 982 per
2886 916 2989 971 hoc
3018 926 3071 972 et
3100 920 3200 975 hoc
3243 934 3475 993 papatus
3504 944 3631 984 suus

2030 1010 2139 1049 non
2161 997 2402 1052 ascendit
2428 998 2528 1053 hac
2556 999 2675 1055 vice
2704 1017 2868 1072 super
2895 1020 2999 1059 me.
3029 1006 3149 1079 Ego
3191 1009 3404 1066 interim
3451 1014 3625 1071 liber-

2030 1089 2139 1138 tate
2168 1084 2369 1153 potitus
2399 1102 2563 1158 agam
2603 1090 2749 1158 quod
2796 1090 2949 1147 libet.
2987 1115 3008 1142 η
3062 1096 3176 1151 Nec
3218 1099 3360 1154 enim
3404 1104 3625 1171 putabat

2028 1172 2380 1241 apostolicum
2413 1175 2558 1229 orbis
2588 1193 2753 1247 posse
2783 1179 2838 1233 in
2867 1196 3033 1253 regno
3063 1200 3158 1239 suo
3188 1202 3306 1242 esse
3334 1190 3620 1260 cujuslibet

2021 1260 2176 1330 juris,
2211 1262 2312 1316 nisi
2340 1265 2639 1332 permissus
2680 1282 2711 1321 a
2760 1283 2844 1323 se.
2903 1267 3149 1337 Qualiter
3180 1290 3313 1346 ergo
3362 1278 3623 1351 deinceps

2024 1365 2143 1405 sese
2173 1351 2437 1419 habuerit,
2470 1353 2536 1407 ad
2566 1353 2670 1408 alia
2700 1354 2972 1412 festinanti
3004 1361 3239 1418 scribere
3260 1377 3622 1436 opportunum

2030 1454 2137 1494 non
2172 1448 2276 1495 est.
2296 1442 2561 1527 ‘Attamen
2592 1442 2845 1500 libertate
2876 1462 2982 1516 qua
3004 1465 3061 1503 se
3106 1452 3331 1520 potitum
3361 1457 3621 1527 gloriatus

2020 1531 2101 1579 est
2131 1539 2237 1579 non
2278 1524 2369 1579 diu
2418 1525 2520 1579 frui
2570 1527 2863 1597 permissus
2910 1538 3011 1586 est.
3062 1533 3215 1590 Prius
3269 1524 3410 1593 enim
3454 1558 3617 1612 quam

2019 1628 2191 1667 annus
2221 1614 2449 1682 transiit,
2484 1614 2760 1684 insperata
2790 1624 2846 1673 et
2890 1619 3064 1675 subita
3112 1632 3284 1681 morte
3329 1643 3618 1697 percussus

311 1711 526 1752 summa
554 1696 901 1752 veneratione
929 1696 1240 1769 gaudioque
1268 1699 1527 1769 suscepti,
1559 1707 1612 1755 et
1648 1715 1681 1754 a
1725 1700 1909 1770 ponti-
1937 1716 1992 1775 Β
2023 1716 2144 1757 eam
2175 1702 2429 1788 perdidit.
2462 1701 2704 1759 October
2733 1721 2964 1776 namque
2993 1710 3200 1767 audivit
3227 1696 3350 1768 eum
3380 1716 3615 1788 glorian-

316 1784 419 1842 ﬁce
446 1784 676 1841 civitatis
703 1785 927 1851 detenti,
976 1786 1315 1841 mansionem
1353 1796 1598 1843 nostram
1657 1789 1769 1845 illic
1814 1789 1911 1845 ﬁr—

318 1873 605 1938 mavimus,
651 1873 863 1929 amissa
907 1874 1055 1929 omni
1114 1873 1314 1931 ﬁducia
1376 1876 1603 1932 ulterius
1675 1885 1917 1949 tempore

312 1962 622 2019 Willhelmi
645 1961 792 2035 regis
810 1962 1063 2034 Angliam
1092 1964 1389 2019 remeandi.
1422 1965 1651 2021 Habitus
1678 1974 1761 2022 est
1786 1983 1918 2039 ergo

318 2052 397 2107 ibi
426 2051 735 2120 Anselmns,
769 2068 878 2109 non
913 2053 1057 2109 sicut
1085 2055 1302 2123 hospes,
1336 2062 1429 2108 aut
1456 2056 1793 2127 peregrinus,
1822 2056 1919 2111 sed

312 2140 454 2196 sicut
480 2141 758 2213 indigena,
791 2145 847 2196 et
872 2157 1001 2197 vere
1032 2140 1134 2196 loci
1173 2141 1423 2197 dominus
1468 2143 1612 2199 unde
1656 2160 1919 2215 nusquam

312 2230 433 2301 ipse
480 2229 649 2300 ipsius
697 2229 854 2285 urbis
900 2229 1143 2296 antistes,
1212 2247 1277 2286 eo
1341 2240 1629 2302 praesente,
1679 2249 1776 2289 suo
1822 2250 1916 2289 vo-

310 2318 462 2374 lebat
509 2319 634 2375 loco
682 2318 1000 2389 praesidere,
1035 2318 1148 2374 sed
1193 2319 1517 2389 praesidente
1561 2320 1761 2391 ubique
1806 2324 1921 2377 An-

310 2408 503 2477 selmo,
535 2407 810 2463 inferioris
839 2415 892 2463 et
918 2406 1250 2480 suifraganei
1288 2408 1411 2464 loco
1441 2409 1603 2464 simul
1650 2416 1702 2463 et
1736 2409 1920 2466 cilicio

308 2496 444 2551 mira
522 2496 718 2552 ductus
791 2496 1093 2552 humilitate
1194 2495 1543 2567 fungebatur.
1633 2499 1921 2554 Anselmus

312 2584 654 2649 festivitates,
712 2599 902 2641 sacros
966 2585 1205 2651 ordines,
1276 2586 1630 2641 ecclesiarum
1693 2587 1922 2643 dedica-

310 2673 484 2730 tiones
514 2672 847 2741 celebrabat,
879 2682 932 2730 et
960 2672 1289 2745 pontiﬁcalia
1320 2690 1549 2747 quaeque
1596 2673 1768 2732 ofﬁcia
1815 2675 1918 2731 ad-

308 2761 676 2818 ministrabat.

387 2850 497 2906 Sed
527 2867 650 2907 cum
681 2849 841 2905 multi
870 2850 1055 2922 agnita
1084 2851 1480 2908 benevolentiae
1509 2852 1629 2922 ejus
1659 2853 1918 2924 amplitu-

312 2939 439 2994 dine
470 2939 539 2994 ad
571 2955 694 2995 eum
725 2948 1132 3007 concurrerent,
1165 2948 1218 2996 et
1240 2949 1641 2996 sacramentum
1689 2941 1918 3011 imposi-

2022 1794 2152 1853 tem,
2185 1787 2422 1842 secunda
2453 1788 2570 1843 dies
2598 1792 2872 1860 sequentis
2900 1796 3126 1866 Augusti
3163 1798 3297 1854 vidit
3344 1787 3468 1856 eum
3516 1820 3617 1859 ex-

2025 1876 2339 1947 spirantem.
2376 1876 2656 1948 Siquidem
2684 1879 2774 1934 illa
2803 1880 2891 1936 die
2938 1898 3099 1940 mane
3144 1902 3369 1956 pransus
3416 1890 3472 1946 in
3517 1893 3617 1948 sil-

2027 1982 2150 2021 vam
2183 1964 2282 2036 (b),
2315 1973 2567 2021 venatum
2594 1967 2707 2034 ivit,
2739 1968 2923 2039 ibique
2946 1973 3143 2044 sagitta
3180 1975 3237 2029 in
3282 1978 3445 2034 corde
3489 1997 3619 2052 per-

2025 2070 2233 2122 cussus,
2265 2054 2610 2124 impuenitens
2641 2064 2693 2111 et
2713 2056 3048 2115 inconfessus
3073 2078 3104 2117 e
3124 2064 3353 2138 vestigio
3375 2078 3620 2127 mortuus

2024 2153 2127 2212 est,
2160 2152 2211 2199 et
2238 2143 2387 2199 omni
2419 2145 2637 2200 homine
2664 2162 2793 2201 mox
2823 2147 3111 2205 derelictus
3160 2154 3293 2221 (24).
3341 2154 3476 2224 Quae
3522 2174 3617 2215 sa-

2024 2233 2161 2305 gitta
2190 2244 2390 2302 utrum,
2423 2233 2562 2289 sicut
2590 2234 2812 2306 quidam
2859 2237 3027 2307 aiunt,
3066 2238 3215 2308 jacta
3256 2241 3433 2314 ipsum
3480 2264 3618 2317 per-

2024 2322 2267 2389 cusserit,
2301 2337 2388 2387 an,
2440 2322 2586 2391 quod
2630 2323 2813 2393 plures
2852 2324 3137 2397 afﬁrmant,
3185 2329 3341 2385 illum
3385 2335 3621 2403 pedibus

2023 2410 2387 2467 oﬂ‘endentem
2415 2426 2685 2480 superque
2713 2420 2956 2469 ruentem
2994 2416 3269 2485 occiderit,
3319 2420 3620 2492 disquirere

2022 2498 2252 2555 otiosum
2304 2507 2575 2569 putamus,
2634 2515 2755 2554 cum
2820 2502 2961 2558 scire
3024 2503 3252 2562 sufﬁciat
3303 2524 3429 2564 eum
3471 2513 3619 2581 justo

2015 2588 2224 2659 judicio
2253 2588 2351 2643 Dei
2380 2596 2712 2657 prostratum
2735 2598 2899 2662 atque
2920 2601 3176 2649 necatum
3193 2596 3287 2664 (θ).
3313 2598 3411 2655 Hic
3431 2615 3616 2657 occur-

2021 2679 2096 2733 rit
2124 2677 2305 2732 animo
2332 2677 2460 2749 quid
2489 2694 2586 2733 rex
2614 2678 2714 2734 iste
2743 2680 3039 2748 quondam,
3062 2690 3120 2737 ut
3133 2701 3295 2756 supra
3314 2688 3611 2757 retulimus,

2023 2766 2263 2824 ltoﬂensi
2294 2765 2552 2837 episcopo
2590 2766 2804 2833 dixerit,
2855 2769 3116 2827 videlicet
3157 2774 3337 2842 quod:
3391 2800 3413 2827 «ι
3467 2779 3619 2837 Deus

2023 2871 2298 2926 nunquam
2342 2871 2467 2910 eum
2511 2855 2711 2911 bonum
2774 2856 3056 2914 habiturus
3112 2870 3255 2917 esset
3318 2880 3418 2935 pro
3476 2868 3619 2924 malo

2024 2947 2168 3020 quod
2198 2945 2308 3001 sibi
2331 2944 2571 3011 inferret,
2608 2969 2630 2993 η
2679 2952 2732 2999 et
2773 2947 3053 3016 perpendo
3093 2949 3221 3019 quid
3269 2956 3617 3022 postmodum

307 3027 470 3084 tionis
497 3044 695 3083 manus
719 3028 961 3099 episcopi
989 3028 1057 3083 ab
1105 3029 1202 3084 illo
1254 3028 1358 3083 sibi
1410 3043 1475 3085 ac
1520 3029 1631 3085 suis
1676 3030 1910 3085 conferri
1941 3040 1990 3103 α
2022 3039 2167 3093 Deus
2196 3051 2325 3107 erga
2354 3034 2503 3088 illum
2530 3033 2721 3104 egerit,
2754 3033 2928 3091 donec
2956 3038 3080 3093 vita;
3120 3042 3372 3108 praesenti
3419 3059 3615 3115 super.

318 3116 692 3187 deposcerent,
723 3117 840 3188 ipse
869 3117 961 3189 qui
990 3117 1044 3172 in
1077 3118 1473 3190 episcopalium
1515 3117 1813 3174 oﬂiciorum
1842 3118 1911 3173 ad

308 3205 793 3261 ministrationibus
822 3221 1039 3277 semper
1066 3214 1253 3261 nutum
1302 3205 1576 3277 pontiﬁcis
1613 3215 1907 3277 exspecta-

306 3292 400 3348 bat
428 3292 535 3348 levi
564 3292 882 3349 aﬂ'abilitate
910 3293 1275 3365 respondebat
1300 3310 1454 3349 suum
1485 3311 1597 3350 non
1624 3311 1747 3351 esse
1802 3296 1909 3351 tale

308 3382 439 3453 quid
468 3381 525 3436 in
573 3381 831 3453 parocbia
878 3382 1105 3438 alterius
1152 3383 1413 3455 episcOpi,
1458 3399 1524 3439 eo
1578 3383 1905 3454 inconsulto,

310 3486 664 3541 praesumere.
696 3472 757 3525 In
811 3486 918 3544 quo
959 3487 1082 3527 cum
1128 3471 1336 3528 ratione
1382 3473 1475 3544 agi
1525 3472 1905 3545 intelligentes,

308 3575 439 3615 mox
469 3559 539 3614 ad
568 3575 724 3615 suum
751 3560 1065 3632 episcopum
1113 3561 1336 3616 nuntios
1383 3560 1643 3632 dirigunt,
1694 3571 1748 3617 et
1803 3577 1910 3632 qua

309 3649 647 3721 benignitate
690 3649 774 3706 vir
818 3649 887 3704 ad
933 3666 1064 3704 suae
1108 3664 1300 3721 preces
1360 3650 1701 3720 responderit
1746 3651 1908 3708 inno-

318 3744 611 3803 tescentes,
644 3746 802 3794 orant
829 3738 986 3792 illum
1016 3738 1196 3811 rogari
1226 3754 1328 3810 pro
1358 3755 1435 3794 se.
1469 3740 1549 3795 De
1594 3755 1655 3796 re
1699 3756 1833 3812 ergo
1877 3756 1910 3797 a

310 3825 568 3898 pontiﬁce
598 3826 923 3898 appellatus,
954 3827 1064 3883 imo
1095 3843 1189 3899 per
1216 3834 1382 3883 totam
1410 3828 1728 3898 parochiam
1758 3845 1909 3885 suam

311 3916 416 3970 hoc
444 3921 498 3970 et
525 3915 649 3970 aliis
676 3914 1079 3987 pontiﬁcalibus
1107 3914 1321 3984 ofﬁciis,
1352 3914 1409 3969 in
1438 3916 1584 3971 illius
1622 3918 1912 3974 voluntatis

315 4003 713 4059 deliberatione
772 4003 982 4075 positis,
1042 4019 1231 4059 omnes
1276 4004 1580 4072 admittere,
1636 4006 1911 4063 neminem

312 4092 383 4147 ab
430 4091 604 4163 ipsius
656 4092 830 4165 gratia
890 4092 1218 4148 sacramenti
1272 4091 1583 4162 patiebatur
1619 4093 1913 4149 immunem

313 4179 615 4237 discedere.
650 4180 841 4235 Fiebat
877 4180 1057 4251 itaque
1105 4181 1359 4250 frequens
1404 4182 1729 4252 populorum
1776 4198 1914 4239 con-

316 4285 525 4333 cursus,
573 4277 627 4324 et
667 4284 1054 4340 nonnunquam
1103 4270 1161 4323 in
1192 4269 1298 4325 hoc
1345 4268 1461 4324 solo
1508 4270 1918 4341 expendebatur

2017 3127 2137 3181 fuit.
2172 3124 2350 3180 Scitur
2376 3122 2523 3178 enim
2572 3122 2701 3193 quia
2742 3137 2808 3177 ex
2857 3139 2963 3193 quo
3007 3124 3102 3181 illa
3150 3128 3332 3197 verba,
3385 3131 3613 3202 depulso

2016 3212 2303 3282 languore,
2348 3223 2456 3277 quo
2502 3213 2691 3261 notum
2733 3211 2820 3262 est
2882 3207 3031 3263 illum
3097 3210 3264 3268 fuisse
3306 3225 3611 3286 gravatum,

2015 3297 2260 3370 protulit,
2292 3302 2501 3351 tantum
2540 3294 2591 3347 in
2616 3293 2973 3364 deprimendo
3018 3304 3071 3350 et
3108 3299 3462 3371 subjugando
3502 3304 3613 3361 ini-

2018 3387 2206 3454 micos,
2240 3385 2295 3439 in
2324 3382 2663 3453 acquirendo
2693 3391 2881 3451 terras,
2914 3383 2967 3437 in
3012 3388 3318 3443 exercendo
3356 3389 3613 3462 volupta-

2020 3483 2101 3532 tes
2148 3490 2273 3528 suas
2318 3477 2664 3544 prosperatus
2728 3477 2827 3536 est,
2896 3480 2950 3526 ut
2999 3473 3182 3529 omnia
3218 3475 3322 3531 sibi
3374 3479 3614 3537 arridere

2017 3572 2259 3636 putares.
2294 3562 2495 3617 Ventus
2515 3559 2758 3629 insuper,
2792 3567 2846 3614 et
2880 3559 3056 3632 ipsum
3102 3578 3256 3620 mare
3297 3564 3617 3625 videbantur

2017 3653 2067 3709 ei
2116 3652 2518 3722 obtemperare.
2577 3649 2775 3703 Verum
2817 3648 2960 3716 dico,
3025 3665 3131 3707 non
3192 3653 3447 3725 mentior,
3490 3658 3619 3729 quia

2018 3757 2144 3799 cum
2168 3741 2236 3796 de
2264 3738 2461 3812 Anglia
2489 3738 2546 3792 in
2568 3738 3017 3793 Nortbmanniam
3064 3741 3308 3811 transire,
3348 3746 3435 3801 vel
3491 3746 3619 3803 inde

2017 3845 2250 3898 cursum,
2295 3835 2453 3898 prout
2487 3827 2668 3898 ipsum
2717 3826 2966 3883 voluntas
3015 3845 3118 3884 sua
3166 3830 3392 3900 ferebat,
3443 3834 3623 3892 redire

2020 3919 2255 3988 volebat,
2287 3932 2436 3982 mox,
2493 3915 2589 3970 illo
2637 3916 2980 3987 adveniente,
3032 3925 3083 3973 et
3131 3935 3277 3975 mare
3328 3923 3623 3994 appropin-

2021 4016 2238 4080 quante,
2306 4005 2483 4060 omnis
2529 4011 2841 4075 tempestas,
2914 4021 3034 4075 qua:
3080 4022 3467 4081 nonnunquam
3509 4013 3619 4068 im.

2020 4112 2181 4151 mane
2210 4093 2488 4162 saeviebat,
2532 4092 2841 4160 sedabatur,
2874 4101 2928 4149 et
2956 4097 3249 4150 transeunti
3300 4098 3436 4154 mira
3467 4107 3617 4156 tran-

2022 4184 2283 4257 quillitate
2332 4180 2714 4236 famulabatur.
2758 4178 2903 4247 Quid
2962 4183 3240 4253 amplius?
3307 4188 3392 4241 lta
3446 4187 3621 4245 fateor

2021 4275 2078 4329 in
2126 4272 2332 4329 cunctis
2380 4280 2502 4326 erat
2547 4269 2868 4333 fortunatus,
2921 4284 2985 4326 ac
3030 4271 3075 4325 si
3122 4272 3304 4328 verbis
3348 4276 3467 4346 ejus
3514 4279 3619 4334 hoc

320 4357 435 4413 dies
466 4365 629 4425 totus,
661 4357 736 4412 ita
765 4365 823 4412 ut
845 4372 967 4425 nos,
1000 4356 1093 4432 qui
1143 4357 1192 4412 ei
1232 4357 1698 4429 ministrabamus,
1758 4362 1914 4434 gravi
1940 4393 1994 4453 D
2025 4362 2189 4419 modo
2219 4359 2500 4431 respondit
2527 4359 2673 4413 Deus
2705 4374 2719 4411 :
2758 4379 2781 4407 ι
2819 4356 2877 4413 Si
2909 4365 2962 4414 te
2989 4374 3091 4429 pro
3139 4361 3303 4427 malo,
3355 4371 3413 4418 ut
3457 4365 3615 4435 dicis,

320 4446 484 4501 taedio
512 4461 658 4517 saepe
682 4446 1055 4518 fatigaremur,
1086 4445 1207 4516 ipso
1235 4461 1455 4517 semper
1487 4447 1731 4517 jucundo
1768 4450 1916 4506 vultu

324 4542 376 4590 et
403 4534 561 4591 hilari
584 4534 868 4590 existente.
892 4534 1071 4591 Crevit
1099 4541 1277 4591 autem
1309 4535 1364 4588 in
1410 4550 1531 4590 eum
1577 4536 1709 4591 mira
1759 4554 1917 4609 quaa-

319 4624 444 4680 dam
475 4640 543 4681 ex
566 4623 654 4679 his
684 4631 737 4680 et
764 4623 1007 4679 inaudita
1035 4623 1251 4679 dilectio
1305 4624 1566 4694 omnium,
1609 4633 1663 4681 et
1702 4625 1919 4683 bonitas

323 4714 440 4783 ejus
468 4712 853 4786 divulgabatur
875 4728 975 4782 per
1002 4711 1301 4769 circuitum.

392 4801 538 4856 Inter
564 4801 702 4869 haec,
734 4816 836 4871 per
870 4799 1102 4872 populos
1151 4800 1296 4855 fama
1342 4800 1593 4871 dispersit
1637 4802 1917 4859 Urbanum

320 4888 465 4944 sedis
520 4889 838 4960 apostolicae
891 4888 1176 4960 praesulem
1223 4890 1476 4959 presenti
1521 4891 1649 4947 vita:
1695 4891 1917 4948 modum

320 4977 537 5034 fecisse.
571 4977 853 5049 Siquidem
880 4976 1032 5048 prius
1061 4977 1197 5033 obiit
1226 4992 1388 5048 quam
1418 4994 1538 5047 quae
1580 4994 1611 5033 a
1639 4995 1769 5051 rege
1800 4982 1918 5035 An-

320 5065 537 5139 glorum
586 5081 690 5138 pro
735 5065 914 5122 causis
959 5066 1198 5122 Ansclmi
1255 5066 1609 5136 exspectabat
1652 5083 1920 5139 responsa

2025 4465 2301 4523 nunquam
2335 4451 2535 4505 bonum
2583 4446 2821 4513 habebo,
2871 4447 3118 4518 probabo
3162 4465 3229 4505 an
3280 4451 3474 4508 saltem
3520 4470 3620 4526 pro

2022 4541 2167 4597 bono
2219 4539 2430 4611 possim
2478 4545 2529 4593 te
2576 4536 2781 4592 bonum
2824 4535 3050 4604 habere,
3096 4545 3151 4593 et
3195 4538 3319 4595 ideo
3365 4540 3421 4595 in
3469 4544 3620 4599 omni

2026 4626 2171 4698 quod
2219 4632 2274 4680 tu
2318 4623 2526 4679 bonum
2565 4621 2801 4677 mstimas
2846 4621 2988 4677 velle
3032 4630 3181 4678 tuum
3223 4623 3551 4697 adimplebo.
3588 4650 3612 4677 ι»

2026 4709 2135 4772 Sed
2166 4713 2296 4784 quid
2321 4712 2349 4766 7
2378 4715 2439 4766 In
2482 4717 2694 4765 tantum
2742 4725 2812 4764 ex
2858 4711 3200 4766 successibus
3237 4713 3347 4767 suis
3387 4715 3622 4785 profecit

2024 4808 2102 4869 ut,
2134 4798 2271 4853 sicut
2293 4797 2349 4850 hi
2380 4794 2472 4867 qui
2501 4794 2660 4850 factis
2715 4794 2833 4863 ejus
2880 4794 2969 4850 die
3014 4802 3281 4867 noctuque
3325 4808 3623 4868 praesentes

2027 4888 2347 4945 exstiterunt
2404 4889 2756 4949 attestantur,
2833 4897 3108 4953 nunquam
3183 4886 3269 4941 vel
3339 4887 3410 4943 de
3481 4888 3622 4947 lecto

2027 4981 2292 5050 surgeret,
2323 4972 2412 5031 vel
2439 4972 2496 5027 in
2545 4971 2688 5027 lecto
2743 4986 2803 5027 se
2859 4971 3152 5029 collocaret
3203 4975 3333 5046 quin
3384 4977 3622 5050 seipsum

2028 5074 2119 5123 aut
2145 5064 2449 5122 collocante
2478 5069 2571 5117 aut
2616 5068 2872 5133 surgente
2912 5077 3131 5133 semper
3171 5063 3407 5122 deterior
3453 5076 3617 5126 esset.

1617 5192 2047 5250 HENSCHENII
2078 5188 2303 5249 NOTE.

388 5317 466 5389 (α)
496 5315 771 5374 Paschalis
796 5314 867 5386 II,
895 5318 1109 5373 creatus
1137 5328 1221 5371 xu
1246 5314 1495 5387 Augusti.

494 5390 706 5461 Novam.
729 5391 1001 5461 [orestem
1031 5395 1278 5461 auctores
1302 5394 1519 5461 vocant.

496 5318 771 5374 Paschalis
796 5318 867 5386 II,
895 5318 1109 5373 creatus
1137 5328 1221 5371 xu
1246 5318 1495 5387 Augusti.

494 5390 706 5448 Novam.
729 5391 1001 5461 [orestem
1031 5395 1278 5443 auctores
1306 5394 1519 5441 vocant.

444 5318 466 5533 ξ
498 5458 746 5515 Pluribus
772 5475 890 5533 rem
923 5457 1182 5533 describit
1210 5455 1500 5514 Ordericus
1526 5454 1716 5512 Vitalis
1732 5456 1830 5513 lib.
1850 5468 1909 5511 χ.

411 5389 441 5444 b

411 5392 441 5444 b
494 5392 706 5448 Novam.
729 5392 1001 5461 [orestem
1031 5395 1278 5443 auctores
1306 5394 1519 5441 vocant.

389 5392 466 5591 ξς
498 5458 746 5515 Pluribus
772 5475 890 5515 rem
923 5457 1182 5515 describit
1210 5455 1500 5514 Ordericus
1526 5454 1716 5512 Vitalis
1732 5456 1830 5513 lib.
1850 5468 1909 5511 χ.

318 5530 403 5591 Ab
446 5546 505 5592 as
560 5538 740 5589 autem
795 5529 1055 5608 Sugarius
1105 5544 1323 5589 coaevus
1393 5535 1621 5586 excusat
1680 5540 1913 5605 operose

2023 5300 2334 5370 Gualtcruin
2365 5308 2659 5384 Tyrellum,
2687 5307 2927 5384 nobilem
2976 5308 3261 5382 Francum,
3312 5312 3402 5370 cui
3449 5314 3616 5372 ictum

2018 5384 2358 5466 imputabant
2385 5381 2583 5466 aliqui;
2616 5398 2717 5466 suo
2738 5383 3044 5466 juramento
3069 5381 3422 5466 asserentem,
3469 5387 3614 5457 quod

2018 5452 2114 5583 ilig—
2143 5455 2232 5581 dite
2264 5468 2367 5511 nec
2389 5454 2445 5510 in
2474 5452 2624 5510 illam
2655 5452 2805 5512 silva:
2822 5460 3036 5525 partem
3056 5454 3283 5528 venerit,
3305 5452 3414 5513 nec
3426 5452 3614 5530 regem

2017 5541 2071 5586 Yl
2115 5541 2186 5583 eri
2223 5565 2238 5583 ο
