4044 6074
417 261 524 320 423

1449 248 1765 314 EADMERI
1796 250 2349 320 CANTUARIENSIS
2378 260 2700 321 MONACHI

3609 270 3714 335 624

415 388 757 460 Quapropter
785 384 914 442 dum
945 395 1047 441 nec
1081 380 1224 438 malo
1254 381 1449 452 corrigi
1491 382 1680 449 voluit,
1731 397 1835 439 nec
1868 384 2013 439 bono
2039 388 2093 447 A
2120 395 2175 443 et
2247 398 2625 448 momentanea
2685 392 2838 450 caede
2874 409 3062 466 aequus
3127 396 3346 454 Arbiter
3399 399 3525 457 huic
3594 402 3717 458 vita,

412 480 484 534 ad
517 479 655 533 bene
685 476 953 549 agendum
1013 472 1205 529 attrahi
1257 471 1444 542 potuit,
1503 487 1571 525 ne
1627 470 1681 526 in
1715 472 2012 542 perniciem

416 568 681 623 bonorum
712 564 919 621 diutino
949 562 1130 618 furore
1160 562 1396 629 saeviret,
1428 561 1824 630 compendiosa
1861 561 2012 615 illum

2122 472 2403 530 subtraxit.

1602 927 1964 1031 LIBER
2027 929 2566 1034 TERTIUS

1859 1126 2265 1140 ᾑ-

482 1230 730 1291 Secundo
759 1229 941 1300 itaque
969 1241 1110 1282 anno
1132 1226 1208 1296 ((ι)
1231 1240 1300 1281 ex
1315 1240 1421 1297 quo
1443 1240 1473 1279 a
1498 1225 1665 1280 Roma
1688 1225 2008 1296 Lugdunum

414 1324 677 1390 venimus,
711 1320 800 1389 qui
832 1325 947 1372 erat
973 1315 1143 1370 nostri
1175 1314 1349 1370 exsilii
1380 1330 1551 1368 annus
1594 1314 1796 1380 tertius,
1840 1330 2010 1370 vene-

412 1421 534 1469 runt
564 1412 633 1467 ad
680 1407 993 1463 Anselmum
1013 1405 1132 1474 jam
1179 1403 1396 1459 tertium
1440 1404 1587 1458 diem
1634 1404 1689 1457 in
1736 1403 2009 1469 omnobio,

416 1501 561 1574 quod
593 1495 869 1554 Casa-Dei
900 1494 973 1563 (b)
1005 1492 1219 1560 dicitur,
1254 1500 1531 1562 agentem,
1582 1492 1689 1546 duo
1737 1492 2007 1559 monachi,

416 1607 553 1646 unus
582 1582 1004 1649 Cantuariensis,
1036 1588 1087 1636 et
1118 1582 1252 1635 alter
1279 1580 1576 1645 Beccensis,
1611 1580 1923 1634 nuntiantes
1960 1580 2010 1634 ei

406 1682 520 1749 jam
549 1690 694 1745 saepe
722 1671 1005 1727 memorati
1030 1669 1337 1724 Willhelmi
1368 1669 1513 1740 regis
1543 1668 1667 1724 vitae
1709 1684 2006 1724 excessum.

413 1768 533 1837 Quo
564 1765 654 1818 ille
683 1760 989 1817 vehementi
1036 1767 1255 1827 stupore
1301 1773 1604 1826 percussus,
1655 1773 1783 1812 mox
1832 1765 1909 1812 est
1957 1757 2012 1810 in

408 1852 819 1912 acerbissimum
849 1849 1031 1903 ﬂetum
1061 1863 1369 1903 concussus.
1389 1846 1547 1915 Quod
1560 1846 1803 1901 videntes
1826 1846 2006 1900 admi-

403 1944 505 2000 rati
537 1940 832 1997 admodum
871 1953 1073 1991 sumus.
1124 1938 1190 1990 At
1232 1935 1341 2002 ille,
1391 1934 1626 2005 singultu
1675 1933 1841 1989 verba
1890 1934 2006 2003 ejus

407 2034 848 2098 interrumpente,
882 2024 1127 2091 asseruit,
1158 2024 1211 2078 in
1241 2024 1358 2093 ipsa
1396 2023 1621 2079 veritate
1668 2038 1831 2092 quam
1879 2038 2004 2077 ser-

406 2137 534 2180 vum
568 2118 663 2174 Dei
698 2114 1000 2187 transgredi
1032 2129 1139 2168 non
1171 2114 1347 2180 decet,
1380 2112 1508 2183 quia
1549 2112 1593 2165 si
1642 2113 1745 2167 hoc
1794 2109 2005 2166 efﬁcere

404 2216 607 2282 posset,
636 2206 807 2261 multo
837 2203 1015 2275 magis
1036 2202 1260 2274 eligeret
1296 2201 1534 2270 seipsum
1577 2215 1804 2271 corpore
1844 2216 2002 2271 quam

404 2300 578 2366 illum,
610 2296 747 2350 sicut
775 2301 907 2360 erat,
941 2299 1209 2346 mortuum
1236 2306 1371 2345 esse.

472 2385 642 2441 Nobis
668 2391 792 2454 post
821 2383 937 2436 haec
968 2379 1287 2451 Lugdunum
1318 2379 1565 2446 reversis,
1616 2394 1742 2433 ecce
1786 2378 1926 2433 alius
1972 2393 2003 2432 e

402 2474 659 2532 fratribus
720 2470 979 2527 Ecclesiae
1042 2468 1439 2524 Cantuariensis
1498 2467 1740 2531 advenit,
1801 2466 2005 2521 litteras

404 2564 673 2629 deferens,
704 2574 894 2629 preces
925 2556 1183 2625 offerens,
1215 2555 1411 2626 quibus
1450 2556 1649 2611 obnixe
1689 2555 1758 2610 ab
1791 2554 2006 2626 Anglo-

401 2669 525 2708 rum
555 2656 727 2705 matre
756 2648 997 2702 Ecclesia
1026 2646 1415 2715 interpellatur,
1462 2653 1740 2714 quatenus,
1792 2645 2004 2698 exstin-

405 2751 491 2796 cto
523 2748 768 2811 tyranno,
801 2735 941 2789 ﬁlios
989 2750 1132 2802 suos,
1178 2741 1336 2803 rupta
1386 2748 1560 2798 mora,
1601 2732 1833 2787 revisere
1880 2746 2004 2786 con-

406 2823 682 2893 solarique
703 2820 973 2891 dignetur.
1008 2818 1211 2871 Audito
1244 2817 1409 2888 igitur
1432 2816 1499 2871 de
1528 2832 1587 2871 re
1610 2816 1837 2872 consilio
1885 2831 2004 2870 me-

407 2911 599 2968 morati
629 2907 910 2965 reverendi
942 2905 1185 2977 Hugonis
1214 2905 1385 2974 ipsius
1414 2904 1562 2959 urbis
1604 2904 1865 2973 episcopi,
1906 2903 2007 2958 iter

405 2996 658 3068 Angliam
689 2991 963 3047 remeandi
1012 2990 1286 3061 ingressus
1332 2996 1430 3057 est,
1476 2988 1594 3058 ipso
1633 2986 1908 3058 pontiﬁce,
1953 2996 2007 3043 et

403 3088 516 3136 toto
545 3077 750 3149 populo
781 3084 935 3131 terrm
963 3090 1125 3145 super
1152 3073 1258 3128 hoc
1288 3072 1526 3139 dolente,
1573 3081 1629 3127 et
1668 3071 1769 3125 nisi
1810 3071 2005 3129 rationi

401 3167 721 3233 contrairet,
780 3163 964 3219 modis
1021 3162 1306 3228 omnibus,
1364 3177 1431 3217 ne
1487 3160 1657 3226 ﬁeret,
1718 3159 2005 3231 prohibere

2119 1231 2352 1303 quisque
2382 1232 2748 1303 liberandum,
2779 1240 2831 1289 et
2860 1233 2913 1288 in
2944 1240 3138 1290 statum
3189 1241 3388 1305 optata:
3431 1236 3713 1307 prosperi-

2119 1321 2242 1374 tatis
2271 1321 2473 1377 aditum
2504 1322 2607 1377 sibi
2648 1322 3025 1393 pollicebatur.
3066 1323 3202 1391 Quae
3243 1339 3372 1395 spes
3417 1325 3544 1380 inde
3589 1341 3718 1381 ma-

2120 1410 2264 1465 xime
2320 1411 2645 1481 procedebat
2689 1412 2835 1481 quod
2880 1411 3141 1467 Henricus
3180 1412 3271 1482 qui
3327 1420 3452 1467 tunc
3504 1414 3721 1470 noviter

2120 1497 2271 1552 fratri
2300 1499 2559 1555 defuncto
2590 1499 2645 1554 in
2683 1516 2913 1571 regnum
2963 1509 3314 1566 successerat,
3365 1501 3419 1555 in
3452 1502 3572 1571 ipso
3599 1519 3717 1559 suae

2119 1587 2546 1643 consecrationis
2593 1588 2683 1643 die
2746 1588 2919 1643 bonas
2966 1597 3021 1643 et
3065 1597 3278 1644 sanctas
3317 1590 3465 1645 omni
3513 1591 3718 1662 populo

2120 1675 2273 1747 leges
2302 1692 2359 1731 se
2389 1684 2749 1741 servaturum,
2782 1685 2835 1731 et
2864 1692 3054 1732 omnes
3081 1676 3461 1748 oppressiones
3509 1688 3562 1734 et
3604 1680 3720 1735 ini-

2120 1764 2351 1834 quitates
2382 1781 2502 1834 quae
2531 1765 2631 1819 sub
2665 1765 2798 1820 {rate
2826 1781 2923 1820 suo
2954 1774 3292 1821 emerserunt
3324 1766 3377 1821 in
3425 1767 3572 1823 omni
3619 1784 3721 1825 sua

2121 1852 2510 1921 dominatione,
2546 1862 2653 1908 tam
2686 1854 2741 1906 in
2772 1853 3032 1909 Ecclesiis
3061 1871 3224 1925 quam
3270 1855 3326 1909 in
3368 1856 3722 1912 saecularibus

2119 1940 2370 2011 negotiis,
2404 1942 2806 2011 prohibiturum
2836 1950 2889 1996 et
2919 1942 3306 1998 subversurum
3327 1945 3718 2015 spoponderat,

2116 2038 2168 2084 et
2192 2032 2309 2086 haec
2338 2031 2521 2086 omnia
2544 2031 2909 2101 jurisjurandi
2941 2031 3315 2101 interjeetione
3342 2031 3574 2100 ﬁrmata,
3615 2034 3720 2089 sub

2115 2120 2450 2174 monimento
2481 2119 2779 2174 litterarum
2808 2118 2972 2191 sigilli
3004 2120 3087 2174 sui
3131 2121 3438 2177 testimonio
3486 2121 3718 2177 robora-

2116 2215 2311 2272 tarum,
2344 2224 2448 2278 per
2479 2216 2646 2263 totum
2676 2224 2905 2279 regnum
2936 2206 3276 2280 divulgatum
3321 2209 3382 2264 iri
3433 2226 3715 2281 praecepe—

2113 2304 2211 2350 rat.
2245 2296 2538 2352 Praesentia
2567 2295 2920 2351 nihilominus
2943 2296 3247 2351 communis
3274 2297 3519 2353 omnium
3545 2298 3717 2354 Patris

2107 2386 2222 2455 jam
2268 2385 2369 2454 ipsi
2419 2386 2537 2455 spei
2585 2400 2695 2439 non
2743 2400 2935 2454 parum
2983 2384 3201 2440 roboris
3246 2386 3390 2457 aqud
3431 2387 3715 2443 hominum

2112 2482 2324 2529 mentes
2354 2474 2664 2545 adjiciebat,
2690 2480 3025 2528 constantem
3044 2473 3189 2528 illius
3209 2473 3529 2544 probitatem
3552 2490 3719 2547 agno-

2112 2563 2396 2626 scentium,
2430 2570 2483 2618 et
2511 2570 2697 2618 sancta
2727 2560 2978 2631 quaedam
3006 2562 3073 2616 ad
3100 2562 3504 2618 reformandum
3547 2563 3715 2618 Chri-

2113 2652 2308 2706 stianae
2338 2651 2620 2722 religionis
2648 2657 2844 2705 statum
2874 2650 2968 2719 qui
2998 2659 3122 2721 post
3149 2651 3358 2706 obitum
3388 2652 3715 2708 veneranda:

2114 2740 2395 2795 memoria:
2426 2739 2707 2794 Lanfranci
2742 2737 3139 2809 archiepiscOpi
3168 2740 3222 2793 in
3271 2740 3454 2795 multis
3481 2740 3714 2796 decide-

2111 2836 2214 2895 rat,
2238 2828 2485 2899 proxime
2514 2828 2583 2882 ah
2612 2842 2676 2882 eo
2719 2825 2933 2897 prodire
2972 2835 3026 2882 et
3065 2827 3226 2884 statui
3264 2828 3486 2885 arrectis
3531 2828 3712 2884 sensi-

2112 2916 2213 2971 bus
2242 2916 2687 2988 exspectantium.

2184 3005 2291 3061 Sed
2321 3022 2444 3061 cum
2478 3014 2598 3077 post
2627 3022 2829 3078 paucos
2865 3007 2947 3062 sui
2996 3005 3197 3061 reditus
3243 3005 3360 3061 dies
3406 3005 3715 3062 Serberiam

2113 3090 2187 3144 ad
2214 3106 2405 3160 regem
2436 3090 2694 3160 venisset,
2745 3100 2798 3147 et
2843 3090 2913 3146 ab
2959 3105 3026 3145 eo
3070 3090 3371 3163 gaudenter
3411 3098 3711 3161 susceptus,

2111 3180 2307 3234 rationi
2337 3180 2479 3234 illius
2508 3180 2579 3249 (ο)
2605 3195 2714 3250 qua
2742 3196 2800 3234 se
2828 3179 3110 3236 excusavit
3136 3195 3248 3243 cur,
3280 3178 3336 3233 in
3364 3177 3715 3251 suscipienda

400 3257 636 3313 volente.
667 3256 866 3326 Magno
899 3251 1133 3322 denique
1161 3250 1357 3306 solatio
1403 3265 1462 3305 se
1508 3250 1563 3304 in
1605 3249 1839 3304 discessu
1887 3248 1997 3331 ejus

2109 3268 2273 3340 regia:
2303 3268 2579 3339 dignitatis
2608 3248 3004 3334 benedictione,
3027 3266 3181 3321 illum
3212 3267 3368 3337 cujus
3403 3248 3548 3335 juris
3583 3282 3708 3322 eam

401 3344 623 3401 destitui
652 3342 930 3398 videbant.
964 3339 1236 3395 Prosecuti
1265 3347 1445 3394 autem
1476 3338 1628 3392 illum
1644 3346 1765 3393 sunt
1785 3338 1852 3392 de
1872 3328 2003 3393 villa

401 3433 460 3490 in
489 3433 677 3490 villam
706 3447 805 3501 per
848 3430 1030 3500 plures
1069 3429 1185 3483 dies
1226 3437 1330 3483 tam
1371 3426 1472 3483 viri
1514 3442 1677 3499 quam
1727 3426 1998 3493 mulieres,

397 3521 601 3594 singuli
654 3519 897 3576 certatim
944 3526 1216 3573 currentes
1263 3525 1312 3571 et
1368 3531 1468 3586 pro
1521 3532 1616 3570 sua
1669 3513 2001 3569 desolatione

396 3608 770 3683 gemebundas
800 3622 963 3660 voces
984 3606 1225 3660 edentes.
1244 3604 1488 3658 Necdum
1506 3602 1851 3672 pervenimus
1872 3602 1997 3656 Clu-

394 3699 635 3764 niacum,
669 3703 718 3750 et
747 3692 1097 3748 nihilominus
1126 3692 1263 3746 alter
1289 3691 1524 3756 nuntius,
1566 3706 1629 3744 ex
1673 3698 1827 3759 parte
1868 3690 1993 3745 novi

395 3786 542 3859 regis
569 3782 866 3855 Anglorum
896 3789 949 3835 et
981 3794 1268 3851 procerum
1308 3778 1461 3848 regni
1500 3778 1639 3832 Patri
1683 3793 1989 3846 occurrens,

394 3889 580 3930 moras
608 3872 724 3942 ejus
753 3870 807 3924 in
838 3868 1104 3924 veniendo
1146 3865 1441 3937 redarguit,
1493 3872 1657 3920 totam
1699 3873 1894 3920 terram
1937 3866 1991 3919 in

393 3963 627 4019 adventu
658 3959 771 4028 ejus
801 3956 1103 4025 attonitam,
1153 3963 1206 4010 et
1251 3954 1436 4009 omnia
1481 3955 1703 4025 negotia
1749 3953 1900 4024 regni
1920 3954 1992 4008 ad

390 4048 720 4106 audientiam
751 4055 803 4102 et
832 4044 1241 4114 dispositionem
1272 4042 1441 4112 ipsius
1477 4042 1715 4098 referens
1753 4042 1988 4112 pendere

392 4140 582 4194 dilata.
616 4135 782 4205 Cujus
806 4133 973 4189 verba
1001 4132 1198 4187 litterae
1226 4131 1371 4202 regis
1399 4147 1534 4203 quas
1554 4130 1806 4186 attulerat
1852 4134 1989 4185 atte-

391 4235 613 4294 stantes,
647 4233 699 4280 et
726 4223 872 4278 dicta
900 4220 1112 4292 plenius
1138 4220 1510 4291 explanantes,
1552 4235 1740 4289 preces
1778 4227 1829 4273 et
1862 4226 1990 4275 vota

386 4315 555 4386 ipsius
583 4312 729 4384 regis
759 4311 932 4366 virum
973 4308 1221 4364 festinato
1250 4308 1433 4364 venire
1450 4323 1781 4378 magnopere
1801 4315 1987 4376 postu-

384 4404 565 4471 lantis,
617 4410 669 4455 et
719 4400 956 4469 seipsum
996 4411 1331 4467 regnumque
1386 4412 1541 4450 suum
1580 4395 1700 4464 ejus
1755 4394 1984 4451 consilio

385 4508 448 4548 ac
476 4487 831 4547 moderamini
878 4502 934 4540 se
980 4484 1347 4554 subjecturum
1391 4482 1693 4553 pollicentis
1736 4482 1982 4538 contine-

2112 3372 2230 3411 esse
2257 3357 2463 3412 sciebat
2493 3372 2600 3412 non
2649 3356 3061 3428 exspectaverit,
3106 3355 3487 3425 acquievisset,
3531 3364 3715 3426 postu-

2111 3445 2253 3500 latus
2289 3453 2367 3501 est
2423 3461 2521 3516 pro
2576 3445 2975 3501 consuetudine
3028 3452 3429 3500 antecessorum
3486 3460 3710 3500 suorum

2108 3533 2225 3605 regi
2246 3534 2542 3589 hominium
2571 3534 2770 3603 facere,
2803 3542 2857 3589 et
2884 3532 3418 3604 archiepiscnpatum
3448 3532 3516 3587 de
3545 3549 3711 3588 manu

2108 3623 2228 3692 ejus
2256 3624 2517 3694 recipere.
2543 3622 2752 3691 Quibus
2809 3638 2933 3677 cum
2970 3622 3062 3676 ille
3116 3636 3462 3692 nequaquam
3508 3637 3569 3677 se
3614 3630 3710 3677 aut

2106 3711 2246 3765 velle
2268 3718 2358 3766 aut
2387 3727 2547 3781 posse
2574 3726 2854 3766 assensum
2913 3712 3157 3782 pmhere
3199 3710 3570 3780 responderet,
3614 3710 3708 3765 in-

2105 3795 2507 3867 terrogantibus
2534 3810 2719 3866 quare,
2752 3794 2928 3849 statim
2971 3794 3102 3865 quid
3159 3810 3324 3864 super
3358 3794 3443 3849 his
3478 3802 3534 3851 et
3576 3794 3706 3865 qui-

2102 3882 2330 3939 busdam
2374 3883 2493 3939 aliis
2538 3883 2593 3938 in
2640 3884 2885 3939 Romano
2928 3882 3154 3938 consilio
3190 3882 3482 3953 acceperit,
3524 3882 3705 3938 mani-

2102 3972 2236 4027 festa
2264 3972 2526 4028 relatione
2555 3972 2805 4040 innotuit,
2829 3971 3008 4041 itaque
3038 3969 3385 4026 subinferens
3414 3970 3490 4025 ait
3522 3989 3534 4023 :
3576 3993 3598 4018 u
3643 3967 3706 4027 Si

2102 4059 2354 4115 dominus
2383 4076 2478 4115 rex
2506 4060 2611 4114 ista
2638 4061 2929 4129 suscipere,
2961 4064 3016 4113 et
3035 4067 3283 4129 suscepta
3325 4074 3547 4115 servare
3595 4074 3703 4114 vo-

2100 4149 2282 4217 luerit,
2303 4149 2443 4204 bene
2472 4148 2613 4204 inter
2641 4162 2740 4203 nos
2770 4155 2826 4202 et
2854 4145 3009 4201 ﬁrma
3037 4161 3141 4217 pax
3189 4146 3310 4202 erit.
3361 4146 3456 4203 Sin
3495 4154 3698 4213 autem,

2094 4248 2205 4288 non
2234 4233 2391 4289 video
2413 4247 2693 4288 remanere
2718 4247 2896 4286 meum
2926 4230 2980 4284 in
3009 4231 3209 4303 Anglia
3250 4230 3379 4285 utile
3438 4230 3558 4286 fore
3607 4229 3697 4288 vel

2094 4322 2401 4388 honestum,
2434 4320 2732 4392 praesertim
2761 4335 2885 4375 cum
2914 4320 2957 4373 si
2999 4318 3346 4390 episcopatus
3379 4326 3472 4373 aut
3514 4319 3691 4375 abba-

2097 4409 2198 4464 tias
2226 4410 2452 4476 dederit,
2485 4410 2685 4481 privari
2715 4425 2802 4464 me
2830 4408 3046 4480 penitus
3087 4415 3192 4462 tam
3218 4423 3249 4461 a
3296 4407 3379 4461 sui
3428 4424 3591 4479 quam
3641 4417 3694 4464 et

2095 4513 2279 4552 corum
2309 4498 2399 4569 qui
2421 4496 2761 4569 susceperint
2788 4495 3170 4552 communione
3198 4509 3417 4550 necesse
3455 4495 3542 4550 sit.
3579 4496 3691 4551 Nec

382 4580 532 4636 ῙΉὶῐιῑ·
559 4579 696 4670 βᾶθί)
723 4584 776 4670 {at
803 4573 1114 4646 hujUSmOdi
1159 4572 1317 4643 Plura
1353 4588 1517 4670 quam
1566 4571 1745 4626 dicere
1793 4571 1977 4640 Velim:
2008 4610 2060 4670 D
2092 4587 2236 4641 enim
2268 4602 2330 4642 ea
2361 4586 2427 4642 de
2449 4602 2610 4642 causa
2645 4585 2901 4656 Angliam
2930 4583 3084 4653 redii,
3116 4590 3173 4637 ut
3220 4583 3265 4637 si
3313 4583 3431 4655 ipse
3477 4584 3686 4640 Roma-

379 4685 481 4724 nos
508 4667 575 4723 ad
605 4664 835 4736 patriam
866 4676 1156 4732 properare
1186 4669 1498 4733 coegerunt.

452 4761 819 4833 Prosperrimo
850 4758 1028 4828 itaque
1058 4774 1215 4813 cursu
1265 4756 1475 4812 marina
1515 4756 1756 4828 pericula
1798 4759 1979 4811 trans-

379 4851 521 4911 vecti
563 4865 705 4905 nono
748 4847 978 4903 Kalend.
1026 4845 1280 4902 Octobris
1318 4846 1502 4901 Dofris
1545 4845 1868 4917 appulimus,
1928 4852 1981 4899 et

379 4938 587 5012 ingenti
634 4936 839 5009 gaudio
883 4942 1047 4989 totam
1093 4941 1292 4989 terram
1336 4934 1391 4988 in
1438 4934 1679 4991 adventu
1733 4932 1978 4988 Anselmi

382 5027 748 5086 exsultantem
782 5022 1105 5093 reperimus.
1133 5021 1395 5087 Quaedam
1430 5023 1603 5078 etnim
1638 5022 1792 5093 quasi
1816 5037 1975 5077 nova:

374 5114 787 5175 resurrectionis
816 5128 940 5182 spes
979 5110 1318 5183 singulorum
1366 5111 1636 5167 mentibus
1679 5110 1970 5177 oriebatur,

376 5229 483 5287 qua
511 5219 563 5269 et
593 5210 663 5265 ab
691 5207 1048 5281 Oppressione
1077 5206 1301 5263 calentis
1330 5207 1509 5264 adhuc
1547 5205 1868 5280 calamitatis
1915 5222 1973 5262 se

2092 4691 2161 4730 no
2181 4673 2419 4746 pontiﬁci
2448 4674 2676 4730 obedire
2708 4673 2861 4740 nolit,
2892 4674 2947 4727 in
2977 4688 3042 4728 ea
3069 4672 3356 4727 resideam.
3389 4671 3546 4728 Unde
3563 4673 3693 4743 quid

2090 4762 2221 4819 velit
2252 4778 2445 4833 precor
2465 4761 2664 4831 edicat,
2696 4769 2753 4816 ut
2781 4761 2947 4816 sciam
2978 4777 3083 4831 quo
3115 4776 3201 4814 me
3256 4767 3482 4817 vertam.
3512 4783 3533 4809 υ
3597 4761 3692 4816 His

2089 4867 2184 4906 rex
2215 4851 2414 4906 auditis
2436 4850 2683 4923 graviter
2712 4849 3068 4905 conturbatus
3116 4857 3215 4904 est.
3267 4847 3447 4904 Grave
3488 4849 3689 4920 quippe

2087 4939 2190 4995 sibi
2209 4938 2384 4995 visum
2404 4947 2485 4995 est
2525 4938 2870 4995 investituras
2918 4937 3281 4993 Ecclesiarum
3334 4943 3387 4991 et
3443 4937 3687 4992 hominia

2084 5029 2430 5101 praelatorum
2447 5027 2695 5099 perdere,
2728 5042 2892 5097 grave
2921 5024 3271 5081 nihilominus
3307 5023 3626 5080 Anselmum
3654 5041 3685 5080 a

2083 5132 2277 5190 regno,
2309 5116 2426 5189 ipso
2447 5116 2691 5173 nondum
2722 5115 2778 5170 in
2799 5130 2972 5187 regno
2999 5112 3162 5186 plene
3191 5111 3523 5183 conﬁrmato,
3571 5113 3683 5183 pati

2081 5206 2385 5262 discedere.
2432 5208 2493 5261 In
2539 5220 2648 5261 uno
2703 5204 2969 5275 siquidem
3026 5202 3309 5260 videbatur
3362 5200 3465 5256 sibi
3522 5202 3681 5275 quasi

1694 5356 2123 5416 HENSCHENII
2153 5356 2379 5414 NOTE.

437 5516 515 5590 (a)
542 5515 717 5590 5an
738 5510 942 5590 Chri_sti_
962 5510 1122 5567 1100.

435 5576 510 5660 (b5
542 5587 623 5643 De
679 5583 967 5666 Casa-Dei.
1014 5581 1343 5666 monasterio
1356 5576 1798 5666 ninnArvernis,.
1822 5577 1967 5666 intra

2074 5508 2235 5582 primi
2263 5516 2316 5582 et
2336 5508 2660 5582 fundatoris.

2148 5581 2224 5651 (ο)
2248 5567 2419 5636 Causa
2445 5576 2778 5651 rationabilis
2800 5592 2921 5651 esse
2948 5578 3125 5651 potuit
3145 5586 3321 5651 metus
3350 5566 3703 5651 aA‘Roberto"

363 5648 559 5735 agitur
592 5669 737 5717 xxiv
781 5648 1004 5730 Aprilis,
1023 5653 1095 5712 ad
1123 5654 1302 5714 Vitam
1352 5652 1419 5733 S._
1454 5651 1701 5726 Roberti,
1749 5650 1967 5731 abbatis
2074 5648 2240 5712 fratre
2261 5649 2661 5724 primogenita,
2694 5649 2843 5710 haud
2866 5648 3034 5710 dubie
3060 5650 3266 5726 aliquid
3293 5648 3552 5710 molituro
3567 5662 3670 5724 pro
