  <div class='ocr_page' id='page_1' title='image "/cluster/home/n/w/nwhite01/storage/ocr_20150623/159/hvd.32044054760178/218.png"; bbox 0 0 4044 6074; ppageno 0'>
   <div class='ocr_carea' id='block_1_1' title="bbox 311 240 413 297">
    <p class='ocr_par' dir='ltr' id='par_1_1' title="bbox 311 240 413 297">
     <span class='ocr_line' id='line_1_1' title="bbox 311 240 413 297; baseline 0.01 -1"><span class='ocrx_word' id='word_1_1' title='bbox 311 240 413 297; x_wconf 71' lang='grc' dir='ltr'><strong>ιεὸ</strong></span> 
     </span>
    </p>
   </div>
   <div class='ocr_carea' id='block_1_2' title="bbox 1378 239 2520 302">
    <p class='ocr_par' dir='ltr' id='par_1_2' title="bbox 1378 239 2520 302">
     <span class='ocr_line' id='line_1_2' title="bbox 1378 239 2520 302; baseline 0.006 -7"><span class='ocrx_word' id='word_1_2' title='bbox 1378 239 1709 299; x_wconf 80' lang='lat' dir='ltr'><strong>HISTORIA</strong></span> <span class='ocrx_word' id='word_1_3' title='bbox 1751 241 2125 300; x_wconf 82' lang='lat' dir='ltr'><strong>NOVORUM.</strong></span> <span class='ocrx_word' id='word_1_4' title='bbox 2157 274 2224 284; x_wconf 88' lang='lat'><strong>—</strong></span> <span class='ocrx_word' id='word_1_5' title='bbox 2258 242 2383 299; x_wconf 77' lang='lat' dir='ltr'><strong>LIB.</strong></span> <span class='ocrx_word' id='word_1_6' title='bbox 2430 244 2520 302; x_wconf 87' lang='lat' dir='ltr'><strong>lll.</strong></span> 
     </span>
    </p>
   </div>
   <div class='ocr_carea' id='block_1_3' title="bbox 3500 259 3603 314">
    <p class='ocr_par' dir='ltr' id='par_1_3' title="bbox 3500 259 3603 314">
     <span class='ocr_line' id='line_1_3' title="bbox 3500 259 3603 314; baseline 0.019 -2"><span class='ocrx_word' id='word_1_7' title='bbox 3500 259 3603 314; x_wconf 70' lang='grc'><strong>426</strong></span> 
     </span>
    </p>
   </div>
   <div class='ocr_carea' id='block_1_4' title="bbox 306 363 3611 451">
    <p class='ocr_par' dir='ltr' id='par_1_4' title="bbox 306 363 3611 451">
     <span class='ocr_line' id='line_1_4' title="bbox 306 363 3611 451; baseline 0.004 -28"><span class='ocrx_word' id='word_1_8' title='bbox 306 365 596 423; x_wconf 88' lang='lat' dir='ltr'><strong>dimidium</strong></span> <span class='ocrx_word' id='word_1_9' title='bbox 625 363 783 439; x_wconf 90' lang='lat' dir='ltr'><strong>regni</strong></span> <span class='ocrx_word' id='word_1_10' title='bbox 812 363 1082 438; x_wconf 73' lang='lat' dir='ltr'><strong>perderet,</strong></span> <span class='ocrx_word' id='word_1_11' title='bbox 1133 364 1187 419; x_wconf 91' lang='lat' dir='ltr'><strong>in</strong></span> <span class='ocrx_word' id='word_1_12' title='bbox 1235 364 1327 419; x_wconf 91' lang='lat' dir='ltr'><strong>illo</strong></span> <span class='ocrx_word' id='word_1_13' title='bbox 1372 366 1661 420; x_wconf 75' lang='lat' dir='ltr'><strong>verebatur</strong></span> <span class='ocrx_word' id='word_1_14' title='bbox 1691 383 1756 423; x_wconf 90' lang='lat' dir='ltr'><strong>ne</strong></span> <span class='ocrx_word' id='word_1_15' title='bbox 1788 368 1905 421; x_wconf 81' lang='lat' dir='ltr'><strong>tra-</strong></span> <span class='ocrx_word' id='word_1_16' title='bbox 1934 369 1990 430; x_wconf 86' lang='grc' dir='ltr'><strong>Α</strong></span> <span class='ocrx_word' id='word_1_17' title='bbox 2020 377 2183 439; x_wconf 87' lang='lat' dir='ltr'><strong>negat</strong></span> <span class='ocrx_word' id='word_1_18' title='bbox 2214 369 2483 432; x_wconf 85' lang='lat' dir='ltr'><strong>oblatam;</strong></span> <span class='ocrx_word' id='word_1_19' title='bbox 2531 380 2694 444; x_wconf 84' lang='lat' dir='ltr'><strong>negat</strong></span> <span class='ocrx_word' id='word_1_20' title='bbox 2734 372 2893 428; x_wconf 89' lang='lat' dir='ltr'><strong>etiam</strong></span> <span class='ocrx_word' id='word_1_21' title='bbox 2924 388 2981 429; x_wconf 91' lang='lat' dir='ltr'><strong>se</strong></span> <span class='ocrx_word' id='word_1_22' title='bbox 3012 373 3095 430; x_wconf 89' lang='lat' dir='ltr'><strong>vel</strong></span> <span class='ocrx_word' id='word_1_23' title='bbox 3124 377 3294 431; x_wconf 86' lang='lat' dir='ltr'><strong>semel</strong></span> <span class='ocrx_word' id='word_1_24' title='bbox 3323 376 3611 451; x_wconf 90' lang='lat' dir='ltr'><strong>aliquando</strong></span> 
     </span>
    </p>
   </div>
   <div class='ocr_carea' id='block_1_5' title="bbox 305 452 1906 525">
    <p class='ocr_par' dir='ltr' id='par_1_5' title="bbox 305 452 1906 525">
     <span class='ocr_line' id='line_1_5' title="bbox 305 452 1906 525; baseline 0 -15"><span class='ocrx_word' id='word_1_25' title='bbox 305 462 446 511; x_wconf 91' lang='lat' dir='ltr'><strong>trem</strong></span> <span class='ocrx_word' id='word_1_26' title='bbox 487 470 645 510; x_wconf 90' lang='lat' dir='ltr'><strong>suum</strong></span> <span class='ocrx_word' id='word_1_27' title='bbox 674 454 969 510; x_wconf 85' lang='lat' dir='ltr'><strong>Robertum</strong></span> <span class='ocrx_word' id='word_1_28' title='bbox 999 453 1090 525; x_wconf 90' lang='lat' dir='ltr'><strong>qui</strong></span> <span class='ocrx_word' id='word_1_29' title='bbox 1113 460 1242 509; x_wconf 91' lang='lat' dir='ltr'><strong>tunc</strong></span> <span class='ocrx_word' id='word_1_30' title='bbox 1270 452 1337 508; x_wconf 89' lang='lat' dir='ltr'><strong>de</strong></span> <span class='ocrx_word' id='word_1_31' title='bbox 1364 454 1664 510; x_wconf 83' lang='lat' dir='ltr'><strong>Jerusalem</strong></span> <span class='ocrx_word' id='word_1_32' title='bbox 1695 456 1906 511; x_wconf 89' lang='lat' dir='ltr'><strong>North-</strong></span> 
     </span>
    </p>
   </div>
   <div class='ocr_carea' id='block_1_6' title="bbox 306 541 1910 615">
    <p class='ocr_par' dir='ltr' id='par_1_6' title="bbox 306 541 1910 615">
     <span class='ocr_line' id='line_1_6' title="bbox 306 541 1910 615; baseline 0.001 -17"><span class='ocrx_word' id='word_1_33' title='bbox 306 542 585 599; x_wconf 90' lang='lat' dir='ltr'><strong>manniam</strong></span> <span class='ocrx_word' id='word_1_34' title='bbox 610 542 863 608; x_wconf 78' lang='lat' dir='ltr'><strong>redierat,</strong></span> <span class='ocrx_word' id='word_1_35' title='bbox 895 541 1187 596; x_wconf 86' lang='lat' dir='ltr'><strong>Anselmus</strong></span> <span class='ocrx_word' id='word_1_36' title='bbox 1230 541 1424 608; x_wconf 90' lang='lat' dir='ltr'><strong>adiret,</strong></span> <span class='ocrx_word' id='word_1_37' title='bbox 1452 551 1504 597; x_wconf 88' lang='lat' dir='ltr'><strong>et</strong></span> <span class='ocrx_word' id='word_1_38' title='bbox 1534 559 1656 597; x_wconf 91' lang='lat' dir='ltr'><strong>eum</strong></span> <span class='ocrx_word' id='word_1_39' title='bbox 1688 544 1743 597; x_wconf 92' lang='lat' dir='ltr'><strong>in</strong></span> <span class='ocrx_word' id='word_1_40' title='bbox 1771 559 1910 615; x_wconf 91' lang='lat' dir='ltr'><strong>apo-</strong></span> 
     </span>
    </p>
   </div>
   <div class='ocr_carea' id='block_1_7' title="bbox 2016 456 3611 527">
    <p class='ocr_par' dir='ltr' id='par_1_7' title="bbox 2016 456 3611 527">
     <span class='ocr_line' id='line_1_7' title="bbox 2016 456 3611 527; baseline 0.009 -16"><span class='ocrx_word' id='word_1_41' title='bbox 2016 471 2113 511; x_wconf 89' lang='lat' dir='ltr'><strong>sua</strong></span> <span class='ocrx_word' id='word_1_42' title='bbox 2142 456 2415 513; x_wconf 89' lang='lat' dir='ltr'><strong>voluntate</strong></span> <span class='ocrx_word' id='word_1_43' title='bbox 2446 458 2607 516; x_wconf 89' lang='lat' dir='ltr'><strong>fuisse</strong></span> <span class='ocrx_word' id='word_1_44' title='bbox 2632 462 2886 527; x_wconf 89' lang='lat' dir='ltr'><strong>velatam,</strong></span> <span class='ocrx_word' id='word_1_45' title='bbox 2915 470 2966 517; x_wconf 92' lang='lat' dir='ltr'><strong>et</strong></span> <span class='ocrx_word' id='word_1_46' title='bbox 2990 465 3107 519; x_wconf 65' lang='lat' dir='ltr'><strong>haec</strong></span> <span class='ocrx_word' id='word_1_47' title='bbox 3137 463 3182 518; x_wconf 90' lang='lat' dir='ltr'><strong>si</strong></span> <span class='ocrx_word' id='word_1_48' title='bbox 3213 464 3432 522; x_wconf 87' lang='lat' dir='ltr'><strong>credere</strong></span> <span class='ocrx_word' id='word_1_49' title='bbox 3454 468 3611 525; x_wconf 84' lang='lat' dir='ltr'><strong>aliter</strong></span> 
     </span>
    </p>
   </div>
   <div class='ocr_carea' id='block_1_8' title="bbox 2019 544 3620 624">
    <p class='ocr_par' dir='ltr' id='par_1_8' title="bbox 2019 544 3620 624">
     <span class='ocr_line' id='line_1_8' title="bbox 2019 544 3620 624; baseline 0.008 -25"><span class='ocrx_word' id='word_1_50' title='bbox 2019 545 2170 611; x_wconf 85' lang='lat' dir='ltr'><strong>nolit,</strong></span> <span class='ocrx_word' id='word_1_51' title='bbox 2204 544 2363 602; x_wconf 70' lang='lat' dir='ltr'><strong>offert</strong></span> <span class='ocrx_word' id='word_1_52' title='bbox 2416 564 2474 603; x_wconf 87' lang='lat' dir='ltr'><strong>se</strong></span> <span class='ocrx_word' id='word_1_53' title='bbox 2524 549 2729 618; x_wconf 90' lang='lat' dir='ltr'><strong>judicio</strong></span> <span class='ocrx_word' id='word_1_54' title='bbox 2786 551 2946 605; x_wconf 87' lang='lat' dir='ltr'><strong>totius</strong></span> <span class='ocrx_word' id='word_1_55' title='bbox 3005 552 3306 624; x_wconf 82' lang='lat' dir='ltr'><strong>Anglorum</strong></span> <span class='ocrx_word' id='word_1_56' title='bbox 3367 554 3620 614; x_wconf 59' lang='lat' dir='ltr'><strong>Ecclesia</strong></span> 
     </span>
    </p>
   </div>
   <div class='ocr_carea' id='block_1_9' title="bbox 306 629 3623 714">
    <p class='ocr_par' dir='ltr' id='par_1_9' title="bbox 306 629 3623 714">
     <span class='ocr_line' id='line_1_9' title="bbox 306 629 3623 714; baseline 0.004 -27"><span class='ocrx_word' id='word_1_57' title='bbox 306 631 1077 701; x_wconf 63' lang='lat' dir='ltr'><strong>stolicesedissubjectionem</strong></span> <span class='ocrx_word' id='word_1_58' title='bbox 1093 629 1573 702; x_wconf 88' lang='lat' dir='ltr'><strong>deductum,quod</strong></span> <span class='ocrx_word' id='word_1_59' title='bbox 1594 630 1913 687; x_wconf 82' lang='lat' dir='ltr'><strong>facillimum</strong></span> <span class='ocrx_word' id='word_1_60' title='bbox 2021 633 2367 704; x_wconf 84' lang='lat' dir='ltr'><strong>probaturam</strong></span> <span class='ocrx_word' id='word_1_61' title='bbox 2403 652 2417 689; x_wconf 90' lang='lat'><strong>:</strong></span> <span class='ocrx_word' id='word_1_62' title='bbox 2456 658 2477 682; x_wconf 82' lang='grc' dir='ltr'>α</span> <span class='ocrx_word' id='word_1_63' title='bbox 2512 640 2778 706; x_wconf 79' lang='lat' dir='ltr'><strong>Attamen,</strong></span> <span class='ocrx_word' id='word_1_64' title='bbox 2815 639 3006 710; x_wconf 88' lang='lat' dir='ltr'><strong>inquit,</strong></span> <span class='ocrx_word' id='word_1_65' title='bbox 3039 656 3126 695; x_wconf 91' lang='lat' dir='ltr'><strong>me</strong></span> <span class='ocrx_word' id='word_1_66' title='bbox 3161 642 3340 696; x_wconf 89' lang='lat' dir='ltr'><strong>velum</strong></span> <span class='ocrx_word' id='word_1_67' title='bbox 3376 652 3623 714; x_wconf 83' lang='lat' dir='ltr'><strong>portasse</strong></span> 
     </span>
    </p>
   </div>
   <div class='ocr_carea' id='block_1_10' title="bbox 308 717 1913 792">
    <p class='ocr_par' dir='ltr' id='par_1_10' title="bbox 308 717 1913 792">
     <span class='ocr_line' id='line_1_10' title="bbox 308 717 1913 792; baseline -0.002 -15"><span class='ocrx_word' id='word_1_68' title='bbox 308 718 457 777; x_wconf 83' lang='lat' dir='ltr'><strong>factu</strong></span> <span class='ocrx_word' id='word_1_69' title='bbox 485 719 716 787; x_wconf 84' lang='lat' dir='ltr'><strong>sciebat,</strong></span> <span class='ocrx_word' id='word_1_70' title='bbox 751 734 940 791; x_wconf 82' lang='lat' dir='ltr'><strong>regem</strong></span> <span class='ocrx_word' id='word_1_71' title='bbox 970 717 1177 788; x_wconf 66' lang='lat' dir='ltr'><strong>Anglia:</strong></span> <span class='ocrx_word' id='word_1_72' title='bbox 1209 718 1434 774; x_wconf 91' lang='lat' dir='ltr'><strong>faceret.</strong></span> <span class='ocrx_word' id='word_1_73' title='bbox 1487 719 1564 774; x_wconf 89' lang='lat' dir='ltr'><strong>De</strong></span> <span class='ocrx_word' id='word_1_74' title='bbox 1596 719 1774 774; x_wconf 82' lang='lat' dir='ltr'><strong>verbis</strong></span> <span class='ocrx_word' id='word_1_75' title='bbox 1804 719 1913 792; x_wconf 86' lang='lat' dir='ltr'><strong>igi-</strong></span> 
     </span>
    </p>
   </div>
   <div class='ocr_carea' id='block_1_11' title="bbox 311 806 1918 881">
    <p class='ocr_par' dir='ltr' id='par_1_11' title="bbox 311 806 1918 881">
     <span class='ocr_line' id='line_1_11' title="bbox 311 806 1918 881; baseline 0.001 -18"><span class='ocrx_word' id='word_1_76' title='bbox 311 815 397 864; x_wconf 88' lang='lat' dir='ltr'><strong>tur</strong></span> <span class='ocrx_word' id='word_1_77' title='bbox 427 807 757 863; x_wconf 77' lang='lat' dir='ltr'><strong>altrinsecus</strong></span> <span class='ocrx_word' id='word_1_78' title='bbox 804 806 961 862; x_wconf 89' lang='lat' dir='ltr'><strong>motis</strong></span> <span class='ocrx_word' id='word_1_79' title='bbox 1002 806 1236 862; x_wconf 72' lang='lat' dir='ltr'><strong>induciae</strong></span> <span class='ocrx_word' id='word_1_80' title='bbox 1272 823 1443 879; x_wconf 89' lang='lat' dir='ltr'><strong>usque</strong></span> <span class='ocrx_word' id='word_1_81' title='bbox 1484 808 1687 863; x_wconf 92' lang='lat' dir='ltr'><strong>Pascha</strong></span> <span class='ocrx_word' id='word_1_82' title='bbox 1734 808 1918 881; x_wconf 77' lang='lat' dir='ltr'><strong>petitae</strong></span> 
     </span>
    </p>
   </div>
   <div class='ocr_carea' id='block_1_12' title="bbox 308 896 1917 970">
    <p class='ocr_par' dir='ltr' id='par_1_12' title="bbox 308 896 1917 970">
     <span class='ocr_line' id='line_1_12' title="bbox 308 896 1917 970; baseline -0.001 -17"><span class='ocrx_word' id='word_1_83' title='bbox 308 904 452 964; x_wconf 91' lang='lat' dir='ltr'><strong>sunt,</strong></span> <span class='ocrx_word' id='word_1_84' title='bbox 502 904 772 970; x_wconf 81' lang='lat' dir='ltr'><strong>quatenus</strong></span> <span class='ocrx_word' id='word_1_85' title='bbox 829 896 1084 967; x_wconf 85' lang='lat' dir='ltr'><strong>utrinque</strong></span> <span class='ocrx_word' id='word_1_86' title='bbox 1130 896 1361 951; x_wconf 83' lang='lat' dir='ltr'><strong>Romam</strong></span> <span class='ocrx_word' id='word_1_87' title='bbox 1412 897 1773 965; x_wconf 85' lang='lat' dir='ltr'><strong>mitterentur,</strong></span> <span class='ocrx_word' id='word_1_88' title='bbox 1827 897 1917 969; x_wconf 89' lang='lat' dir='ltr'><strong>qui</strong></span> 
     </span>
    </p>
   </div>
   <div class='ocr_carea' id='block_1_13' title="bbox 310 984 1920 1057">
    <p class='ocr_par' dir='ltr' id='par_1_13' title="bbox 310 984 1920 1057">
     <span class='ocr_line' id='line_1_13' title="bbox 310 984 1920 1057; baseline -0.001 -16"><span class='ocrx_word' id='word_1_89' title='bbox 310 986 528 1043; x_wconf 84' lang='lat' dir='ltr'><strong>decreta</strong></span> <span class='ocrx_word' id='word_1_90' title='bbox 574 985 876 1056; x_wconf 84' lang='lat' dir='ltr'><strong>apostolica</strong></span> <span class='ocrx_word' id='word_1_91' title='bbox 916 985 971 1039; x_wconf 92' lang='lat' dir='ltr'><strong>in</strong></span> <span class='ocrx_word' id='word_1_92' title='bbox 1001 984 1287 1055; x_wconf 89' lang='lat' dir='ltr'><strong>pristinum</strong></span> <span class='ocrx_word' id='word_1_93' title='bbox 1332 985 1489 1057; x_wconf 88' lang='lat' dir='ltr'><strong>regni</strong></span> <span class='ocrx_word' id='word_1_94' title='bbox 1538 1002 1692 1040; x_wconf 89' lang='lat' dir='ltr'><strong>usum</strong></span> <span class='ocrx_word' id='word_1_95' title='bbox 1742 993 1920 1041; x_wconf 89' lang='lat' dir='ltr'><strong>muta—</strong></span> 
     </span>
    </p>
   </div>
   <div class='ocr_carea' id='block_1_14' title="bbox 312 1072 1923 1144">
    <p class='ocr_par' dir='ltr' id='par_1_14' title="bbox 312 1072 1923 1144">
     <span class='ocr_line' id='line_1_14' title="bbox 312 1072 1923 1144; baseline -0.001 -15"><span class='ocrx_word' id='word_1_96' title='bbox 312 1081 459 1142; x_wconf 90' lang='lat' dir='ltr'><strong>rent,</strong></span> <span class='ocrx_word' id='word_1_97' title='bbox 490 1081 546 1129; x_wconf 89' lang='lat' dir='ltr'><strong>et</strong></span> <span class='ocrx_word' id='word_1_98' title='bbox 575 1073 796 1130; x_wconf 88' lang='lat' dir='ltr'><strong>interim</strong></span> <span class='ocrx_word' id='word_1_99' title='bbox 828 1072 1096 1129; x_wconf 83' lang='lat' dir='ltr'><strong>Ecclesiis</strong></span> <span class='ocrx_word' id='word_1_100' title='bbox 1124 1072 1338 1143; x_wconf 64' lang='lat' dir='ltr'><strong>Anglia</strong></span> <span class='ocrx_word' id='word_1_101' title='bbox 1368 1073 1424 1128; x_wconf 91' lang='lat' dir='ltr'><strong>in</strong></span> <span class='ocrx_word' id='word_1_102' title='bbox 1451 1088 1565 1144; x_wconf 89' lang='lat' dir='ltr'><strong>quo</strong></span> <span class='ocrx_word' id='word_1_103' title='bbox 1594 1078 1748 1129; x_wconf 90' lang='lat' dir='ltr'><strong>erant</strong></span> <span class='ocrx_word' id='word_1_104' title='bbox 1775 1080 1923 1129; x_wconf 87' lang='lat' dir='ltr'><strong>statu</strong></span> 
     </span>
    </p>
   </div>
   <div class='ocr_carea' id='block_1_15' title="bbox 313 1160 1921 1234">
    <p class='ocr_par' dir='ltr' id='par_1_15' title="bbox 313 1160 1921 1234">
     <span class='ocr_line' id='line_1_15' title="bbox 313 1160 1921 1234; baseline -0.001 -16"><span class='ocrx_word' id='word_1_105' title='bbox 313 1161 687 1231; x_wconf 87' lang='lat' dir='ltr'><strong>manentibus,</strong></span> <span class='ocrx_word' id='word_1_106' title='bbox 717 1161 1008 1219; x_wconf 82' lang='lat' dir='ltr'><strong>Anselmus</strong></span> <span class='ocrx_word' id='word_1_107' title='bbox 1035 1160 1262 1216; x_wconf 85' lang='lat' dir='ltr'><strong>redditis</strong></span> <span class='ocrx_word' id='word_1_108' title='bbox 1291 1162 1450 1217; x_wconf 90' lang='lat' dir='ltr'><strong>terris</strong></span> <span class='ocrx_word' id='word_1_109' title='bbox 1478 1177 1613 1234; x_wconf 92' lang='lat' dir='ltr'><strong>quas</strong></span> <span class='ocrx_word' id='word_1_110' title='bbox 1642 1179 1738 1218; x_wconf 83' lang='lat' dir='ltr'><strong>rex</strong></span> <span class='ocrx_word' id='word_1_111' title='bbox 1767 1178 1921 1218; x_wconf 90' lang='lat' dir='ltr'><strong>mor-</strong></span> 
     </span>
    </p>
   </div>
   <div class='ocr_carea' id='block_1_16' title="bbox 316 1249 1923 1320">
    <p class='ocr_par' dir='ltr' id='par_1_16' title="bbox 316 1249 1923 1320">
     <span class='ocr_line' id='line_1_16' title="bbox 316 1249 1923 1320; baseline -0.002 -12"><span class='ocrx_word' id='word_1_112' title='bbox 316 1261 442 1309; x_wconf 88' lang='lat' dir='ltr'><strong>tuus</strong></span> <span class='ocrx_word' id='word_1_113' title='bbox 486 1252 748 1308; x_wconf 55' lang='lat' dir='ltr'><strong>Ecclesia</strong></span> <span class='ocrx_word' id='word_1_114' title='bbox 778 1249 1158 1307; x_wconf 88' lang='lat' dir='ltr'><strong>Cantuariensi</strong></span> <span class='ocrx_word' id='word_1_115' title='bbox 1183 1249 1500 1320; x_wconf 86' lang='lat' dir='ltr'><strong>abstulerat,</strong></span> <span class='ocrx_word' id='word_1_116' title='bbox 1527 1250 1644 1305; x_wconf 84' lang='lat' dir='ltr'><strong>suis</strong></span> <span class='ocrx_word' id='word_1_117' title='bbox 1673 1250 1923 1306; x_wconf 89' lang='lat' dir='ltr'><strong>omnibus</strong></span> 
     </span>
    </p>
   </div>
   <div class='ocr_carea' id='block_1_17' title="bbox 318 1336 1926 1409">
    <p class='ocr_par' dir='ltr' id='par_1_17' title="bbox 318 1336 1926 1409">
     <span class='ocr_line' id='line_1_17' title="bbox 318 1336 1926 1409; baseline -0.003 -11"><span class='ocrx_word' id='word_1_118' title='bbox 318 1342 694 1408; x_wconf 87' lang='lat' dir='ltr'><strong>revestiretur,</strong></span> <span class='ocrx_word' id='word_1_119' title='bbox 743 1339 928 1409; x_wconf 88' lang='lat' dir='ltr'><strong>sicque</strong></span> <span class='ocrx_word' id='word_1_120' title='bbox 975 1336 1132 1393; x_wconf 82' lang='lat' dir='ltr'><strong>ﬁeret</strong></span> <span class='ocrx_word' id='word_1_121' title='bbox 1177 1345 1238 1393; x_wconf 91' lang='lat' dir='ltr'><strong>ut</strong></span> <span class='ocrx_word' id='word_1_122' title='bbox 1287 1338 1332 1392; x_wconf 90' lang='lat' dir='ltr'><strong>si</strong></span> <span class='ocrx_word' id='word_1_123' title='bbox 1379 1353 1413 1393; x_wconf 93' lang='lat' dir='ltr'><strong>a</strong></span> <span class='ocrx_word' id='word_1_124' title='bbox 1457 1338 1730 1396; x_wconf 80' lang='lat' dir='ltr'><strong>sententia</strong></span> <span class='ocrx_word' id='word_1_125' title='bbox 1785 1336 1926 1394; x_wconf 78' lang='lat' dir='ltr'><strong>flecti</strong></span> 
     </span>
    </p>
   </div>
   <div class='ocr_carea' id='block_1_18' title="bbox 317 1426 1925 1503">
    <p class='ocr_par' dir='ltr' id='par_1_18' title="bbox 317 1426 1925 1503">
     <span class='ocr_line' id='line_1_18' title="bbox 317 1426 1925 1503; baseline -0.003 -17"><span class='ocrx_word' id='word_1_126' title='bbox 317 1444 472 1503; x_wconf 89' lang='lat' dir='ltr'><strong>papa</strong></span> <span class='ocrx_word' id='word_1_127' title='bbox 519 1428 791 1499; x_wconf 90' lang='lat' dir='ltr'><strong>nequiret,</strong></span> <span class='ocrx_word' id='word_1_128' title='bbox 827 1426 986 1483; x_wconf 89' lang='lat' dir='ltr'><strong>totius</strong></span> <span class='ocrx_word' id='word_1_129' title='bbox 1029 1426 1240 1499; x_wconf 77' lang='lat' dir='ltr'><strong>negotii</strong></span> <span class='ocrx_word' id='word_1_130' title='bbox 1288 1441 1504 1482; x_wconf 84' lang='lat' dir='ltr'><strong>summa</strong></span> <span class='ocrx_word' id='word_1_131' title='bbox 1548 1426 1604 1481; x_wconf 94' lang='lat' dir='ltr'><strong>in</strong></span> <span class='ocrx_word' id='word_1_132' title='bbox 1652 1442 1775 1483; x_wconf 85' lang='lat' dir='ltr'><strong>eum</strong></span> <span class='ocrx_word' id='word_1_133' title='bbox 1817 1442 1925 1499; x_wconf 92' lang='lat' dir='ltr'><strong>quo</strong></span> 
     </span>
    </p>
   </div>
   <div class='ocr_carea' id='block_1_19' title="bbox 320 1514 1926 1586">
    <p class='ocr_par' dir='ltr' id='par_1_19' title="bbox 320 1514 1926 1586">
     <span class='ocr_line' id='line_1_19' title="bbox 320 1514 1926 1586; baseline -0.002 -12"><span class='ocrx_word' id='word_1_134' title='bbox 320 1525 449 1575; x_wconf 88' lang='lat' dir='ltr'><strong>tunc</strong></span> <span class='ocrx_word' id='word_1_135' title='bbox 477 1524 635 1575; x_wconf 87' lang='lat' dir='ltr'><strong>erant</strong></span> <span class='ocrx_word' id='word_1_136' title='bbox 663 1520 860 1572; x_wconf 88' lang='lat' dir='ltr'><strong>statum</strong></span> <span class='ocrx_word' id='word_1_137' title='bbox 892 1514 1128 1571; x_wconf 83' lang='lat' dir='ltr'><strong>rediret.</strong></span> <span class='ocrx_word' id='word_1_138' title='bbox 1175 1515 1305 1571; x_wconf 69' lang='lat' dir='ltr'><strong>Haec</strong></span> <span class='ocrx_word' id='word_1_139' title='bbox 1334 1515 1646 1582; x_wconf 86' lang='lat' dir='ltr'><strong>Anselmns,</strong></span> <span class='ocrx_word' id='word_1_140' title='bbox 1680 1516 1926 1586; x_wconf 88' lang='lat' dir='ltr'><strong>quamvis</strong></span> 
     </span>
    </p>
   </div>
   <div class='ocr_carea' id='block_1_20' title="bbox 321 1602 1927 1676">
    <p class='ocr_par' dir='ltr' id='par_1_20' title="bbox 321 1602 1927 1676">
     <span class='ocr_line' id='line_1_20' title="bbox 321 1602 1927 1676; baseline -0.002 -13"><span class='ocrx_word' id='word_1_141' title='bbox 321 1606 523 1664; x_wconf 78' lang='lat' dir='ltr'><strong>frivola</strong></span> <span class='ocrx_word' id='word_1_142' title='bbox 564 1621 685 1662; x_wconf 90' lang='lat' dir='ltr'><strong>esse</strong></span> <span class='ocrx_word' id='word_1_143' title='bbox 724 1612 778 1661; x_wconf 91' lang='lat' dir='ltr'><strong>et</strong></span> <span class='ocrx_word' id='word_1_144' title='bbox 817 1603 875 1660; x_wconf 91' lang='lat' dir='ltr'><strong>in</strong></span> <span class='ocrx_word' id='word_1_145' title='bbox 916 1603 1052 1659; x_wconf 89' lang='lat' dir='ltr'><strong>nihil</strong></span> <span class='ocrx_word' id='word_1_146' title='bbox 1106 1602 1236 1660; x_wconf 89' lang='lat' dir='ltr'><strong>utile</strong></span> <span class='ocrx_word' id='word_1_147' title='bbox 1283 1604 1510 1660; x_wconf 89' lang='lat' dir='ltr'><strong>tendere</strong></span> <span class='ocrx_word' id='word_1_148' title='bbox 1555 1604 1722 1661; x_wconf 88' lang='lat' dir='ltr'><strong>sciret</strong></span> <span class='ocrx_word' id='word_1_149' title='bbox 1767 1612 1927 1676; x_wconf 88' lang='lat' dir='ltr'><strong>atque</strong></span> 
     </span>
    </p>
   </div>
   <div class='ocr_carea' id='block_1_21' title="bbox 2023 722 3626 799">
    <p class='ocr_par' dir='ltr' id='par_1_21' title="bbox 2023 722 3626 799">
     <span class='ocr_line' id='line_1_21' title="bbox 2023 722 3626 799; baseline 0.009 -25"><span class='ocrx_word' id='word_1_150' title='bbox 2023 737 2132 775; x_wconf 92' lang='lat' dir='ltr'><strong>non</strong></span> <span class='ocrx_word' id='word_1_151' title='bbox 2165 722 2399 795; x_wconf 82' lang='lat' dir='ltr'><strong>abnego.</strong></span> <span class='ocrx_word' id='word_1_152' title='bbox 2449 724 2589 779; x_wconf 86' lang='lat' dir='ltr'><strong>Nam</strong></span> <span class='ocrx_word' id='word_1_153' title='bbox 2622 743 2746 781; x_wconf 86' lang='lat' dir='ltr'><strong>cum</strong></span> <span class='ocrx_word' id='word_1_154' title='bbox 2777 727 3184 784; x_wconf 85' lang='lat' dir='ltr'><strong>adulescentula</strong></span> <span class='ocrx_word' id='word_1_155' title='bbox 3215 746 3411 799; x_wconf 83' lang='lat' dir='ltr'><strong>essem,</strong></span> <span class='ocrx_word' id='word_1_156' title='bbox 3444 742 3499 789; x_wconf 89' lang='lat' dir='ltr'><strong>et</strong></span> <span class='ocrx_word' id='word_1_157' title='bbox 3525 735 3626 789; x_wconf 85' lang='lat' dir='ltr'><strong>sub</strong></span> 
     </span>
    </p>
   </div>
   <div class='ocr_carea' id='block_1_22' title="bbox 2025 809 3627 896">
    <p class='ocr_par' dir='ltr' id='par_1_22' title="bbox 2025 809 3627 896">
     <span class='ocr_line' id='line_1_22' title="bbox 2025 809 3627 896; baseline 0.008 -31"><span class='ocrx_word' id='word_1_158' title='bbox 2025 809 2214 865; x_wconf 68' lang='lat' dir='ltr'><strong>amicae</strong></span> <span class='ocrx_word' id='word_1_159' title='bbox 2243 827 2381 865; x_wconf 82' lang='lat' dir='ltr'><strong>meae</strong></span> <span class='ocrx_word' id='word_1_160' title='bbox 2405 811 2741 881; x_wconf 75' lang='lat' dir='ltr'><strong>Christianae,</strong></span> <span class='ocrx_word' id='word_1_161' title='bbox 2772 831 2935 887; x_wconf 84' lang='lat' dir='ltr'><strong>quam</strong></span> <span class='ocrx_word' id='word_1_162' title='bbox 2987 824 3044 871; x_wconf 91' lang='lat' dir='ltr'><strong>tu</strong></span> <span class='ocrx_word' id='word_1_163' title='bbox 3093 817 3233 874; x_wconf 88' lang='lat' dir='ltr'><strong>bene</strong></span> <span class='ocrx_word' id='word_1_164' title='bbox 3281 821 3440 889; x_wconf 90' lang='lat' dir='ltr'><strong>nosti,</strong></span> <span class='ocrx_word' id='word_1_165' title='bbox 3470 823 3627 896; x_wconf 77' lang='lat' dir='ltr'><strong>virga</strong></span> 
     </span>
    </p>
   </div>
   <div class='ocr_carea' id='block_1_23' title="bbox 2027 899 3630 975">
    <p class='ocr_par' dir='ltr' id='par_1_23' title="bbox 2027 899 3630 975">
     <span class='ocr_line' id='line_1_23' title="bbox 2027 899 3630 975; baseline 0.011 -25"><span class='ocrx_word' id='word_1_166' title='bbox 2027 914 2302 969; x_wconf 70' lang='lat' dir='ltr'><strong>parerem,</strong></span> <span class='ocrx_word' id='word_1_167' title='bbox 2336 899 2428 954; x_wconf 90' lang='lat' dir='ltr'><strong>illa</strong></span> <span class='ocrx_word' id='word_1_168' title='bbox 2456 903 2708 956; x_wconf 87' lang='lat' dir='ltr'><strong>servandi</strong></span> <span class='ocrx_word' id='word_1_169' title='bbox 2751 905 3004 975; x_wconf 87' lang='lat' dir='ltr'><strong>corporis</strong></span> <span class='ocrx_word' id='word_1_170' title='bbox 3062 907 3168 961; x_wconf 90' lang='lat' dir='ltr'><strong>mei</strong></span> <span class='ocrx_word' id='word_1_171' title='bbox 3225 922 3386 964; x_wconf 86' lang='lat' dir='ltr'><strong>causa</strong></span> <span class='ocrx_word' id='word_1_172' title='bbox 3439 916 3630 966; x_wconf 90' lang='lat' dir='ltr'><strong>contra</strong></span> 
     </span>
    </p>
   </div>
   <div class='ocr_carea' id='block_1_24' title="bbox 2028 984 3629 1065">
    <p class='ocr_par' dir='ltr' id='par_1_24' title="bbox 2028 984 3629 1065">
     <span class='ocr_line' id='line_1_24' title="bbox 2028 984 3629 1065; baseline 0.008 -25"><span class='ocrx_word' id='word_1_173' title='bbox 2028 984 2287 1043; x_wconf 90' lang='lat' dir='ltr'><strong>furentem</strong></span> <span class='ocrx_word' id='word_1_174' title='bbox 2317 996 2373 1041; x_wconf 90' lang='lat' dir='ltr'><strong>et</strong></span> <span class='ocrx_word' id='word_1_175' title='bbox 2399 988 2660 1062; x_wconf 84' lang='lat' dir='ltr'><strong>cujusque</strong></span> <span class='ocrx_word' id='word_1_176' title='bbox 2691 992 2886 1062; x_wconf 91' lang='lat' dir='ltr'><strong>pudori</strong></span> <span class='ocrx_word' id='word_1_177' title='bbox 2919 1008 2982 1048; x_wconf 90' lang='lat' dir='ltr'><strong>ea</strong></span> <span class='ocrx_word' id='word_1_178' title='bbox 3012 1001 3330 1065; x_wconf 89' lang='lat' dir='ltr'><strong>tempestate</strong></span> <span class='ocrx_word' id='word_1_179' title='bbox 3360 997 3629 1053; x_wconf 87' lang='lat' dir='ltr'><strong>insidian-</strong></span> 
     </span>
    </p>
   </div>
   <div class='ocr_carea' id='block_1_25' title="bbox 2029 1075 3629 1156">
    <p class='ocr_par' dir='ltr' id='par_1_25' title="bbox 2029 1075 3629 1156">
     <span class='ocr_line' id='line_1_25' title="bbox 2029 1075 3629 1156; baseline 0.009 -27"><span class='ocrx_word' id='word_1_180' title='bbox 2029 1081 2138 1129; x_wconf 90' lang='lat' dir='ltr'><strong>tem</strong></span> <span class='ocrx_word' id='word_1_181' title='bbox 2168 1075 2663 1133; x_wconf 88' lang='lat' dir='ltr'><strong>Northmannorum</strong></span> <span class='ocrx_word' id='word_1_182' title='bbox 2693 1079 3002 1147; x_wconf 90' lang='lat' dir='ltr'><strong>libidinem,</strong></span> <span class='ocrx_word' id='word_1_183' title='bbox 3033 1082 3251 1155; x_wconf 88' lang='lat' dir='ltr'><strong>nigrum</strong></span> <span class='ocrx_word' id='word_1_184' title='bbox 3282 1086 3629 1156; x_wconf 89' lang='lat' dir='ltr'><strong>panniculum</strong></span> 
     </span>
    </p>
   </div>
   <div class='ocr_carea' id='block_1_26' title="bbox 2030 1160 3631 1239">
    <p class='ocr_par' dir='ltr' id='par_1_26' title="bbox 2030 1160 3631 1239">
     <span class='ocr_line' id='line_1_26' title="bbox 2030 1160 3631 1239; baseline 0.007 -22"><span class='ocrx_word' id='word_1_185' title='bbox 2030 1160 2200 1231; x_wconf 87' lang='lat' dir='ltr'><strong>capiti</strong></span> <span class='ocrx_word' id='word_1_186' title='bbox 2256 1178 2379 1217; x_wconf 90' lang='lat' dir='ltr'><strong>meo</strong></span> <span class='ocrx_word' id='word_1_187' title='bbox 2435 1179 2822 1236; x_wconf 88' lang='lat' dir='ltr'><strong>superponere,</strong></span> <span class='ocrx_word' id='word_1_188' title='bbox 2858 1176 3020 1223; x_wconf 90' lang='lat' dir='ltr'><strong>etme</strong></span> <span class='ocrx_word' id='word_1_189' title='bbox 3067 1169 3221 1224; x_wconf 90' lang='lat' dir='ltr'><strong>illum</strong></span> <span class='ocrx_word' id='word_1_190' title='bbox 3276 1171 3631 1239; x_wconf 87' lang='lat' dir='ltr'><strong>abjicientem</strong></span> 
     </span>
    </p>
   </div>
   <div class='ocr_carea' id='block_1_27' title="bbox 2032 1245 3630 1313">
    <p class='ocr_par' dir='ltr' id='par_1_27' title="bbox 2032 1245 3630 1313">
     <span class='ocr_line' id='line_1_27' title="bbox 2032 1245 3630 1313; baseline 0.008 -12"><span class='ocrx_word' id='word_1_191' title='bbox 2032 1245 2172 1302; x_wconf 78' lang='lat' dir='ltr'><strong>acris</strong></span> <span class='ocrx_word' id='word_1_192' title='bbox 2201 1247 2514 1303; x_wconf 80' lang='lat' dir='ltr'><strong>verberibus</strong></span> <span class='ocrx_word' id='word_1_193' title='bbox 2544 1256 2599 1303; x_wconf 90' lang='lat' dir='ltr'><strong>et</strong></span> <span class='ocrx_word' id='word_1_194' title='bbox 2627 1249 2853 1305; x_wconf 88' lang='lat' dir='ltr'><strong>nimium</strong></span> <span class='ocrx_word' id='word_1_195' title='bbox 2884 1251 3133 1307; x_wconf 90' lang='lat' dir='ltr'><strong>obscenis</strong></span> <span class='ocrx_word' id='word_1_196' title='bbox 3164 1254 3452 1311; x_wconf 85' lang='lat' dir='ltr'><strong>verborum</strong></span> <span class='ocrx_word' id='word_1_197' title='bbox 3493 1274 3630 1313; x_wconf 89' lang='lat' dir='ltr'><strong>cou—</strong></span> 
     </span>
    </p>
   </div>
   <div class='ocr_carea' id='block_1_28' title="bbox 2032 1333 3627 1404">
    <p class='ocr_par' dir='ltr' id='par_1_28' title="bbox 2032 1333 3627 1404">
     <span class='ocr_line' id='line_1_28' title="bbox 2032 1333 3627 1404; baseline 0.008 -16"><span class='ocrx_word' id='word_1_198' title='bbox 2032 1333 2188 1390; x_wconf 90' lang='lat' dir='ltr'><strong>viciis</strong></span> <span class='ocrx_word' id='word_1_199' title='bbox 2217 1350 2363 1404; x_wconf 69' lang='lat' dir='ltr'><strong>saepe</strong></span> <span class='ocrx_word' id='word_1_200' title='bbox 2400 1337 2645 1392; x_wconf 86' lang='lat' dir='ltr'><strong>cruciare</strong></span> <span class='ocrx_word' id='word_1_201' title='bbox 2690 1338 2852 1393; x_wconf 90' lang='lat' dir='ltr'><strong>simul</strong></span> <span class='ocrx_word' id='word_1_202' title='bbox 2900 1348 2954 1395; x_wconf 89' lang='lat' dir='ltr'><strong>et</strong></span> <span class='ocrx_word' id='word_1_203' title='bbox 2998 1340 3353 1398; x_wconf 88' lang='lat' dir='ltr'><strong>dehonestare</strong></span> <span class='ocrx_word' id='word_1_204' title='bbox 3399 1345 3627 1401; x_wconf 76' lang='lat' dir='ltr'><strong>solebat.</strong></span> 
     </span>
    </p>
   </div>
   <div class='ocr_carea' id='block_1_29' title="bbox 2034 1420 3633 1504">
    <p class='ocr_par' dir='ltr' id='par_1_29' title="bbox 2034 1420 3633 1504">
     <span class='ocr_line' id='line_1_29' title="bbox 2034 1420 3633 1504; baseline 0.009 -29"><span class='ocrx_word' id='word_1_205' title='bbox 2034 1420 2205 1491; x_wconf 87' lang='lat' dir='ltr'><strong>Quem</strong></span> <span class='ocrx_word' id='word_1_206' title='bbox 2238 1439 2475 1493; x_wconf 89' lang='lat' dir='ltr'><strong>pannum</strong></span> <span class='ocrx_word' id='word_1_207' title='bbox 2518 1425 2574 1479; x_wconf 88' lang='lat' dir='ltr'><strong>in</strong></span> <span class='ocrx_word' id='word_1_208' title='bbox 2620 1425 2789 1496; x_wconf 91' lang='lat' dir='ltr'><strong>ipsius</strong></span> <span class='ocrx_word' id='word_1_209' title='bbox 2819 1427 3035 1497; x_wconf 89' lang='lat' dir='ltr'><strong>quidem</strong></span> <span class='ocrx_word' id='word_1_210' title='bbox 3074 1431 3364 1500; x_wconf 65' lang='lat' dir='ltr'><strong>praesentia</strong></span> <span class='ocrx_word' id='word_1_211' title='bbox 3403 1448 3633 1504; x_wconf 80' lang='lat' dir='ltr'><strong>gemens</strong></span> 
     </span>
    </p>
   </div>
   <div class='ocr_carea' id='block_1_30' title="bbox 2035 1512 3634 1594">
    <p class='ocr_par' dir='ltr' id='par_1_30' title="bbox 2035 1512 3634 1594">
     <span class='ocr_line' id='line_1_30' title="bbox 2035 1512 3634 1594; baseline 0.008 -28"><span class='ocrx_word' id='word_1_212' title='bbox 2035 1526 2099 1568; x_wconf 91' lang='lat' dir='ltr'><strong>ac</strong></span> <span class='ocrx_word' id='word_1_213' title='bbox 2129 1512 2482 1568; x_wconf 86' lang='lat' dir='ltr'><strong>tremebunda</strong></span> <span class='ocrx_word' id='word_1_214' title='bbox 2511 1513 2772 1583; x_wconf 77' lang='lat' dir='ltr'><strong>ferebam,</strong></span> <span class='ocrx_word' id='word_1_215' title='bbox 2808 1516 2910 1572; x_wconf 86' lang='lat' dir='ltr'><strong>sed</strong></span> <span class='ocrx_word' id='word_1_216' title='bbox 2940 1533 3069 1573; x_wconf 82' lang='lat' dir='ltr'><strong>mox</strong></span> <span class='ocrx_word' id='word_1_217' title='bbox 3110 1527 3167 1572; x_wconf 89' lang='lat' dir='ltr'><strong>ut</strong></span> <span class='ocrx_word' id='word_1_218' title='bbox 3202 1535 3288 1575; x_wconf 91' lang='lat' dir='ltr'><strong>me</strong></span> <span class='ocrx_word' id='word_1_219' title='bbox 3315 1523 3634 1594; x_wconf 88' lang='lat' dir='ltr'><strong>conspectui</strong></span> 
     </span>
    </p>
   </div>
   <div class='ocr_carea' id='block_1_31' title="bbox 2036 1600 3634 1681">
    <p class='ocr_par' dir='ltr' id='par_1_31' title="bbox 2036 1600 3634 1681">
     <span class='ocr_line' id='line_1_31' title="bbox 2036 1600 3634 1681; baseline 0.009 -27"><span class='ocrx_word' id='word_1_220' title='bbox 2036 1600 2155 1670; x_wconf 83' lang='lat' dir='ltr'><strong>ejus</strong></span> <span class='ocrx_word' id='word_1_221' title='bbox 2185 1600 2497 1657; x_wconf 88' lang='lat' dir='ltr'><strong>subtrahere</strong></span> <span class='ocrx_word' id='word_1_222' title='bbox 2528 1611 2793 1674; x_wconf 84' lang='lat' dir='ltr'><strong>poteram,</strong></span> <span class='ocrx_word' id='word_1_223' title='bbox 2827 1614 3104 1676; x_wconf 78' lang='lat' dir='ltr'><strong>arreptum</strong></span> <span class='ocrx_word' id='word_1_224' title='bbox 3134 1607 3189 1663; x_wconf 94' lang='lat' dir='ltr'><strong>in</strong></span> <span class='ocrx_word' id='word_1_225' title='bbox 3220 1610 3443 1665; x_wconf 86' lang='lat' dir='ltr'><strong>humum</strong></span> <span class='ocrx_word' id='word_1_226' title='bbox 3480 1612 3634 1681; x_wconf 85' lang='lat' dir='ltr'><strong>jace-</strong></span> 
     </span>
    </p>
   </div>
   <div class='ocr_carea' id='block_1_32' title="bbox 322 1689 3632 1790">
    <p class='ocr_par' dir='ltr' id='par_1_32' title="bbox 322 1689 3632 1790">
     <span class='ocr_line' id='line_1_32' title="bbox 322 1689 3632 1790; baseline 0.001 -38"><span class='ocrx_word' id='word_1_227' title='bbox 322 1694 669 1767; x_wconf 72' lang='lat' dir='ltr'><strong>praediceret,</strong></span> <span class='ocrx_word' id='word_1_228' title='bbox 692 1702 874 1750; x_wconf 90' lang='lat' dir='ltr'><strong>tamen</strong></span> <span class='ocrx_word' id='word_1_229' title='bbox 896 1709 966 1748; x_wconf 91' lang='lat' dir='ltr'><strong>ne</strong></span> <span class='ocrx_word' id='word_1_230' title='bbox 986 1708 1129 1749; x_wconf 91' lang='lat' dir='ltr'><strong>novo</strong></span> <span class='ocrx_word' id='word_1_231' title='bbox 1149 1693 1270 1764; x_wconf 87' lang='lat' dir='ltr'><strong>regi</strong></span> <span class='ocrx_word' id='word_1_232' title='bbox 1295 1709 1388 1748; x_wconf 89' lang='lat' dir='ltr'><strong>seu</strong></span> <span class='ocrx_word' id='word_1_233' title='bbox 1410 1692 1744 1763; x_wconf 88' lang='lat' dir='ltr'><strong>principibus</strong></span> <span class='ocrx_word' id='word_1_234' title='bbox 1760 1693 1927 1748; x_wconf 89' lang='lat' dir='ltr'><strong>ullam</strong></span> <span class='ocrx_word' id='word_1_235' title='bbox 1959 1728 2013 1790; x_wconf 83' lang='lat' dir='ltr'>B</span> <span class='ocrx_word' id='word_1_236' title='bbox 2041 1704 2122 1755; x_wconf 91' lang='lat' dir='ltr'><strong>re,</strong></span> <span class='ocrx_word' id='word_1_237' title='bbox 2155 1689 2381 1759; x_wconf 83' lang='lat' dir='ltr'><strong>pedibus</strong></span> <span class='ocrx_word' id='word_1_238' title='bbox 2410 1696 2710 1761; x_wconf 85' lang='lat' dir='ltr'><strong>proterere,</strong></span> <span class='ocrx_word' id='word_1_239' title='bbox 2742 1702 2794 1748; x_wconf 89' lang='lat' dir='ltr'><strong>et</strong></span> <span class='ocrx_word' id='word_1_240' title='bbox 2822 1694 2892 1747; x_wconf 84' lang='lat' dir='ltr'><strong>ita</strong></span> <span class='ocrx_word' id='word_1_241' title='bbox 2931 1710 3037 1764; x_wconf 91' lang='lat' dir='ltr'><strong>quo</strong></span> <span class='ocrx_word' id='word_1_242' title='bbox 3075 1694 3129 1750; x_wconf 91' lang='lat' dir='ltr'><strong>in</strong></span> <span class='ocrx_word' id='word_1_243' title='bbox 3173 1697 3301 1752; x_wconf 93' lang='lat' dir='ltr'><strong>odio</strong></span> <span class='ocrx_word' id='word_1_244' title='bbox 3330 1698 3632 1772; x_wconf 88' lang='lat' dir='ltr'><strong>fervebam,</strong></span> 
     </span>
    </p>
   </div>
   <div class='ocr_carea' id='block_1_33' title="bbox 327 1781 1935 1854">
    <p class='ocr_par' dir='ltr' id='par_1_33' title="bbox 327 1781 1935 1854">
     <span class='ocr_line' id='line_1_33' title="bbox 327 1781 1935 1854; baseline -0.003 -14"><span class='ocrx_word' id='word_1_245' title='bbox 327 1791 520 1840; x_wconf 91' lang='lat' dir='ltr'><strong>contra</strong></span> <span class='ocrx_word' id='word_1_246' title='bbox 571 1798 637 1838; x_wconf 86' lang='lat' dir='ltr'><strong>se</strong></span> <span class='ocrx_word' id='word_1_247' title='bbox 686 1781 1055 1854; x_wconf 89' lang='lat' dir='ltr'><strong>suspicionem</strong></span> <span class='ocrx_word' id='word_1_248' title='bbox 1114 1781 1184 1837; x_wconf 91' lang='lat' dir='ltr'><strong>de</strong></span> <span class='ocrx_word' id='word_1_249' title='bbox 1239 1781 1393 1854; x_wconf 83' lang='lat' dir='ltr'><strong>regni</strong></span> <span class='ocrx_word' id='word_1_250' title='bbox 1442 1781 1790 1838; x_wconf 81' lang='lat' dir='ltr'><strong>translatione</strong></span> <span class='ocrx_word' id='word_1_251' title='bbox 1838 1788 1935 1836; x_wconf 90' lang='lat' dir='ltr'><strong>aut</strong></span> 
     </span>
    </p>
   </div>
   <div class='ocr_carea' id='block_1_34' title="bbox 334 1869 1936 1941">
    <p class='ocr_par' dir='ltr' id='par_1_34' title="bbox 334 1869 1936 1941">
     <span class='ocr_line' id='line_1_34' title="bbox 334 1869 1936 1941; baseline -0.002 -13"><span class='ocrx_word' id='word_1_252' title='bbox 334 1872 554 1929; x_wconf 84' lang='lat' dir='ltr'><strong>aliunde</strong></span> <span class='ocrx_word' id='word_1_253' title='bbox 594 1871 875 1939; x_wconf 88' lang='lat' dir='ltr'><strong>incuteret,</strong></span> <span class='ocrx_word' id='word_1_254' title='bbox 906 1869 1165 1941; x_wconf 86' lang='lat' dir='ltr'><strong>precibus</strong></span> <span class='ocrx_word' id='word_1_255' title='bbox 1207 1869 1416 1926; x_wconf 92' lang='lat' dir='ltr'><strong>illorum</strong></span> <span class='ocrx_word' id='word_1_256' title='bbox 1449 1887 1637 1941; x_wconf 88' lang='lat' dir='ltr'><strong>passus</strong></span> <span class='ocrx_word' id='word_1_257' title='bbox 1666 1878 1745 1925; x_wconf 89' lang='lat' dir='ltr'><strong>est</strong></span> <span class='ocrx_word' id='word_1_258' title='bbox 1774 1870 1936 1938; x_wconf 88' lang='lat' dir='ltr'><strong>vinci,</strong></span> 
     </span>
    </p>
   </div>
   <div class='ocr_carea' id='block_1_35' title="bbox 331 1956 1942 2032">
    <p class='ocr_par' dir='ltr' id='par_1_35' title="bbox 331 1956 1942 2032">
     <span class='ocr_line' id='line_1_35' title="bbox 331 1956 1942 2032; baseline -0.002 -15"><span class='ocrx_word' id='word_1_259' title='bbox 331 1960 562 2031; x_wconf 88' lang='lat' dir='ltr'><strong>etquod</strong></span> <span class='ocrx_word' id='word_1_260' title='bbox 591 1960 844 2016; x_wconf 89' lang='lat' dir='ltr'><strong>volebant</strong></span> <span class='ocrx_word' id='word_1_261' title='bbox 885 1957 1093 2027; x_wconf 83' lang='lat' dir='ltr'><strong>annuit,</strong></span> <span class='ocrx_word' id='word_1_262' title='bbox 1125 1956 1458 2032; x_wconf 89' lang='lat' dir='ltr'><strong>dimissaque</strong></span> <span class='ocrx_word' id='word_1_263' title='bbox 1505 1958 1661 2015; x_wconf 87' lang='lat' dir='ltr'><strong>curia</strong></span> <span class='ocrx_word' id='word_1_264' title='bbox 1705 1958 1762 2014; x_wconf 90' lang='lat' dir='ltr'><strong>in</strong></span> <span class='ocrx_word' id='word_1_265' title='bbox 1804 1973 1942 2030; x_wconf 87' lang='lat' dir='ltr'><strong>pace</strong></span> 
     </span>
    </p>
   </div>
   <div class='ocr_carea' id='block_1_36' title="bbox 331 2048 806 2105">
    <p class='ocr_par' dir='ltr' id='par_1_36' title="bbox 331 2048 806 2105">
     <span class='ocr_line' id='line_1_36' title="bbox 331 2048 806 2105; baseline -0.008 0"><span class='ocrx_word' id='word_1_266' title='bbox 331 2050 405 2105; x_wconf 88' lang='lat' dir='ltr'><strong>ad</strong></span> <span class='ocrx_word' id='word_1_267' title='bbox 435 2064 537 2104; x_wconf 89' lang='lat' dir='ltr'><strong>sua</strong></span> <span class='ocrx_word' id='word_1_268' title='bbox 565 2048 806 2104; x_wconf 86' lang='lat' dir='ltr'><strong>secessit.</strong></span> 
     </span>
    </p>
   </div>
   <div class='ocr_carea' id='block_1_37' title="bbox 407 2135 1941 2209">
    <p class='ocr_par' dir='ltr' id='par_1_37' title="bbox 407 2135 1941 2209">
     <span class='ocr_line' id='line_1_37' title="bbox 407 2135 1941 2209; baseline -0.002 -17"><span class='ocrx_word' id='word_1_269' title='bbox 407 2136 790 2209; x_wconf 83' lang='lat' dir='ltr'><strong>Hinc&#39;paucis</strong></span> <span class='ocrx_word' id='word_1_270' title='bbox 843 2135 1038 2192; x_wconf 87' lang='lat' dir='ltr'><strong>diebus</strong></span> <span class='ocrx_word' id='word_1_271' title='bbox 1095 2135 1447 2207; x_wconf 88' lang='lat' dir='ltr'><strong>interpositis,</strong></span> <span class='ocrx_word' id='word_1_272' title='bbox 1504 2136 1776 2191; x_wconf 82' lang='lat' dir='ltr'><strong>Mathildis</strong></span> <span class='ocrx_word' id='word_1_273' title='bbox 1830 2135 1941 2190; x_wconf 86' lang='lat' dir='ltr'><strong>ﬁlia</strong></span> 
     </span>
    </p>
   </div>
   <div class='ocr_carea' id='block_1_38' title="bbox 330 2224 1939 2297">
    <p class='ocr_par' dir='ltr' id='par_1_38' title="bbox 330 2224 1939 2297">
     <span class='ocr_line' id='line_1_38' title="bbox 330 2224 1939 2297; baseline -0.002 -15"><span class='ocrx_word' id='word_1_274' title='bbox 330 2225 648 2282; x_wconf 83' lang='lat' dir='ltr'><strong>Malcholmi</strong></span> <span class='ocrx_word' id='word_1_275' title='bbox 685 2224 1013 2281; x_wconf 88' lang='lat' dir='ltr'><strong>nobilissimi</strong></span> <span class='ocrx_word' id='word_1_276' title='bbox 1063 2225 1214 2297; x_wconf 79' lang='lat' dir='ltr'><strong>regis</strong></span> <span class='ocrx_word' id='word_1_277' title='bbox 1263 2225 1571 2288; x_wconf 86' lang='lat' dir='ltr'><strong>Scotorum.</strong></span> <span class='ocrx_word' id='word_1_278' title='bbox 1621 2228 1677 2280; x_wconf 89' lang='lat' dir='ltr'><strong>et</strong></span> <span class='ocrx_word' id='word_1_279' title='bbox 1720 2226 1939 2294; x_wconf 76' lang='lat' dir='ltr'><strong>Marga-</strong></span> 
     </span>
    </p>
   </div>
   <div class='ocr_carea' id='block_1_39' title="bbox 328 2313 1940 2388">
    <p class='ocr_par' dir='ltr' id='par_1_39' title="bbox 328 2313 1940 2388">
     <span class='ocr_line' id='line_1_39' title="bbox 328 2313 1940 2388; baseline -0.002 -17"><span class='ocrx_word' id='word_1_280' title='bbox 328 2324 458 2371; x_wconf 68' lang='lat' dir='ltr'><strong>retaa</strong></span> <span class='ocrx_word' id='word_1_281' title='bbox 479 2315 581 2387; x_wconf 80' lang='grc' dir='ltr'><strong>(α),</strong></span> <span class='ocrx_word' id='word_1_282' title='bbox 605 2331 730 2388; x_wconf 67' lang='lat' dir='ltr'><strong>qua:</strong></span> <span class='ocrx_word' id='word_1_283' title='bbox 765 2314 933 2369; x_wconf 90' lang='lat' dir='ltr'><strong>scitur</strong></span> <span class='ocrx_word' id='word_1_284' title='bbox 960 2323 1146 2370; x_wconf 82' lang='lat' dir='ltr'><strong>exorta</strong></span> <span class='ocrx_word' id='word_1_285' title='bbox 1175 2313 1244 2369; x_wconf 90' lang='lat' dir='ltr'><strong>de</strong></span> <span class='ocrx_word' id='word_1_286' title='bbox 1270 2313 1480 2369; x_wconf 87' lang='lat' dir='ltr'><strong>semine</strong></span> <span class='ocrx_word' id='word_1_287' title='bbox 1509 2329 1704 2385; x_wconf 86' lang='lat' dir='ltr'><strong>regum</strong></span> <span class='ocrx_word' id='word_1_288' title='bbox 1734 2314 1940 2384; x_wconf 78' lang='lat' dir='ltr'><strong>Anglo-</strong></span> 
     </span>
    </p>
   </div>
   <div class='ocr_carea' id='block_1_40' title="bbox 336 2402 1941 2474">
    <p class='ocr_par' dir='ltr' id='par_1_40' title="bbox 336 2402 1941 2474">
     <span class='ocr_line' id='line_1_40' title="bbox 336 2402 1941 2474; baseline -0.003 -15"><span class='ocrx_word' id='word_1_289' title='bbox 336 2420 481 2471; x_wconf 88' lang='lat' dir='ltr'><strong>rum,</strong></span> <span class='ocrx_word' id='word_1_290' title='bbox 514 2404 699 2474; x_wconf 86' lang='lat' dir='ltr'><strong>nupsit</strong></span> <span class='ocrx_word' id='word_1_291' title='bbox 742 2404 966 2474; x_wconf 68' lang='lat' dir='ltr'><strong>praafato</strong></span> <span class='ocrx_word' id='word_1_292' title='bbox 1008 2403 1246 2458; x_wconf 84' lang='lat' dir='ltr'><strong>Henrico</strong></span> <span class='ocrx_word' id='word_1_293' title='bbox 1288 2402 1410 2473; x_wconf 88' lang='lat' dir='ltr'><strong>regi</strong></span> <span class='ocrx_word' id='word_1_294' title='bbox 1461 2402 1785 2472; x_wconf 82' lang='lat' dir='ltr'><strong>Anglorum.</strong></span> <span class='ocrx_word' id='word_1_295' title='bbox 1820 2402 1941 2470; x_wconf 87' lang='lat' dir='ltr'><strong>ipsa</strong></span> 
     </span>
    </p>
   </div>
   <div class='ocr_carea' id='block_1_41' title="bbox 327 2487 1939 2564">
    <p class='ocr_par' dir='ltr' id='par_1_41' title="bbox 327 2487 1939 2564">
     <span class='ocr_line' id='line_1_41' title="bbox 327 2487 1939 2564; baseline -0.002 -17"><span class='ocrx_word' id='word_1_296' title='bbox 327 2491 530 2564; x_wconf 87' lang='lat' dir='ltr'><strong>quippe</strong></span> <span class='ocrx_word' id='word_1_297' title='bbox 560 2493 868 2564; x_wconf 79' lang='lat' dir='ltr'><strong>Margareta</strong></span> <span class='ocrx_word' id='word_1_298' title='bbox 911 2489 1019 2545; x_wconf 82' lang='lat' dir='ltr'><strong>ﬁlia</strong></span> <span class='ocrx_word' id='word_1_299' title='bbox 1070 2490 1170 2545; x_wconf 92' lang='lat' dir='ltr'><strong>fuit</strong></span> <span class='ocrx_word' id='word_1_300' title='bbox 1214 2489 1469 2545; x_wconf 84' lang='lat' dir='ltr'><strong>Edwardi</strong></span> <span class='ocrx_word' id='word_1_301' title='bbox 1519 2487 1616 2543; x_wconf 86' lang='lat' dir='ltr'><strong>ﬁlii</strong></span> <span class='ocrx_word' id='word_1_302' title='bbox 1645 2490 1794 2560; x_wconf 81' lang='lat' dir='ltr'><strong>regis</strong></span> <span class='ocrx_word' id='word_1_303' title='bbox 1824 2489 1939 2543; x_wconf 87' lang='lat' dir='ltr'><strong>Ed-</strong></span> 
     </span>
    </p>
   </div>
   <div class='ocr_carea' id='block_1_42' title="bbox 329 2576 1937 2651">
    <p class='ocr_par' dir='ltr' id='par_1_42' title="bbox 329 2576 1937 2651">
     <span class='ocr_line' id='line_1_42' title="bbox 329 2576 1937 2651; baseline -0.004 -14"><span class='ocrx_word' id='word_1_304' title='bbox 329 2580 543 2648; x_wconf 85' lang='lat' dir='ltr'><strong>mundi,</strong></span> <span class='ocrx_word' id='word_1_305' title='bbox 576 2580 667 2650; x_wconf 91' lang='lat' dir='ltr'><strong>qui</strong></span> <span class='ocrx_word' id='word_1_306' title='bbox 700 2580 799 2636; x_wconf 86' lang='lat' dir='ltr'><strong>fuit</strong></span> <span class='ocrx_word' id='word_1_307' title='bbox 825 2578 969 2635; x_wconf 87' lang='lat' dir='ltr'><strong>ﬁlius</strong></span> <span class='ocrx_word' id='word_1_308' title='bbox 991 2579 1139 2651; x_wconf 86' lang='lat' dir='ltr'><strong>regis</strong></span> <span class='ocrx_word' id='word_1_309' title='bbox 1169 2578 1446 2635; x_wconf 89' lang='lat' dir='ltr'><strong>Ethelredi</strong></span> <span class='ocrx_word' id='word_1_310' title='bbox 1473 2576 1569 2632; x_wconf 86' lang='lat' dir='ltr'><strong>ﬁlii</strong></span> <span class='ocrx_word' id='word_1_311' title='bbox 1598 2577 1937 2651; x_wconf 82' lang='lat' dir='ltr'><strong>gloriosissi-</strong></span> 
     </span>
    </p>
   </div>
   <div class='ocr_carea' id='block_1_43' title="bbox 325 2666 1938 2742">
    <p class='ocr_par' dir='ltr' id='par_1_43' title="bbox 325 2666 1938 2742">
     <span class='ocr_line' id='line_1_43' title="bbox 325 2666 1938 2742; baseline -0.004 -16"><span class='ocrx_word' id='word_1_312' title='bbox 325 2668 402 2726; x_wconf 88' lang='lat' dir='ltr'><strong>mi</strong></span> <span class='ocrx_word' id='word_1_313' title='bbox 428 2669 579 2742; x_wconf 75' lang='lat' dir='ltr'><strong>regis</strong></span> <span class='ocrx_word' id='word_1_314' title='bbox 608 2668 874 2740; x_wconf 80' lang='lat' dir='ltr'><strong>Eadgari,</strong></span> <span class='ocrx_word' id='word_1_315' title='bbox 906 2666 1062 2737; x_wconf 89' lang='lat' dir='ltr'><strong>cujus</strong></span> <span class='ocrx_word' id='word_1_316' title='bbox 1093 2683 1218 2723; x_wconf 87' lang='lat' dir='ltr'><strong>mox</strong></span> <span class='ocrx_word' id='word_1_317' title='bbox 1248 2668 1304 2722; x_wconf 92' lang='lat' dir='ltr'><strong>in</strong></span> <span class='ocrx_word' id='word_1_318' title='bbox 1333 2667 1513 2738; x_wconf 80' lang='lat' dir='ltr'><strong>capite</strong></span> <span class='ocrx_word' id='word_1_319' title='bbox 1543 2666 1711 2735; x_wconf 88' lang='lat' dir='ltr'><strong>hujus</strong></span> <span class='ocrx_word' id='word_1_320' title='bbox 1757 2667 1938 2737; x_wconf 90' lang='lat' dir='ltr'><strong>operis</strong></span> 
     </span>
    </p>
   </div>
   <div class='ocr_carea' id='block_1_44' title="bbox 325 2755 1933 2829">
    <p class='ocr_par' dir='ltr' id='par_1_44' title="bbox 325 2755 1933 2829">
     <span class='ocr_line' id='line_1_44' title="bbox 325 2755 1933 2829; baseline -0.002 -15"><span class='ocrx_word' id='word_1_321' title='bbox 325 2757 533 2814; x_wconf 89' lang='lat' dir='ltr'><strong>mentio</strong></span> <span class='ocrx_word' id='word_1_322' title='bbox 562 2757 705 2813; x_wconf 89' lang='lat' dir='ltr'><strong>facta</strong></span> <span class='ocrx_word' id='word_1_323' title='bbox 750 2764 859 2813; x_wconf 90' lang='lat' dir='ltr'><strong>est.</strong></span> <span class='ocrx_word' id='word_1_324' title='bbox 903 2756 1199 2829; x_wconf 85' lang='lat' dir='ltr'><strong>Negotium</strong></span> <span class='ocrx_word' id='word_1_325' title='bbox 1249 2756 1432 2826; x_wconf 89' lang='lat' dir='ltr'><strong>itaque</strong></span> <span class='ocrx_word' id='word_1_326' title='bbox 1481 2755 1657 2826; x_wconf 88' lang='lat' dir='ltr'><strong>ipsius</strong></span> <span class='ocrx_word' id='word_1_327' title='bbox 1704 2757 1933 2826; x_wconf 73' lang='lat' dir='ltr'><strong>copulae,</strong></span> 
     </span>
    </p>
   </div>
   <div class='ocr_carea' id='block_1_45' title="bbox 324 2843 1934 2917">
    <p class='ocr_par' dir='ltr' id='par_1_45' title="bbox 324 2843 1934 2917">
     <span class='ocr_line' id='line_1_45' title="bbox 324 2843 1934 2917; baseline -0.002 -16"><span class='ocrx_word' id='word_1_328' title='bbox 324 2845 456 2903; x_wconf 86' lang='lat' dir='ltr'><strong>licet</strong></span> <span class='ocrx_word' id='word_1_329' title='bbox 515 2845 785 2917; x_wconf 83' lang='lat' dir='ltr'><strong>propositi</strong></span> <span class='ocrx_word' id='word_1_330' title='bbox 841 2845 1022 2917; x_wconf 89' lang='lat' dir='ltr'><strong>operis</strong></span> <span class='ocrx_word' id='word_1_331' title='bbox 1078 2844 1478 2910; x_wconf 90' lang='lat' dir='ltr'><strong>intentionem,</strong></span> <span class='ocrx_word' id='word_1_332' title='bbox 1519 2851 1576 2898; x_wconf 89' lang='lat' dir='ltr'><strong>ut</strong></span> <span class='ocrx_word' id='word_1_333' title='bbox 1611 2843 1934 2915; x_wconf 87' lang='lat' dir='ltr'><strong>quibusdam</strong></span> 
     </span>
    </p>
   </div>
   <div class='ocr_carea' id='block_1_46' title="bbox 321 2928 1935 3001">
    <p class='ocr_par' dir='ltr' id='par_1_46' title="bbox 321 2928 1935 3001">
     <span class='ocr_line' id='line_1_46' title="bbox 321 2928 1935 3001; baseline -0.002 -15"><span class='ocrx_word' id='word_1_334' title='bbox 321 2930 461 2987; x_wconf 88' lang='lat' dir='ltr'><strong>forte</strong></span> <span class='ocrx_word' id='word_1_335' title='bbox 488 2929 722 2996; x_wconf 89' lang='lat' dir='ltr'><strong>videtur,</strong></span> <span class='ocrx_word' id='word_1_336' title='bbox 769 2929 1197 3001; x_wconf 85' lang='lat' dir='ltr'><strong>haudquaquam</strong></span> <span class='ocrx_word' id='word_1_337' title='bbox 1240 2928 1526 2999; x_wconf 89' lang='lat' dir='ltr'><strong>respiciat,</strong></span> <span class='ocrx_word' id='word_1_338' title='bbox 1578 2935 1760 2983; x_wconf 85' lang='lat' dir='ltr'><strong>tamen</strong></span> <span class='ocrx_word' id='word_1_339' title='bbox 1808 2928 1935 3000; x_wconf 87' lang='lat' dir='ltr'><strong>quia</strong></span> 
     </span>
    </p>
   </div>
   <div class='ocr_carea' id='block_1_47' title="bbox 319 3016 1934 3092">
    <p class='ocr_par' dir='ltr' id='par_1_47' title="bbox 319 3016 1934 3092">
     <span class='ocr_line' id='line_1_47' title="bbox 319 3016 1934 3092; baseline -0.002 -17"><span class='ocrx_word' id='word_1_340' title='bbox 319 3035 419 3092; x_wconf 89' lang='lat' dir='ltr'><strong>per</strong></span> <span class='ocrx_word' id='word_1_341' title='bbox 457 3019 782 3075; x_wconf 87' lang='lat' dir='ltr'><strong>Anselmum</strong></span> <span class='ocrx_word' id='word_1_342' title='bbox 827 3018 1261 3075; x_wconf 88' lang='lat' dir='ltr'><strong>administratum</strong></span> <span class='ocrx_word' id='word_1_343' title='bbox 1312 3025 1392 3073; x_wconf 88' lang='lat' dir='ltr'><strong>est</strong></span> <span class='ocrx_word' id='word_1_344' title='bbox 1429 3016 1584 3087; x_wconf 82' lang='lat' dir='ltr'><strong>(nam</strong></span> <span class='ocrx_word' id='word_1_345' title='bbox 1634 3024 1689 3072; x_wconf 93' lang='lat' dir='ltr'><strong>et</strong></span> <span class='ocrx_word' id='word_1_346' title='bbox 1735 3032 1830 3073; x_wconf 86' lang='lat' dir='ltr'><strong>eos</strong></span> <span class='ocrx_word' id='word_1_347' title='bbox 1877 3016 1934 3071; x_wconf 89' lang='lat' dir='ltr'><strong>in</strong></span> 
     </span>
    </p>
   </div>
   <div class='ocr_carea' id='block_1_48' title="bbox 2047 1777 3637 1858">
    <p class='ocr_par' dir='ltr' id='par_1_48' title="bbox 2047 1777 3637 1858">
     <span class='ocr_line' id='line_1_48' title="bbox 2047 1777 3637 1858; baseline 0.011 -28"><span class='ocrx_word' id='word_1_348' title='bbox 2047 1777 2299 1848; x_wconf 84' lang='lat' dir='ltr'><strong>quamvis</strong></span> <span class='ocrx_word' id='word_1_349' title='bbox 2345 1778 2685 1850; x_wconf 88' lang='lat' dir='ltr'><strong>insipienter,</strong></span> <span class='ocrx_word' id='word_1_350' title='bbox 2729 1797 3132 1840; x_wconf 86' lang='lat' dir='ltr'><strong>consueveram</strong></span> <span class='ocrx_word' id='word_1_351' title='bbox 3180 1786 3465 1844; x_wconf 72' lang='lat' dir='ltr'><strong>desaevire.</strong></span> <span class='ocrx_word' id='word_1_352' title='bbox 3507 1791 3637 1858; x_wconf 89' lang='lat' dir='ltr'><strong>Isto,</strong></span> 
     </span>
    </p>
   </div>
   <div class='ocr_carea' id='block_1_49' title="bbox 2046 1866 3645 1941">
    <p class='ocr_par' dir='ltr' id='par_1_49' title="bbox 2046 1866 3645 1941">
     <span class='ocr_line' id='line_1_49' title="bbox 2046 1866 3645 1941; baseline 0.01 -21"><span class='ocrx_word' id='word_1_353' title='bbox 2046 1881 2160 1922; x_wconf 91' lang='lat' dir='ltr'><strong>non</strong></span> <span class='ocrx_word' id='word_1_354' title='bbox 2195 1866 2303 1922; x_wconf 88' lang='lat' dir='ltr'><strong>alio</strong></span> <span class='ocrx_word' id='word_1_355' title='bbox 2331 1868 2515 1935; x_wconf 88' lang='lat' dir='ltr'><strong>modo,</strong></span> <span class='ocrx_word' id='word_1_356' title='bbox 2545 1875 2681 1925; x_wconf 90' lang='lat' dir='ltr'><strong>teste</strong></span> <span class='ocrx_word' id='word_1_357' title='bbox 2706 1870 3044 1927; x_wconf 88' lang='lat' dir='ltr'><strong>conscientia</strong></span> <span class='ocrx_word' id='word_1_358' title='bbox 3074 1889 3218 1941; x_wconf 88' lang='lat' dir='ltr'><strong>mea,</strong></span> <span class='ocrx_word' id='word_1_359' title='bbox 3244 1874 3419 1932; x_wconf 86' lang='lat' dir='ltr'><strong>velata</strong></span> <span class='ocrx_word' id='word_1_360' title='bbox 3445 1877 3539 1934; x_wconf 90' lang='lat' dir='ltr'><strong>fui.</strong></span> <span class='ocrx_word' id='word_1_361' title='bbox 3562 1881 3645 1937; x_wconf 82' lang='lat' dir='ltr'><strong>Ac</strong></span> 
     </span>
    </p>
   </div>
   <div class='ocr_carea' id='block_1_50' title="bbox 2047 1955 3643 2034">
    <p class='ocr_par' dir='ltr' id='par_1_50' title="bbox 2047 1955 3643 2034">
     <span class='ocr_line' id='line_1_50' title="bbox 2047 1955 3643 2034; baseline 0.009 -26"><span class='ocrx_word' id='word_1_362' title='bbox 2047 1955 2090 2009; x_wconf 87' lang='lat' dir='ltr'><strong>si</strong></span> <span class='ocrx_word' id='word_1_363' title='bbox 2121 1971 2208 2010; x_wconf 87' lang='lat' dir='ltr'><strong>me</strong></span> <span class='ocrx_word' id='word_1_364' title='bbox 2238 1955 2469 2011; x_wconf 86' lang='lat' dir='ltr'><strong>oblatam</strong></span> <span class='ocrx_word' id='word_1_365' title='bbox 2520 1959 2750 2030; x_wconf 91' lang='lat' dir='ltr'><strong>quisque</strong></span> <span class='ocrx_word' id='word_1_366' title='bbox 2795 1961 2955 2025; x_wconf 87' lang='lat' dir='ltr'><strong>dicet,</strong></span> <span class='ocrx_word' id='word_1_367' title='bbox 3008 1966 3066 2017; x_wconf 85' lang='lat' dir='ltr'><strong>et</strong></span> <span class='ocrx_word' id='word_1_368' title='bbox 3111 1963 3215 2018; x_wconf 86' lang='lat' dir='ltr'><strong>hoc</strong></span> <span class='ocrx_word' id='word_1_369' title='bbox 3265 1965 3423 2034; x_wconf 89' lang='lat' dir='ltr'><strong>quale</strong></span> <span class='ocrx_word' id='word_1_370' title='bbox 3466 1966 3533 2021; x_wconf 90' lang='lat' dir='ltr'><strong>sit</strong></span> <span class='ocrx_word' id='word_1_371' title='bbox 3574 1985 3643 2024; x_wconf 88' lang='lat' dir='ltr'><strong>ex</strong></span> 
     </span>
    </p>
   </div>
   <div class='ocr_carea' id='block_1_51' title="bbox 2048 2044 3646 2121">
    <p class='ocr_par' dir='ltr' id='par_1_51' title="bbox 2048 2044 3646 2121">
     <span class='ocr_line' id='line_1_51' title="bbox 2048 2044 3646 2121; baseline 0.008 -23"><span class='ocrx_word' id='word_1_372' title='bbox 2048 2059 2114 2100; x_wconf 89' lang='lat' dir='ltr'><strong>eo</strong></span> <span class='ocrx_word' id='word_1_373' title='bbox 2145 2044 2329 2114; x_wconf 81' lang='lat' dir='ltr'><strong>colligi</strong></span> <span class='ocrx_word' id='word_1_374' title='bbox 2360 2054 2554 2115; x_wconf 83' lang='lat' dir='ltr'><strong>potest,</strong></span> <span class='ocrx_word' id='word_1_375' title='bbox 2590 2047 2754 2117; x_wconf 90' lang='lat' dir='ltr'><strong>quod,</strong></span> <span class='ocrx_word' id='word_1_376' title='bbox 2788 2048 2923 2103; x_wconf 88' lang='lat' dir='ltr'><strong>sicut</strong></span> <span class='ocrx_word' id='word_1_377' title='bbox 2966 2050 3182 2119; x_wconf 87' lang='lat' dir='ltr'><strong>plurimi</strong></span> <span class='ocrx_word' id='word_1_378' title='bbox 3220 2053 3310 2121; x_wconf 88' lang='lat' dir='ltr'><strong>qui</strong></span> <span class='ocrx_word' id='word_1_379' title='bbox 3348 2054 3524 2109; x_wconf 88' lang='lat' dir='ltr'><strong>adhuc</strong></span> <span class='ocrx_word' id='word_1_380' title='bbox 3561 2073 3646 2111; x_wconf 81' lang='lat' dir='ltr'><strong>su-</strong></span> 
     </span>
    </p>
   </div>
   <div class='ocr_carea' id='block_1_52' title="bbox 2048 2140 3647 2212">
    <p class='ocr_par' dir='ltr' id='par_1_52' title="bbox 2048 2140 3647 2212">
     <span class='ocr_line' id='line_1_52' title="bbox 2048 2140 3647 2212; baseline 0.008 -26"><span class='ocrx_word' id='word_1_381' title='bbox 2048 2140 2268 2202; x_wconf 89' lang='lat' dir='ltr'><strong>persunt</strong></span> <span class='ocrx_word' id='word_1_382' title='bbox 2306 2141 2585 2201; x_wconf 88' lang='lat' dir='ltr'><strong>noverunt,</strong></span> <span class='ocrx_word' id='word_1_383' title='bbox 2620 2142 2774 2205; x_wconf 86' lang='lat' dir='ltr'><strong>pater</strong></span> <span class='ocrx_word' id='word_1_384' title='bbox 2804 2153 2954 2191; x_wconf 87' lang='lat' dir='ltr'><strong>meus</strong></span> <span class='ocrx_word' id='word_1_385' title='bbox 2985 2154 3111 2193; x_wconf 89' lang='lat' dir='ltr'><strong>cum</strong></span> <span class='ocrx_word' id='word_1_386' title='bbox 3154 2156 3259 2208; x_wconf 91' lang='lat' dir='ltr'><strong>me,</strong></span> <span class='ocrx_word' id='word_1_387' title='bbox 3287 2143 3647 2212; x_wconf 87' lang='lat' dir='ltr'><strong>quemadmo-</strong></span> 
     </span>
    </p>
   </div>
   <div class='ocr_carea' id='block_1_53' title="bbox 2048 2220 3646 2299">
    <p class='ocr_par' dir='ltr' id='par_1_53' title="bbox 2048 2220 3646 2299">
     <span class='ocr_line' id='line_1_53' title="bbox 2048 2220 3646 2299; baseline 0.008 -24"><span class='ocrx_word' id='word_1_388' title='bbox 2048 2220 2176 2275; x_wconf 90' lang='lat' dir='ltr'><strong>dum</strong></span> <span class='ocrx_word' id='word_1_389' title='bbox 2207 2220 2340 2290; x_wconf 88' lang='lat' dir='ltr'><strong>dixi,</strong></span> <span class='ocrx_word' id='word_1_390' title='bbox 2374 2222 2601 2278; x_wconf 79' lang='lat' dir='ltr'><strong>velatam</strong></span> <span class='ocrx_word' id='word_1_391' title='bbox 2641 2222 2781 2280; x_wconf 90' lang='lat' dir='ltr'><strong>forte</strong></span> <span class='ocrx_word' id='word_1_392' title='bbox 2814 2225 3063 2292; x_wconf 86' lang='lat' dir='ltr'><strong>vidisset,</strong></span> <span class='ocrx_word' id='word_1_393' title='bbox 3100 2228 3286 2284; x_wconf 86' lang='lat' dir='ltr'><strong>furore</strong></span> <span class='ocrx_word' id='word_1_394' title='bbox 3334 2246 3646 2299; x_wconf 90' lang='lat' dir='ltr'><strong>succensus,</strong></span> 
     </span>
    </p>
   </div>
   <div class='ocr_carea' id='block_1_54' title="bbox 2046 2308 3650 2386">
    <p class='ocr_par' dir='ltr' id='par_1_54' title="bbox 2046 2308 3650 2386">
     <span class='ocr_line' id='line_1_54' title="bbox 2046 2308 3650 2386; baseline 0.008 -23"><span class='ocrx_word' id='word_1_395' title='bbox 2046 2308 2251 2379; x_wconf 86' lang='lat' dir='ltr'><strong>injecta</strong></span> <span class='ocrx_word' id='word_1_396' title='bbox 2273 2325 2436 2365; x_wconf 88' lang='lat' dir='ltr'><strong>manu</strong></span> <span class='ocrx_word' id='word_1_397' title='bbox 2461 2310 2637 2366; x_wconf 92' lang='lat' dir='ltr'><strong>velum</strong></span> <span class='ocrx_word' id='word_1_398' title='bbox 2658 2313 2904 2383; x_wconf 87' lang='lat' dir='ltr'><strong>arripuit,</strong></span> <span class='ocrx_word' id='word_1_399' title='bbox 2926 2323 2978 2369; x_wconf 86' lang='lat' dir='ltr'><strong>et</strong></span> <span class='ocrx_word' id='word_1_400' title='bbox 2999 2314 3273 2385; x_wconf 86' lang='lat' dir='ltr'><strong>dissipans</strong></span> <span class='ocrx_word' id='word_1_401' title='bbox 3293 2318 3446 2386; x_wconf 90' lang='lat' dir='ltr'><strong>illud,</strong></span> <span class='ocrx_word' id='word_1_402' title='bbox 3465 2320 3650 2375; x_wconf 89' lang='lat' dir='ltr'><strong>odium</strong></span> 
     </span>
    </p>
   </div>
   <div class='ocr_carea' id='block_1_55' title="bbox 2045 2398 3649 2476">
    <p class='ocr_par' dir='ltr' id='par_1_55' title="bbox 2045 2398 3649 2476">
     <span class='ocr_line' id='line_1_55' title="bbox 2045 2398 3649 2476; baseline 0.006 -24"><span class='ocrx_word' id='word_1_403' title='bbox 2045 2398 2145 2452; x_wconf 91' lang='lat' dir='ltr'><strong>Dei</strong></span> <span class='ocrx_word' id='word_1_404' title='bbox 2169 2399 2499 2468; x_wconf 84' lang='lat' dir='ltr'><strong>imprecatus</strong></span> <span class='ocrx_word' id='word_1_405' title='bbox 2527 2408 2608 2454; x_wconf 91' lang='lat' dir='ltr'><strong>est</strong></span> <span class='ocrx_word' id='word_1_406' title='bbox 2636 2400 2685 2453; x_wconf 93' lang='lat' dir='ltr'><strong>ei</strong></span> <span class='ocrx_word' id='word_1_407' title='bbox 2716 2401 2807 2471; x_wconf 89' lang='lat' dir='ltr'><strong>qui</strong></span> <span class='ocrx_word' id='word_1_408' title='bbox 2839 2402 2968 2456; x_wconf 91' lang='lat' dir='ltr'><strong>mihi</strong></span> <span class='ocrx_word' id='word_1_409' title='bbox 3020 2403 3151 2458; x_wconf 90' lang='lat' dir='ltr'><strong>illud</strong></span> <span class='ocrx_word' id='word_1_410' title='bbox 3201 2404 3481 2476; x_wconf 83' lang='lat' dir='ltr'><strong>imposuit,</strong></span> <span class='ocrx_word' id='word_1_411' title='bbox 3512 2425 3649 2464; x_wconf 89' lang='lat' dir='ltr'><strong>con-</strong></span> 
     </span>
    </p>
   </div>
   <div class='ocr_carea' id='block_1_56' title="bbox 2048 2487 3651 2567">
    <p class='ocr_par' dir='ltr' id='par_1_56' title="bbox 2048 2487 3651 2567">
     <span class='ocr_line' id='line_1_56' title="bbox 2048 2487 3651 2567; baseline 0.009 -28"><span class='ocrx_word' id='word_1_412' title='bbox 2048 2493 2249 2541; x_wconf 87' lang='lat' dir='ltr'><strong>testans</strong></span> <span class='ocrx_word' id='word_1_413' title='bbox 2278 2502 2335 2541; x_wconf 89' lang='lat' dir='ltr'><strong>se</strong></span> <span class='ocrx_word' id='word_1_414' title='bbox 2362 2487 2549 2542; x_wconf 91' lang='lat' dir='ltr'><strong>comiti</strong></span> <span class='ocrx_word' id='word_1_415' title='bbox 2580 2489 2758 2544; x_wconf 85' lang='lat' dir='ltr'><strong>Alano</strong></span> <span class='ocrx_word' id='word_1_416' title='bbox 2788 2505 2878 2545; x_wconf 89' lang='lat' dir='ltr'><strong>me</strong></span> <span class='ocrx_word' id='word_1_417' title='bbox 2908 2493 3088 2562; x_wconf 79' lang='lat' dir='ltr'><strong>potius</strong></span> <span class='ocrx_word' id='word_1_418' title='bbox 3119 2493 3175 2547; x_wconf 92' lang='lat' dir='ltr'><strong>in</strong></span> <span class='ocrx_word' id='word_1_419' title='bbox 3205 2510 3451 2563; x_wconf 85' lang='lat' dir='ltr'><strong>uxorem,</strong></span> <span class='ocrx_word' id='word_1_420' title='bbox 3487 2513 3651 2567; x_wconf 91' lang='lat' dir='ltr'><strong>quam</strong></span> 
     </span>
    </p>
   </div>
   <div class='ocr_carea' id='block_1_57' title="bbox 2045 2573 3649 2655">
    <p class='ocr_par' dir='ltr' id='par_1_57' title="bbox 2045 2573 3649 2655">
     <span class='ocr_line' id='line_1_57' title="bbox 2045 2573 3649 2655; baseline 0.009 -28"><span class='ocrx_word' id='word_1_421' title='bbox 2045 2573 2100 2628; x_wconf 93' lang='lat' dir='ltr'><strong>in</strong></span> <span class='ocrx_word' id='word_1_422' title='bbox 2179 2575 2589 2631; x_wconf 89' lang='lat' dir='ltr'><strong>contubernium</strong></span> <span class='ocrx_word' id='word_1_423' title='bbox 2671 2580 3164 2636; x_wconf 85' lang='lat' dir='ltr'><strong>sanctimonialium</strong></span> <span class='ocrx_word' id='word_1_424' title='bbox 3257 2584 3649 2655; x_wconf 69' lang='lat' dir='ltr'><strong>praedestinas-</strong></span> 
     </span>
    </p>
   </div>
   <div class='ocr_carea' id='block_1_58' title="bbox 2045 2663 3644 2743">
    <p class='ocr_par' dir='ltr' id='par_1_58' title="bbox 2045 2663 3644 2743">
     <span class='ocr_line' id='line_1_58' title="bbox 2045 2663 3644 2743; baseline 0.007 -27"><span class='ocrx_word' id='word_1_425' title='bbox 2045 2677 2103 2718; x_wconf 86' lang='lat' dir='ltr'><strong>se</strong></span> <span class='ocrx_word' id='word_1_426' title='bbox 2134 2664 2227 2732; x_wconf 77' lang='grc' dir='ltr'><strong>(ὁ).</strong></span> <span class='ocrx_word' id='word_1_427' title='bbox 2275 2663 2405 2718; x_wconf 73' lang='lat' dir='ltr'><strong>Haec</strong></span> <span class='ocrx_word' id='word_1_428' title='bbox 2446 2672 2526 2718; x_wconf 86' lang='lat' dir='ltr'><strong>est</strong></span> <span class='ocrx_word' id='word_1_429' title='bbox 2552 2663 2693 2718; x_wconf 91' lang='lat' dir='ltr'><strong>unde</strong></span> <span class='ocrx_word' id='word_1_430' title='bbox 2737 2665 3042 2722; x_wconf 89' lang='lat' dir='ltr'><strong>calumnior</strong></span> <span class='ocrx_word' id='word_1_431' title='bbox 3082 2668 3220 2724; x_wconf 91' lang='lat' dir='ltr'><strong>ratio</strong></span> <span class='ocrx_word' id='word_1_432' title='bbox 3266 2686 3408 2736; x_wconf 89' lang='lat' dir='ltr'><strong>mea,</strong></span> <span class='ocrx_word' id='word_1_433' title='bbox 3459 2688 3644 2743; x_wconf 91' lang='lat' dir='ltr'><strong>quam,</strong></span> 
     </span>
    </p>
   </div>
   <div class='ocr_carea' id='block_1_59' title="bbox 2045 2750 3644 2829">
    <p class='ocr_par' dir='ltr' id='par_1_59' title="bbox 2045 2750 3644 2829">
     <span class='ocr_line' id='line_1_59' title="bbox 2045 2750 3644 2829; baseline 0.006 -25"><span class='ocrx_word' id='word_1_434' title='bbox 2045 2766 2250 2821; x_wconf 66' lang='lat' dir='ltr'><strong>quaeso,</strong></span> <span class='ocrx_word' id='word_1_435' title='bbox 2281 2750 2577 2821; x_wconf 88' lang='lat' dir='ltr'><strong>perpendat</strong></span> <span class='ocrx_word' id='word_1_436' title='bbox 2623 2752 2917 2823; x_wconf 85' lang='lat' dir='ltr'><strong>prudentia</strong></span> <span class='ocrx_word' id='word_1_437' title='bbox 2966 2762 3075 2822; x_wconf 90' lang='lat' dir='ltr'><strong>tua,</strong></span> <span class='ocrx_word' id='word_1_438' title='bbox 3128 2764 3183 2811; x_wconf 91' lang='lat' dir='ltr'><strong>et</strong></span> <span class='ocrx_word' id='word_1_439' title='bbox 3228 2767 3357 2828; x_wconf 79' lang='lat' dir='ltr'><strong>agat</strong></span> <span class='ocrx_word' id='word_1_440' title='bbox 3406 2774 3508 2829; x_wconf 91' lang='lat' dir='ltr'><strong>pro</strong></span> <span class='ocrx_word' id='word_1_441' title='bbox 3556 2775 3644 2815; x_wconf 89' lang='lat' dir='ltr'><strong>me</strong></span> 
     </span>
    </p>
   </div>
   <div class='ocr_carea' id='block_1_60' title="bbox 2044 2839 3645 2919">
    <p class='ocr_par' dir='ltr' id='par_1_60' title="bbox 2044 2839 3645 2919">
     <span class='ocr_line' id='line_1_60' title="bbox 2044 2839 3645 2919; baseline 0.006 -27"><span class='ocrx_word' id='word_1_442' title='bbox 2044 2839 2175 2894; x_wconf 87' lang='lat' dir='ltr'><strong>sicut</strong></span> <span class='ocrx_word' id='word_1_443' title='bbox 2227 2839 2373 2894; x_wconf 87' lang='lat' dir='ltr'><strong>novit</strong></span> <span class='ocrx_word' id='word_1_444' title='bbox 2418 2839 2689 2911; x_wconf 82' lang='lat' dir='ltr'><strong>agendum</strong></span> <span class='ocrx_word' id='word_1_445' title='bbox 2740 2843 3034 2911; x_wconf 85' lang='lat' dir='ltr'><strong>paternitas</strong></span> <span class='ocrx_word' id='word_1_446' title='bbox 3083 2852 3198 2899; x_wconf 87' lang='lat' dir='ltr'><strong>tua.</strong></span> <span class='ocrx_word' id='word_1_447' title='bbox 3264 2870 3285 2893; x_wconf 76' lang='grc' dir='ltr'><strong>η</strong></span> <span class='ocrx_word' id='word_1_448' title='bbox 3330 2845 3471 2916; x_wconf 87' lang='lat' dir='ltr'><strong>Quid</strong></span> <span class='ocrx_word' id='word_1_449' title='bbox 3518 2847 3645 2919; x_wconf 90' lang='lat' dir='ltr'><strong>plu-</strong></span> 
     </span>
    </p>
   </div>
   <div class='ocr_carea' id='block_1_61' title="bbox 2042 2926 3639 3001">
    <p class='ocr_par' dir='ltr' id='par_1_61' title="bbox 2042 2926 3639 3001">
     <span class='ocr_line' id='line_1_61' title="bbox 2042 2926 3639 3001; baseline 0.006 -19"><span class='ocrx_word' id='word_1_450' title='bbox 2042 2929 2138 2983; x_wconf 87' lang='lat' dir='ltr'><strong>ra‘?</strong></span> <span class='ocrx_word' id='word_1_451' title='bbox 2170 2926 2681 2985; x_wconf 86' lang='lat' dir='ltr'><strong>DiffertAnselmus</strong></span> <span class='ocrx_word' id='word_1_452' title='bbox 2722 2932 3043 2987; x_wconf 89' lang='lat' dir='ltr'><strong>sententiam</strong></span> <span class='ocrx_word' id='word_1_453' title='bbox 3096 2934 3265 3001; x_wconf 85' lang='lat' dir='ltr'><strong>ferre,</strong></span> <span class='ocrx_word' id='word_1_454' title='bbox 3317 2943 3374 2990; x_wconf 89' lang='lat' dir='ltr'><strong>et</strong></span> <span class='ocrx_word' id='word_1_455' title='bbox 3420 2951 3639 2991; x_wconf 86' lang='lat' dir='ltr'><strong>causam</strong></span> 
     </span>
    </p>
   </div>
   <div class='ocr_carea' id='block_1_62' title="bbox 2034 3016 3641 3094">
    <p class='ocr_par' dir='ltr' id='par_1_62' title="bbox 2034 3016 3641 3094">
     <span class='ocr_line' id='line_1_62' title="bbox 2034 3016 3641 3094; baseline 0.007 -24"><span class='ocrx_word' id='word_1_456' title='bbox 2034 3016 2239 3085; x_wconf 90' lang='lat' dir='ltr'><strong>judicio</strong></span> <span class='ocrx_word' id='word_1_457' title='bbox 2303 3017 2678 3090; x_wconf 71' lang='lat' dir='ltr'><strong>religiosarum</strong></span> <span class='ocrx_word' id='word_1_458' title='bbox 2748 3036 3105 3090; x_wconf 88' lang='lat' dir='ltr'><strong>personarum</strong></span> <span class='ocrx_word' id='word_1_459' title='bbox 3163 3023 3320 3094; x_wconf 84' lang='lat' dir='ltr'><strong>regni</strong></span> <span class='ocrx_word' id='word_1_460' title='bbox 3377 3024 3641 3082; x_wconf 84' lang='lat' dir='ltr'><strong>determi-</strong></span> 
     </span>
    </p>
   </div>
   <div class='ocr_carea' id='block_1_63' title="bbox 319 3102 3641 3180">
    <p class='ocr_par' dir='ltr' id='par_1_63' title="bbox 319 3102 3641 3180">
     <span class='ocr_line' id='line_1_63' title="bbox 319 3102 3641 3180; baseline 0.001 -15"><span class='ocrx_word' id='word_1_461' title='bbox 319 3107 645 3180; x_wconf 80' lang='lat' dir='ltr'><strong>conjugium</strong></span> <span class='ocrx_word' id='word_1_462' title='bbox 676 3107 980 3173; x_wconf 84' lang='lat' dir='ltr'><strong>benedixit,</strong></span> <span class='ocrx_word' id='word_1_463' title='bbox 1033 3114 1087 3162; x_wconf 90' lang='lat' dir='ltr'><strong>et</strong></span> <span class='ocrx_word' id='word_1_464' title='bbox 1131 3106 1277 3161; x_wconf 90' lang='lat' dir='ltr'><strong>illam</strong></span> <span class='ocrx_word' id='word_1_465' title='bbox 1328 3108 1534 3177; x_wconf 89' lang='lat' dir='ltr'><strong>pariter</strong></span> <span class='ocrx_word' id='word_1_466' title='bbox 1577 3106 1633 3159; x_wconf 92' lang='lat' dir='ltr'><strong>in</strong></span> <span class='ocrx_word' id='word_1_467' title='bbox 1677 3102 2266 3177; x_wconf 85' lang='lat' dir='ltr'><strong>reginaanandam</strong></span> <span class='ocrx_word' id='word_1_468' title='bbox 2330 3106 2673 3176; x_wconf 86' lang='lat' dir='ltr'><strong>pronuntiat.</strong></span> <span class='ocrx_word' id='word_1_469' title='bbox 2752 3107 2966 3163; x_wconf 89' lang='lat' dir='ltr'><strong>Statuto</strong></span> <span class='ocrx_word' id='word_1_470' title='bbox 3037 3109 3216 3180; x_wconf 90' lang='lat' dir='ltr'><strong>itaque</strong></span> <span class='ocrx_word' id='word_1_471' title='bbox 3282 3112 3370 3166; x_wconf 91' lang='lat' dir='ltr'><strong>die</strong></span> <span class='ocrx_word' id='word_1_472' title='bbox 3442 3119 3641 3169; x_wconf 91' lang='lat' dir='ltr'><strong>coeunt</strong></span> 
     </span>
    </p>
   </div>
   <div class='ocr_carea' id='block_1_64' title="bbox 318 3193 1929 3266">
    <p class='ocr_par' dir='ltr' id='par_1_64' title="bbox 318 3193 1929 3266">
     <span class='ocr_line' id='line_1_64' title="bbox 318 3193 1929 3266; baseline -0.003 -13"><span class='ocrx_word' id='word_1_473' title='bbox 318 3196 687 3266; x_wconf 86' lang='lat' dir='ltr'><strong>consecravit)</strong></span> <span class='ocrx_word' id='word_1_474' title='bbox 744 3194 904 3251; x_wconf 90' lang='lat' dir='ltr'><strong>brevi</strong></span> <span class='ocrx_word' id='word_1_475' title='bbox 959 3201 1179 3250; x_wconf 90' lang='lat' dir='ltr'><strong>autumo</strong></span> <span class='ocrx_word' id='word_1_476' title='bbox 1233 3193 1646 3251; x_wconf 88' lang='lat' dir='ltr'><strong>describendum</strong></span> <span class='ocrx_word' id='word_1_477' title='bbox 1695 3193 1929 3266; x_wconf 90' lang='lat' dir='ltr'><strong>qualiter</strong></span> 
     </span>
    </p>
   </div>
   <div class='ocr_carea' id='block_1_65' title="bbox 315 3282 1926 3342">
    <p class='ocr_par' dir='ltr' id='par_1_65' title="bbox 315 3282 1926 3342">
     <span class='ocr_line' id='line_1_65' title="bbox 315 3282 1926 3342; baseline -0.004 0"><span class='ocrx_word' id='word_1_478' title='bbox 315 3292 499 3342; x_wconf 78' lang='lat' dir='ltr'><strong>actum</strong></span> <span class='ocrx_word' id='word_1_479' title='bbox 530 3284 619 3341; x_wconf 89' lang='lat' dir='ltr'><strong>sit.</strong></span> <span class='ocrx_word' id='word_1_480' title='bbox 660 3285 777 3341; x_wconf 80' lang='lat' dir='ltr'><strong>Hoc</strong></span> <span class='ocrx_word' id='word_1_481' title='bbox 804 3290 982 3341; x_wconf 87' lang='lat' dir='ltr'><strong>autem</strong></span> <span class='ocrx_word' id='word_1_482' title='bbox 1018 3299 1081 3341; x_wconf 88' lang='lat' dir='ltr'><strong>ea</strong></span> <span class='ocrx_word' id='word_1_483' title='bbox 1111 3300 1171 3339; x_wconf 91' lang='lat' dir='ltr'><strong>re</strong></span> <span class='ocrx_word' id='word_1_484' title='bbox 1199 3283 1358 3340; x_wconf 89' lang='lat' dir='ltr'><strong>nobis</strong></span> <span class='ocrx_word' id='word_1_485' title='bbox 1386 3283 1622 3339; x_wconf 84' lang='lat' dir='ltr'><strong>maxime</strong></span> <span class='ocrx_word' id='word_1_486' title='bbox 1650 3282 1706 3337; x_wconf 91' lang='lat' dir='ltr'><strong>in</strong></span> <span class='ocrx_word' id='word_1_487' title='bbox 1734 3282 1926 3339; x_wconf 86' lang='lat' dir='ltr'><strong>volun-</strong></span> 
     </span>
    </p>
   </div>
   <div class='ocr_carea' id='block_1_66' title="bbox 317 3371 1921 3446">
    <p class='ocr_par' dir='ltr' id='par_1_66' title="bbox 317 3371 1921 3446">
     <span class='ocr_line' id='line_1_66' title="bbox 317 3371 1921 3446; baseline -0.002 -16"><span class='ocrx_word' id='word_1_488' title='bbox 317 3379 487 3431; x_wconf 84' lang='lat' dir='ltr'><strong>tatem</strong></span> <span class='ocrx_word' id='word_1_489' title='bbox 536 3373 756 3440; x_wconf 87' lang='lat' dir='ltr'><strong>cecidit,</strong></span> <span class='ocrx_word' id='word_1_490' title='bbox 789 3373 1049 3446; x_wconf 89' lang='lat' dir='ltr'><strong>quoniam</strong></span> <span class='ocrx_word' id='word_1_491' title='bbox 1078 3372 1397 3429; x_wconf 79' lang='lat' dir='ltr'><strong>Anselmum</strong></span> <span class='ocrx_word' id='word_1_492' title='bbox 1426 3372 1481 3427; x_wconf 90' lang='lat' dir='ltr'><strong>in</strong></span> <span class='ocrx_word' id='word_1_493' title='bbox 1511 3372 1615 3427; x_wconf 86' lang='lat' dir='ltr'><strong>hoc</strong></span> <span class='ocrx_word' id='word_1_494' title='bbox 1641 3387 1671 3425; x_wconf 88' lang='lat' dir='ltr'><strong>a</strong></span> <span class='ocrx_word' id='word_1_495' title='bbox 1700 3371 1921 3427; x_wconf 88' lang='lat' dir='ltr'><strong>rectitu-</strong></span> 
     </span>
    </p>
   </div>
   <div class='ocr_carea' id='block_1_67' title="bbox 316 3459 1920 3533">
    <p class='ocr_par' dir='ltr' id='par_1_67' title="bbox 316 3459 1920 3533">
     <span class='ocr_line' id='line_1_67' title="bbox 316 3459 1920 3533; baseline -0.003 -14"><span class='ocrx_word' id='word_1_496' title='bbox 316 3461 448 3519; x_wconf 87' lang='lat' dir='ltr'><strong>dine</strong></span> <span class='ocrx_word' id='word_1_497' title='bbox 476 3461 727 3519; x_wconf 84' lang='lat' dir='ltr'><strong>deviasse</strong></span> <span class='ocrx_word' id='word_1_498' title='bbox 755 3462 1016 3518; x_wconf 88' lang='lat' dir='ltr'><strong>nonnulla</strong></span> <span class='ocrx_word' id='word_1_499' title='bbox 1045 3477 1168 3533; x_wconf 91' lang='lat' dir='ltr'><strong>pars</strong></span> <span class='ocrx_word' id='word_1_500' title='bbox 1194 3460 1500 3529; x_wconf 90' lang='lat' dir='ltr'><strong>hominum,</strong></span> <span class='ocrx_word' id='word_1_501' title='bbox 1529 3467 1588 3514; x_wconf 92' lang='lat' dir='ltr'><strong>ut</strong></span> <span class='ocrx_word' id='word_1_502' title='bbox 1615 3459 1719 3530; x_wconf 89' lang='lat' dir='ltr'><strong>ipsi</strong></span> <span class='ocrx_word' id='word_1_503' title='bbox 1761 3460 1920 3515; x_wconf 91' lang='lat' dir='ltr'><strong>audi-</strong></span> 
     </span>
    </p>
   </div>
   <div class='ocr_carea' id='block_1_68' title="bbox 314 3547 1918 3622">
    <p class='ocr_par' dir='ltr' id='par_1_68' title="bbox 314 3547 1918 3622">
     <span class='ocr_line' id='line_1_68' title="bbox 314 3547 1918 3622; baseline -0.003 -15"><span class='ocrx_word' id='word_1_504' title='bbox 314 3551 531 3621; x_wconf 87' lang='lat' dir='ltr'><strong>vimus,</strong></span> <span class='ocrx_word' id='word_1_505' title='bbox 584 3550 1009 3622; x_wconf 86' lang='lat' dir='ltr'><strong>blasphemavit.</strong></span> <span class='ocrx_word' id='word_1_506' title='bbox 1068 3548 1351 3621; x_wconf 89' lang='lat' dir='ltr'><strong>Siquidem</strong></span> <span class='ocrx_word' id='word_1_507' title='bbox 1391 3547 1585 3605; x_wconf 90' lang='lat' dir='ltr'><strong>eadem</strong></span> <span class='ocrx_word' id='word_1_508' title='bbox 1623 3547 1918 3618; x_wconf 77' lang='lat' dir='ltr'><strong>Mathildis,</strong></span> 
     </span>
    </p>
   </div>
   <div class='ocr_carea' id='block_1_69' title="bbox 317 3635 1917 3705">
    <p class='ocr_par' dir='ltr' id='par_1_69' title="bbox 317 3635 1917 3705">
     <span class='ocr_line' id='line_1_69' title="bbox 317 3635 1917 3705; baseline -0.003 -10"><span class='ocrx_word' id='word_1_509' title='bbox 317 3637 458 3705; x_wconf 77' lang='lat' dir='ltr'><strong>inter</strong></span> <span class='ocrx_word' id='word_1_510' title='bbox 484 3638 927 3697; x_wconf 87' lang='lat' dir='ltr'><strong>sanctimoniales</strong></span> <span class='ocrx_word' id='word_1_511' title='bbox 954 3638 1011 3693; x_wconf 93' lang='lat' dir='ltr'><strong>in</strong></span> <span class='ocrx_word' id='word_1_512' title='bbox 1037 3637 1379 3693; x_wconf 86' lang='lat' dir='ltr'><strong>monasterio</strong></span> <span class='ocrx_word' id='word_1_513' title='bbox 1424 3637 1495 3692; x_wconf 91' lang='lat' dir='ltr'><strong>ab</strong></span> <span class='ocrx_word' id='word_1_514' title='bbox 1538 3635 1768 3693; x_wconf 88' lang='lat' dir='ltr'><strong>infantia</strong></span> <span class='ocrx_word' id='word_1_515' title='bbox 1804 3653 1917 3691; x_wconf 91' lang='lat' dir='ltr'><strong>nu-</strong></span> 
     </span>
    </p>
   </div>
   <div class='ocr_carea' id='block_1_70' title="bbox 317 3724 1918 3795">
    <p class='ocr_par' dir='ltr' id='par_1_70' title="bbox 317 3724 1918 3795">
     <span class='ocr_line' id='line_1_70' title="bbox 317 3724 1918 3795; baseline -0.002 -11"><span class='ocrx_word' id='word_1_516' title='bbox 317 3727 443 3784; x_wconf 83' lang='lat' dir='ltr'><strong>trita</strong></span> <span class='ocrx_word' id='word_1_517' title='bbox 472 3734 526 3783; x_wconf 91' lang='lat' dir='ltr'><strong>et</strong></span> <span class='ocrx_word' id='word_1_518' title='bbox 554 3726 756 3795; x_wconf 84' lang='lat' dir='ltr'><strong>adulta,</strong></span> <span class='ocrx_word' id='word_1_519' title='bbox 787 3724 1116 3784; x_wconf 89' lang='lat' dir='ltr'><strong>credebatur</strong></span> <span class='ocrx_word' id='word_1_520' title='bbox 1142 3742 1176 3781; x_wconf 90' lang='lat' dir='ltr'><strong>a</strong></span> <span class='ocrx_word' id='word_1_521' title='bbox 1205 3726 1388 3781; x_wconf 89' lang='lat' dir='ltr'><strong>multis</strong></span> <span class='ocrx_word' id='word_1_522' title='bbox 1425 3725 1479 3780; x_wconf 92' lang='lat' dir='ltr'><strong>in</strong></span> <span class='ocrx_word' id='word_1_523' title='bbox 1508 3725 1786 3781; x_wconf 87' lang='lat' dir='ltr'><strong>servitium</strong></span> <span class='ocrx_word' id='word_1_524' title='bbox 1816 3724 1918 3780; x_wconf 92' lang='lat' dir='ltr'><strong>Dei</strong></span> 
     </span>
    </p>
   </div>
   <div class='ocr_carea' id='block_1_71' title="bbox 315 3811 1920 3888">
    <p class='ocr_par' dir='ltr' id='par_1_71' title="bbox 315 3811 1920 3888">
     <span class='ocr_line' id='line_1_71' title="bbox 315 3811 1920 3888; baseline -0.003 -16"><span class='ocrx_word' id='word_1_525' title='bbox 315 3832 350 3872; x_wconf 85' lang='lat' dir='ltr'><strong>a</strong></span> <span class='ocrx_word' id='word_1_526' title='bbox 404 3816 718 3888; x_wconf 90' lang='lat' dir='ltr'><strong>parentibus</strong></span> <span class='ocrx_word' id='word_1_527' title='bbox 768 3814 972 3881; x_wconf 87' lang='lat' dir='ltr'><strong>oblata,</strong></span> <span class='ocrx_word' id='word_1_528' title='bbox 1020 3829 1086 3871; x_wconf 91' lang='lat' dir='ltr'><strong>eo</strong></span> <span class='ocrx_word' id='word_1_529' title='bbox 1132 3814 1276 3885; x_wconf 89' lang='lat' dir='ltr'><strong>quod</strong></span> <span class='ocrx_word' id='word_1_530' title='bbox 1325 3813 1540 3884; x_wconf 90' lang='lat' dir='ltr'><strong>publice</strong></span> <span class='ocrx_word' id='word_1_531' title='bbox 1584 3813 1699 3868; x_wconf 89' lang='lat' dir='ltr'><strong>visa</strong></span> <span class='ocrx_word' id='word_1_532' title='bbox 1745 3811 1920 3868; x_wconf 82' lang='lat' dir='ltr'><strong>fuerat</strong></span> 
     </span>
    </p>
   </div>
   <div class='ocr_carea' id='block_1_72' title="bbox 315 3900 1915 3973">
    <p class='ocr_par' dir='ltr' id='par_1_72' title="bbox 315 3900 1915 3973">
     <span class='ocr_line' id='line_1_72' title="bbox 315 3900 1915 3973; baseline -0.003 -14"><span class='ocrx_word' id='word_1_533' title='bbox 315 3919 505 3960; x_wconf 89' lang='lat' dir='ltr'><strong>earum</strong></span> <span class='ocrx_word' id='word_1_534' title='bbox 536 3903 681 3959; x_wconf 90' lang='lat' dir='ltr'><strong>inter</strong></span> <span class='ocrx_word' id='word_1_535' title='bbox 711 3917 845 3973; x_wconf 87' lang='lat' dir='ltr'><strong>quas</strong></span> <span class='ocrx_word' id='word_1_536' title='bbox 866 3901 1081 3958; x_wconf 89' lang='lat' dir='ltr'><strong>vivebat</strong></span> <span class='ocrx_word' id='word_1_537' title='bbox 1102 3917 1252 3957; x_wconf 91' lang='lat' dir='ltr'><strong>more</strong></span> <span class='ocrx_word' id='word_1_538' title='bbox 1272 3901 1468 3957; x_wconf 90' lang='lat' dir='ltr'><strong>velata.</strong></span> <span class='ocrx_word' id='word_1_539' title='bbox 1494 3900 1628 3969; x_wconf 85' lang='lat' dir='ltr'><strong>Quae</strong></span> <span class='ocrx_word' id='word_1_540' title='bbox 1648 3916 1761 3969; x_wconf 90' lang='lat' dir='ltr'><strong>res,</strong></span> <span class='ocrx_word' id='word_1_541' title='bbox 1785 3900 1915 3955; x_wconf 92' lang='lat' dir='ltr'><strong>dum</strong></span> 
     </span>
    </p>
   </div>
   <div class='ocr_carea' id='block_1_73' title="bbox 308 3987 1911 4062">
    <p class='ocr_par' dir='ltr' id='par_1_73' title="bbox 308 3987 1911 4062">
     <span class='ocr_line' id='line_1_73' title="bbox 308 3987 1911 4062; baseline -0.002 -14"><span class='ocrx_word' id='word_1_542' title='bbox 308 3991 411 4048; x_wconf 86' lang='lat' dir='ltr'><strong>illa</strong></span> <span class='ocrx_word' id='word_1_543' title='bbox 435 3992 554 4062; x_wconf 86' lang='lat' dir='ltr'><strong>jam</strong></span> <span class='ocrx_word' id='word_1_544' title='bbox 583 3990 713 4048; x_wconf 92' lang='lat' dir='ltr'><strong>olim</strong></span> <span class='ocrx_word' id='word_1_545' title='bbox 759 3991 986 4046; x_wconf 84' lang='lat' dir='ltr'><strong>dimisso</strong></span> <span class='ocrx_word' id='word_1_546' title='bbox 1032 3990 1156 4048; x_wconf 91' lang='lat' dir='ltr'><strong>velo</strong></span> <span class='ocrx_word' id='word_1_547' title='bbox 1202 4004 1236 4045; x_wconf 91' lang='lat' dir='ltr'><strong>a</strong></span> <span class='ocrx_word' id='word_1_548' title='bbox 1282 4006 1413 4061; x_wconf 79' lang='lat' dir='ltr'><strong>rege</strong></span> <span class='ocrx_word' id='word_1_549' title='bbox 1459 3996 1751 4055; x_wconf 88' lang='lat' dir='ltr'><strong>amaretur,</strong></span> <span class='ocrx_word' id='word_1_550' title='bbox 1787 3987 1911 4060; x_wconf 86' lang='lat' dir='ltr'><strong>[leg.</strong></span> 
     </span>
    </p>
   </div>
   <div class='ocr_carea' id='block_1_74' title="bbox 311 4077 1911 4153">
    <p class='ocr_par' dir='ltr' id='par_1_74' title="bbox 311 4077 1911 4153">
     <span class='ocr_line' id='line_1_74' title="bbox 311 4077 1911 4153; baseline -0.004 -15"><span class='ocrx_word' id='word_1_551' title='bbox 311 4079 453 4153; x_wconf 89' lang='lat' dir='ltr'><strong>cum]</strong></span> <span class='ocrx_word' id='word_1_552' title='bbox 505 4079 798 4152; x_wconf 90' lang='lat' dir='ltr'><strong>plurimum</strong></span> <span class='ocrx_word' id='word_1_553' title='bbox 855 4095 952 4136; x_wconf 86' lang='lat' dir='ltr'><strong>ora</strong></span> <span class='ocrx_word' id='word_1_554' title='bbox 1007 4079 1235 4146; x_wconf 81' lang='lat' dir='ltr'><strong>laxaret,</strong></span> <span class='ocrx_word' id='word_1_555' title='bbox 1266 4085 1320 4133; x_wconf 90' lang='lat' dir='ltr'><strong>et</strong></span> <span class='ocrx_word' id='word_1_556' title='bbox 1355 4093 1450 4133; x_wconf 90' lang='lat' dir='ltr'><strong>eos</strong></span> <span class='ocrx_word' id='word_1_557' title='bbox 1476 4094 1510 4132; x_wconf 89' lang='lat' dir='ltr'><strong>a</strong></span> <span class='ocrx_word' id='word_1_558' title='bbox 1539 4077 1734 4148; x_wconf 90' lang='lat' dir='ltr'><strong>cupitis</strong></span> <span class='ocrx_word' id='word_1_559' title='bbox 1788 4092 1911 4132; x_wconf 93' lang='lat' dir='ltr'><strong>am-</strong></span> 
     </span>
    </p>
   </div>
   <div class='ocr_carea' id='block_1_75' title="bbox 313 4165 1913 4240">
    <p class='ocr_par' dir='ltr' id='par_1_75' title="bbox 313 4165 1913 4240">
     <span class='ocr_line' id='line_1_75' title="bbox 313 4165 1913 4240; baseline -0.002 -17"><span class='ocrx_word' id='word_1_560' title='bbox 313 4168 572 4240; x_wconf 82' lang='lat' dir='ltr'><strong>plexibus</strong></span> <span class='ocrx_word' id='word_1_561' title='bbox 601 4168 915 4234; x_wconf 83' lang='lat' dir='ltr'><strong>retardaret,</strong></span> <span class='ocrx_word' id='word_1_562' title='bbox 962 4168 1080 4239; x_wconf 88' lang='lat' dir='ltr'><strong>ipsa</strong></span> <span class='ocrx_word' id='word_1_563' title='bbox 1121 4166 1458 4234; x_wconf 84' lang='lat' dir='ltr'><strong>Anselmum,</strong></span> <span class='ocrx_word' id='word_1_564' title='bbox 1504 4167 1660 4235; x_wconf 88' lang='lat' dir='ltr'><strong>cujus</strong></span> <span class='ocrx_word' id='word_1_565' title='bbox 1705 4165 1761 4219; x_wconf 92' lang='lat' dir='ltr'><strong>in</strong></span> <span class='ocrx_word' id='word_1_566' title='bbox 1809 4166 1913 4220; x_wconf 92' lang='lat' dir='ltr'><strong>hoc</strong></span> 
     </span>
    </p>
   </div>
   <div class='ocr_carea' id='block_1_76' title="bbox 310 4253 1910 4327">
    <p class='ocr_par' dir='ltr' id='par_1_76' title="bbox 310 4253 1910 4327">
     <span class='ocr_line' id='line_1_76' title="bbox 310 4253 1910 4327; baseline -0.001 -16"><span class='ocrx_word' id='word_1_567' title='bbox 310 4264 498 4312; x_wconf 90' lang='lat' dir='ltr'><strong>nutum</strong></span> <span class='ocrx_word' id='word_1_568' title='bbox 528 4270 717 4312; x_wconf 90' lang='lat' dir='ltr'><strong>omnes</strong></span> <span class='ocrx_word' id='word_1_569' title='bbox 744 4256 1155 4327; x_wconf 85' lang='lat' dir='ltr'><strong>exspectabant,</strong></span> <span class='ocrx_word' id='word_1_570' title='bbox 1188 4255 1339 4324; x_wconf 90' lang='lat' dir='ltr'><strong>adiit,</strong></span> <span class='ocrx_word' id='word_1_571' title='bbox 1370 4254 1651 4309; x_wconf 89' lang='lat' dir='ltr'><strong>consilium</strong></span> <span class='ocrx_word' id='word_1_572' title='bbox 1698 4253 1767 4308; x_wconf 86' lang='lat' dir='ltr'><strong>de</strong></span> <span class='ocrx_word' id='word_1_573' title='bbox 1810 4268 1910 4309; x_wconf 90' lang='lat' dir='ltr'><strong>ne-</strong></span> 
     </span>
    </p>
   </div>
   <div class='ocr_carea' id='block_1_77' title="bbox 308 4341 1911 4417">
    <p class='ocr_par' dir='ltr' id='par_1_77' title="bbox 308 4341 1911 4417">
     <span class='ocr_line' id='line_1_77' title="bbox 308 4341 1911 4417; baseline -0.002 -16"><span class='ocrx_word' id='word_1_574' title='bbox 308 4344 496 4417; x_wconf 74' lang='lat' dir='ltr'><strong>gotio,</strong></span> <span class='ocrx_word' id='word_1_575' title='bbox 546 4352 601 4401; x_wconf 89' lang='lat' dir='ltr'><strong>et</strong></span> <span class='ocrx_word' id='word_1_576' title='bbox 647 4342 909 4400; x_wconf 79' lang='lat' dir='ltr'><strong>auxilium</strong></span> <span class='ocrx_word' id='word_1_577' title='bbox 954 4343 1223 4398; x_wconf 88' lang='lat' dir='ltr'><strong>submissa</strong></span> <span class='ocrx_word' id='word_1_578' title='bbox 1279 4358 1436 4414; x_wconf 90' lang='lat' dir='ltr'><strong>prece</strong></span> <span class='ocrx_word' id='word_1_579' title='bbox 1487 4341 1755 4413; x_wconf 68' lang='lat' dir='ltr'><strong>quaesivit.</strong></span> <span class='ocrx_word' id='word_1_580' title='bbox 1812 4341 1911 4397; x_wconf 90' lang='lat' dir='ltr'><strong>Cui</strong></span> 
     </span>
    </p>
   </div>
   <div class='ocr_carea' id='block_1_78' title="bbox 2036 3192 3632 3273">
    <p class='ocr_par' dir='ltr' id='par_1_78' title="bbox 2036 3192 3632 3273">
     <span class='ocr_line' id='line_1_78' title="bbox 2036 3192 3632 3273; baseline 0.007 -26"><span class='ocrx_word' id='word_1_581' title='bbox 2036 3192 2105 3247; x_wconf 89' lang='lat' dir='ltr'><strong>ad</strong></span> <span class='ocrx_word' id='word_1_582' title='bbox 2170 3200 2358 3248; x_wconf 92' lang='lat' dir='ltr'><strong>nutum</strong></span> <span class='ocrx_word' id='word_1_583' title='bbox 2425 3193 2571 3248; x_wconf 90' lang='lat' dir='ltr'><strong>illius</strong></span> <span class='ocrx_word' id='word_1_584' title='bbox 2618 3194 2892 3266; x_wconf 90' lang='lat' dir='ltr'><strong>episcopi,</strong></span> <span class='ocrx_word' id='word_1_585' title='bbox 2942 3196 3165 3252; x_wconf 85' lang='lat' dir='ltr'><strong>abbates</strong></span> <span class='ocrx_word' id='word_1_586' title='bbox 3210 3198 3454 3267; x_wconf 91' lang='lat' dir='ltr'><strong>nobiles,</strong></span> <span class='ocrx_word' id='word_1_587' title='bbox 3505 3203 3632 3273; x_wconf 88' lang='lat' dir='ltr'><strong>qui-</strong></span> 
     </span>
    </p>
   </div>
   <div class='ocr_carea' id='block_1_79' title="bbox 2034 3280 3633 3353">
    <p class='ocr_par' dir='ltr' id='par_1_79' title="bbox 2034 3280 3633 3353">
     <span class='ocr_line' id='line_1_79' title="bbox 2034 3280 3633 3353; baseline 0.007 -18"><span class='ocrx_word' id='word_1_588' title='bbox 2034 3297 2176 3351; x_wconf 90' lang='lat' dir='ltr'><strong>que,</strong></span> <span class='ocrx_word' id='word_1_589' title='bbox 2242 3298 2306 3338; x_wconf 87' lang='lat' dir='ltr'><strong>ac</strong></span> <span class='ocrx_word' id='word_1_590' title='bbox 2368 3280 2610 3353; x_wconf 80' lang='lat' dir='ltr'><strong>religiosi</strong></span> <span class='ocrx_word' id='word_1_591' title='bbox 2694 3283 2903 3339; x_wconf 87' lang='lat' dir='ltr'><strong>ordinis</strong></span> <span class='ocrx_word' id='word_1_592' title='bbox 2966 3284 3073 3339; x_wconf 88' lang='lat' dir='ltr'><strong>viri</strong></span> <span class='ocrx_word' id='word_1_593' title='bbox 3130 3285 3190 3341; x_wconf 91' lang='lat' dir='ltr'><strong>in</strong></span> <span class='ocrx_word' id='word_1_594' title='bbox 3256 3287 3385 3343; x_wconf 90' lang='lat' dir='ltr'><strong>villa</strong></span> <span class='ocrx_word' id='word_1_595' title='bbox 3451 3289 3633 3347; x_wconf 88' lang='lat' dir='ltr'><strong>Sancti</strong></span> 
     </span>
    </p>
   </div>
   <div class='ocr_carea' id='block_1_80' title="bbox 2030 3369 3627 3447">
    <p class='ocr_par' dir='ltr' id='par_1_80' title="bbox 2030 3369 3627 3447">
     <span class='ocr_line' id='line_1_80' title="bbox 2030 3369 3627 3447; baseline 0.006 -23"><span class='ocrx_word' id='word_1_596' title='bbox 2030 3369 2269 3426; x_wconf 65' lang='lat' dir='ltr'><strong>Andreae</strong></span> <span class='ocrx_word' id='word_1_597' title='bbox 2323 3370 2393 3425; x_wconf 91' lang='lat' dir='ltr'><strong>de</strong></span> <span class='ocrx_word' id='word_1_598' title='bbox 2449 3371 2816 3437; x_wconf 87' lang='lat' dir='ltr'><strong>Rovecestra,</strong></span> <span class='ocrx_word' id='word_1_599' title='bbox 2888 3388 3009 3441; x_wconf 86' lang='lat' dir='ltr'><strong>quae</strong></span> <span class='ocrx_word' id='word_1_600' title='bbox 3064 3372 3324 3429; x_wconf 89' lang='lat' dir='ltr'><strong>Lambeta</strong></span> <span class='ocrx_word' id='word_1_601' title='bbox 3384 3385 3627 3447; x_wconf 86' lang='lat' dir='ltr'><strong>vocatur,</strong></span> 
     </span>
    </p>
   </div>
   <div class='ocr_carea' id='block_1_81' title="bbox 2031 3458 3630 3532">
    <p class='ocr_par' dir='ltr' id='par_1_81' title="bbox 2031 3458 3630 3532">
     <span class='ocr_line' id='line_1_81' title="bbox 2031 3458 3630 3532; baseline 0.006 -20"><span class='ocrx_word' id='word_1_602' title='bbox 2031 3474 2140 3530; x_wconf 92' lang='lat' dir='ltr'><strong>quo</strong></span> <span class='ocrx_word' id='word_1_603' title='bbox 2186 3466 2241 3513; x_wconf 90' lang='lat' dir='ltr'><strong>et</strong></span> <span class='ocrx_word' id='word_1_604' title='bbox 2288 3458 2469 3529; x_wconf 88' lang='lat' dir='ltr'><strong>ipsum</strong></span> <span class='ocrx_word' id='word_1_605' title='bbox 2509 3459 2799 3529; x_wconf 67' lang='lat' dir='ltr'><strong>prmsentis</strong></span> <span class='ocrx_word' id='word_1_606' title='bbox 2863 3461 3070 3532; x_wconf 80' lang='lat' dir='ltr'><strong>negotii</strong></span> <span class='ocrx_word' id='word_1_607' title='bbox 3137 3469 3266 3518; x_wconf 91' lang='lat' dir='ltr'><strong>tunc</strong></span> <span class='ocrx_word' id='word_1_608' title='bbox 3322 3470 3480 3519; x_wconf 89' lang='lat' dir='ltr'><strong>tenor</strong></span> <span class='ocrx_word' id='word_1_609' title='bbox 3522 3467 3630 3521; x_wconf 89' lang='lat' dir='ltr'><strong>ad-</strong></span> 
     </span>
    </p>
   </div>
   <div class='ocr_carea' id='block_1_82' title="bbox 2028 3545 3625 3621">
    <p class='ocr_par' dir='ltr' id='par_1_82' title="bbox 2028 3545 3625 3621">
     <span class='ocr_line' id='line_1_82' title="bbox 2028 3545 3625 3621; baseline 0.006 -20"><span class='ocrx_word' id='word_1_610' title='bbox 2028 3545 2279 3602; x_wconf 85' lang='lat' dir='ltr'><strong>duxerat.</strong></span> <span class='ocrx_word' id='word_1_611' title='bbox 2320 3546 2495 3602; x_wconf 88' lang='lat' dir='ltr'><strong>Causa</strong></span> <span class='ocrx_word' id='word_1_612' title='bbox 2524 3547 2692 3621; x_wconf 78' lang='lat' dir='ltr'><strong>igitur</strong></span> <span class='ocrx_word' id='word_1_613' title='bbox 2730 3547 2885 3617; x_wconf 86' lang='lat' dir='ltr'><strong>juxta</strong></span> <span class='ocrx_word' id='word_1_614' title='bbox 2927 3548 3304 3621; x_wconf 72' lang='lat' dir='ltr'><strong>prtescriptam</strong></span> <span class='ocrx_word' id='word_1_615' title='bbox 3334 3552 3538 3608; x_wconf 88' lang='lat' dir='ltr'><strong>seriem</strong></span> <span class='ocrx_word' id='word_1_616' title='bbox 3568 3553 3625 3610; x_wconf 91' lang='lat' dir='ltr'><strong>in</strong></span> 
     </span>
    </p>
   </div>
   <div class='ocr_carea' id='block_1_83' title="bbox 2027 3634 3627 3703">
    <p class='ocr_par' dir='ltr' id='par_1_83' title="bbox 2027 3634 3627 3703">
     <span class='ocr_line' id='line_1_83' title="bbox 2027 3634 3627 3703; baseline 0.006 -14"><span class='ocrx_word' id='word_1_617' title='bbox 2027 3634 2267 3691; x_wconf 89' lang='lat' dir='ltr'><strong>medium</strong></span> <span class='ocrx_word' id='word_1_618' title='bbox 2311 3635 2544 3692; x_wconf 87' lang='lat' dir='ltr'><strong>deducta</strong></span> <span class='ocrx_word' id='word_1_619' title='bbox 2590 3642 2698 3692; x_wconf 90' lang='lat' dir='ltr'><strong>est.</strong></span> <span class='ocrx_word' id='word_1_620' title='bbox 2756 3636 3029 3692; x_wconf 90' lang='lat' dir='ltr'><strong>Prodeunt</strong></span> <span class='ocrx_word' id='word_1_621' title='bbox 3079 3637 3388 3703; x_wconf 77' lang='lat' dir='ltr'><strong>hincinde</strong></span> <span class='ocrx_word' id='word_1_622' title='bbox 3441 3640 3627 3699; x_wconf 86' lang='lat' dir='ltr'><strong>idonei</strong></span> 
     </span>
    </p>
   </div>
   <div class='ocr_carea' id='block_1_84' title="bbox 2024 3723 3623 3801">
    <p class='ocr_par' dir='ltr' id='par_1_84' title="bbox 2024 3723 3623 3801">
     <span class='ocr_line' id='line_1_84' title="bbox 2024 3723 3623 3801; baseline 0.005 -22"><span class='ocrx_word' id='word_1_623' title='bbox 2024 3730 2210 3791; x_wconf 91' lang='lat' dir='ltr'><strong>testes,</strong></span> <span class='ocrx_word' id='word_1_624' title='bbox 2244 3724 2413 3781; x_wconf 88' lang='lat' dir='ltr'><strong>verba</strong></span> <span class='ocrx_word' id='word_1_625' title='bbox 2454 3723 2649 3795; x_wconf 65' lang='lat' dir='ltr'><strong>puellm</strong></span> <span class='ocrx_word' id='word_1_626' title='bbox 2691 3741 2840 3795; x_wconf 76' lang='lat' dir='ltr'><strong>purae</strong></span> <span class='ocrx_word' id='word_1_627' title='bbox 2885 3725 3097 3781; x_wconf 88' lang='lat' dir='ltr'><strong>veritati</strong></span> <span class='ocrx_word' id='word_1_628' title='bbox 3146 3726 3383 3783; x_wconf 80' lang='lat' dir='ltr'><strong>subnixa</strong></span> <span class='ocrx_word' id='word_1_629' title='bbox 3431 3739 3623 3801; x_wconf 91' lang='lat' dir='ltr'><strong>prote-</strong></span> 
     </span>
    </p>
   </div>
   <div class='ocr_carea' id='block_1_85' title="bbox 2024 3812 3623 3883">
    <p class='ocr_par' dir='ltr' id='par_1_85' title="bbox 2024 3812 3623 3883">
     <span class='ocr_line' id='line_1_85' title="bbox 2024 3812 3623 3883; baseline 0.004 -16"><span class='ocrx_word' id='word_1_630' title='bbox 2024 3821 2250 3869; x_wconf 88' lang='lat' dir='ltr'><strong>stantes.</strong></span> <span class='ocrx_word' id='word_1_631' title='bbox 2272 3812 2554 3869; x_wconf 83' lang='lat' dir='ltr'><strong>Accedunt</strong></span> <span class='ocrx_word' id='word_1_632' title='bbox 2580 3813 2699 3868; x_wconf 90' lang='lat' dir='ltr'><strong>istis</strong></span> <span class='ocrx_word' id='word_1_633' title='bbox 2726 3813 3093 3870; x_wconf 87' lang='lat' dir='ltr'><strong>archidiaconi</strong></span> <span class='ocrx_word' id='word_1_634' title='bbox 3116 3816 3243 3883; x_wconf 92' lang='lat' dir='ltr'><strong>duo,</strong></span> <span class='ocrx_word' id='word_1_635' title='bbox 3270 3814 3623 3874; x_wconf 86' lang='lat' dir='ltr'><strong>Willhelmus</strong></span> 
     </span>
    </p>
   </div>
   <div class='ocr_carea' id='block_1_86' title="bbox 2024 3901 3616 3977">
    <p class='ocr_par' dir='ltr' id='par_1_86' title="bbox 2024 3901 3616 3977">
     <span class='ocr_line' id='line_1_86' title="bbox 2024 3901 3616 3977; baseline 0.003 -20"><span class='ocrx_word' id='word_1_636' title='bbox 2024 3901 2276 3957; x_wconf 83' lang='lat' dir='ltr'><strong>videlicet</strong></span> <span class='ocrx_word' id='word_1_637' title='bbox 2304 3901 2723 3968; x_wconf 86' lang='lat' dir='ltr'><strong>Cantuariensis,</strong></span> <span class='ocrx_word' id='word_1_638' title='bbox 2764 3911 2816 3957; x_wconf 90' lang='lat' dir='ltr'><strong>et</strong></span> <span class='ocrx_word' id='word_1_639' title='bbox 2861 3901 3202 3958; x_wconf 89' lang='lat' dir='ltr'><strong>Humbaldus</strong></span> <span class='ocrx_word' id='word_1_640' title='bbox 3232 3904 3616 3977; x_wconf 86' lang='lat' dir='ltr'><strong>Serberiensis,</strong></span> 
     </span>
    </p>
   </div>
   <div class='ocr_carea' id='block_1_87' title="bbox 2022 3991 3621 4062">
    <p class='ocr_par' dir='ltr' id='par_1_87' title="bbox 2022 3991 3621 4062">
     <span class='ocr_line' id='line_1_87' title="bbox 2022 3991 3621 4062; baseline 0.005 -18"><span class='ocrx_word' id='word_1_641' title='bbox 2022 4007 2159 4062; x_wconf 84' lang='lat' dir='ltr'><strong>quos</strong></span> <span class='ocrx_word' id='word_1_642' title='bbox 2188 3992 2343 4045; x_wconf 85' lang='lat' dir='ltr'><strong>Pater</strong></span> <span class='ocrx_word' id='word_1_643' title='bbox 2370 3991 2670 4045; x_wconf 84' lang='lat' dir='ltr'><strong>Anselmus</strong></span> <span class='ocrx_word' id='word_1_644' title='bbox 2702 3991 3018 4047; x_wconf 84' lang='lat' dir='ltr'><strong>Wiltuniam</strong></span> <span class='ocrx_word' id='word_1_645' title='bbox 3057 3992 3150 4061; x_wconf 80' lang='grc' dir='ltr'><strong>(ο),</strong></span> <span class='ocrx_word' id='word_1_646' title='bbox 3184 3993 3273 4046; x_wconf 89' lang='lat' dir='ltr'><strong>ubi</strong></span> <span class='ocrx_word' id='word_1_647' title='bbox 3305 3992 3397 4048; x_wconf 89' lang='lat' dir='ltr'><strong>illa</strong></span> <span class='ocrx_word' id='word_1_648' title='bbox 3445 3994 3621 4052; x_wconf 82' lang='lat' dir='ltr'><strong>fuerat</strong></span> 
     </span>
    </p>
   </div>
   <div class='ocr_carea' id='block_1_88' title="bbox 2020 4078 3611 4152">
    <p class='ocr_par' dir='ltr' id='par_1_88' title="bbox 2020 4078 3611 4152">
     <span class='ocr_line' id='line_1_88' title="bbox 2020 4078 3611 4152; baseline 0.003 -18"><span class='ocrx_word' id='word_1_649' title='bbox 2020 4079 2266 4143; x_wconf 86' lang='lat' dir='ltr'><strong>educata,</strong></span> <span class='ocrx_word' id='word_1_650' title='bbox 2299 4094 2396 4148; x_wconf 90' lang='lat' dir='ltr'><strong>pro</strong></span> <span class='ocrx_word' id='word_1_651' title='bbox 2426 4078 2547 4147; x_wconf 87' lang='lat' dir='ltr'><strong>ejus</strong></span> <span class='ocrx_word' id='word_1_652' title='bbox 2578 4080 2657 4133; x_wconf 91' lang='lat' dir='ltr'><strong>rei</strong></span> <span class='ocrx_word' id='word_1_653' title='bbox 2686 4079 3009 4134; x_wconf 88' lang='lat' dir='ltr'><strong>certitudine</strong></span> <span class='ocrx_word' id='word_1_654' title='bbox 3040 4080 3290 4134; x_wconf 88' lang='lat' dir='ltr'><strong>rimanda</strong></span> <span class='ocrx_word' id='word_1_655' title='bbox 3318 4081 3611 4152; x_wconf 87' lang='lat' dir='ltr'><strong>direxerat,</strong></span> 
     </span>
    </p>
   </div>
   <div class='ocr_carea' id='block_1_89' title="bbox 2018 4165 3617 4237">
    <p class='ocr_par' dir='ltr' id='par_1_89' title="bbox 2018 4165 3617 4237">
     <span class='ocr_line' id='line_1_89' title="bbox 2018 4165 3617 4237; baseline 0.004 -18"><span class='ocrx_word' id='word_1_656' title='bbox 2018 4166 2108 4237; x_wconf 89' lang='lat' dir='ltr'><strong>qui</strong></span> <span class='ocrx_word' id='word_1_657' title='bbox 2140 4165 2357 4237; x_wconf 88' lang='lat' dir='ltr'><strong>publica</strong></span> <span class='ocrx_word' id='word_1_658' title='bbox 2399 4181 2533 4221; x_wconf 91' lang='lat' dir='ltr'><strong>voce</strong></span> <span class='ocrx_word' id='word_1_659' title='bbox 2579 4166 2757 4220; x_wconf 90' lang='lat' dir='ltr'><strong>testati</strong></span> <span class='ocrx_word' id='word_1_660' title='bbox 2805 4171 2931 4220; x_wconf 89' lang='lat' dir='ltr'><strong>sunt</strong></span> <span class='ocrx_word' id='word_1_661' title='bbox 2960 4182 3020 4221; x_wconf 91' lang='lat' dir='ltr'><strong>se</strong></span> <span class='ocrx_word' id='word_1_662' title='bbox 3050 4174 3104 4221; x_wconf 89' lang='lat' dir='ltr'><strong>et</strong></span> <span class='ocrx_word' id='word_1_663' title='bbox 3136 4183 3254 4223; x_wconf 90' lang='lat' dir='ltr'><strong>rem</strong></span> <span class='ocrx_word' id='word_1_664' title='bbox 3285 4185 3314 4222; x_wconf 88' lang='lat' dir='ltr'><strong>a</strong></span> <span class='ocrx_word' id='word_1_665' title='bbox 3343 4170 3617 4226; x_wconf 89' lang='lat' dir='ltr'><strong>sororibus</strong></span> 
     </span>
    </p>
   </div>
   <div class='ocr_carea' id='block_1_90' title="bbox 2017 4252 3615 4327">
    <p class='ocr_par' dir='ltr' id='par_1_90' title="bbox 2017 4252 3615 4327">
     <span class='ocr_line' id='line_1_90' title="bbox 2017 4252 3615 4327; baseline 0.004 -18"><span class='ocrx_word' id='word_1_666' title='bbox 2017 4252 2430 4326; x_wconf 85' lang='lat' dir='ltr'><strong>diligentissime</strong></span> <span class='ocrx_word' id='word_1_667' title='bbox 2460 4253 2802 4325; x_wconf 90' lang='lat' dir='ltr'><strong>perquisisse,</strong></span> <span class='ocrx_word' id='word_1_668' title='bbox 2834 4261 2887 4308; x_wconf 92' lang='lat' dir='ltr'><strong>et</strong></span> <span class='ocrx_word' id='word_1_669' title='bbox 2915 4253 3047 4308; x_wconf 90' lang='lat' dir='ltr'><strong>nihil</strong></span> <span class='ocrx_word' id='word_1_670' title='bbox 3096 4256 3243 4327; x_wconf 91' lang='lat' dir='ltr'><strong>quod</strong></span> <span class='ocrx_word' id='word_1_671' title='bbox 3287 4256 3471 4314; x_wconf 74' lang='lat' dir='ltr'><strong>relatae</strong></span> <span class='ocrx_word' id='word_1_672' title='bbox 3517 4276 3615 4316; x_wconf 91' lang='lat' dir='ltr'><strong>ra-</strong></span> 
     </span>
    </p>
   </div>
   <div class='ocr_carea' id='block_1_91' title="bbox 2017 4341 3611 4420">
    <p class='ocr_par' dir='ltr' id='par_1_91' title="bbox 2017 4341 3611 4420">
     <span class='ocr_line' id='line_1_91' title="bbox 2017 4341 3611 4420; baseline 0.004 -23"><span class='ocrx_word' id='word_1_673' title='bbox 2017 4342 2151 4399; x_wconf 90' lang='lat' dir='ltr'><strong>tioni</strong></span> <span class='ocrx_word' id='word_1_674' title='bbox 2178 4342 2469 4399; x_wconf 85' lang='lat' dir='ltr'><strong>obsisteret</strong></span> <span class='ocrx_word' id='word_1_675' title='bbox 2516 4342 2585 4397; x_wconf 89' lang='lat' dir='ltr'><strong>ab</strong></span> <span class='ocrx_word' id='word_1_676' title='bbox 2628 4341 2706 4397; x_wconf 90' lang='lat' dir='ltr'><strong>eis</strong></span> <span class='ocrx_word' id='word_1_677' title='bbox 2740 4357 2940 4413; x_wconf 90' lang='lat' dir='ltr'><strong>capere</strong></span> <span class='ocrx_word' id='word_1_678' title='bbox 2970 4342 3232 4413; x_wconf 86' lang='lat' dir='ltr'><strong>potuisse.</strong></span> <span class='ocrx_word' id='word_1_679' title='bbox 3265 4345 3447 4400; x_wconf 82' lang='lat' dir='ltr'><strong>Monet</strong></span> <span class='ocrx_word' id='word_1_680' title='bbox 3476 4363 3611 4420; x_wconf 81' lang='lat' dir='ltr'><strong>ergo</strong></span> 
     </span>
    </p>
   </div>
   <div class='ocr_carea' id='block_1_92' title="bbox 307 4429 3613 4523">
    <p class='ocr_par' dir='ltr' id='par_1_92' title="bbox 307 4429 3613 4523">
     <span class='ocr_line' id='line_1_92' title="bbox 307 4429 3613 4523; baseline 0.001 -36"><span class='ocrx_word' id='word_1_681' title='bbox 307 4431 437 4503; x_wconf 87' lang='lat' dir='ltr'><strong>ille,</strong></span> <span class='ocrx_word' id='word_1_682' title='bbox 489 4432 694 4489; x_wconf 88' lang='lat' dir='ltr'><strong>famam</strong></span> <span class='ocrx_word' id='word_1_683' title='bbox 752 4448 872 4504; x_wconf 71' lang='lat' dir='ltr'><strong>quas</strong></span> <span class='ocrx_word' id='word_1_684' title='bbox 923 4431 1203 4488; x_wconf 82' lang='lat' dir='ltr'><strong>ferebatur</strong></span> <span class='ocrx_word' id='word_1_685' title='bbox 1255 4430 1545 4500; x_wconf 89' lang='lat' dir='ltr'><strong>injiciens,</strong></span> <span class='ocrx_word' id='word_1_686' title='bbox 1595 4429 1904 4486; x_wconf 73' lang='lat' dir='ltr'><strong>afﬁrmabat</strong></span> <span class='ocrx_word' id='word_1_687' title='bbox 1932 4461 1984 4523; x_wconf 70' lang='grc' dir='ltr'>Β</span> <span class='ocrx_word' id='word_1_688' title='bbox 2016 4431 2310 4486; x_wconf 88' lang='lat' dir='ltr'><strong>Anselmus</strong></span> <span class='ocrx_word' id='word_1_689' title='bbox 2340 4439 2394 4486; x_wconf 93' lang='lat' dir='ltr'><strong>et</strong></span> <span class='ocrx_word' id='word_1_690' title='bbox 2422 4446 2518 4501; x_wconf 92' lang='lat' dir='ltr'><strong>per</strong></span> <span class='ocrx_word' id='word_1_691' title='bbox 2544 4430 2911 4486; x_wconf 88' lang='lat' dir='ltr'><strong>Christianam</strong></span> <span class='ocrx_word' id='word_1_692' title='bbox 2952 4430 3316 4487; x_wconf 89' lang='lat' dir='ltr'><strong>obedientiam</strong></span> <span class='ocrx_word' id='word_1_693' title='bbox 3359 4435 3613 4492; x_wconf 89' lang='lat' dir='ltr'><strong>omnibus</strong></span> 
     </span>
    </p>
   </div>
   <div class='ocr_carea' id='block_1_93' title="bbox 305 4518 1903 4592">
    <p class='ocr_par' dir='ltr' id='par_1_93' title="bbox 305 4518 1903 4592">
     <span class='ocr_line' id='line_1_93' title="bbox 305 4518 1903 4592; baseline -0.004 -15"><span class='ocrx_word' id='word_1_694' title='bbox 305 4520 457 4577; x_wconf 86' lang='lat' dir='ltr'><strong>nulla</strong></span> <span class='ocrx_word' id='word_1_695' title='bbox 502 4536 561 4576; x_wconf 90' lang='lat' dir='ltr'><strong>se</strong></span> <span class='ocrx_word' id='word_1_696' title='bbox 606 4536 845 4592; x_wconf 89' lang='lat' dir='ltr'><strong>unquam</strong></span> <span class='ocrx_word' id='word_1_697' title='bbox 888 4521 1100 4576; x_wconf 89' lang='lat' dir='ltr'><strong>ratione</strong></span> <span class='ocrx_word' id='word_1_698' title='bbox 1140 4519 1197 4575; x_wconf 90' lang='lat' dir='ltr'><strong>in</strong></span> <span class='ocrx_word' id='word_1_699' title='bbox 1245 4520 1349 4575; x_wconf 89' lang='lat' dir='ltr'><strong>hoc</strong></span> <span class='ocrx_word' id='word_1_700' title='bbox 1404 4518 1810 4586; x_wconf 90' lang='lat' dir='ltr'><strong>declinandum,</strong></span> <span class='ocrx_word' id='word_1_701' title='bbox 1843 4521 1903 4573; x_wconf 91' lang='lat' dir='ltr'><strong>ut</strong></span> 
     </span>
    </p>
   </div>
   <div class='ocr_carea' id='block_1_94' title="bbox 303 4606 1903 4681">
    <p class='ocr_par' dir='ltr' id='par_1_94' title="bbox 303 4606 1903 4681">
     <span class='ocr_line' id='line_1_94' title="bbox 303 4606 1903 4681; baseline -0.003 -16"><span class='ocrx_word' id='word_1_702' title='bbox 303 4623 457 4665; x_wconf 89' lang='lat' dir='ltr'><strong>suam</strong></span> <span class='ocrx_word' id='word_1_703' title='bbox 485 4610 603 4665; x_wconf 92' lang='lat' dir='ltr'><strong>Deo</strong></span> <span class='ocrx_word' id='word_1_704' title='bbox 633 4623 889 4681; x_wconf 88' lang='lat' dir='ltr'><strong>sponsam</strong></span> <span class='ocrx_word' id='word_1_705' title='bbox 938 4608 1103 4676; x_wconf 91' lang='lat' dir='ltr'><strong>tollat,</strong></span> <span class='ocrx_word' id='word_1_706' title='bbox 1152 4615 1205 4663; x_wconf 92' lang='lat' dir='ltr'><strong>et</strong></span> <span class='ocrx_word' id='word_1_707' title='bbox 1262 4623 1379 4662; x_wconf 88' lang='lat' dir='ltr'><strong>eam</strong></span> <span class='ocrx_word' id='word_1_708' title='bbox 1427 4614 1645 4663; x_wconf 91' lang='lat' dir='ltr'><strong>terreno</strong></span> <span class='ocrx_word' id='word_1_709' title='bbox 1699 4606 1903 4662; x_wconf 88' lang='lat' dir='ltr'><strong>homini</strong></span> 
     </span>
    </p>
   </div>
   <div class='ocr_carea' id='block_1_95' title="bbox 302 4694 1905 4769">
    <p class='ocr_par' dir='ltr' id='par_1_95' title="bbox 302 4694 1905 4769">
     <span class='ocr_line' id='line_1_95' title="bbox 302 4694 1905 4769; baseline -0.002 -15"><span class='ocrx_word' id='word_1_710' title='bbox 302 4696 360 4754; x_wconf 88' lang='lat' dir='ltr'><strong>in</strong></span> <span class='ocrx_word' id='word_1_711' title='bbox 398 4697 810 4757; x_wconf 81' lang='lat' dir='ltr'><strong>matrim0nium</strong></span> <span class='ocrx_word' id='word_1_712' title='bbox 849 4696 1074 4769; x_wconf 81' lang='lat' dir='ltr'><strong>jungat.</strong></span> <span class='ocrx_word' id='word_1_713' title='bbox 1111 4696 1298 4757; x_wconf 79' lang='lat' dir='ltr'><strong>Refert</strong></span> <span class='ocrx_word' id='word_1_714' title='bbox 1323 4695 1439 4765; x_wconf 86' lang='lat' dir='ltr'><strong>illa,</strong></span> <span class='ocrx_word' id='word_1_715' title='bbox 1489 4702 1543 4754; x_wconf 91' lang='lat' dir='ltr'><strong>et</strong></span> <span class='ocrx_word' id='word_1_716' title='bbox 1585 4694 1801 4768; x_wconf 89' lang='lat' dir='ltr'><strong>penitus</strong></span> <span class='ocrx_word' id='word_1_717' title='bbox 1845 4710 1905 4751; x_wconf 90' lang='lat' dir='ltr'><strong>se</strong></span> 
     </span>
    </p>
   </div>
   <div class='ocr_carea' id='block_1_96' title="bbox 2011 4518 3607 4590">
    <p class='ocr_par' dir='ltr' id='par_1_96' title="bbox 2011 4518 3607 4590">
     <span class='ocr_line' id='line_1_96' title="bbox 2011 4518 3607 4590; baseline 0.004 -17"><span class='ocrx_word' id='word_1_718' title='bbox 2011 4518 2245 4590; x_wconf 90' lang='lat' dir='ltr'><strong>imperat</strong></span> <span class='ocrx_word' id='word_1_719' title='bbox 2270 4527 2329 4574; x_wconf 90' lang='lat' dir='ltr'><strong>ut</strong></span> <span class='ocrx_word' id='word_1_720' title='bbox 2356 4519 2563 4574; x_wconf 90' lang='lat' dir='ltr'><strong>nullum</strong></span> <span class='ocrx_word' id='word_1_721' title='bbox 2595 4534 2629 4574; x_wconf 89' lang='lat' dir='ltr'><strong>a</strong></span> <span class='ocrx_word' id='word_1_722' title='bbox 2657 4519 2883 4576; x_wconf 89' lang='lat' dir='ltr'><strong>veritate</strong></span> <span class='ocrx_word' id='word_1_723' title='bbox 2914 4518 3068 4575; x_wconf 86' lang='lat' dir='ltr'><strong>favor</strong></span> <span class='ocrx_word' id='word_1_724' title='bbox 3109 4528 3201 4574; x_wconf 91' lang='lat' dir='ltr'><strong>aut</strong></span> <span class='ocrx_word' id='word_1_725' title='bbox 3244 4520 3406 4576; x_wconf 91' lang='lat' dir='ltr'><strong>timor</strong></span> <span class='ocrx_word' id='word_1_726' title='bbox 3434 4523 3607 4579; x_wconf 85' lang='lat' dir='ltr'><strong>deﬂe-</strong></span> 
     </span>
    </p>
   </div>
   <div class='ocr_carea' id='block_1_97' title="bbox 2013 4607 3614 4680">
    <p class='ocr_par' dir='ltr' id='par_1_97' title="bbox 2013 4607 3614 4680">
     <span class='ocr_line' id='line_1_97' title="bbox 2013 4607 3614 4680; baseline 0.003 -16"><span class='ocrx_word' id='word_1_727' title='bbox 2013 4615 2141 4677; x_wconf 87' lang='lat' dir='ltr'><strong>ctat,</strong></span> <span class='ocrx_word' id='word_1_728' title='bbox 2171 4608 2268 4663; x_wconf 89' lang='lat' dir='ltr'><strong>sed</strong></span> <span class='ocrx_word' id='word_1_729' title='bbox 2296 4608 2428 4663; x_wconf 88' lang='lat' dir='ltr'><strong>sicut</strong></span> <span class='ocrx_word' id='word_1_730' title='bbox 2459 4622 2656 4663; x_wconf 86' lang='lat' dir='ltr'><strong>revera</strong></span> <span class='ocrx_word' id='word_1_731' title='bbox 2685 4622 2862 4664; x_wconf 63' lang='lat' dir='ltr'><strong>causa;</strong></span> <span class='ocrx_word' id='word_1_732' title='bbox 2893 4607 3016 4675; x_wconf 89' lang='lat' dir='ltr'><strong>Dei,</strong></span> <span class='ocrx_word' id='word_1_733' title='bbox 3052 4624 3157 4680; x_wconf 83' lang='lat' dir='ltr'><strong>quo</strong></span> <span class='ocrx_word' id='word_1_734' title='bbox 3182 4607 3330 4679; x_wconf 90' lang='lat' dir='ltr'><strong>juste</strong></span> <span class='ocrx_word' id='word_1_735' title='bbox 3359 4608 3614 4668; x_wconf 88' lang='lat' dir='ltr'><strong>determi-</strong></span> 
     </span>
    </p>
   </div>
   <div class='ocr_carea' id='block_1_98' title="bbox 2015 4694 3611 4773">
    <p class='ocr_par' dir='ltr' id='par_1_98' title="bbox 2015 4694 3611 4773">
     <span class='ocr_line' id='line_1_98' title="bbox 2015 4694 3611 4773; baseline 0.006 -22"><span class='ocrx_word' id='word_1_736' title='bbox 2015 4699 2196 4765; x_wconf 90' lang='lat' dir='ltr'><strong>netur,</strong></span> <span class='ocrx_word' id='word_1_737' title='bbox 2216 4695 2587 4769; x_wconf 88' lang='lat' dir='ltr'><strong>unusquisque</strong></span> <span class='ocrx_word' id='word_1_738' title='bbox 2619 4710 2721 4768; x_wconf 91' lang='lat' dir='ltr'><strong>pro</strong></span> <span class='ocrx_word' id='word_1_739' title='bbox 2753 4694 2963 4752; x_wconf 90' lang='lat' dir='ltr'><strong>viribus</strong></span> <span class='ocrx_word' id='word_1_740' title='bbox 2983 4711 3142 4769; x_wconf 91' lang='lat' dir='ltr'><strong>opem</strong></span> <span class='ocrx_word' id='word_1_741' title='bbox 3167 4697 3331 4767; x_wconf 85' lang='lat' dir='ltr'><strong>ferat,</strong></span> <span class='ocrx_word' id='word_1_742' title='bbox 3351 4714 3439 4768; x_wconf 90' lang='lat' dir='ltr'><strong>ne,</strong></span> <span class='ocrx_word' id='word_1_743' title='bbox 3463 4702 3611 4773; x_wconf 91' lang='lat' dir='ltr'><strong>quod</strong></span> 
     </span>
    </p>
   </div>
   <div class='ocr_carea' id='block_1_99' title="bbox 1607 4897 2310 4957">
    <p class='ocr_par' dir='ltr' id='par_1_99' title="bbox 1607 4897 2310 4957">
     <span class='ocr_line' id='line_1_99' title="bbox 1607 4897 2310 4957; baseline -0.004 -1"><span class='ocrx_word' id='word_1_744' title='bbox 1607 4898 2045 4957; x_wconf 82' lang='lat' dir='ltr'><strong>HENSCHENII</strong></span> <span class='ocrx_word' id='word_1_745' title='bbox 2084 4897 2310 4955; x_wconf 69' lang='lat' dir='ltr'><strong>NOTE.</strong></span> 
     </span>
    </p>
   </div>
   <div class='ocr_carea' id='block_1_100' title="bbox 302 5051 1897 5135">
    <p class='ocr_par' dir='ltr' id='par_1_100' title="bbox 302 5051 1897 5135">
     <span class='ocr_line' id='line_1_100' title="bbox 302 5051 1897 5135; baseline -0.001 -26"><span class='ocrx_word' id='word_1_746' title='bbox 302 5051 465 5135; x_wconf 69' lang='lat' dir='ltr'><strong>regni</strong></span> <span class='ocrx_word' id='word_1_747' title='bbox 489 5052 703 5135; x_wconf 59' lang='lat' dir='ltr'><strong>paterni</strong></span> <span class='ocrx_word' id='word_1_748' title='bbox 744 5051 1160 5135; x_wconf 57' lang='lat' dir='ltr'><strong>recupegatione</strong></span> <span class='ocrx_word' id='word_1_749' title='bbox 1193 5070 1205 5108; x_wconf 87' lang='lat'><strong>:</strong></span> <span class='ocrx_word' id='word_1_750' title='bbox 1238 5065 1589 5135; x_wconf 43' lang='lat' dir='ltr'><strong>regem-ergo</strong></span> <span class='ocrx_word' id='word_1_751' title='bbox 1615 5051 1897 5135; x_wconf 71' lang='lat' dir='ltr'><strong>benedixit</strong></span> 
     </span>
    </p>
   </div>
   <div class='ocr_carea' id='block_1_101' title="bbox 299 5122 1894 5276">
    <p class='ocr_par' dir='ltr' id='par_1_101' title="bbox 299 5122 1894 5276">
     <span class='ocr_line' id='line_1_101' title="bbox 302 5122 1891 5249; baseline -0.001 -71"><span class='ocrx_word' id='word_1_752' title='bbox 302 5122 543 5249; x_wconf 67' lang='lat' dir='ltr'><strong>aréhiep.</strong></span> <span class='ocrx_word' id='word_1_753' title='bbox 570 5122 933 5179; x_wconf 83' lang='lat' dir='ltr'><strong>Eboracensis</strong></span> <span class='ocrx_word' id='word_1_754' title='bbox 949 5122 1211 5193; x_wconf 88' lang='lat' dir='ltr'><strong>Thomas,</strong></span> <span class='ocrx_word' id='word_1_755' title='bbox 1245 5122 1387 5179; x_wconf 68' lang='lat' dir='ltr'><strong>an&#39;no</strong></span> <span class='ocrx_word' id='word_1_756' title='bbox 1422 5122 1580 5189; x_wconf 72' lang='lat'><strong>“00,</strong></span> <span class='ocrx_word' id='word_1_757' title='bbox 1600 5122 1891 5195; x_wconf 86' lang='lat' dir='ltr'><strong>vAugusti,</strong></span> 
     </span>
     <span class='ocr_line' id='line_1_102' title="bbox 299 5193 1894 5276; baseline -0.001 -26"><span class='ocrx_word' id='word_1_758' title='bbox 299 5202 424 5266; x_wconf 88' lang='lat' dir='ltr'><strong>post</strong></span> <span class='ocrx_word' id='word_1_759' title='bbox 452 5210 505 5276; x_wconf 52' lang='grc' dir='ltr'><strong>ρ.</strong></span> <span class='ocrx_word' id='word_1_760' title='bbox 528 5193 962 5276; x_wconf 43' lang='lat' dir='ltr'><strong>itum‘Guillelmi</strong></span> <span class='ocrx_word' id='word_1_761' title='bbox 992 5193 1080 5251; x_wconf 85' lang='lat' dir='ltr'><strong>die</strong></span> <span class='ocrx_word' id='word_1_762' title='bbox 1111 5194 1282 5264; x_wconf 89' lang='lat' dir='ltr'><strong>tertia,</strong></span> <span class='ocrx_word' id='word_1_763' title='bbox 1306 5194 1397 5265; x_wconf 89' lang='lat' dir='ltr'><strong>qui</strong></span> <span class='ocrx_word' id='word_1_764' title='bbox 1426 5203 1479 5249; x_wconf 90' lang='lat' dir='ltr'><strong>et</strong></span> <span class='ocrx_word' id='word_1_765' title='bbox 1506 5195 1622 5266; x_wconf 91' lang='lat' dir='ltr'><strong>ipse</strong></span> <span class='ocrx_word' id='word_1_766' title='bbox 1649 5193 1894 5264; x_wconf 89' lang='lat' dir='ltr'><strong>sequenti</strong></span> 
     </span>
    </p>
   </div>
   <div class='ocr_carea' id='block_1_102' title="bbox 299 5263 935 5321">
    <p class='ocr_par' dir='ltr' id='par_1_102' title="bbox 299 5263 935 5321">
     <span class='ocr_line' id='line_1_103' title="bbox 299 5263 935 5321; baseline -0.002 0"><span class='ocrx_word' id='word_1_767' title='bbox 299 5263 426 5321; x_wconf 82' lang='lat' dir='ltr'><strong>inox</strong></span> <span class='ocrx_word' id='word_1_768' title='bbox 452 5263 752 5321; x_wconf 89' lang='lat' dir='ltr'><strong>Novembri</strong></span> <span class='ocrx_word' id='word_1_769' title='bbox 783 5264 935 5320; x_wconf 89' lang='lat' dir='ltr'><strong>obiit.</strong></span> 
     </span>
    </p>
   </div>
   <div class='ocr_carea' id='block_1_103' title="bbox 369 5335 1893 5416">
    <p class='ocr_par' dir='ltr' id='par_1_103' title="bbox 369 5335 1893 5416">
     <span class='ocr_line' id='line_1_104' title="bbox 369 5335 1893 5416; baseline 0.001 -26"><span class='ocrx_word' id='word_1_770' title='bbox 369 5335 452 5416; x_wconf 69' lang='lat' dir='ltr'><strong>(tt)</strong></span> <span class='ocrx_word' id='word_1_771' title='bbox 499 5335 704 5416; x_wconf 56' lang='lat' dir='ltr'><strong>Colitur</strong></span> <span class='ocrx_word' id='word_1_772' title='bbox 745 5335 806 5416; x_wconf 53' lang='grc' dir='ltr'><strong>ετ</strong></span> <span class='ocrx_word' id='word_1_773' title='bbox 848 5336 1157 5416; x_wconf 77' lang='lat' dir='ltr'><strong>Margareta</strong></span> <span class='ocrx_word' id='word_1_774' title='bbox 1197 5336 1390 5409; x_wconf 85' lang='lat' dir='ltr'><strong>regina</strong></span> <span class='ocrx_word' id='word_1_775' title='bbox 1436 5351 1476 5392; x_wconf 76' lang='grc' dir='ltr'>ι</span> <span class='ocrx_word' id='word_1_776' title='bbox 1521 5335 1683 5405; x_wconf 83' lang='lat' dir='ltr'><strong>Junii,</strong></span> <span class='ocrx_word' id='word_1_777' title='bbox 1733 5335 1893 5391; x_wconf 90' lang='lat' dir='ltr'><strong>etiam</strong></span> 
     </span>
    </p>
   </div>
   <div class='ocr_carea' id='block_1_104' title="bbox 296 5405 1084 5477">
    <p class='ocr_par' dir='ltr' id='par_1_104' title="bbox 296 5405 1084 5477">
     <span class='ocr_line' id='line_1_105' title="bbox 296 5405 1084 5477; baseline -0.004 -13"><span class='ocrx_word' id='word_1_778' title='bbox 296 5405 581 5477; x_wconf 68' lang='lat' dir='ltr'><strong>Martyrol.</strong></span> <span class='ocrx_word' id='word_1_779' title='bbox 604 5405 763 5462; x_wconf 82' lang='lat' dir='ltr'><strong>Rom.</strong></span> <span class='ocrx_word' id='word_1_780' title='bbox 794 5405 1084 5477; x_wconf 86' lang='lat' dir='ltr'><strong>inscripta.</strong></span> 
     </span>
    </p>
   </div>
   <div class='ocr_carea' id='block_1_105' title="bbox 364 5475 1893 5558">
    <p class='ocr_par' dir='ltr' id='par_1_105' title="bbox 364 5475 1893 5558">
     <span class='ocr_line' id='line_1_106' title="bbox 364 5475 1893 5558; baseline -0.001 -23"><span class='ocrx_word' id='word_1_781' title='bbox 364 5475 453 5552; x_wconf 58' lang='lat' dir='ltr'><strong>(by</strong></span> <span class='ocrx_word' id='word_1_782' title='bbox 476 5475 735 5558; x_wconf 39' lang='lat' dir='ltr'><strong>celebris.</strong></span> <span class='ocrx_word' id='word_1_783' title='bbox 744 5477 889 5547; x_wconf 89' lang='lat' dir='ltr'><strong>apud</strong></span> <span class='ocrx_word' id='word_1_784' title='bbox 912 5475 1197 5558; x_wconf 66' lang='lat' dir='ltr'><strong>historicos</strong></span> <span class='ocrx_word' id='word_1_785' title='bbox 1217 5485 1299 5558; x_wconf 83' lang='lat' dir='ltr'><strong>est</strong></span> <span class='ocrx_word' id='word_1_786' title='bbox 1320 5477 1550 5558; x_wconf 45' lang='lat' dir='ltr'><strong>Alanus.</strong></span> <span class='ocrx_word' id='word_1_787' title='bbox 1573 5491 1758 5558; x_wconf 78' lang='lat' dir='ltr'><strong>comes</strong></span> <span class='ocrx_word' id='word_1_788' title='bbox 1779 5477 1893 5558; x_wconf 49' lang='lat' dir='ltr'><strong>Bri:</strong></span> 
     </span>
    </p>
   </div>
   <div class='ocr_carea' id='block_1_106' title="bbox 299 5547 1892 5623">
    <p class='ocr_par' dir='ltr' id='par_1_106' title="bbox 299 5547 1892 5623">
     <span class='ocr_line' id='line_1_107' title="bbox 299 5547 1892 5623; baseline -0.001 -14"><span class='ocrx_word' id='word_1_789' title='bbox 299 5547 489 5609; x_wconf 79' lang='lat' dir='ltr'><strong>tonum</strong></span> <span class='ocrx_word' id='word_1_790' title='bbox 514 5547 948 5616; x_wconf 78' lang='lat' dir='ltr'><strong>Armoricorum,</strong></span> <span class='ocrx_word' id='word_1_791' title='bbox 978 5547 1120 5606; x_wconf 88' lang='lat' dir='ltr'><strong>inter</strong></span> <span class='ocrx_word' id='word_1_792' title='bbox 1164 5548 1435 5623; x_wconf 86' lang='lat' dir='ltr'><strong>principia</strong></span> <span class='ocrx_word' id='word_1_793' title='bbox 1478 5547 1892 5607; x_wconf 84' lang='lat' dir='ltr'><strong>Northmannici</strong></span> 
     </span>
    </p>
   </div>
   <div class='ocr_carea' id='block_1_107' title="bbox 500 5643 1037 5711">
    <p class='ocr_par' dir='ltr' id='par_1_107' title="bbox 500 5643 1037 5711">
     <span class='ocr_line' id='line_1_108' title="bbox 500 5643 1037 5711; baseline 0.004 -2"><span class='ocrx_word' id='word_1_794' title='bbox 500 5643 774 5711; x_wconf 66' lang='lat' dir='ltr'><strong>Panos.</strong></span> <span class='ocrx_word' id='word_1_795' title='bbox 813 5643 1037 5711; x_wconf 87' lang='lat' dir='ltr'><strong>CLIX.</strong></span> 
     </span>
    </p>
   </div>
   <div class='ocr_carea' id='block_1_108' title="bbox 2003 5048 3597 5131">
    <p class='ocr_par' dir='ltr' id='par_1_108' title="bbox 2003 5048 3597 5131">
     <span class='ocr_line' id='line_1_109' title="bbox 2003 5048 3597 5131; baseline -0.002 -25"><span class='ocrx_word' id='word_1_796' title='bbox 2003 5049 2307 5106; x_wconf 90' lang='lat' dir='ltr'><strong>dominatus</strong></span> <span class='ocrx_word' id='word_1_797' title='bbox 2344 5048 2407 5131; x_wconf 72' lang='lat' dir='ltr'><strong>in</strong></span> <span class='ocrx_word' id='word_1_798' title='bbox 2439 5048 2701 5131; x_wconf 61' lang='lat' dir='ltr'><strong>Francia,</strong></span> <span class='ocrx_word' id='word_1_799' title='bbox 2749 5056 2924 5131; x_wconf 71' lang='lat' dir='ltr'><strong>matre</strong></span> <span class='ocrx_word' id='word_1_800' title='bbox 2978 5050 3409 5131; x_wconf 75' lang='lat' dir='ltr'><strong>Northmannica</strong></span> <span class='ocrx_word' id='word_1_801' title='bbox 3464 5076 3597 5131; x_wconf 71' lang='lat' dir='ltr'><strong>pro-</strong></span> 
     </span>
    </p>
   </div>
   <div class='ocr_carea' id='block_1_109' title="bbox 2002 5119 3597 5194">
    <p class='ocr_par' dir='ltr' id='par_1_109' title="bbox 2002 5119 3597 5194">
     <span class='ocr_line' id='line_1_110' title="bbox 2002 5119 3597 5194; baseline 0.006 -19"><span class='ocrx_word' id='word_1_802' title='bbox 2002 5131 2214 5194; x_wconf 82' lang='lat' dir='ltr'><strong>creatus</strong></span> <span class='ocrx_word' id='word_1_803' title='bbox 2250 5139 2261 5175; x_wconf 92' lang='lat'>:</span> <span class='ocrx_word' id='word_1_804' title='bbox 2306 5119 2518 5194; x_wconf 79' lang='lat' dir='ltr'><strong>videtur</strong></span> <span class='ocrx_word' id='word_1_805' title='bbox 2558 5128 2732 5194; x_wconf 83' lang='lat' dir='ltr'><strong>autem</strong></span> <span class='ocrx_word' id='word_1_806' title='bbox 2776 5122 3091 5194; x_wconf 82' lang='lat' dir='ltr'><strong>conjectura</strong></span> <span class='ocrx_word' id='word_1_807' title='bbox 3130 5126 3427 5194; x_wconf 87' lang='lat' dir='ltr'><strong>probabilis</strong></span> <span class='ocrx_word' id='word_1_808' title='bbox 3464 5119 3597 5186; x_wconf 75' lang='lat' dir='ltr'><strong>fun-</strong></span> 
     </span>
    </p>
   </div>
   <div class='ocr_carea' id='block_1_110' title="bbox 2002 5191 3596 5267">
    <p class='ocr_par' dir='ltr' id='par_1_110' title="bbox 2002 5191 3596 5267">
     <span class='ocr_line' id='line_1_111' title="bbox 2002 5191 3596 5267; baseline 0.006 -20"><span class='ocrx_word' id='word_1_809' title='bbox 2002 5192 2121 5247; x_wconf 89' lang='lat' dir='ltr'><strong>dari</strong></span> <span class='ocrx_word' id='word_1_810' title='bbox 2150 5193 2203 5245; x_wconf 90' lang='lat' dir='ltr'><strong>in</strong></span> <span class='ocrx_word' id='word_1_811' title='bbox 2218 5192 2509 5267; x_wconf 88' lang='lat' dir='ltr'><strong>_co_mmuni</strong></span> <span class='ocrx_word' id='word_1_812' title='bbox 2540 5191 3268 5267; x_wconf 78' lang='lat' dir='ltr'><strong>Angl_orum_Sco_torumque</strong></span> <span class='ocrx_word' id='word_1_813' title='bbox 3317 5199 3444 5255; x_wconf 87' lang='lat' dir='ltr'><strong>odio</strong></span> <span class='ocrx_word' id='word_1_814' title='bbox 3492 5203 3596 5257; x_wconf 90' lang='lat' dir='ltr'><strong>ad-</strong></span> 
     </span>
    </p>
   </div>
   <div class='ocr_carea' id='block_1_111' title="bbox 2001 5263 3599 5333">
    <p class='ocr_par' dir='ltr' id='par_1_111' title="bbox 2001 5263 3599 5333">
     <span class='ocr_line' id='line_1_112' title="bbox 2001 5263 3599 5333; baseline 0.006 -13"><span class='ocrx_word' id='word_1_815' title='bbox 2001 5278 2188 5320; x_wconf 78' lang='lat' dir='ltr'><strong>versus</strong></span> <span class='ocrx_word' id='word_1_816' title='bbox 2217 5264 2479 5331; x_wconf 85' lang='lat' dir='ltr'><strong>Britones,</strong></span> <span class='ocrx_word' id='word_1_817' title='bbox 2512 5263 2657 5333; x_wconf 91' lang='lat' dir='ltr'><strong>quod</strong></span> <span class='ocrx_word' id='word_1_818' title='bbox 2683 5263 2768 5318; x_wconf 88' lang='lat' dir='ltr'><strong>hic</strong></span> <span class='ocrx_word' id='word_1_819' title='bbox 2796 5263 2882 5318; x_wconf 88' lang='lat' dir='ltr'><strong>vel</strong></span> <span class='ocrx_word' id='word_1_820' title='bbox 2912 5264 3123 5321; x_wconf 83' lang='lat' dir='ltr'><strong>Alanus</strong></span> <span class='ocrx_word' id='word_1_821' title='bbox 3159 5263 3347 5324; x_wconf 73' lang='lat' dir='ltr'><strong>comes</strong></span> <span class='ocrx_word' id='word_1_822' title='bbox 3393 5271 3599 5329; x_wconf 89' lang='lat' dir='ltr'><strong>dicatur</strong></span> 
     </span>
    </p>
   </div>
   <div class='ocr_carea' id='block_1_112' title="bbox 2000 5333 3593 5410">
    <p class='ocr_par' dir='ltr' id='par_1_112' title="bbox 2000 5333 3593 5410">
     <span class='ocr_line' id='line_1_113' title="bbox 2000 5333 3593 5410; baseline 0.007 -22"><span class='ocrx_word' id='word_1_823' title='bbox 2000 5333 2451 5410; x_wconf 71' lang='lat' dir='ltr'><strong>proverbialiter,_</strong></span> <span class='ocrx_word' id='word_1_824' title='bbox 2476 5348 2827 5410; x_wconf 48' lang='lat' dir='ltr'><strong>pronmagnp</strong></span> <span class='ocrx_word' id='word_1_825' title='bbox 2873 5334 3072 5392; x_wconf 91' lang='lat' dir='ltr'><strong>Scotici</strong></span> <span class='ocrx_word' id='word_1_826' title='bbox 3124 5339 3360 5394; x_wconf 90' lang='lat' dir='ltr'><strong>nominis</strong></span> <span class='ocrx_word' id='word_1_827' title='bbox 3420 5344 3593 5410; x_wconf 86' lang='lat' dir='ltr'><strong>hoste,</strong></span> 
     </span>
    </p>
   </div>
   <div class='ocr_carea' id='block_1_113' title="bbox 2002 5403 3595 5480">
    <p class='ocr_par' dir='ltr' id='par_1_113' title="bbox 2002 5403 3595 5480">
     <span class='ocr_line' id='line_1_114' title="bbox 2002 5403 3595 5480; baseline 0.006 -20"><span class='ocrx_word' id='word_1_828' title='bbox 2002 5403 2089 5461; x_wconf 79' lang='lat' dir='ltr'><strong>vel</strong></span> <span class='ocrx_word' id='word_1_829' title='bbox 2132 5403 2532 5480; x_wconf 73' lang='lat' dir='ltr'><strong>aliquisprimi</strong></span> <span class='ocrx_word' id='word_1_830' title='bbox 2581 5403 2736 5480; x_wconf 69' lang='lat' dir='ltr'><strong>illius</strong></span> <span class='ocrx_word' id='word_1_831' title='bbox 2784 5404 3015 5463; x_wconf 86' lang='lat' dir='ltr'><strong>fortasse</strong></span> <span class='ocrx_word' id='word_1_832' title='bbox 3068 5424 3277 5480; x_wconf 87' lang='lat' dir='ltr'><strong>nepos,</strong></span> <span class='ocrx_word' id='word_1_833' title='bbox 3324 5419 3377 5466; x_wconf 90' lang='lat' dir='ltr'><strong>et</strong></span> <span class='ocrx_word' id='word_1_834' title='bbox 3419 5403 3595 5469; x_wconf 73' lang='lat' dir='ltr'><strong>Scotis</strong></span> 
     </span>
    </p>
   </div>
   <div class='ocr_carea' id='block_1_114' title="bbox 2001 5474 2905 5548">
    <p class='ocr_par' dir='ltr' id='par_1_114' title="bbox 2001 5474 2905 5548">
     <span class='ocr_line' id='line_1_115' title="bbox 2001 5474 2905 5548; baseline -0.003 -12"><span class='ocrx_word' id='word_1_835' title='bbox 2001 5491 2156 5548; x_wconf 66' lang='lat' dir='ltr'><strong>eque</strong></span> <span class='ocrx_word' id='word_1_836' title='bbox 2179 5474 2519 5548; x_wconf 79' lang='lat' dir='ltr'><strong>abominatus</strong></span> <span class='ocrx_word' id='word_1_837' title='bbox 2549 5474 2905 5548; x_wconf 75' lang='lat' dir='ltr'><strong>signiﬁcetur.</strong></span> 
     </span>
    </p>
   </div>
   <div class='ocr_carea' id='block_1_115' title="bbox 2072 5543 3587 5623">
    <p class='ocr_par' dir='ltr' id='par_1_115' title="bbox 2072 5543 3587 5623">
     <span class='ocr_line' id='line_1_116' title="bbox 2072 5543 3587 5623; baseline 0.003 -17"><span class='ocrx_word' id='word_1_838' title='bbox 2072 5543 2150 5621; x_wconf 65' lang='lat' dir='ltr'><strong>lc)</strong></span> <span class='ocrx_word' id='word_1_839' title='bbox 2182 5546 2449 5606; x_wconf 85' lang='lat' dir='ltr'><strong>Wiltonia</strong></span> <span class='ocrx_word' id='word_1_840' title='bbox 2476 5543 2856 5621; x_wconf 78' lang='lat' dir='ltr'><strong>episcoporum</strong></span> <span class='ocrx_word' id='word_1_841' title='bbox 2887 5548 3062 5620; x_wconf 84' lang='lat' dir='ltr'><strong>sedes,</strong></span> <span class='ocrx_word' id='word_1_842' title='bbox 3080 5557 3375 5623; x_wconf 82' lang='lat' dir='ltr'><strong>antequam</strong></span> <span class='ocrx_word' id='word_1_843' title='bbox 3405 5568 3472 5609; x_wconf 87' lang='lat' dir='ltr'><strong>ea</strong></span> <span class='ocrx_word' id='word_1_844' title='bbox 3490 5550 3587 5611; x_wconf 86' lang='lat' dir='ltr'><strong>Sa-</strong></span> 
     </span>
    </p>
   </div>
   <div class='ocr_carea' id='block_1_116' title="bbox 3326 5648 3401 5716">
    <p class='ocr_par' dir='ltr' id='par_1_116' title="bbox 3326 5648 3401 5716">
     <span class='ocr_line' id='line_1_117' title="bbox 3326 5648 3401 5716; baseline 0.04 -3"><span class='ocrx_word' id='word_1_845' title='bbox 3326 5648 3401 5716; x_wconf 76' lang='grc'><strong>14</strong></span> 
     </span>
    </p>
   </div>
  </div>
