  <div class='ocr_page' id='page_1' title='image "/cluster/home/n/w/nwhite01/storage/ocr_20150623/159/hvd.32044054760178/219.png"; bbox 0 0 3996 6084; ppageno 0'>
   <div class='ocr_carea' id='block_1_1' title="bbox 412 357 511 410">
    <p class='ocr_par' dir='ltr' id='par_1_1' title="bbox 412 357 511 410">
     <span class='ocr_line' id='line_1_1' title="bbox 412 357 511 410; baseline -0.03 1"><span class='ocrx_word' id='word_1_1' title='bbox 412 357 511 410; x_wconf 69' lang='grc' dir='ltr'>ΗἻ</span> 
     </span>
    </p>
   </div>
   <div class='ocr_carea' id='block_1_2' title="bbox 1407 337 2697 400">
    <p class='ocr_par' dir='ltr' id='par_1_2' title="bbox 1407 337 2697 400">
     <span class='ocr_line' id='line_1_2' title="bbox 1407 337 2697 400; baseline -0.004 -2"><span class='ocrx_word' id='word_1_2' title='bbox 1407 341 1717 400; x_wconf 79' lang='grc' dir='ltr'>ΕΑΒΜΕΒΙ</span> <span class='ocrx_word' id='word_1_3' title='bbox 1763 337 2319 395; x_wconf 80' lang='lat' dir='ltr'>CANTUARIENSIS</span> <span class='ocrx_word' id='word_1_4' title='bbox 2360 338 2697 396; x_wconf 80' lang='lat' dir='ltr'>MONACHI.</span> 
     </span>
    </p>
   </div>
   <div class='ocr_carea' id='block_1_3' title="bbox 3606 338 3715 392">
    <p class='ocr_par' dir='ltr' id='par_1_3' title="bbox 3606 338 3715 392">
     <span class='ocr_line' id='line_1_3' title="bbox 3606 338 3715 392; baseline 0 -1"><span class='ocrx_word' id='word_1_5' title='bbox 3606 338 3715 392; x_wconf 68' lang='grc' dir='ltr'>ηδ</span> 
     </span>
    </p>
   </div>
   <div class='ocr_carea' id='block_1_4' title="bbox 409 456 3726 545">
    <p class='ocr_par' dir='ltr' id='par_1_4' title="bbox 409 456 3726 545">
     <span class='ocr_line' id='line_1_4' title="bbox 409 456 3726 545; baseline -0.004 -12"><span class='ocrx_word' id='word_1_6' title='bbox 409 478 583 545; x_wconf 83' lang='lat' dir='ltr'>absit,</span> <span class='ocrx_word' id='word_1_7' title='bbox 633 456 819 539; x_wconf 84' lang='lat' dir='ltr'>aiens,</span> <span class='ocrx_word' id='word_1_8' title='bbox 867 471 983 526; x_wconf 89' lang='lat' dir='ltr'>talis</span> <span class='ocrx_word' id='word_1_9' title='bbox 1017 468 1208 540; x_wconf 90' lang='lat' dir='ltr'>judicii</span> <span class='ocrx_word' id='word_1_10' title='bbox 1263 465 1527 522; x_wconf 73' lang='lat' dir='ltr'>sententia</span> <span class='ocrx_word' id='word_1_11' title='bbox 1583 463 1809 536; x_wconf 81' lang='lat' dir='ltr'>prodeat</span> <span class='ocrx_word' id='word_1_12' title='bbox 1853 464 2003 532; x_wconf 90' lang='lat' dir='ltr'>cujus</span> <span class='ocrx_word' id='word_1_13' title='bbox 2030 461 2088 524; x_wconf 86' lang='grc' dir='ltr'><strong>Α</strong></span> <span class='ocrx_word' id='word_1_14' title='bbox 2118 464 2352 533; x_wconf 87' lang='lat' dir='ltr'>suscipio</span> <span class='ocrx_word' id='word_1_15' title='bbox 2391 479 2500 536; x_wconf 86' lang='lat' dir='ltr'>quo</span> <span class='ocrx_word' id='word_1_16' title='bbox 2549 465 2681 518; x_wconf 90' lang='lat' dir='ltr'>tanti</span> <span class='ocrx_word' id='word_1_17' title='bbox 2723 463 2899 519; x_wconf 90' lang='lat' dir='ltr'>Patris</span> <span class='ocrx_word' id='word_1_18' title='bbox 2943 462 3265 519; x_wconf 75' lang='lat' dir='ltr'>auctoritate</span> <span class='ocrx_word' id='word_1_19' title='bbox 3304 461 3574 518; x_wconf 77' lang='lat' dir='ltr'>suti‘ultum</span> <span class='ocrx_word' id='word_1_20' title='bbox 3621 479 3726 519; x_wconf 78' lang='lat' dir='ltr'>au-</span> 
     </span>
    </p>
   </div>
   <div class='ocr_carea' id='block_1_5' title="bbox 414 553 2007 636">
    <p class='ocr_par' dir='ltr' id='par_1_5' title="bbox 414 553 2007 636">
     <span class='ocr_line' id='line_1_5' title="bbox 414 553 2007 636; baseline -0.013 -12"><span class='ocrx_word' id='word_1_21' title='bbox 414 565 669 636; x_wconf 82' lang='lat' dir='ltr'>exemplo</span> <span class='ocrx_word' id='word_1_22' title='bbox 700 564 753 618; x_wconf 94' lang='lat' dir='ltr'>in</span> <span class='ocrx_word' id='word_1_23' title='bbox 785 557 1184 631; x_wconf 89' lang='lat' dir='ltr'>superventuris</span> <span class='ocrx_word' id='word_1_24' title='bbox 1213 555 1566 626; x_wconf 84' lang='lat' dir='ltr'>temporibus,</span> <span class='ocrx_word' id='word_1_25' title='bbox 1612 554 1699 608; x_wconf 85' lang='lat' dir='ltr'>vel</span> <span class='ocrx_word' id='word_1_26' title='bbox 1742 568 1840 607; x_wconf 91' lang='lat' dir='ltr'>sua</span> <span class='ocrx_word' id='word_1_27' title='bbox 1881 553 2007 624; x_wconf 87' lang='lat' dir='ltr'>qui-</span> 
     </span>
    </p>
   </div>
   <div class='ocr_carea' id='block_1_6' title="bbox 413 641 2009 716">
    <p class='ocr_par' dir='ltr' id='par_1_6' title="bbox 413 641 2009 716">
     <span class='ocr_line' id='line_1_6' title="bbox 413 641 2009 716; baseline -0.01 -4"><span class='ocrx_word' id='word_1_28' title='bbox 413 656 547 712; x_wconf 87' lang='lat' dir='ltr'>libet</span> <span class='ocrx_word' id='word_1_29' title='bbox 577 653 824 708; x_wconf 85' lang='lat' dir='ltr'>libertate</span> <span class='ocrx_word' id='word_1_30' title='bbox 852 665 959 703; x_wconf 91' lang='lat' dir='ltr'>non</span> <span class='ocrx_word' id='word_1_31' title='bbox 985 649 1104 716; x_wconf 90' lang='lat' dir='ltr'>jure</span> <span class='ocrx_word' id='word_1_32' title='bbox 1142 647 1409 716; x_wconf 88' lang='lat' dir='ltr'>privetur,</span> <span class='ocrx_word' id='word_1_33' title='bbox 1441 642 1530 699; x_wconf 85' lang='lat' dir='ltr'>vel</span> <span class='ocrx_word' id='word_1_34' title='bbox 1575 643 1717 696; x_wconf 84' lang='lat' dir='ltr'>Deus</span> <span class='ocrx_word' id='word_1_35' title='bbox 1762 641 1845 694; x_wconf 86' lang='lat' dir='ltr'>his</span> <span class='ocrx_word' id='word_1_36' title='bbox 1887 657 2009 710; x_wconf 79' lang='lat' dir='ltr'>quae</span> 
     </span>
    </p>
   </div>
   <div class='ocr_carea' id='block_1_7' title="bbox 412 730 2012 815">
    <p class='ocr_par' dir='ltr' id='par_1_7' title="bbox 412 730 2012 815">
     <span class='ocr_line' id='line_1_7' title="bbox 412 730 2012 815; baseline -0.011 -14"><span class='ocrx_word' id='word_1_37' title='bbox 412 746 496 801; x_wconf 89' lang='lat' dir='ltr'>sui</span> <span class='ocrx_word' id='word_1_38' title='bbox 522 744 660 815; x_wconf 88' lang='lat' dir='ltr'>juris</span> <span class='ocrx_word' id='word_1_39' title='bbox 689 755 806 796; x_wconf 90' lang='lat' dir='ltr'>esse</span> <span class='ocrx_word' id='word_1_40' title='bbox 835 737 1038 792; x_wconf 90' lang='lat' dir='ltr'>debent</span> <span class='ocrx_word' id='word_1_41' title='bbox 1065 734 1258 804; x_wconf 87' lang='lat' dir='ltr'>injuria</span> <span class='ocrx_word' id='word_1_42' title='bbox 1297 732 1668 788; x_wconf 80' lang='lat' dir='ltr'>defraudatur.</span> <span class='ocrx_word' id='word_1_43' title='bbox 1692 730 2012 786; x_wconf 83' lang='lat' dir='ltr'>Acclamant</span> 
     </span>
    </p>
   </div>
   <div class='ocr_carea' id='block_1_8' title="bbox 416 821 2010 893">
    <p class='ocr_par' dir='ltr' id='par_1_8' title="bbox 416 821 2010 893">
     <span class='ocr_line' id='line_1_8' title="bbox 416 821 2010 893; baseline -0.012 -3"><span class='ocrx_word' id='word_1_44' title='bbox 416 847 609 890; x_wconf 90' lang='lat' dir='ltr'>omnes</span> <span class='ocrx_word' id='word_1_45' title='bbox 633 830 707 884; x_wconf 90' lang='lat' dir='ltr'>ita</span> <span class='ocrx_word' id='word_1_46' title='bbox 736 825 1067 893; x_wconf 85' lang='lat' dir='ltr'>faciendum,</span> <span class='ocrx_word' id='word_1_47' title='bbox 1102 831 1156 878; x_wconf 89' lang='lat' dir='ltr'>et</span> <span class='ocrx_word' id='word_1_48' title='bbox 1182 839 1241 878; x_wconf 90' lang='lat' dir='ltr'>se</span> <span class='ocrx_word' id='word_1_49' title='bbox 1270 837 1380 877; x_wconf 90' lang='lat' dir='ltr'>non</span> <span class='ocrx_word' id='word_1_50' title='bbox 1409 821 1567 876; x_wconf 84' lang='lat' dir='ltr'>aliter</span> <span class='ocrx_word' id='word_1_51' title='bbox 1597 821 1826 874; x_wconf 88' lang='lat' dir='ltr'>facturos</span> <span class='ocrx_word' id='word_1_52' title='bbox 1847 833 2010 888; x_wconf 86' lang='lat' dir='ltr'>spon-</span> 
     </span>
    </p>
   </div>
   <div class='ocr_carea' id='block_1_9' title="bbox 414 907 2012 984">
    <p class='ocr_par' dir='ltr' id='par_1_9' title="bbox 414 907 2012 984">
     <span class='ocr_line' id='line_1_9' title="bbox 414 907 2012 984; baseline -0.009 -7"><span class='ocrx_word' id='word_1_53' title='bbox 414 922 561 978; x_wconf 86' lang='lat' dir='ltr'>dent.</span> <span class='ocrx_word' id='word_1_54' title='bbox 594 919 821 974; x_wconf 82' lang='lat' dir='ltr'>Remoto</span> <span class='ocrx_word' id='word_1_55' title='bbox 851 915 1032 984; x_wconf 86' lang='lat' dir='ltr'>itaque</span> <span class='ocrx_word' id='word_1_56' title='bbox 1064 929 1094 967; x_wconf 87' lang='lat' dir='ltr'>a</span> <span class='ocrx_word' id='word_1_57' title='bbox 1124 919 1393 968; x_wconf 86' lang='lat' dir='ltr'>conventu</span> <span class='ocrx_word' id='word_1_58' title='bbox 1422 910 1540 964; x_wconf 91' lang='lat' dir='ltr'>solo</span> <span class='ocrx_word' id='word_1_59' title='bbox 1566 913 1740 979; x_wconf 86' lang='lat' dir='ltr'>patre,</span> <span class='ocrx_word' id='word_1_60' title='bbox 1766 907 2012 962; x_wconf 78' lang='lat' dir='ltr'>Ecclesia</span> 
     </span>
    </p>
   </div>
   <div class='ocr_carea' id='block_1_10' title="bbox 415 996 2012 1080">
    <p class='ocr_par' dir='ltr' id='par_1_10' title="bbox 415 996 2012 1080">
     <span class='ocr_line' id='line_1_10' title="bbox 415 996 2012 1080; baseline -0.01 -16"><span class='ocrx_word' id='word_1_61' title='bbox 415 1008 637 1080; x_wconf 65' lang='lat' dir='ltr'>Anglia:</span> <span class='ocrx_word' id='word_1_62' title='bbox 669 1021 789 1076; x_wconf 78' lang='lat' dir='ltr'>quae</span> <span class='ocrx_word' id='word_1_63' title='bbox 819 1010 1146 1060; x_wconf 83' lang='lat' dir='ltr'>convenerat</span> <span class='ocrx_word' id='word_1_64' title='bbox 1177 1001 1231 1054; x_wconf 91' lang='lat' dir='ltr'>in</span> <span class='ocrx_word' id='word_1_65' title='bbox 1257 1015 1423 1054; x_wconf 91' lang='lat' dir='ltr'>unum</span> <span class='ocrx_word' id='word_1_66' title='bbox 1451 998 1516 1051; x_wconf 89' lang='lat' dir='ltr'>de</span> <span class='ocrx_word' id='word_1_67' title='bbox 1540 996 1865 1068; x_wconf 90' lang='lat' dir='ltr'>proferenda</span> <span class='ocrx_word' id='word_1_68' title='bbox 1889 1011 2012 1050; x_wconf 86' lang='lat' dir='ltr'>sen-</span> 
     </span>
    </p>
   </div>
   <div class='ocr_carea' id='block_1_11' title="bbox 414 1087 2014 1156">
    <p class='ocr_par' dir='ltr' id='par_1_11' title="bbox 414 1087 2014 1156">
     <span class='ocr_line' id='line_1_11' title="bbox 414 1087 2014 1156; baseline -0.012 0"><span class='ocrx_word' id='word_1_69' title='bbox 414 1098 582 1156; x_wconf 83' lang='lat' dir='ltr'>tentia</span> <span class='ocrx_word' id='word_1_70' title='bbox 630 1101 849 1152; x_wconf 84' lang='lat' dir='ltr'>tractat.</span> <span class='ocrx_word' id='word_1_71' title='bbox 924 1091 1132 1147; x_wconf 89' lang='lat' dir='ltr'>Deinde</span> <span class='ocrx_word' id='word_1_72' title='bbox 1179 1089 1274 1144; x_wconf 94' lang='lat' dir='ltr'>illo</span> <span class='ocrx_word' id='word_1_73' title='bbox 1306 1089 1360 1142; x_wconf 91' lang='lat' dir='ltr'>in</span> <span class='ocrx_word' id='word_1_74' title='bbox 1404 1087 1641 1142; x_wconf 91' lang='lat' dir='ltr'>medium</span> <span class='ocrx_word' id='word_1_75' title='bbox 1702 1092 2014 1140; x_wconf 84' lang='lat' dir='ltr'>reverenter</span> 
     </span>
    </p>
   </div>
   <div class='ocr_carea' id='block_1_12' title="bbox 417 1172 2014 1253">
    <p class='ocr_par' dir='ltr' id='par_1_12' title="bbox 417 1172 2014 1253">
     <span class='ocr_line' id='line_1_12' title="bbox 417 1172 2014 1253; baseline -0.011 -9"><span class='ocrx_word' id='word_1_76' title='bbox 417 1187 671 1251; x_wconf 88' lang='lat' dir='ltr'>adducto,</span> <span class='ocrx_word' id='word_1_77' title='bbox 712 1181 1018 1253; x_wconf 87' lang='lat' dir='ltr'>expositum</span> <span class='ocrx_word' id='word_1_78' title='bbox 1059 1187 1140 1234; x_wconf 91' lang='lat' dir='ltr'>est</span> <span class='ocrx_word' id='word_1_79' title='bbox 1171 1177 1299 1248; x_wconf 92' lang='lat' dir='ltr'>quid</span> <span class='ocrx_word' id='word_1_80' title='bbox 1341 1176 1409 1230; x_wconf 91' lang='lat' dir='ltr'>de</span> <span class='ocrx_word' id='word_1_81' title='bbox 1445 1173 1666 1247; x_wconf 85' lang='lat' dir='ltr'>negotio</span> <span class='ocrx_word' id='word_1_82' title='bbox 1708 1172 2014 1229; x_wconf 90' lang='lat' dir='ltr'>communis</span> 
     </span>
    </p>
   </div>
   <div class='ocr_carea' id='block_1_13' title="bbox 422 1262 2023 1333">
    <p class='ocr_par' dir='ltr' id='par_1_13' title="bbox 422 1262 2023 1333">
     <span class='ocr_line' id='line_1_13' title="bbox 422 1262 2023 1333; baseline -0.011 -1"><span class='ocrx_word' id='word_1_83' title='bbox 422 1275 669 1333; x_wconf 88' lang='lat' dir='ltr'>omnium</span> <span class='ocrx_word' id='word_1_84' title='bbox 699 1285 991 1327; x_wconf 87' lang='lat' dir='ltr'>consensus</span> <span class='ocrx_word' id='word_1_85' title='bbox 1018 1265 1303 1323; x_wconf 89' lang='lat' dir='ltr'>invenerit.</span> <span class='ocrx_word' id='word_1_86' title='bbox 1341 1265 1530 1318; x_wconf 85' lang='lat' dir='ltr'>Ratum</span> <span class='ocrx_word' id='word_1_87' title='bbox 1558 1262 1704 1316; x_wconf 88' lang='lat' dir='ltr'>aiunt</span> <span class='ocrx_word' id='word_1_88' title='bbox 1742 1267 2023 1332; x_wconf 83' lang='lat' dir='ltr'>perspecta</span> 
     </span>
    </p>
   </div>
   <div class='ocr_carea' id='block_1_14' title="bbox 419 1349 2022 1425">
    <p class='ocr_par' dir='ltr' id='par_1_14' title="bbox 419 1349 2022 1425">
     <span class='ocr_line' id='line_1_14' title="bbox 419 1349 2022 1425; baseline -0.01 -4"><span class='ocrx_word' id='word_1_89' title='bbox 419 1381 482 1422; x_wconf 89' lang='lat' dir='ltr'>re</span> <span class='ocrx_word' id='word_1_90' title='bbox 510 1363 611 1419; x_wconf 89' lang='lat' dir='ltr'>sibi</span> <span class='ocrx_word' id='word_1_91' title='bbox 637 1360 832 1425; x_wconf 89' lang='lat' dir='ltr'>videri,</span> <span class='ocrx_word' id='word_1_92' title='bbox 865 1365 920 1414; x_wconf 90' lang='lat' dir='ltr'>et</span> <span class='ocrx_word' id='word_1_93' title='bbox 947 1355 1016 1412; x_wconf 90' lang='lat' dir='ltr'>ad</span> <span class='ocrx_word' id='word_1_94' title='bbox 1056 1357 1160 1410; x_wconf 89' lang='lat' dir='ltr'>hoc</span> <span class='ocrx_word' id='word_1_95' title='bbox 1201 1349 1665 1424; x_wconf 88' lang='lat' dir='ltr'>comprobandum</span> <span class='ocrx_word' id='word_1_96' title='bbox 1712 1357 1934 1421; x_wconf 89' lang='lat' dir='ltr'>paratos</span> <span class='ocrx_word' id='word_1_97' title='bbox 1965 1365 2022 1405; x_wconf 91' lang='lat' dir='ltr'>se</span> 
     </span>
    </p>
   </div>
   <div class='ocr_carea' id='block_1_15' title="bbox 422 1439 2022 1512">
    <p class='ocr_par' dir='ltr' id='par_1_15' title="bbox 422 1439 2022 1512">
     <span class='ocr_line' id='line_1_15' title="bbox 422 1439 2022 1512; baseline -0.011 -2"><span class='ocrx_word' id='word_1_98' title='bbox 422 1459 674 1510; x_wconf 85' lang='lat' dir='ltr'>asserunt</span> <span class='ocrx_word' id='word_1_99' title='bbox 712 1448 856 1503; x_wconf 88' lang='lat' dir='ltr'>nulla</span> <span class='ocrx_word' id='word_1_100' title='bbox 898 1443 1171 1502; x_wconf 87' lang='lat' dir='ltr'>sententia</span> <span class='ocrx_word' id='word_1_101' title='bbox 1222 1457 1384 1511; x_wconf 80' lang='lat' dir='ltr'>posse</span> <span class='ocrx_word' id='word_1_102' title='bbox 1439 1439 1677 1512; x_wconf 85' lang='lat' dir='ltr'>puellam</span> <span class='ocrx_word' id='word_1_103' title='bbox 1714 1454 1813 1510; x_wconf 91' lang='lat' dir='ltr'>pro</span> <span class='ocrx_word' id='word_1_104' title='bbox 1860 1452 2022 1493; x_wconf 89' lang='lat' dir='ltr'>causa</span> 
     </span>
    </p>
   </div>
   <div class='ocr_carea' id='block_1_16' title="bbox 423 1525 2021 1612">
    <p class='ocr_par' dir='ltr' id='par_1_16' title="bbox 423 1525 2021 1612">
     <span class='ocr_line' id='line_1_16' title="bbox 423 1525 2021 1612; baseline -0.011 -14"><span class='ocrx_word' id='word_1_105' title='bbox 423 1557 520 1598; x_wconf 89' lang='lat' dir='ltr'>sua</span> <span class='ocrx_word' id='word_1_106' title='bbox 545 1541 670 1612; x_wconf 89' lang='lat' dir='ltr'>jure</span> <span class='ocrx_word' id='word_1_107' title='bbox 699 1533 1021 1606; x_wconf 76' lang='lat' dir='ltr'>constringi,</span> <span class='ocrx_word' id='word_1_108' title='bbox 1055 1532 1186 1602; x_wconf 88' lang='lat' dir='ltr'>quin</span> <span class='ocrx_word' id='word_1_109' title='bbox 1215 1531 1464 1585; x_wconf 89' lang='lat' dir='ltr'>libertate</span> <span class='ocrx_word' id='word_1_110' title='bbox 1495 1526 1738 1598; x_wconf 90' lang='lat' dir='ltr'>corporis</span> <span class='ocrx_word' id='word_1_111' title='bbox 1767 1525 1851 1581; x_wconf 90' lang='lat' dir='ltr'>sui</span> <span class='ocrx_word' id='word_1_112' title='bbox 1880 1541 2021 1598; x_wconf 88' lang='lat' dir='ltr'>quo-</span> 
     </span>
    </p>
   </div>
   <div class='ocr_carea' id='block_1_17' title="bbox 424 1615 2018 1699">
    <p class='ocr_par' dir='ltr' id='par_1_17' title="bbox 424 1615 2018 1699">
     <span class='ocr_line' id='line_1_17' title="bbox 424 1615 2018 1699; baseline -0.011 -12"><span class='ocrx_word' id='word_1_113' title='bbox 424 1645 636 1699; x_wconf 90' lang='lat' dir='ltr'>cunque</span> <span class='ocrx_word' id='word_1_114' title='bbox 665 1626 829 1681; x_wconf 90' lang='lat' dir='ltr'>modo</span> <span class='ocrx_word' id='word_1_115' title='bbox 857 1621 1107 1694; x_wconf 87' lang='lat' dir='ltr'>legaliter</span> <span class='ocrx_word' id='word_1_116' title='bbox 1135 1619 1283 1687; x_wconf 90' lang='lat' dir='ltr'>velit,</span> <span class='ocrx_word' id='word_1_117' title='bbox 1313 1617 1494 1674; x_wconf 88' lang='lat' dir='ltr'>valeat</span> <span class='ocrx_word' id='word_1_118' title='bbox 1534 1617 1635 1672; x_wconf 89' lang='lat' dir='ltr'>uti.</span> <span class='ocrx_word' id='word_1_119' title='bbox 1685 1615 1844 1684; x_wconf 89' lang='lat' dir='ltr'>Quod</span> <span class='ocrx_word' id='word_1_120' title='bbox 1875 1615 2018 1683; x_wconf 88' lang='lat' dir='ltr'>licet,</span> 
     </span>
    </p>
   </div>
   <div class='ocr_carea' id='block_1_18' title="bbox 2117 550 3722 622">
    <p class='ocr_par' dir='ltr' id='par_1_18' title="bbox 2117 550 3722 622">
     <span class='ocr_line' id='line_1_18' title="bbox 2117 550 3722 622; baseline 0.001 -17"><span class='ocrx_word' id='word_1_121' title='bbox 2117 552 2228 606; x_wconf 88' lang='lat' dir='ltr'>dio.</span> <span class='ocrx_word' id='word_1_122' title='bbox 2281 573 2302 602; x_wconf 74' lang='grc' dir='ltr'><strong>ι</strong></span> <span class='ocrx_word' id='word_1_123' title='bbox 2348 552 2447 607; x_wconf 85' lang='lat' dir='ltr'>Illa</span> <span class='ocrx_word' id='word_1_124' title='bbox 2487 553 2684 608; x_wconf 85' lang='lat' dir='ltr'>dehinc</span> <span class='ocrx_word' id='word_1_125' title='bbox 2721 551 2774 606; x_wconf 92' lang='lat' dir='ltr'>in</span> <span class='ocrx_word' id='word_1_126' title='bbox 2819 550 3059 606; x_wconf 90' lang='lat' dir='ltr'>medium</span> <span class='ocrx_word' id='word_1_127' title='bbox 3105 550 3339 620; x_wconf 89' lang='lat' dir='ltr'>ducitur,</span> <span class='ocrx_word' id='word_1_128' title='bbox 3372 556 3526 622; x_wconf 85' lang='lat' dir='ltr'>gesta</span> <span class='ocrx_word' id='word_1_129' title='bbox 3571 553 3722 607; x_wconf 88' lang='lat' dir='ltr'>comi</span> 
     </span>
    </p>
   </div>
   <div class='ocr_carea' id='block_1_19' title="bbox 2117 638 3722 712">
    <p class='ocr_par' dir='ltr' id='par_1_19' title="bbox 2117 638 3722 712">
     <span class='ocr_line' id='line_1_19' title="bbox 2117 638 3722 712; baseline 0.001 -18"><span class='ocrx_word' id='word_1_130' title='bbox 2117 640 2265 694; x_wconf 88' lang='lat' dir='ltr'>vultu</span> <span class='ocrx_word' id='word_1_131' title='bbox 2297 641 2443 695; x_wconf 88' lang='lat' dir='ltr'>audit</span> <span class='ocrx_word' id='word_1_132' title='bbox 2463 649 2516 695; x_wconf 89' lang='lat' dir='ltr'>et</span> <span class='ocrx_word' id='word_1_133' title='bbox 2538 640 2902 710; x_wconf 86' lang='lat' dir='ltr'>amplectitur,</span> <span class='ocrx_word' id='word_1_134' title='bbox 2928 638 3168 695; x_wconf 91' lang='lat' dir='ltr'>auditum</span> <span class='ocrx_word' id='word_1_135' title='bbox 3194 638 3296 692; x_wconf 86' lang='lat' dir='ltr'>sibi</span> <span class='ocrx_word' id='word_1_136' title='bbox 3319 641 3562 710; x_wconf 80' lang='lat' dir='ltr'>praestari</span> <span class='ocrx_word' id='word_1_137' title='bbox 3585 657 3722 712; x_wconf 87' lang='lat' dir='ltr'>pau-</span> 
     </span>
    </p>
   </div>
   <div class='ocr_carea' id='block_1_20' title="bbox 2119 728 3725 802">
    <p class='ocr_par' dir='ltr' id='par_1_20' title="bbox 2119 728 3725 802">
     <span class='ocr_line' id='line_1_20' title="bbox 2119 728 3725 802; baseline 0.001 -18"><span class='ocrx_word' id='word_1_138' title='bbox 2119 728 2196 784; x_wconf 89' lang='lat' dir='ltr'>cis</span> <span class='ocrx_word' id='word_1_139' title='bbox 2229 738 2498 799; x_wconf 88' lang='lat' dir='ltr'>precatur.</span> <span class='ocrx_word' id='word_1_140' title='bbox 2522 730 2773 801; x_wconf 87' lang='lat' dir='ltr'>Loquens</span> <span class='ocrx_word' id='word_1_141' title='bbox 2804 744 2936 802; x_wconf 84' lang='lat' dir='ltr'>ergo</span> <span class='ocrx_word' id='word_1_142' title='bbox 2966 728 3160 784; x_wconf 85' lang='lat' dir='ltr'>obtulit</span> <span class='ocrx_word' id='word_1_143' title='bbox 3187 743 3249 784; x_wconf 87' lang='lat' dir='ltr'>se</span> <span class='ocrx_word' id='word_1_144' title='bbox 3266 729 3353 786; x_wconf 86' lang='lat' dir='ltr'>vel</span> <span class='ocrx_word' id='word_1_145' title='bbox 3375 739 3725 785; x_wconf 88' lang='lat' dir='ltr'>sacramento</span> 
     </span>
    </p>
   </div>
   <div class='ocr_carea' id='block_1_21' title="bbox 2119 816 3725 890">
    <p class='ocr_par' dir='ltr' id='par_1_21' title="bbox 2119 816 3725 890">
     <span class='ocr_line' id='line_1_21' title="bbox 2119 816 3725 890; baseline 0.001 -18"><span class='ocrx_word' id='word_1_146' title='bbox 2119 816 2204 872; x_wconf 88' lang='lat' dir='ltr'>vel</span> <span class='ocrx_word' id='word_1_147' title='bbox 2223 817 2347 884; x_wconf 89' lang='lat' dir='ltr'>alia,</span> <span class='ocrx_word' id='word_1_148' title='bbox 2369 835 2531 888; x_wconf 90' lang='lat' dir='ltr'>quam</span> <span class='ocrx_word' id='word_1_149' title='bbox 2551 818 2724 890; x_wconf 90' lang='lat' dir='ltr'>magis</span> <span class='ocrx_word' id='word_1_150' title='bbox 2743 819 3029 890; x_wconf 75' lang='lat' dir='ltr'>eligerent,</span> <span class='ocrx_word' id='word_1_151' title='bbox 3051 817 3416 873; x_wconf 88' lang='lat' dir='ltr'>ecclesiastica</span> <span class='ocrx_word' id='word_1_152' title='bbox 3434 817 3576 888; x_wconf 83' lang='lat' dir='ltr'>lege,</span> <span class='ocrx_word' id='word_1_153' title='bbox 3596 834 3725 890; x_wconf 87' lang='lat' dir='ltr'>pro-</span> 
     </span>
    </p>
   </div>
   <div class='ocr_carea' id='block_1_22' title="bbox 2119 905 3726 976">
    <p class='ocr_par' dir='ltr' id='par_1_22' title="bbox 2119 905 3726 976">
     <span class='ocr_line' id='line_1_22' title="bbox 2119 905 3726 976; baseline 0.001 -15"><span class='ocrx_word' id='word_1_154' title='bbox 2119 906 2363 962; x_wconf 88' lang='lat' dir='ltr'>baturam</span> <span class='ocrx_word' id='word_1_155' title='bbox 2399 907 2584 962; x_wconf 71' lang='lat' dir='ltr'>solida:</span> <span class='ocrx_word' id='word_1_156' title='bbox 2605 907 2816 961; x_wconf 88' lang='lat' dir='ltr'>veritati</span> <span class='ocrx_word' id='word_1_157' title='bbox 2843 905 3141 961; x_wconf 84' lang='lat' dir='ltr'>subnixam</span> <span class='ocrx_word' id='word_1_158' title='bbox 3167 922 3288 962; x_wconf 89' lang='lat' dir='ltr'>esse</span> <span class='ocrx_word' id='word_1_159' title='bbox 3308 907 3420 976; x_wconf 84' lang='lat' dir='ltr'>jam</span> <span class='ocrx_word' id='word_1_160' title='bbox 3443 906 3726 964; x_wconf 87' lang='lat' dir='ltr'>deﬁnitam</span> 
     </span>
    </p>
   </div>
   <div class='ocr_carea' id='block_1_23' title="bbox 2121 994 3730 1066">
    <p class='ocr_par' dir='ltr' id='par_1_23' title="bbox 2121 994 3730 1066">
     <span class='ocr_line' id='line_1_23' title="bbox 2121 994 3730 1066; baseline 0.003 -18"><span class='ocrx_word' id='word_1_161' title='bbox 2121 995 2388 1050; x_wconf 89' lang='lat' dir='ltr'>rationem</span> <span class='ocrx_word' id='word_1_162' title='bbox 2417 1011 2598 1050; x_wconf 90' lang='lat' dir='ltr'>suam.</span> <span class='ocrx_word' id='word_1_163' title='bbox 2640 994 2798 1064; x_wconf 89' lang='lat' dir='ltr'>Quod</span> <span class='ocrx_word' id='word_1_164' title='bbox 2829 1011 2938 1051; x_wconf 90' lang='lat' dir='ltr'>non</span> <span class='ocrx_word' id='word_1_165' title='bbox 2969 1004 3258 1066; x_wconf 86' lang='lat' dir='ltr'>propterea</span> <span class='ocrx_word' id='word_1_166' title='bbox 3286 996 3550 1051; x_wconf 83' lang='lat' dir='ltr'>facturam</span> <span class='ocrx_word' id='word_1_167' title='bbox 3578 997 3730 1053; x_wconf 84' lang='lat' dir='ltr'>fate-</span> 
     </span>
    </p>
   </div>
   <div class='ocr_carea' id='block_1_24' title="bbox 2121 1083 3734 1155">
    <p class='ocr_par' dir='ltr' id='par_1_24' title="bbox 2121 1083 3734 1155">
     <span class='ocr_line' id='line_1_24' title="bbox 2121 1083 3734 1155; baseline 0.003 -18"><span class='ocrx_word' id='word_1_168' title='bbox 2121 1090 2223 1149; x_wconf 90' lang='lat' dir='ltr'>tur,</span> <span class='ocrx_word' id='word_1_169' title='bbox 2247 1083 2403 1155; x_wconf 90' lang='lat' dir='ltr'>quasi</span> <span class='ocrx_word' id='word_1_170' title='bbox 2434 1084 2538 1139; x_wconf 89' lang='lat' dir='ltr'>sibi</span> <span class='ocrx_word' id='word_1_171' title='bbox 2570 1099 2678 1140; x_wconf 89' lang='lat' dir='ltr'>non</span> <span class='ocrx_word' id='word_1_172' title='bbox 2709 1085 2978 1140; x_wconf 87' lang='lat' dir='ltr'>creditum</span> <span class='ocrx_word' id='word_1_173' title='bbox 3009 1099 3130 1140; x_wconf 89' lang='lat' dir='ltr'>esse</span> <span class='ocrx_word' id='word_1_174' title='bbox 3160 1092 3328 1155; x_wconf 91' lang='lat' dir='ltr'>putet,</span> <span class='ocrx_word' id='word_1_175' title='bbox 3353 1085 3449 1140; x_wconf 88' lang='lat' dir='ltr'>sed</span> <span class='ocrx_word' id='word_1_176' title='bbox 3480 1093 3538 1139; x_wconf 90' lang='lat' dir='ltr'>ut</span> <span class='ocrx_word' id='word_1_177' title='bbox 3564 1086 3734 1142; x_wconf 86' lang='lat' dir='ltr'>male—</span> 
     </span>
    </p>
   </div>
   <div class='ocr_carea' id='block_1_25' title="bbox 2123 1171 3729 1244">
    <p class='ocr_par' dir='ltr' id='par_1_25' title="bbox 2123 1171 3729 1244">
     <span class='ocr_line' id='line_1_25' title="bbox 2123 1171 3729 1244; baseline 0.004 -18"><span class='ocrx_word' id='word_1_178' title='bbox 2123 1171 2263 1226; x_wconf 91' lang='lat' dir='ltr'>volis</span> <span class='ocrx_word' id='word_1_179' title='bbox 2294 1173 2602 1228; x_wconf 90' lang='lat' dir='ltr'>hominibus</span> <span class='ocrx_word' id='word_1_180' title='bbox 2629 1187 2849 1228; x_wconf 90' lang='lat' dir='ltr'>omnem</span> <span class='ocrx_word' id='word_1_181' title='bbox 2880 1173 3139 1244; x_wconf 87' lang='lat' dir='ltr'>deinceps</span> <span class='ocrx_word' id='word_1_182' title='bbox 3168 1172 3582 1244; x_wconf 89' lang='lat' dir='ltr'>blasphemandi</span> <span class='ocrx_word' id='word_1_183' title='bbox 3623 1190 3729 1233; x_wconf 86' lang='lat' dir='ltr'>oc-</span> 
     </span>
    </p>
   </div>
   <div class='ocr_carea' id='block_1_26' title="bbox 2125 1249 3731 1335">
    <p class='ocr_par' dir='ltr' id='par_1_26' title="bbox 2125 1249 3731 1335">
     <span class='ocr_line' id='line_1_26' title="bbox 2125 1249 3731 1335; baseline 0.002 -19"><span class='ocrx_word' id='word_1_184' title='bbox 2125 1249 2399 1316; x_wconf 88' lang='lat' dir='ltr'>casionem</span> <span class='ocrx_word' id='word_1_185' title='bbox 2437 1268 2698 1332; x_wconf 90' lang='lat' dir='ltr'>amputet.</span> <span class='ocrx_word' id='word_1_186' title='bbox 2746 1261 3126 1332; x_wconf 82' lang='lat' dir='ltr'>Respondetur</span> <span class='ocrx_word' id='word_1_187' title='bbox 3169 1261 3304 1316; x_wconf 87' lang='lat' dir='ltr'>nihil</span> <span class='ocrx_word' id='word_1_188' title='bbox 3345 1262 3541 1318; x_wconf 89' lang='lat' dir='ltr'>horum</span> <span class='ocrx_word' id='word_1_189' title='bbox 3586 1278 3731 1335; x_wconf 88' lang='lat' dir='ltr'>opus</span> 
     </span>
    </p>
   </div>
   <div class='ocr_carea' id='block_1_27' title="bbox 2124 1348 3730 1419">
    <p class='ocr_par' dir='ltr' id='par_1_27' title="bbox 2124 1348 3730 1419">
     <span class='ocr_line' id='line_1_27' title="bbox 2124 1348 3730 1419; baseline 0.002 -14"><span class='ocrx_word' id='word_1_190' title='bbox 2124 1364 2267 1416; x_wconf 88' lang='lat' dir='ltr'>esse,</span> <span class='ocrx_word' id='word_1_191' title='bbox 2319 1349 2612 1419; x_wconf 85' lang='lat' dir='ltr'>quoniam,</span> <span class='ocrx_word' id='word_1_192' title='bbox 2659 1348 2705 1404; x_wconf 91' lang='lat' dir='ltr'>si</span> <span class='ocrx_word' id='word_1_193' title='bbox 2744 1349 2916 1405; x_wconf 91' lang='lat' dir='ltr'>malus</span> <span class='ocrx_word' id='word_1_194' title='bbox 2958 1350 3125 1405; x_wconf 90' lang='lat' dir='ltr'>homo</span> <span class='ocrx_word' id='word_1_195' title='bbox 3168 1351 3238 1405; x_wconf 91' lang='lat' dir='ltr'>de</span> <span class='ocrx_word' id='word_1_196' title='bbox 3279 1351 3425 1406; x_wconf 90' lang='lat' dir='ltr'>malo</span> <span class='ocrx_word' id='word_1_197' title='bbox 3467 1353 3730 1410; x_wconf 77' lang='lat' dir='ltr'>thesauro</span> 
     </span>
    </p>
   </div>
   <div class='ocr_carea' id='block_1_28' title="bbox 2123 1437 3736 1512">
    <p class='ocr_par' dir='ltr' id='par_1_28' title="bbox 2123 1437 3736 1512">
     <span class='ocr_line' id='line_1_28' title="bbox 2123 1437 3736 1512; baseline 0.002 -20"><span class='ocrx_word' id='word_1_198' title='bbox 2123 1437 2308 1492; x_wconf 90' lang='lat' dir='ltr'>cordis</span> <span class='ocrx_word' id='word_1_199' title='bbox 2332 1437 2413 1492; x_wconf 90' lang='lat' dir='ltr'>sui</span> <span class='ocrx_word' id='word_1_200' title='bbox 2445 1438 2730 1509; x_wconf 90' lang='lat' dir='ltr'>protulerit</span> <span class='ocrx_word' id='word_1_201' title='bbox 2774 1437 2945 1504; x_wconf 90' lang='lat' dir='ltr'>mala,</span> <span class='ocrx_word' id='word_1_202' title='bbox 2991 1437 3139 1494; x_wconf 92' lang='lat' dir='ltr'>dicto</span> <span class='ocrx_word' id='word_1_203' title='bbox 3183 1438 3340 1494; x_wconf 90' lang='lat' dir='ltr'>citius</span> <span class='ocrx_word' id='word_1_204' title='bbox 3390 1441 3736 1512; x_wconf 80' lang='lat' dir='ltr'>opprimetur</span> 
     </span>
    </p>
   </div>
   <div class='ocr_carea' id='block_1_29' title="bbox 2121 1525 3731 1601">
    <p class='ocr_par' dir='ltr' id='par_1_29' title="bbox 2121 1525 3731 1601">
     <span class='ocr_line' id='line_1_29' title="bbox 2121 1525 3731 1601; baseline 0.002 -19"><span class='ocrx_word' id='word_1_205' title='bbox 2121 1526 2248 1594; x_wconf 90' lang='lat' dir='ltr'>ipsa</span> <span class='ocrx_word' id='word_1_206' title='bbox 2290 1525 2553 1593; x_wconf 87' lang='lat' dir='ltr'>veritate,</span> <span class='ocrx_word' id='word_1_207' title='bbox 2591 1526 2706 1595; x_wconf 89' lang='lat' dir='ltr'>jam</span> <span class='ocrx_word' id='word_1_208' title='bbox 2743 1532 3018 1581; x_wconf 82' lang='lat' dir='ltr'>tantarum</span> <span class='ocrx_word' id='word_1_209' title='bbox 3065 1541 3418 1598; x_wconf 87' lang='lat' dir='ltr'>personarum</span> <span class='ocrx_word' id='word_1_210' title='bbox 3460 1529 3731 1601; x_wconf 87' lang='lat' dir='ltr'>astipula-</span> 
     </span>
    </p>
   </div>
   <div class='ocr_carea' id='block_1_30' title="bbox 2123 1614 3735 1688">
    <p class='ocr_par' dir='ltr' id='par_1_30' title="bbox 2123 1614 3735 1688">
     <span class='ocr_line' id='line_1_30' title="bbox 2123 1614 3735 1688; baseline 0.007 -24"><span class='ocrx_word' id='word_1_211' title='bbox 2123 1614 2269 1669; x_wconf 90' lang='lat' dir='ltr'>tione</span> <span class='ocrx_word' id='word_1_212' title='bbox 2315 1615 2560 1685; x_wconf 88' lang='lat' dir='ltr'>probata,</span> <span class='ocrx_word' id='word_1_213' title='bbox 2595 1621 2648 1669; x_wconf 91' lang='lat' dir='ltr'>et</span> <span class='ocrx_word' id='word_1_214' title='bbox 2692 1615 2971 1671; x_wconf 87' lang='lat' dir='ltr'>roborata.</span> <span class='ocrx_word' id='word_1_215' title='bbox 3020 1615 3362 1673; x_wconf 79' lang='lat' dir='ltr'>Allocutione</span> <span class='ocrx_word' id='word_1_216' title='bbox 3407 1621 3648 1688; x_wconf 70' lang='lat' dir='ltr'>posthaec</span> <span class='ocrx_word' id='word_1_217' title='bbox 3675 1628 3735 1676; x_wconf 88' lang='lat' dir='ltr'>et</span> 
     </span>
    </p>
   </div>
   <div class='ocr_carea' id='block_1_31' title="bbox 424 1702 3738 1792">
    <p class='ocr_par' dir='ltr' id='par_1_31' title="bbox 424 1702 3738 1792">
     <span class='ocr_line' id='line_1_31' title="bbox 424 1702 3738 1792; baseline -0.004 -16"><span class='ocrx_word' id='word_1_218' title='bbox 424 1719 692 1792; x_wconf 86' lang='lat' dir='ltr'>inquiunt,</span> <span class='ocrx_word' id='word_1_219' title='bbox 725 1713 829 1770; x_wconf 90' lang='lat' dir='ltr'>levi</span> <span class='ocrx_word' id='word_1_220' title='bbox 862 1717 1186 1783; x_wconf 88' lang='lat' dir='ltr'>argumento</span> <span class='ocrx_word' id='word_1_221' title='bbox 1217 1707 1447 1779; x_wconf 90' lang='lat' dir='ltr'>probare</span> <span class='ocrx_word' id='word_1_222' title='bbox 1477 1721 1777 1777; x_wconf 90' lang='lat' dir='ltr'>possemus,</span> <span class='ocrx_word' id='word_1_223' title='bbox 1819 1721 1882 1760; x_wconf 90' lang='lat' dir='ltr'>eo</span> <span class='ocrx_word' id='word_1_224' title='bbox 1933 1712 2020 1758; x_wconf 90' lang='lat' dir='ltr'>ta-</span> <span class='ocrx_word' id='word_1_225' title='bbox 2051 1786 2096 1792; x_wconf 79' lang='lat'>_</span> <span class='ocrx_word' id='word_1_226' title='bbox 2118 1702 2500 1792; x_wconf 88' lang='lat' dir='ltr'>benedictione</span> <span class='ocrx_word' id='word_1_227' title='bbox 2548 1703 2787 1758; x_wconf 80' lang='lat' dir='ltr'>Anselmi</span> <span class='ocrx_word' id='word_1_228' title='bbox 2837 1705 3010 1792; x_wconf 89' lang='lat' dir='ltr'>potita</span> <span class='ocrx_word' id='word_1_229' title='bbox 3053 1704 3206 1773; x_wconf 89' lang='lat' dir='ltr'>abiit,</span> <span class='ocrx_word' id='word_1_230' title='bbox 3254 1707 3501 1775; x_wconf 85' lang='lat' dir='ltr'>pauculis</span> <span class='ocrx_word' id='word_1_231' title='bbox 3533 1708 3738 1764; x_wconf 84' lang='lat' dir='ltr'>diebus</span> 
     </span>
    </p>
   </div>
   <div class='ocr_carea' id='block_1_32' title="bbox 421 1786 3740 1873">
    <p class='ocr_par' dir='ltr' id='par_1_32' title="bbox 421 1786 3740 1873">
     <span class='ocr_line' id='line_1_32' title="bbox 421 1786 3740 1873; baseline -0.005 -8"><span class='ocrx_word' id='word_1_232' title='bbox 421 1786 569 1873; x_wconf 50' lang='lat' dir='ltr'>me-n,</span> <span class='ocrx_word' id='word_1_233' title='bbox 603 1821 724 1861; x_wconf 91' lang='lat' dir='ltr'>cum</span> <span class='ocrx_word' id='word_1_234' title='bbox 756 1818 894 1873; x_wconf 87' lang='lat' dir='ltr'>Opus</span> <span class='ocrx_word' id='word_1_235' title='bbox 923 1815 1030 1855; x_wconf 92' lang='lat' dir='ltr'>non</span> <span class='ocrx_word' id='word_1_236' title='bbox 1062 1799 1152 1868; x_wconf 89' lang='lat' dir='ltr'>sit,</span> <span class='ocrx_word' id='word_1_237' title='bbox 1184 1795 1602 1866; x_wconf 90' lang='lat' dir='ltr'>supersedemus</span> <span class='ocrx_word' id='word_1_238' title='bbox 1621 1835 1636 1862; x_wconf 92' lang='lat'>,</span> <span class='ocrx_word' id='word_1_239' title='bbox 1687 1792 1884 1849; x_wconf 87' lang='lat' dir='ltr'>nostris</span> <span class='ocrx_word' id='word_1_240' title='bbox 1929 1809 2021 1846; x_wconf 87' lang='lat' dir='ltr'>ar-</span> <span class='ocrx_word' id='word_1_241' title='bbox 2051 1786 2103 1845; x_wconf 92' lang='lat' dir='ltr'><strong>B</strong></span> <span class='ocrx_word' id='word_1_242' title='bbox 2136 1791 2363 1846; x_wconf 85' lang='lat' dir='ltr'>evolutis</span> <span class='ocrx_word' id='word_1_243' title='bbox 2395 1791 2470 1858; x_wconf 90' lang='lat' dir='ltr'>ﬁt,</span> <span class='ocrx_word' id='word_1_244' title='bbox 2504 1799 2561 1847; x_wconf 90' lang='lat' dir='ltr'>ut</span> <span class='ocrx_word' id='word_1_245' title='bbox 2589 1792 2728 1859; x_wconf 83' lang='lat' dir='ltr'>dixi,</span> <span class='ocrx_word' id='word_1_246' title='bbox 2760 1791 2953 1865; x_wconf 82' lang='lat' dir='ltr'>regina</span> <span class='ocrx_word' id='word_1_247' title='bbox 2984 1800 3035 1848; x_wconf 90' lang='lat' dir='ltr'>et</span> <span class='ocrx_word' id='word_1_248' title='bbox 3063 1794 3287 1864; x_wconf 86' lang='lat' dir='ltr'>conjux.</span> <span class='ocrx_word' id='word_1_249' title='bbox 3338 1795 3553 1865; x_wconf 86' lang='lat' dir='ltr'>Verum,</span> <span class='ocrx_word' id='word_1_250' title='bbox 3605 1813 3740 1854; x_wconf 85' lang='lat' dir='ltr'>cum</span> 
     </span>
    </p>
   </div>
   <div class='ocr_carea' id='block_1_33' title="bbox 425 1881 2024 1971">
    <p class='ocr_par' dir='ltr' id='par_1_33' title="bbox 425 1881 2024 1971">
     <span class='ocr_line' id='line_1_33' title="bbox 425 1881 2024 1971; baseline -0.011 -18"><span class='ocrx_word' id='word_1_251' title='bbox 425 1895 702 1971; x_wconf 86' lang='lat' dir='ltr'>gumentis</span> <span class='ocrx_word' id='word_1_252' title='bbox 761 1889 1055 1945; x_wconf 82' lang='lat' dir='ltr'>ﬁrmiorum</span> <span class='ocrx_word' id='word_1_253' title='bbox 1110 1894 1353 1942; x_wconf 90' lang='lat' dir='ltr'>tenentes</span> <span class='ocrx_word' id='word_1_254' title='bbox 1397 1900 1588 1955; x_wconf 91' lang='lat' dir='ltr'>parem</span> <span class='ocrx_word' id='word_1_255' title='bbox 1632 1881 1822 1952; x_wconf 87' lang='lat' dir='ltr'>judicii</span> <span class='ocrx_word' id='word_1_256' title='bbox 1867 1882 2024 1951; x_wconf 88' lang='lat' dir='ltr'>hujus</span> 
     </span>
    </p>
   </div>
   <div class='ocr_carea' id='block_1_34' title="bbox 424 1971 2022 2048">
    <p class='ocr_par' dir='ltr' id='par_1_34' title="bbox 424 1971 2022 2048">
     <span class='ocr_line' id='line_1_34' title="bbox 424 1971 2022 2048; baseline -0.012 -5"><span class='ocrx_word' id='word_1_257' title='bbox 424 1984 786 2048; x_wconf 88' lang='lat' dir='ltr'>sententiam,</span> <span class='ocrx_word' id='word_1_258' title='bbox 833 1995 864 2034; x_wconf 94' lang='lat' dir='ltr'>a</span> <span class='ocrx_word' id='word_1_259' title='bbox 912 1975 1233 2032; x_wconf 78' lang='lat' dir='ltr'>venerandae</span> <span class='ocrx_word' id='word_1_260' title='bbox 1284 1973 1563 2028; x_wconf 62' lang='lat' dir='ltr'>memoriae</span> <span class='ocrx_word' id='word_1_261' title='bbox 1623 1971 2022 2041; x_wconf 73' lang='lat' dir='ltr'>praedecessore</span> 
     </span>
    </p>
   </div>
   <div class='ocr_carea' id='block_1_35' title="bbox 422 2053 2025 2136">
    <p class='ocr_par' dir='ltr' id='par_1_35' title="bbox 422 2053 2025 2136">
     <span class='ocr_line' id='line_1_35' title="bbox 422 2053 2025 2136; baseline -0.012 -3"><span class='ocrx_word' id='word_1_262' title='bbox 422 2083 606 2133; x_wconf 87' lang='lat' dir='ltr'>vestro</span> <span class='ocrx_word' id='word_1_263' title='bbox 630 2078 681 2126; x_wconf 90' lang='lat' dir='ltr'>et</span> <span class='ocrx_word' id='word_1_264' title='bbox 709 2071 867 2123; x_wconf 88' lang='lat' dir='ltr'>Patre</span> <span class='ocrx_word' id='word_1_265' title='bbox 897 2074 950 2121; x_wconf 92' lang='lat' dir='ltr'>et</span> <span class='ocrx_word' id='word_1_266' title='bbox 977 2065 1240 2136; x_wconf 86' lang='lat' dir='ltr'>magistro</span> <span class='ocrx_word' id='word_1_267' title='bbox 1278 2069 1463 2116; x_wconf 89' lang='lat' dir='ltr'>nostro</span> <span class='ocrx_word' id='word_1_268' title='bbox 1511 2053 1814 2116; x_wconf 72' lang='lat' dir='ltr'>LanfranCo</span> <span class='ocrx_word' id='word_1_269' title='bbox 1857 2058 2025 2113; x_wconf 92' lang='lat' dir='ltr'>simili</span> 
     </span>
    </p>
   </div>
   <div class='ocr_carea' id='block_1_36' title="bbox 427 2148 2026 2228">
    <p class='ocr_par' dir='ltr' id='par_1_36' title="bbox 427 2148 2026 2228">
     <span class='ocr_line' id='line_1_36' title="bbox 427 2148 2026 2228; baseline -0.012 -7"><span class='ocrx_word' id='word_1_270' title='bbox 427 2166 500 2221; x_wconf 88' lang='lat' dir='ltr'>de</span> <span class='ocrx_word' id='word_1_271' title='bbox 532 2177 699 2219; x_wconf 90' lang='lat' dir='ltr'>causa</span> <span class='ocrx_word' id='word_1_272' title='bbox 736 2155 1163 2228; x_wconf 81' lang='lat' dir='ltr'>promulgatam.</span> <span class='ocrx_word' id='word_1_273' title='bbox 1210 2152 1350 2206; x_wconf 89' lang='lat' dir='ltr'>Nam</span> <span class='ocrx_word' id='word_1_274' title='bbox 1393 2149 1610 2221; x_wconf 90' lang='lat' dir='ltr'>quando</span> <span class='ocrx_word' id='word_1_275' title='bbox 1658 2148 1750 2202; x_wconf 90' lang='lat' dir='ltr'>ille</span> <span class='ocrx_word' id='word_1_276' title='bbox 1794 2164 2026 2218; x_wconf 88' lang='lat' dir='ltr'>magnus</span> 
     </span>
    </p>
   </div>
   <div class='ocr_carea' id='block_1_37' title="bbox 424 2237 2023 2311">
    <p class='ocr_par' dir='ltr' id='par_1_37' title="bbox 424 2237 2023 2311">
     <span class='ocr_line' id='line_1_37' title="bbox 424 2237 2023 2311; baseline -0.011 -3"><span class='ocrx_word' id='word_1_277' title='bbox 424 2249 786 2308; x_wconf 87' lang='lat' dir='ltr'>Willhelmus</span> <span class='ocrx_word' id='word_1_278' title='bbox 805 2246 948 2300; x_wconf 88' lang='lat' dir='ltr'>hanc</span> <span class='ocrx_word' id='word_1_279' title='bbox 981 2252 1175 2298; x_wconf 88' lang='lat' dir='ltr'>terram</span> <span class='ocrx_word' id='word_1_280' title='bbox 1200 2241 1375 2311; x_wconf 89' lang='lat' dir='ltr'>primo</span> <span class='ocrx_word' id='word_1_281' title='bbox 1395 2237 1613 2307; x_wconf 87' lang='lat' dir='ltr'>devicit,</span> <span class='ocrx_word' id='word_1_282' title='bbox 1632 2237 1782 2292; x_wconf 89' lang='lat' dir='ltr'>multi</span> <span class='ocrx_word' id='word_1_283' title='bbox 1805 2252 2023 2292; x_wconf 91' lang='lat' dir='ltr'>suorum</span> 
     </span>
    </p>
   </div>
   <div class='ocr_carea' id='block_1_38' title="bbox 424 2327 2027 2412">
    <p class='ocr_par' dir='ltr' id='par_1_38' title="bbox 424 2327 2027 2412">
     <span class='ocr_line' id='line_1_38' title="bbox 424 2327 2027 2412; baseline -0.01 -14"><span class='ocrx_word' id='word_1_284' title='bbox 424 2341 528 2399; x_wconf 90' lang='lat' dir='ltr'>sibi</span> <span class='ocrx_word' id='word_1_285' title='bbox 556 2354 654 2412; x_wconf 92' lang='lat' dir='ltr'>pro</span> <span class='ocrx_word' id='word_1_286' title='bbox 684 2343 831 2392; x_wconf 89' lang='lat' dir='ltr'>tanta</span> <span class='ocrx_word' id='word_1_287' title='bbox 858 2331 1089 2389; x_wconf 85' lang='lat' dir='ltr'>victoria</span> <span class='ocrx_word' id='word_1_288' title='bbox 1139 2328 1549 2400; x_wconf 88' lang='lat' dir='ltr'>applaudentes,</span> <span class='ocrx_word' id='word_1_289' title='bbox 1581 2327 1872 2397; x_wconf 90' lang='lat' dir='ltr'>omniaque</span> <span class='ocrx_word' id='word_1_290' title='bbox 1916 2327 2027 2382; x_wconf 90' lang='lat' dir='ltr'>suis</span> 
     </span>
    </p>
   </div>
   <div class='ocr_carea' id='block_1_39' title="bbox 430 2414 2026 2493">
    <p class='ocr_par' dir='ltr' id='par_1_39' title="bbox 430 2414 2026 2493">
     <span class='ocr_line' id='line_1_39' title="bbox 430 2414 2026 2493; baseline -0.01 -6"><span class='ocrx_word' id='word_1_291' title='bbox 430 2425 798 2488; x_wconf 88' lang='lat' dir='ltr'>voluntatibus</span> <span class='ocrx_word' id='word_1_292' title='bbox 826 2430 986 2493; x_wconf 88' lang='lat' dir='ltr'>atque</span> <span class='ocrx_word' id='word_1_293' title='bbox 1016 2419 1244 2474; x_wconf 81' lang='lat' dir='ltr'>luxuriis</span> <span class='ocrx_word' id='word_1_294' title='bbox 1274 2416 1497 2473; x_wconf 89' lang='lat' dir='ltr'>obedire</span> <span class='ocrx_word' id='word_1_295' title='bbox 1526 2431 1588 2470; x_wconf 88' lang='lat' dir='ltr'>ac</span> <span class='ocrx_word' id='word_1_296' title='bbox 1617 2414 1775 2470; x_wconf 87' lang='lat' dir='ltr'>subdi</span> <span class='ocrx_word' id='word_1_297' title='bbox 1823 2415 2026 2471; x_wconf 86' lang='lat' dir='ltr'>debere</span> 
     </span>
    </p>
   </div>
   <div class='ocr_carea' id='block_1_40' title="bbox 431 2503 2023 2584">
    <p class='ocr_par' dir='ltr' id='par_1_40' title="bbox 431 2503 2023 2584">
     <span class='ocr_line' id='line_1_40' title="bbox 431 2503 2023 2584; baseline -0.012 -8"><span class='ocrx_word' id='word_1_298' title='bbox 431 2523 792 2584; x_wconf 86' lang='lat' dir='ltr'>autumantes,</span> <span class='ocrx_word' id='word_1_299' title='bbox 846 2526 957 2566; x_wconf 89' lang='lat' dir='ltr'>non</span> <span class='ocrx_word' id='word_1_300' title='bbox 1003 2510 1175 2565; x_wconf 90' lang='lat' dir='ltr'>solum</span> <span class='ocrx_word' id='word_1_301' title='bbox 1219 2505 1272 2561; x_wconf 92' lang='lat' dir='ltr'>in</span> <span class='ocrx_word' id='word_1_302' title='bbox 1317 2504 1698 2576; x_wconf 90' lang='lat' dir='ltr'>possessiones</span> <span class='ocrx_word' id='word_1_303' title='bbox 1738 2503 2023 2574; x_wconf 91' lang='lat' dir='ltr'>victorum,</span> 
     </span>
    </p>
   </div>
   <div class='ocr_carea' id='block_1_41' title="bbox 426 2591 2028 2673">
    <p class='ocr_par' dir='ltr' id='par_1_41' title="bbox 426 2591 2028 2673">
     <span class='ocr_line' id='line_1_41' title="bbox 426 2591 2028 2673; baseline -0.012 -7"><span class='ocrx_word' id='word_1_304' title='bbox 426 2607 531 2666; x_wconf 85' lang='lat' dir='ltr'>sed</span> <span class='ocrx_word' id='word_1_305' title='bbox 562 2613 614 2661; x_wconf 92' lang='lat' dir='ltr'>et</span> <span class='ocrx_word' id='word_1_306' title='bbox 644 2604 700 2658; x_wconf 92' lang='lat' dir='ltr'>in</span> <span class='ocrx_word' id='word_1_307' title='bbox 726 2602 874 2673; x_wconf 88' lang='lat' dir='ltr'>ipsas</span> <span class='ocrx_word' id='word_1_308' title='bbox 897 2606 1173 2653; x_wconf 90' lang='lat' dir='ltr'>matronas</span> <span class='ocrx_word' id='word_1_309' title='bbox 1202 2602 1254 2649; x_wconf 91' lang='lat' dir='ltr'>et</span> <span class='ocrx_word' id='word_1_310' title='bbox 1284 2593 1543 2664; x_wconf 83' lang='lat' dir='ltr'>virgines,</span> <span class='ocrx_word' id='word_1_311' title='bbox 1575 2592 1668 2646; x_wconf 94' lang='lat' dir='ltr'>ubi</span> <span class='ocrx_word' id='word_1_312' title='bbox 1697 2592 1776 2648; x_wconf 92' lang='lat' dir='ltr'>eis</span> <span class='ocrx_word' id='word_1_313' title='bbox 1804 2591 2028 2648; x_wconf 84' lang='lat' dir='ltr'>facultas</span> 
     </span>
    </p>
   </div>
   <div class='ocr_carea' id='block_1_42' title="bbox 425 2681 2025 2766">
    <p class='ocr_par' dir='ltr' id='par_1_42' title="bbox 425 2681 2025 2766">
     <span class='ocr_line' id='line_1_42' title="bbox 425 2681 2025 2766; baseline -0.01 -15"><span class='ocrx_word' id='word_1_314' title='bbox 425 2693 724 2766; x_wconf 86' lang='lat' dir='ltr'>aspirabat,</span> <span class='ocrx_word' id='word_1_315' title='bbox 754 2686 994 2744; x_wconf 89' lang='lat' dir='ltr'>nefanda</span> <span class='ocrx_word' id='word_1_316' title='bbox 1019 2684 1243 2739; x_wconf 89' lang='lat' dir='ltr'>libidine</span> <span class='ocrx_word' id='word_1_317' title='bbox 1273 2689 1559 2753; x_wconf 84' lang='lat' dir='ltr'>coeperunt</span> <span class='ocrx_word' id='word_1_318' title='bbox 1587 2681 1844 2737; x_wconf 85' lang='lat' dir='ltr'>insanire.</span> <span class='ocrx_word' id='word_1_319' title='bbox 1869 2681 2025 2750; x_wconf 88' lang='lat' dir='ltr'>Quod</span> 
     </span>
    </p>
   </div>
   <div class='ocr_carea' id='block_1_43' title="bbox 427 2768 2027 2846">
    <p class='ocr_par' dir='ltr' id='par_1_43' title="bbox 427 2768 2027 2846">
     <span class='ocr_line' id='line_1_43' title="bbox 427 2768 2027 2846; baseline -0.011 -6"><span class='ocrx_word' id='word_1_320' title='bbox 427 2780 705 2840; x_wconf 65' lang='lat' dir='ltr'>nonnullas</span> <span class='ocrx_word' id='word_1_321' title='bbox 770 2774 1169 2846; x_wconf 63' lang='lat' dir='ltr'>pravidentes,</span> <span class='ocrx_word' id='word_1_322' title='bbox 1219 2779 1272 2826; x_wconf 92' lang='lat' dir='ltr'>et</span> <span class='ocrx_word' id='word_1_323' title='bbox 1318 2785 1416 2825; x_wconf 91' lang='lat' dir='ltr'>suo</span> <span class='ocrx_word' id='word_1_324' title='bbox 1475 2768 1667 2839; x_wconf 90' lang='lat' dir='ltr'>pudori</span> <span class='ocrx_word' id='word_1_325' title='bbox 1731 2777 2027 2825; x_wconf 90' lang='lat' dir='ltr'>metuentes</span> 
     </span>
    </p>
   </div>
   <div class='ocr_carea' id='block_1_44' title="bbox 425 2858 2026 2936">
    <p class='ocr_par' dir='ltr' id='par_1_44' title="bbox 425 2858 2026 2936">
     <span class='ocr_line' id='line_1_44' title="bbox 425 2858 2026 2936; baseline -0.009 -8"><span class='ocrx_word' id='word_1_326' title='bbox 425 2867 761 2929; x_wconf 89' lang='lat' dir='ltr'>monasteria</span> <span class='ocrx_word' id='word_1_327' title='bbox 789 2863 1060 2936; x_wconf 79' lang='lat' dir='ltr'>virginum</span> <span class='ocrx_word' id='word_1_328' title='bbox 1094 2858 1363 2932; x_wconf 90' lang='lat' dir='ltr'>petivere,</span> <span class='ocrx_word' id='word_1_329' title='bbox 1397 2864 1728 2928; x_wconf 89' lang='lat' dir='ltr'>acceptoque</span> <span class='ocrx_word' id='word_1_330' title='bbox 1757 2858 1880 2914; x_wconf 89' lang='lat' dir='ltr'>velo</span> <span class='ocrx_word' id='word_1_331' title='bbox 1907 2875 2026 2914; x_wconf 88' lang='lat' dir='ltr'>sese</span> 
     </span>
    </p>
   </div>
   <div class='ocr_carea' id='block_1_45' title="bbox 425 2945 2025 3030">
    <p class='ocr_par' dir='ltr' id='par_1_45' title="bbox 425 2945 2025 3030">
     <span class='ocr_line' id='line_1_45' title="bbox 425 2945 2025 3030; baseline -0.009 -12"><span class='ocrx_word' id='word_1_332' title='bbox 425 2963 568 3018; x_wconf 88' lang='lat' dir='ltr'>inter</span> <span class='ocrx_word' id='word_1_333' title='bbox 597 2957 742 3030; x_wconf 89' lang='lat' dir='ltr'>ipsas</span> <span class='ocrx_word' id='word_1_334' title='bbox 781 2970 812 3009; x_wconf 90' lang='lat' dir='ltr'>a</span> <span class='ocrx_word' id='word_1_335' title='bbox 854 2960 1003 3007; x_wconf 89' lang='lat' dir='ltr'>tanta</span> <span class='ocrx_word' id='word_1_336' title='bbox 1042 2948 1268 3004; x_wconf 86' lang='lat' dir='ltr'>infamia</span> <span class='ocrx_word' id='word_1_337' title='bbox 1309 2952 1613 3018; x_wconf 87' lang='lat' dir='ltr'>protexere.</span> <span class='ocrx_word' id='word_1_338' title='bbox 1661 2945 1794 3014; x_wconf 75' lang='lat' dir='ltr'>Quae</span> <span class='ocrx_word' id='word_1_339' title='bbox 1837 2948 2025 3004; x_wconf 88' lang='lat' dir='ltr'>clades</span> 
     </span>
    </p>
   </div>
   <div class='ocr_carea' id='block_1_46' title="bbox 427 3035 2027 3118">
    <p class='ocr_par' dir='ltr' id='par_1_46' title="bbox 427 3035 2027 3118">
     <span class='ocr_line' id='line_1_46' title="bbox 427 3035 2027 3118; baseline -0.008 -12"><span class='ocrx_word' id='word_1_340' title='bbox 427 3064 552 3105; x_wconf 88' lang='lat' dir='ltr'>cum</span> <span class='ocrx_word' id='word_1_341' title='bbox 579 3043 928 3118; x_wconf 86' lang='lat' dir='ltr'>postmodum</span> <span class='ocrx_word' id='word_1_342' title='bbox 958 3039 1165 3106; x_wconf 89' lang='lat' dir='ltr'>sedata,</span> <span class='ocrx_word' id='word_1_343' title='bbox 1219 3043 1271 3092; x_wconf 92' lang='lat' dir='ltr'>et</span> <span class='ocrx_word' id='word_1_344' title='bbox 1320 3051 1416 3106; x_wconf 90' lang='lat' dir='ltr'>pro</span> <span class='ocrx_word' id='word_1_345' title='bbox 1468 3035 1726 3106; x_wconf 91' lang='lat' dir='ltr'>temporis</span> <span class='ocrx_word' id='word_1_346' title='bbox 1771 3037 2027 3107; x_wconf 87' lang='lat' dir='ltr'>qualitate</span> 
     </span>
    </p>
   </div>
   <div class='ocr_carea' id='block_1_47' title="bbox 2130 1881 3740 1958">
    <p class='ocr_par' dir='ltr' id='par_1_47' title="bbox 2130 1881 3740 1958">
     <span class='ocr_line' id='line_1_47' title="bbox 2130 1881 3740 1958; baseline 0.006 -24"><span class='ocrx_word' id='word_1_347' title='bbox 2130 1881 2251 1952; x_wconf 91' lang='lat' dir='ltr'>ipsa</span> <span class='ocrx_word' id='word_1_348' title='bbox 2278 1881 2588 1949; x_wconf 91' lang='lat' dir='ltr'>conjunctio</span> <span class='ocrx_word' id='word_1_349' title='bbox 2611 1881 2774 1951; x_wconf 80' lang='lat' dir='ltr'>juxta</span> <span class='ocrx_word' id='word_1_350' title='bbox 2805 1882 2966 1936; x_wconf 87' lang='lat' dir='ltr'>ritum</span> <span class='ocrx_word' id='word_1_351' title='bbox 2982 1881 3243 1938; x_wconf 72' lang='lat' dir='ltr'>Ecclesiae</span> <span class='ocrx_word' id='word_1_352' title='bbox 3271 1881 3386 1938; x_wconf 88' lang='lat' dir='ltr'>ﬁeri</span> <span class='ocrx_word' id='word_1_353' title='bbox 3415 1884 3740 1958; x_wconf 88' lang='lat' dir='ltr'>ﬁrmarique</span> 
     </span>
    </p>
   </div>
   <div class='ocr_carea' id='block_1_48' title="bbox 2133 1968 3737 2047">
    <p class='ocr_par' dir='ltr' id='par_1_48' title="bbox 2133 1968 3737 2047">
     <span class='ocr_line' id='line_1_48' title="bbox 2133 1968 3737 2047; baseline 0.005 -25"><span class='ocrx_word' id='word_1_354' title='bbox 2133 1968 2368 2033; x_wconf 86' lang='lat' dir='ltr'>deberet,</span> <span class='ocrx_word' id='word_1_355' title='bbox 2406 1969 2564 2023; x_wconf 90' lang='lat' dir='ltr'>Pater</span> <span class='ocrx_word' id='word_1_356' title='bbox 2607 1970 2731 2038; x_wconf 90' lang='lat' dir='ltr'>ipse</span> <span class='ocrx_word' id='word_1_357' title='bbox 2769 1976 2934 2024; x_wconf 92' lang='lat' dir='ltr'>totam</span> <span class='ocrx_word' id='word_1_358' title='bbox 2980 1970 3133 2041; x_wconf 83' lang='lat' dir='ltr'>regni</span> <span class='ocrx_word' id='word_1_359' title='bbox 3172 1970 3509 2027; x_wconf 88' lang='lat' dir='ltr'>nobilitatem</span> <span class='ocrx_word' id='word_1_360' title='bbox 3549 1990 3737 2047; x_wconf 88' lang='lat' dir='ltr'>popu-</span> 
     </span>
    </p>
   </div>
   <div class='ocr_carea' id='block_1_49' title="bbox 2132 2056 3738 2136">
    <p class='ocr_par' dir='ltr' id='par_1_49' title="bbox 2132 2056 3738 2136">
     <span class='ocr_line' id='line_1_49' title="bbox 2132 2056 3738 2136; baseline 0.006 -26"><span class='ocrx_word' id='word_1_361' title='bbox 2132 2057 2351 2127; x_wconf 90' lang='lat' dir='ltr'>lumque</span> <span class='ocrx_word' id='word_1_362' title='bbox 2419 2056 2720 2125; x_wconf 90' lang='lat' dir='ltr'>minorem,</span> <span class='ocrx_word' id='word_1_363' title='bbox 2768 2073 2868 2128; x_wconf 91' lang='lat' dir='ltr'>pro</span> <span class='ocrx_word' id='word_1_364' title='bbox 2909 2059 3014 2114; x_wconf 87' lang='lat' dir='ltr'>hoc</span> <span class='ocrx_word' id='word_1_365' title='bbox 3077 2059 3194 2130; x_wconf 91' lang='lat' dir='ltr'>ipso</span> <span class='ocrx_word' id='word_1_366' title='bbox 3246 2061 3738 2136; x_wconf 86' lang='lat' dir='ltr'>circumﬂuentem,</span> 
     </span>
    </p>
   </div>
   <div class='ocr_carea' id='block_1_50' title="bbox 2131 2145 3739 2220">
    <p class='ocr_par' dir='ltr' id='par_1_50' title="bbox 2131 2145 3739 2220">
     <span class='ocr_line' id='line_1_50' title="bbox 2131 2145 3739 2220; baseline 0.005 -21"><span class='ocrx_word' id='word_1_367' title='bbox 2131 2160 2345 2200; x_wconf 89' lang='lat' dir='ltr'>necnon</span> <span class='ocrx_word' id='word_1_368' title='bbox 2377 2160 2476 2214; x_wconf 90' lang='lat' dir='ltr'>pro</span> <span class='ocrx_word' id='word_1_369' title='bbox 2507 2145 2718 2200; x_wconf 90' lang='lat' dir='ltr'>foribus</span> <span class='ocrx_word' id='word_1_370' title='bbox 2749 2145 3003 2201; x_wconf 75' lang='lat' dir='ltr'>ecclesiae</span> <span class='ocrx_word' id='word_1_371' title='bbox 3035 2163 3218 2220; x_wconf 90' lang='lat' dir='ltr'>regem</span> <span class='ocrx_word' id='word_1_372' title='bbox 3249 2152 3303 2203; x_wconf 88' lang='lat' dir='ltr'>et</span> <span class='ocrx_word' id='word_1_373' title='bbox 3331 2148 3477 2204; x_wconf 90' lang='lat' dir='ltr'>illam</span> <span class='ocrx_word' id='word_1_374' title='bbox 3500 2151 3739 2206; x_wconf 86' lang='lat' dir='ltr'>circum-</span> 
     </span>
    </p>
   </div>
   <div class='ocr_carea' id='block_1_51' title="bbox 2133 2233 3739 2303">
    <p class='ocr_par' dir='ltr' id='par_1_51' title="bbox 2133 2233 3739 2303">
     <span class='ocr_line' id='line_1_51' title="bbox 2133 2233 3739 2303; baseline 0.006 -15"><span class='ocrx_word' id='word_1_375' title='bbox 2133 2233 2457 2303; x_wconf 83' lang='lat' dir='ltr'>vallantem,</span> <span class='ocrx_word' id='word_1_376' title='bbox 2522 2233 2814 2288; x_wconf 88' lang='lat' dir='ltr'>sublimius</span> <span class='ocrx_word' id='word_1_377' title='bbox 2869 2235 3084 2291; x_wconf 57' lang='lat' dir='ltr'>casteria</span> <span class='ocrx_word' id='word_1_378' title='bbox 3135 2243 3284 2292; x_wconf 89' lang='lat' dir='ltr'>stans</span> <span class='ocrx_word' id='word_1_379' title='bbox 3337 2237 3391 2292; x_wconf 92' lang='lat' dir='ltr'>in</span> <span class='ocrx_word' id='word_1_380' title='bbox 3442 2255 3739 2299; x_wconf 87' lang='lat' dir='ltr'>commune</span> 
     </span>
    </p>
   </div>
   <div class='ocr_carea' id='block_1_52' title="bbox 2132 2323 3741 2398">
    <p class='ocr_par' dir='ltr' id='par_1_52' title="bbox 2132 2323 3741 2398">
     <span class='ocr_line' id='line_1_52' title="bbox 2132 2323 3741 2398; baseline 0.006 -20"><span class='ocrx_word' id='word_1_381' title='bbox 2132 2323 2370 2389; x_wconf 90' lang='lat' dir='ltr'>edocuit,</span> <span class='ocrx_word' id='word_1_382' title='bbox 2404 2337 2510 2394; x_wconf 91' lang='lat' dir='ltr'>quo</span> <span class='ocrx_word' id='word_1_383' title='bbox 2539 2323 2734 2378; x_wconf 87' lang='lat' dir='ltr'>ordine</span> <span class='ocrx_word' id='word_1_384' title='bbox 2763 2339 2928 2379; x_wconf 88' lang='lat' dir='ltr'>causa</span> <span class='ocrx_word' id='word_1_385' title='bbox 2949 2324 3196 2396; x_wconf 78' lang='lat' dir='ltr'>virginis,</span> <span class='ocrx_word' id='word_1_386' title='bbox 3228 2342 3389 2398; x_wconf 88' lang='lat' dir='ltr'>quam</span> <span class='ocrx_word' id='word_1_387' title='bbox 3433 2329 3573 2384; x_wconf 87' lang='lat' dir='ltr'>fama</span> <span class='ocrx_word' id='word_1_388' title='bbox 3603 2331 3741 2387; x_wconf 83' lang='lat' dir='ltr'>vul-</span> 
     </span>
    </p>
   </div>
   <div class='ocr_carea' id='block_1_53' title="bbox 2132 2411 3747 2486">
    <p class='ocr_par' dir='ltr' id='par_1_53' title="bbox 2132 2411 3747 2486">
     <span class='ocr_line' id='line_1_53' title="bbox 2132 2411 3747 2486; baseline 0.007 -21"><span class='ocrx_word' id='word_1_389' title='bbox 2132 2418 2307 2483; x_wconf 85' lang='lat' dir='ltr'>garat,</span> <span class='ocrx_word' id='word_1_390' title='bbox 2333 2426 2432 2482; x_wconf 91' lang='lat' dir='ltr'>per</span> <span class='ocrx_word' id='word_1_391' title='bbox 2457 2411 2751 2483; x_wconf 84' lang='lat' dir='ltr'>episcOpos</span> <span class='ocrx_word' id='word_1_392' title='bbox 2783 2419 2833 2467; x_wconf 90' lang='lat' dir='ltr'>et</span> <span class='ocrx_word' id='word_1_393' title='bbox 2861 2412 3150 2485; x_wconf 86' lang='lat' dir='ltr'>religiosas</span> <span class='ocrx_word' id='word_1_394' title='bbox 3196 2430 3454 2486; x_wconf 85' lang='lat' dir='ltr'>personas</span> <span class='ocrx_word' id='word_1_395' title='bbox 3478 2420 3747 2476; x_wconf 86' lang='lat' dir='ltr'>ventilata</span> 
     </span>
    </p>
   </div>
   <div class='ocr_carea' id='block_1_54' title="bbox 2136 2499 3747 2572">
    <p class='ocr_par' dir='ltr' id='par_1_54' title="bbox 2136 2499 3747 2572">
     <span class='ocr_line' id='line_1_54' title="bbox 2136 2499 3747 2572; baseline 0.008 -19"><span class='ocrx_word' id='word_1_396' title='bbox 2136 2499 2231 2554; x_wconf 91' lang='lat' dir='ltr'>fuit</span> <span class='ocrx_word' id='word_1_397' title='bbox 2262 2507 2314 2554; x_wconf 91' lang='lat' dir='ltr'>et</span> <span class='ocrx_word' id='word_1_398' title='bbox 2341 2499 2721 2555; x_wconf 89' lang='lat' dir='ltr'>determinata.</span> <span class='ocrx_word' id='word_1_399' title='bbox 2756 2499 2877 2568; x_wconf 92' lang='lat' dir='ltr'>Quo</span> <span class='ocrx_word' id='word_1_400' title='bbox 2910 2501 3073 2571; x_wconf 91' lang='lat' dir='ltr'>facto,</span> <span class='ocrx_word' id='word_1_401' title='bbox 3097 2504 3390 2572; x_wconf 90' lang='lat' dir='ltr'>monendo,</span> <span class='ocrx_word' id='word_1_402' title='bbox 3415 2509 3747 2566; x_wconf 86' lang='lat' dir='ltr'>auctoritate</span> 
     </span>
    </p>
   </div>
   <div class='ocr_carea' id='block_1_55' title="bbox 2133 2587 3746 2666">
    <p class='ocr_par' dir='ltr' id='par_1_55' title="bbox 2133 2587 3746 2666">
     <span class='ocr_line' id='line_1_55' title="bbox 2133 2587 3746 2666; baseline 0.007 -24"><span class='ocrx_word' id='word_1_403' title='bbox 2133 2587 2232 2643; x_wconf 91' lang='lat' dir='ltr'>Dei</span> <span class='ocrx_word' id='word_1_404' title='bbox 2263 2588 2544 2658; x_wconf 73' lang='lat' dir='ltr'>przecepit,</span> <span class='ocrx_word' id='word_1_405' title='bbox 2577 2596 2837 2660; x_wconf 88' lang='lat' dir='ltr'>quatenus</span> <span class='ocrx_word' id='word_1_406' title='bbox 2868 2590 2911 2644; x_wconf 92' lang='lat' dir='ltr'>si</span> <span class='ocrx_word' id='word_1_407' title='bbox 2943 2590 3069 2661; x_wconf 91' lang='lat' dir='ltr'>quis</span> <span class='ocrx_word' id='word_1_408' title='bbox 3095 2591 3254 2648; x_wconf 86' lang='lat' dir='ltr'>aliter</span> <span class='ocrx_word' id='word_1_409' title='bbox 3279 2592 3347 2649; x_wconf 93' lang='lat' dir='ltr'>de</span> <span class='ocrx_word' id='word_1_410' title='bbox 3373 2596 3596 2666; x_wconf 88' lang='lat' dir='ltr'>negotio</span> <span class='ocrx_word' id='word_1_411' title='bbox 3642 2597 3746 2654; x_wconf 92' lang='lat' dir='ltr'>illo</span> 
     </span>
    </p>
   </div>
   <div class='ocr_carea' id='block_1_56' title="bbox 2134 2677 3744 2757">
    <p class='ocr_par' dir='ltr' id='par_1_56' title="bbox 2134 2677 3744 2757">
     <span class='ocr_line' id='line_1_56' title="bbox 2134 2677 3744 2757; baseline 0.007 -25"><span class='ocrx_word' id='word_1_412' title='bbox 2134 2677 2397 2743; x_wconf 75' lang='lat' dir='ltr'>sentiret,</span> <span class='ocrx_word' id='word_1_413' title='bbox 2445 2693 2507 2731; x_wconf 92' lang='lat' dir='ltr'>ac</span> <span class='ocrx_word' id='word_1_414' title='bbox 2545 2677 2820 2732; x_wconf 89' lang='lat' dir='ltr'>sententia</span> <span class='ocrx_word' id='word_1_415' title='bbox 2857 2679 3058 2734; x_wconf 90' lang='lat' dir='ltr'>tulerat</span> <span class='ocrx_word' id='word_1_416' title='bbox 3101 2682 3268 2750; x_wconf 87' lang='lat' dir='ltr'>(unde</span> <span class='ocrx_word' id='word_1_417' title='bbox 3312 2683 3519 2739; x_wconf 89' lang='lat' dir='ltr'>scilicet</span> <span class='ocrx_word' id='word_1_418' title='bbox 3558 2687 3744 2757; x_wconf 87' lang='lat' dir='ltr'>ipsam</span> 
     </span>
    </p>
   </div>
   <div class='ocr_carea' id='block_1_57' title="bbox 2135 2765 3747 2839">
    <p class='ocr_par' dir='ltr' id='par_1_57' title="bbox 2135 2765 3747 2839">
     <span class='ocr_line' id='line_1_57' title="bbox 2135 2765 3747 2839; baseline 0.007 -19"><span class='ocrx_word' id='word_1_419' title='bbox 2135 2765 2414 2835; x_wconf 89' lang='lat' dir='ltr'>copulam,</span> <span class='ocrx_word' id='word_1_420' title='bbox 2455 2765 2753 2821; x_wconf 89' lang='lat' dir='ltr'>secundum</span> <span class='ocrx_word' id='word_1_421' title='bbox 2799 2767 2979 2839; x_wconf 86' lang='lat' dir='ltr'>legem</span> <span class='ocrx_word' id='word_1_422' title='bbox 3020 2768 3419 2839; x_wconf 88' lang='lat' dir='ltr'>Christianam,</span> <span class='ocrx_word' id='word_1_423' title='bbox 3466 2771 3583 2828; x_wconf 84' lang='lat' dir='ltr'>ﬁeri</span> <span class='ocrx_word' id='word_1_424' title='bbox 3627 2791 3747 2833; x_wconf 86' lang='lat' dir='ltr'>non</span> 
     </span>
    </p>
   </div>
   <div class='ocr_carea' id='block_1_58' title="bbox 2132 2855 3746 2934">
    <p class='ocr_par' dir='ltr' id='par_1_58' title="bbox 2132 2855 3746 2934">
     <span class='ocr_line' id='line_1_58' title="bbox 2132 2855 3746 2934; baseline 0.009 -25"><span class='ocrx_word' id='word_1_425' title='bbox 2132 2855 2337 2910; x_wconf 89' lang='lat' dir='ltr'>debere</span> <span class='ocrx_word' id='word_1_426' title='bbox 2380 2862 2570 2924; x_wconf 85' lang='lat' dir='ltr'>posset</span> <span class='ocrx_word' id='word_1_427' title='bbox 2613 2855 2872 2928; x_wconf 89' lang='lat' dir='ltr'>ostendi),</span> <span class='ocrx_word' id='word_1_428' title='bbox 2919 2857 3054 2910; x_wconf 90' lang='lat' dir='ltr'>nihil</span> <span class='ocrx_word' id='word_1_429' title='bbox 3096 2857 3375 2927; x_wconf 70' lang='lat' dir='ltr'>haesitans,</span> <span class='ocrx_word' id='word_1_430' title='bbox 3407 2862 3559 2917; x_wconf 80' lang='lat' dir='ltr'>salva</span> <span class='ocrx_word' id='word_1_431' title='bbox 3599 2880 3746 2934; x_wconf 84' lang='lat' dir='ltr'>pace</span> 
     </span>
    </p>
   </div>
   <div class='ocr_carea' id='block_1_59' title="bbox 2131 2940 3748 3016">
    <p class='ocr_par' dir='ltr' id='par_1_59' title="bbox 2131 2940 3748 3016">
     <span class='ocr_line' id='line_1_59' title="bbox 2131 2940 3748 3016; baseline 0.006 -20"><span class='ocrx_word' id='word_1_432' title='bbox 2131 2940 2403 3008; x_wconf 91' lang='lat' dir='ltr'>omnium,</span> <span class='ocrx_word' id='word_1_433' title='bbox 2456 2955 2647 2996; x_wconf 88' lang='lat' dir='ltr'>coram</span> <span class='ocrx_word' id='word_1_434' title='bbox 2691 2942 2994 3012; x_wconf 89' lang='lat' dir='ltr'>proferret.</span> <span class='ocrx_word' id='word_1_435' title='bbox 3045 2943 3126 2998; x_wconf 82' lang='lat' dir='ltr'>Ad</span> <span class='ocrx_word' id='word_1_436' title='bbox 3171 2961 3334 3016; x_wconf 80' lang='lat' dir='ltr'>quae,</span> <span class='ocrx_word' id='word_1_437' title='bbox 3374 2949 3587 3004; x_wconf 87' lang='lat' dir='ltr'>cunctis</span> <span class='ocrx_word' id='word_1_438' title='bbox 3628 2967 3748 3006; x_wconf 80' lang='lat' dir='ltr'>una</span> 
     </span>
    </p>
   </div>
   <div class='ocr_carea' id='block_1_60' title="bbox 2131 3029 3747 3110">
    <p class='ocr_par' dir='ltr' id='par_1_60' title="bbox 2131 3029 3747 3110">
     <span class='ocr_line' id='line_1_60' title="bbox 2131 3029 3747 3110; baseline 0.006 -26"><span class='ocrx_word' id='word_1_439' title='bbox 2131 3029 2524 3097; x_wconf 89' lang='lat' dir='ltr'>clamantibus,</span> <span class='ocrx_word' id='word_1_440' title='bbox 2571 3046 2684 3084; x_wconf 91' lang='lat' dir='ltr'>rem</span> <span class='ocrx_word' id='word_1_441' title='bbox 2720 3030 2869 3100; x_wconf 89' lang='lat' dir='ltr'>juste</span> <span class='ocrx_word' id='word_1_442' title='bbox 2909 3031 3222 3103; x_wconf 88' lang='lat' dir='ltr'>deﬁnitam,</span> <span class='ocrx_word' id='word_1_443' title='bbox 3268 3051 3369 3091; x_wconf 88' lang='lat' dir='ltr'>nec</span> <span class='ocrx_word' id='word_1_444' title='bbox 3406 3035 3459 3090; x_wconf 91' lang='lat' dir='ltr'>in</span> <span class='ocrx_word' id='word_1_445' title='bbox 3498 3053 3562 3092; x_wconf 89' lang='lat' dir='ltr'>ea</span> <span class='ocrx_word' id='word_1_446' title='bbox 3605 3039 3747 3110; x_wconf 89' lang='lat' dir='ltr'>quid</span> 
     </span>
    </p>
   </div>
   <div class='ocr_carea' id='block_1_61' title="bbox 426 3116 3748 3212">
    <p class='ocr_par' dir='ltr' id='par_1_61' title="bbox 426 3116 3748 3212">
     <span class='ocr_line' id='line_1_61' title="bbox 426 3116 3748 3212; baseline -0.002 -19"><span class='ocrx_word' id='word_1_447' title='bbox 426 3154 534 3212; x_wconf 82' lang='lat' dir='ltr'>pax</span> <span class='ocrx_word' id='word_1_448' title='bbox 581 3116 745 3190; x_wconf 78' lang='lat' dir='ltr'>rebus</span> <span class='ocrx_word' id='word_1_449' title='bbox 785 3131 913 3186; x_wconf 88' lang='lat' dir='ltr'>data</span> <span class='ocrx_word' id='word_1_450' title='bbox 943 3127 1152 3192; x_wconf 78' lang='lat' dir='ltr'>fuisset,</span> <span class='ocrx_word' id='word_1_451' title='bbox 1184 3124 1469 3196; x_wconf 80' lang='lat' dir='ltr'>quaesitum</span> <span class='ocrx_word' id='word_1_452' title='bbox 1515 3124 1581 3178; x_wconf 92' lang='lat' dir='ltr'>ab</span> <span class='ocrx_word' id='word_1_453' title='bbox 1625 3125 1815 3179; x_wconf 88' lang='lat' dir='ltr'>eodem</span> <span class='ocrx_word' id='word_1_454' title='bbox 1869 3125 2023 3181; x_wconf 86' lang='lat' dir='ltr'>Patre</span> <span class='ocrx_word' id='word_1_455' title='bbox 2053 3145 2102 3209; x_wconf 70' lang='grc' dir='ltr'><strong>ρ</strong></span> <span class='ocrx_word' id='word_1_456' title='bbox 2135 3116 2375 3212; x_wconf 39' lang='lat' dir='ltr'>residere</span> <span class='ocrx_word' id='word_1_457' title='bbox 2416 3118 2560 3174; x_wconf 81' lang='lat' dir='ltr'>unde</span> <span class='ocrx_word' id='word_1_458' title='bbox 2605 3118 2746 3189; x_wconf 69' lang='lat' dir='ltr'>quia,</span> <span class='ocrx_word' id='word_1_459' title='bbox 2792 3119 2896 3174; x_wconf 85' lang='lat' dir='ltr'>nisi</span> <span class='ocrx_word' id='word_1_460' title='bbox 2939 3121 3078 3212; x_wconf 73' lang='lat' dir='ltr'>forte</span> <span class='ocrx_word' id='word_1_461' title='bbox 3122 3123 3328 3212; x_wconf 75' lang='lat' dir='ltr'>malitia</span> <span class='ocrx_word' id='word_1_462' title='bbox 3374 3123 3586 3192; x_wconf 90' lang='lat' dir='ltr'>ductus,</span> <span class='ocrx_word' id='word_1_463' title='bbox 3611 3127 3748 3196; x_wconf 85' lang='lat' dir='ltr'>jure</span> 
     </span>
    </p>
   </div>
   <div class='ocr_carea' id='block_1_62' title="bbox 428 3211 2029 3290">
    <p class='ocr_par' dir='ltr' id='par_1_62' title="bbox 428 3211 2029 3290">
     <span class='ocr_line' id='line_1_62' title="bbox 428 3211 2029 3290; baseline -0.009 -7"><span class='ocrx_word' id='word_1_464' title='bbox 428 3211 734 3284; x_wconf 83' lang='lat' dir='ltr'>Lanfranco</span> <span class='ocrx_word' id='word_1_465' title='bbox 766 3228 848 3276; x_wconf 90' lang='lat' dir='ltr'>est</span> <span class='ocrx_word' id='word_1_466' title='bbox 877 3217 1005 3290; x_wconf 90' lang='lat' dir='ltr'>quid</span> <span class='ocrx_word' id='word_1_467' title='bbox 1043 3215 1112 3271; x_wconf 92' lang='lat' dir='ltr'>de</span> <span class='ocrx_word' id='word_1_468' title='bbox 1156 3214 1258 3282; x_wconf 90' lang='lat' dir='ltr'>his,</span> <span class='ocrx_word' id='word_1_469' title='bbox 1305 3229 1427 3284; x_wconf 69' lang='lat' dir='ltr'>qua:</span> <span class='ocrx_word' id='word_1_470' title='bbox 1472 3211 1566 3266; x_wconf 87' lang='lat' dir='ltr'>tali</span> <span class='ocrx_word' id='word_1_471' title='bbox 1611 3213 1826 3285; x_wconf 84' lang='lat' dir='ltr'>refugio</span> <span class='ocrx_word' id='word_1_472' title='bbox 1876 3229 2029 3272; x_wconf 88' lang='lat' dir='ltr'>suam</span> 
     </span>
    </p>
   </div>
   <div class='ocr_carea' id='block_1_63' title="bbox 433 3300 2032 3389">
    <p class='ocr_par' dir='ltr' id='par_1_63' title="bbox 433 3300 2032 3389">
     <span class='ocr_line' id='line_1_63' title="bbox 433 3300 2032 3389; baseline -0.008 -17"><span class='ocrx_word' id='word_1_473' title='bbox 433 3313 755 3389; x_wconf 90' lang='lat' dir='ltr'>pudicitiam</span> <span class='ocrx_word' id='word_1_474' title='bbox 786 3311 1158 3372; x_wconf 89' lang='lat' dir='ltr'>servaverunt,</span> <span class='ocrx_word' id='word_1_475' title='bbox 1190 3303 1308 3373; x_wconf 90' lang='lat' dir='ltr'>ipse</span> <span class='ocrx_word' id='word_1_476' title='bbox 1338 3300 1580 3372; x_wconf 87' lang='lat' dir='ltr'>sentiret,</span> <span class='ocrx_word' id='word_1_477' title='bbox 1603 3310 1855 3357; x_wconf 84' lang='lat' dir='ltr'>essentne</span> <span class='ocrx_word' id='word_1_478' title='bbox 1884 3302 2032 3360; x_wconf 81' lang='lat' dir='ltr'>vide-</span> 
     </span>
    </p>
   </div>
   <div class='ocr_carea' id='block_1_64' title="bbox 422 3390 2033 3471">
    <p class='ocr_par' dir='ltr' id='par_1_64' title="bbox 422 3390 2033 3471">
     <span class='ocr_line' id='line_1_64' title="bbox 422 3390 2033 3471; baseline -0.01 -10"><span class='ocrx_word' id='word_1_479' title='bbox 422 3405 551 3461; x_wconf 91' lang='lat' dir='ltr'>licet</span> <span class='ocrx_word' id='word_1_480' title='bbox 577 3397 1013 3471; x_wconf 83' lang='lat' dir='ltr'>constringendae</span> <span class='ocrx_word' id='word_1_481' title='bbox 1043 3394 1098 3448; x_wconf 92' lang='lat' dir='ltr'>in</span> <span class='ocrx_word' id='word_1_482' title='bbox 1117 3390 1452 3448; x_wconf 88' lang='lat' dir='ltr'>monasterio</span> <span class='ocrx_word' id='word_1_483' title='bbox 1472 3390 1650 3447; x_wconf 92' lang='lat' dir='ltr'>velum</span> <span class='ocrx_word' id='word_1_484' title='bbox 1675 3398 1856 3446; x_wconf 92' lang='lat' dir='ltr'>tenere</span> <span class='ocrx_word' id='word_1_485' title='bbox 1887 3392 2033 3463; x_wconf 90' lang='lat' dir='ltr'>quod</span> 
     </span>
    </p>
   </div>
   <div class='ocr_carea' id='block_1_65' title="bbox 427 3479 2033 3564">
    <p class='ocr_par' dir='ltr' id='par_1_65' title="bbox 427 3479 2033 3564">
     <span class='ocr_line' id='line_1_65' title="bbox 427 3479 2033 3564; baseline -0.009 -14"><span class='ocrx_word' id='word_1_486' title='bbox 427 3496 768 3564; x_wconf 86' lang='lat' dir='ltr'>acceperant,</span> <span class='ocrx_word' id='word_1_487' title='bbox 787 3501 985 3543; x_wconf 90' lang='lat' dir='ltr'>necne.</span> <span class='ocrx_word' id='word_1_488' title='bbox 1011 3486 1085 3538; x_wconf 85' lang='lat' dir='ltr'>At</span> <span class='ocrx_word' id='word_1_489' title='bbox 1105 3483 1221 3553; x_wconf 89' lang='lat' dir='ltr'>ipse</span> <span class='ocrx_word' id='word_1_490' title='bbox 1240 3479 1592 3551; x_wconf 65' lang='lat' dir='ltr'>quaestionem</span> <span class='ocrx_word' id='word_1_491' title='bbox 1611 3479 1784 3550; x_wconf 86' lang='lat' dir='ltr'>ipsam</span> <span class='ocrx_word' id='word_1_492' title='bbox 1804 3481 2033 3537; x_wconf 92' lang='lat' dir='ltr'>consilio</span> 
     </span>
    </p>
   </div>
   <div class='ocr_carea' id='block_1_66' title="bbox 429 3567 2034 3654">
    <p class='ocr_par' dir='ltr' id='par_1_66' title="bbox 429 3567 2034 3654">
     <span class='ocr_line' id='line_1_66' title="bbox 429 3567 2034 3654; baseline -0.009 -17"><span class='ocrx_word' id='word_1_493' title='bbox 429 3579 704 3654; x_wconf 88' lang='lat' dir='ltr'>generalis</span> <span class='ocrx_word' id='word_1_494' title='bbox 748 3574 969 3632; x_wconf 90' lang='lat' dir='ltr'>concilii</span> <span class='ocrx_word' id='word_1_495' title='bbox 1017 3571 1197 3626; x_wconf 88' lang='lat' dir='ltr'>taliter</span> <span class='ocrx_word' id='word_1_496' title='bbox 1238 3568 1413 3639; x_wconf 86' lang='lat' dir='ltr'>solvit,</span> <span class='ocrx_word' id='word_1_497' title='bbox 1445 3575 1502 3621; x_wconf 91' lang='lat' dir='ltr'>ut</span> <span class='ocrx_word' id='word_1_498' title='bbox 1530 3567 1610 3623; x_wconf 88' lang='lat' dir='ltr'>eis</span> <span class='ocrx_word' id='word_1_499' title='bbox 1652 3584 1750 3637; x_wconf 90' lang='lat' dir='ltr'>pro</span> <span class='ocrx_word' id='word_1_500' title='bbox 1795 3568 2034 3624; x_wconf 88' lang='lat' dir='ltr'>castitate</span> 
     </span>
    </p>
   </div>
   <div class='ocr_carea' id='block_1_67' title="bbox 433 3656 2034 3740">
    <p class='ocr_par' dir='ltr' id='par_1_67' title="bbox 433 3656 2034 3740">
     <span class='ocr_line' id='line_1_67' title="bbox 433 3656 2034 3740; baseline -0.008 -15"><span class='ocrx_word' id='word_1_501' title='bbox 433 3685 594 3740; x_wconf 90' lang='lat' dir='ltr'>quam</span> <span class='ocrx_word' id='word_1_502' title='bbox 626 3682 691 3723; x_wconf 88' lang='lat' dir='ltr'>se</span> <span class='ocrx_word' id='word_1_503' title='bbox 719 3672 828 3719; x_wconf 90' lang='lat' dir='ltr'>tam</span> <span class='ocrx_word' id='word_1_504' title='bbox 853 3659 1160 3715; x_wconf 59' lang='lat' dir='ltr'>manifesta</span> <span class='ocrx_word' id='word_1_505' title='bbox 1180 3657 1254 3710; x_wconf 87' lang='lat' dir='ltr'>rei</span> <span class='ocrx_word' id='word_1_506' title='bbox 1277 3656 1583 3711; x_wconf 90' lang='lat' dir='ltr'>ostensione</span> <span class='ocrx_word' id='word_1_507' title='bbox 1614 3671 1796 3710; x_wconf 88' lang='lat' dir='ltr'>amare</span> <span class='ocrx_word' id='word_1_508' title='bbox 1826 3663 2034 3713; x_wconf 70' lang='lat' dir='ltr'>testata:</span> 
     </span>
    </p>
   </div>
   <div class='ocr_carea' id='block_1_68' title="bbox 435 3742 2030 3824">
    <p class='ocr_par' dir='ltr' id='par_1_68' title="bbox 435 3742 2030 3824">
     <span class='ocr_line' id='line_1_68' title="bbox 435 3742 2030 3824; baseline -0.009 -13"><span class='ocrx_word' id='word_1_509' title='bbox 435 3759 670 3824; x_wconf 86' lang='lat' dir='ltr'>fuerant,</span> <span class='ocrx_word' id='word_1_510' title='bbox 693 3749 933 3806; x_wconf 89' lang='lat' dir='ltr'>debitam</span> <span class='ocrx_word' id='word_1_511' title='bbox 967 3746 1147 3817; x_wconf 87' lang='lat' dir='ltr'>magis</span> <span class='ocrx_word' id='word_1_512' title='bbox 1178 3742 1533 3799; x_wconf 87' lang='lat' dir='ltr'>reverentiam</span> <span class='ocrx_word' id='word_1_513' title='bbox 1560 3743 1831 3813; x_wconf 89' lang='lat' dir='ltr'>judicaret</span> <span class='ocrx_word' id='word_1_514' title='bbox 1873 3743 2030 3799; x_wconf 85' lang='lat' dir='ltr'>exhi-</span> 
     </span>
    </p>
   </div>
   <div class='ocr_carea' id='block_1_69' title="bbox 433 3830 2031 3909">
    <p class='ocr_par' dir='ltr' id='par_1_69' title="bbox 433 3830 2031 3909">
     <span class='ocr_line' id='line_1_69' title="bbox 433 3830 2031 3909; baseline -0.009 -10"><span class='ocrx_word' id='word_1_515' title='bbox 433 3841 670 3898; x_wconf 88' lang='lat' dir='ltr'>bendam</span> <span class='ocrx_word' id='word_1_516' title='bbox 703 3853 864 3909; x_wconf 90' lang='lat' dir='ltr'>quam</span> <span class='ocrx_word' id='word_1_517' title='bbox 908 3835 1074 3889; x_wconf 88' lang='lat' dir='ltr'>ullam</span> <span class='ocrx_word' id='word_1_518' title='bbox 1117 3830 1395 3888; x_wconf 71' lang='lat' dir='ltr'>servanda:</span> <span class='ocrx_word' id='word_1_519' title='bbox 1433 3830 1715 3901; x_wconf 87' lang='lat' dir='ltr'>religionis</span> <span class='ocrx_word' id='word_1_520' title='bbox 1745 3831 2031 3886; x_wconf 85' lang='lat' dir='ltr'>continen-</span> 
     </span>
    </p>
   </div>
   <div class='ocr_carea' id='block_1_70' title="bbox 430 3920 2032 4000">
    <p class='ocr_par' dir='ltr' id='par_1_70' title="bbox 430 3920 2032 4000">
     <span class='ocr_line' id='line_1_70' title="bbox 430 3920 2032 4000; baseline -0.008 -13"><span class='ocrx_word' id='word_1_521' title='bbox 430 3932 578 4000; x_wconf 87' lang='lat' dir='ltr'>tiam,</span> <span class='ocrx_word' id='word_1_522' title='bbox 611 3926 713 3983; x_wconf 89' lang='lat' dir='ltr'>nisi</span> <span class='ocrx_word' id='word_1_523' title='bbox 743 3924 961 3997; x_wconf 91' lang='lat' dir='ltr'>propria</span> <span class='ocrx_word' id='word_1_524' title='bbox 990 3922 1138 3977; x_wconf 89' lang='lat' dir='ltr'>illam</span> <span class='ocrx_word' id='word_1_525' title='bbox 1168 3920 1440 3976; x_wconf 89' lang='lat' dir='ltr'>voluntate</span> <span class='ocrx_word' id='word_1_526' title='bbox 1463 3923 1802 3989; x_wconf 88' lang='lat' dir='ltr'>appeterent,</span> <span class='ocrx_word' id='word_1_527' title='bbox 1826 3920 2032 3976; x_wconf 89' lang='lat' dir='ltr'>violen-</span> 
     </span>
    </p>
   </div>
   <div class='ocr_carea' id='block_1_71' title="bbox 432 4007 2028 4089">
    <p class='ocr_par' dir='ltr' id='par_1_71' title="bbox 432 4007 2028 4089">
     <span class='ocr_line' id='line_1_71' title="bbox 432 4007 2028 4089; baseline -0.008 -15"><span class='ocrx_word' id='word_1_528' title='bbox 432 4027 516 4075; x_wconf 89' lang='lat' dir='ltr'>ter</span> <span class='ocrx_word' id='word_1_529' title='bbox 542 4015 919 4089; x_wconf 89' lang='lat' dir='ltr'>ingerendam.</span> <span class='ocrx_word' id='word_1_530' title='bbox 955 4012 1025 4066; x_wconf 90' lang='lat' dir='ltr'>Et</span> <span class='ocrx_word' id='word_1_531' title='bbox 1055 4009 1448 4080; x_wconf 83' lang='lat' dir='ltr'>adjunxerunt:</span> <span class='ocrx_word' id='word_1_532' title='bbox 1480 4031 1500 4056; x_wconf 79' lang='grc' dir='ltr'>α</span> <span class='ocrx_word' id='word_1_533' title='bbox 1530 4007 1626 4061; x_wconf 85' lang='lat' dir='ltr'>His</span> <span class='ocrx_word' id='word_1_534' title='bbox 1660 4008 2028 4077; x_wconf 86' lang='lat' dir='ltr'>interfuimus,</span> 
     </span>
    </p>
   </div>
   <div class='ocr_carea' id='block_1_72' title="bbox 434 4095 2032 4177">
    <p class='ocr_par' dir='ltr' id='par_1_72' title="bbox 434 4095 2032 4177">
     <span class='ocr_line' id='line_1_72' title="bbox 434 4095 2032 4177; baseline -0.009 -13"><span class='ocrx_word' id='word_1_535' title='bbox 434 4111 552 4164; x_wconf 66' lang='lat' dir='ltr'>hac</span> <span class='ocrx_word' id='word_1_536' title='bbox 600 4102 893 4177; x_wconf 88' lang='lat' dir='ltr'>approbari</span> <span class='ocrx_word' id='word_1_537' title='bbox 942 4118 974 4155; x_wconf 90' lang='lat' dir='ltr'>a</span> <span class='ocrx_word' id='word_1_538' title='bbox 1023 4097 1357 4170; x_wconf 89' lang='lat' dir='ltr'>sapientibus</span> <span class='ocrx_word' id='word_1_539' title='bbox 1398 4095 1529 4152; x_wconf 91' lang='lat' dir='ltr'>viris</span> <span class='ocrx_word' id='word_1_540' title='bbox 1583 4097 1916 4167; x_wconf 89' lang='lat' dir='ltr'>audivimus,</span> <span class='ocrx_word' id='word_1_541' title='bbox 1979 4104 2032 4151; x_wconf 93' lang='lat' dir='ltr'>et</span> 
     </span>
    </p>
   </div>
   <div class='ocr_carea' id='block_1_73' title="bbox 435 4185 2031 4265">
    <p class='ocr_par' dir='ltr' id='par_1_73' title="bbox 435 4185 2031 4265">
     <span class='ocr_line' id='line_1_73' title="bbox 435 4185 2031 4265; baseline -0.01 -11"><span class='ocrx_word' id='word_1_542' title='bbox 435 4199 555 4254; x_wconf 75' lang='lat' dir='ltr'>haec</span> <span class='ocrx_word' id='word_1_543' title='bbox 580 4195 634 4250; x_wconf 92' lang='lat' dir='ltr'>in</span> <span class='ocrx_word' id='word_1_544' title='bbox 664 4190 916 4265; x_wconf 85' lang='lat' dir='ltr'>praesenti</span> <span class='ocrx_word' id='word_1_545' title='bbox 943 4189 1168 4261; x_wconf 88' lang='lat' dir='ltr'>negotio</span> <span class='ocrx_word' id='word_1_546' title='bbox 1194 4185 1378 4242; x_wconf 90' lang='lat' dir='ltr'>valere</span> <span class='ocrx_word' id='word_1_547' title='bbox 1407 4185 1677 4254; x_wconf 91' lang='lat' dir='ltr'>volumus,</span> <span class='ocrx_word' id='word_1_548' title='bbox 1697 4203 1759 4241; x_wconf 89' lang='lat' dir='ltr'>ac</span> <span class='ocrx_word' id='word_1_549' title='bbox 1787 4185 2031 4242; x_wconf 91' lang='lat' dir='ltr'>roborari</span> 
     </span>
    </p>
   </div>
   <div class='ocr_carea' id='block_1_74' title="bbox 437 4274 2029 4356">
    <p class='ocr_par' dir='ltr' id='par_1_74' title="bbox 437 4274 2029 4356">
     <span class='ocr_line' id='line_1_74' title="bbox 437 4274 2029 4356; baseline -0.009 -15"><span class='ocrx_word' id='word_1_550' title='bbox 437 4283 808 4356; x_wconf 88' lang='lat' dir='ltr'>postulamus.</span> <span class='ocrx_word' id='word_1_551' title='bbox 884 4278 1027 4333; x_wconf 89' lang='lat' dir='ltr'>Licet</span> <span class='ocrx_word' id='word_1_552' title='bbox 1077 4275 1219 4331; x_wconf 90' lang='lat' dir='ltr'>enim</span> <span class='ocrx_word' id='word_1_553' title='bbox 1268 4275 1510 4329; x_wconf 89' lang='lat' dir='ltr'>sciamus</span> <span class='ocrx_word' id='word_1_554' title='bbox 1554 4289 1771 4328; x_wconf 88' lang='lat' dir='ltr'>causam</span> <span class='ocrx_word' id='word_1_555' title='bbox 1816 4274 2029 4328; x_wconf 88' lang='lat' dir='ltr'>illarum</span> 
     </span>
    </p>
   </div>
   <div class='ocr_carea' id='block_1_75' title="bbox 436 4362 2032 4435">
    <p class='ocr_par' dir='ltr' id='par_1_75' title="bbox 436 4362 2032 4435">
     <span class='ocr_line' id='line_1_75' title="bbox 436 4362 2032 4435; baseline -0.009 -5"><span class='ocrx_word' id='word_1_556' title='bbox 436 4374 590 4430; x_wconf 89' lang='lat' dir='ltr'>istius</span> <span class='ocrx_word' id='word_1_557' title='bbox 620 4386 739 4427; x_wconf 90' lang='lat' dir='ltr'>esse</span> <span class='ocrx_word' id='word_1_558' title='bbox 767 4364 1193 4435; x_wconf 87' lang='lat' dir='ltr'>leviorem,dum</span> <span class='ocrx_word' id='word_1_559' title='bbox 1224 4363 1317 4417; x_wconf 85' lang='lat' dir='ltr'>illa</span> <span class='ocrx_word' id='word_1_560' title='bbox 1346 4370 1561 4433; x_wconf 88' lang='lat' dir='ltr'>sponte,</span> <span class='ocrx_word' id='word_1_561' title='bbox 1579 4363 1682 4416; x_wconf 89' lang='lat' dir='ltr'>ista</span> <span class='ocrx_word' id='word_1_562' title='bbox 1709 4370 1892 4418; x_wconf 89' lang='lat' dir='ltr'>coacta</span> <span class='ocrx_word' id='word_1_563' title='bbox 1914 4362 2032 4431; x_wconf 89' lang='lat' dir='ltr'>pari</span> 
     </span>
    </p>
   </div>
   <div class='ocr_carea' id='block_1_76' title="bbox 429 4449 2030 4526">
    <p class='ocr_par' dir='ltr' id='par_1_76' title="bbox 429 4449 2030 4526">
     <span class='ocr_line' id='line_1_76' title="bbox 429 4449 2030 4526; baseline -0.009 -8"><span class='ocrx_word' id='word_1_564' title='bbox 429 4463 498 4518; x_wconf 91' lang='lat' dir='ltr'>de</span> <span class='ocrx_word' id='word_1_565' title='bbox 529 4476 691 4518; x_wconf 88' lang='lat' dir='ltr'>causa</span> <span class='ocrx_word' id='word_1_566' title='bbox 707 4457 890 4515; x_wconf 86' lang='lat' dir='ltr'>velum</span> <span class='ocrx_word' id='word_1_567' title='bbox 919 4452 1233 4526; x_wconf 89' lang='lat' dir='ltr'>portaverit,</span> <span class='ocrx_word' id='word_1_568' title='bbox 1256 4459 1460 4521; x_wconf 90' lang='lat' dir='ltr'>tamen,</span> <span class='ocrx_word' id='word_1_569' title='bbox 1490 4466 1556 4505; x_wconf 91' lang='lat' dir='ltr'>ne</span> <span class='ocrx_word' id='word_1_570' title='bbox 1587 4449 1704 4520; x_wconf 90' lang='lat' dir='ltr'>quis</span> <span class='ocrx_word' id='word_1_571' title='bbox 1722 4466 1821 4506; x_wconf 93' lang='lat' dir='ltr'>nos</span> <span class='ocrx_word' id='word_1_572' title='bbox 1841 4451 2030 4504; x_wconf 89' lang='lat' dir='ltr'>favore</span> 
     </span>
    </p>
   </div>
   <div class='ocr_carea' id='block_1_77' title="bbox 2140 3205 3745 3284">
    <p class='ocr_par' dir='ltr' id='par_1_77' title="bbox 2140 3205 3745 3284">
     <span class='ocr_line' id='line_1_77' title="bbox 2140 3205 3745 3284; baseline 0.007 -24"><span class='ocrx_word' id='word_1_573' title='bbox 2140 3205 2374 3278; x_wconf 90' lang='lat' dir='ltr'>aliquam</span> <span class='ocrx_word' id='word_1_574' title='bbox 2441 3215 2623 3277; x_wconf 90' lang='lat' dir='ltr'>posset</span> <span class='ocrx_word' id='word_1_575' title='bbox 2659 3222 2878 3264; x_wconf 90' lang='lat' dir='ltr'>movere</span> <span class='ocrx_word' id='word_1_576' title='bbox 2917 3209 3265 3278; x_wconf 88' lang='lat' dir='ltr'>calumniam,</span> <span class='ocrx_word' id='word_1_577' title='bbox 3308 3212 3546 3284; x_wconf 89' lang='lat' dir='ltr'>legitime</span> <span class='ocrx_word' id='word_1_578' title='bbox 3597 3231 3745 3272; x_wconf 85' lang='lat' dir='ltr'>con-</span> 
     </span>
    </p>
   </div>
   <div class='ocr_carea' id='block_1_78' title="bbox 2131 3295 3742 3376">
    <p class='ocr_par' dir='ltr' id='par_1_78' title="bbox 2131 3295 3742 3376">
     <span class='ocr_line' id='line_1_78' title="bbox 2131 3295 3742 3376; baseline 0.008 -27"><span class='ocrx_word' id='word_1_579' title='bbox 2131 3295 2305 3364; x_wconf 92' lang='lat' dir='ltr'>juncti</span> <span class='ocrx_word' id='word_1_580' title='bbox 2349 3303 2493 3364; x_wconf 90' lang='lat' dir='ltr'>sunt,</span> <span class='ocrx_word' id='word_1_581' title='bbox 2529 3297 2734 3352; x_wconf 92' lang='lat' dir='ltr'>honore</span> <span class='ocrx_word' id='word_1_582' title='bbox 2772 3297 2915 3368; x_wconf 91' lang='lat' dir='ltr'>quod</span> <span class='ocrx_word' id='word_1_583' title='bbox 2958 3298 3140 3354; x_wconf 91' lang='lat' dir='ltr'>decuit</span> <span class='ocrx_word' id='word_1_584' title='bbox 3168 3316 3354 3373; x_wconf 89' lang='lat' dir='ltr'>regem</span> <span class='ocrx_word' id='word_1_585' title='bbox 3380 3311 3434 3358; x_wconf 89' lang='lat' dir='ltr'>et</span> <span class='ocrx_word' id='word_1_586' title='bbox 3463 3305 3742 3376; x_wconf 84' lang='lat' dir='ltr'>reginam.</span> 
     </span>
    </p>
   </div>
   <div class='ocr_carea' id='block_1_79' title="bbox 2138 3383 3743 3456">
    <p class='ocr_par' dir='ltr' id='par_1_79' title="bbox 2138 3383 3743 3456">
     <span class='ocr_line' id='line_1_79' title="bbox 2138 3383 3743 3456; baseline 0.007 -17"><span class='ocrx_word' id='word_1_587' title='bbox 2138 3383 2218 3439; x_wconf 87' lang='lat' dir='ltr'>En</span> <span class='ocrx_word' id='word_1_588' title='bbox 2246 3383 2490 3440; x_wconf 88' lang='lat' dir='ltr'>ordinem</span> <span class='ocrx_word' id='word_1_589' title='bbox 2516 3393 2686 3456; x_wconf 71' lang='lat' dir='ltr'>gestae</span> <span class='ocrx_word' id='word_1_590' title='bbox 2728 3387 2825 3454; x_wconf 90' lang='lat' dir='ltr'>rei,</span> <span class='ocrx_word' id='word_1_591' title='bbox 2868 3394 3002 3442; x_wconf 90' lang='lat' dir='ltr'>teste</span> <span class='ocrx_word' id='word_1_592' title='bbox 3041 3390 3390 3447; x_wconf 74' lang='lat' dir='ltr'>conscientiae</span> <span class='ocrx_word' id='word_1_593' title='bbox 3417 3408 3554 3448; x_wconf 71' lang='lat' dir='ltr'>mea:</span> <span class='ocrx_word' id='word_1_594' title='bbox 3581 3395 3743 3450; x_wconf 89' lang='lat' dir='ltr'>veri-</span> 
     </span>
    </p>
   </div>
   <div class='ocr_carea' id='block_1_80' title="bbox 2139 3472 3744 3545">
    <p class='ocr_par' dir='ltr' id='par_1_80' title="bbox 2139 3472 3744 3545">
     <span class='ocr_line' id='line_1_80' title="bbox 2139 3472 3744 3545; baseline 0.008 -19"><span class='ocrx_word' id='word_1_595' title='bbox 2139 3478 2278 3536; x_wconf 79' lang='lat' dir='ltr'>tate;</span> <span class='ocrx_word' id='word_1_596' title='bbox 2347 3472 2484 3528; x_wconf 91' lang='lat' dir='ltr'>sicut</span> <span class='ocrx_word' id='word_1_597' title='bbox 2522 3489 2642 3528; x_wconf 92' lang='lat' dir='ltr'>eam</span> <span class='ocrx_word' id='word_1_598' title='bbox 2681 3490 2920 3545; x_wconf 71' lang='lat' dir='ltr'>praesens</span> <span class='ocrx_word' id='word_1_599' title='bbox 2966 3476 3149 3532; x_wconf 89' lang='lat' dir='ltr'>audivi</span> <span class='ocrx_word' id='word_1_600' title='bbox 3189 3485 3243 3533; x_wconf 90' lang='lat' dir='ltr'>et</span> <span class='ocrx_word' id='word_1_601' title='bbox 3279 3479 3389 3535; x_wconf 92' lang='lat' dir='ltr'>vidi</span> <span class='ocrx_word' id='word_1_602' title='bbox 3433 3481 3486 3534; x_wconf 93' lang='lat' dir='ltr'>in</span> <span class='ocrx_word' id='word_1_603' title='bbox 3527 3481 3744 3539; x_wconf 85' lang='lat' dir='ltr'>nullam</span> 
     </span>
    </p>
   </div>
   <div class='ocr_carea' id='block_1_81' title="bbox 2137 3560 3744 3638">
    <p class='ocr_par' dir='ltr' id='par_1_81' title="bbox 2137 3560 3744 3638">
     <span class='ocr_line' id='line_1_81' title="bbox 2137 3560 3744 3638; baseline 0.007 -24"><span class='ocrx_word' id='word_1_604' title='bbox 2137 3568 2348 3630; x_wconf 91' lang='lat' dir='ltr'>partem</span> <span class='ocrx_word' id='word_1_605' title='bbox 2380 3560 2705 3617; x_wconf 89' lang='lat' dir='ltr'>declinando</span> <span class='ocrx_word' id='word_1_606' title='bbox 2734 3562 3012 3634; x_wconf 89' lang='lat' dir='ltr'>descripsi,</span> <span class='ocrx_word' id='word_1_607' title='bbox 3043 3565 3212 3621; x_wconf 90' lang='lat' dir='ltr'>verba</span> <span class='ocrx_word' id='word_1_608' title='bbox 3239 3567 3434 3638; x_wconf 72' lang='lat' dir='ltr'>puellas</span> <span class='ocrx_word' id='word_1_609' title='bbox 3477 3569 3550 3624; x_wconf 90' lang='lat' dir='ltr'>ita</span> <span class='ocrx_word' id='word_1_610' title='bbox 3589 3570 3744 3626; x_wconf 89' lang='lat' dir='ltr'>dun-</span> 
     </span>
    </p>
   </div>
   <div class='ocr_carea' id='block_1_82' title="bbox 2138 3648 3744 3721">
    <p class='ocr_par' dir='ltr' id='par_1_82' title="bbox 2138 3648 3744 3721">
     <span class='ocr_line' id='line_1_82' title="bbox 2138 3648 3744 3721; baseline 0.009 -19"><span class='ocrx_word' id='word_1_611' title='bbox 2138 3655 2284 3703; x_wconf 86' lang='lat' dir='ltr'>taxat</span> <span class='ocrx_word' id='word_1_612' title='bbox 2312 3648 2368 3703; x_wconf 91' lang='lat' dir='ltr'>in</span> <span class='ocrx_word' id='word_1_613' title='bbox 2397 3648 2574 3705; x_wconf 91' lang='lat' dir='ltr'>medio</span> <span class='ocrx_word' id='word_1_614' title='bbox 2604 3665 2836 3721; x_wconf 89' lang='lat' dir='ltr'>ponens,</span> <span class='ocrx_word' id='word_1_615' title='bbox 2859 3659 2918 3706; x_wconf 91' lang='lat' dir='ltr'>ut</span> <span class='ocrx_word' id='word_1_616' title='bbox 2948 3667 3055 3707; x_wconf 92' lang='lat' dir='ltr'>non</span> <span class='ocrx_word' id='word_1_617' title='bbox 3086 3669 3326 3710; x_wconf 86' lang='lat' dir='ltr'>asseram</span> <span class='ocrx_word' id='word_1_618' title='bbox 3349 3673 3479 3713; x_wconf 90' lang='lat' dir='ltr'>vera</span> <span class='ocrx_word' id='word_1_619' title='bbox 3509 3660 3744 3716; x_wconf 79' lang='lat' dir='ltr'>exstite-</span> 
     </span>
    </p>
   </div>
   <div class='ocr_carea' id='block_1_83' title="bbox 2136 3737 3747 3811">
    <p class='ocr_par' dir='ltr' id='par_1_83' title="bbox 2136 3737 3747 3811">
     <span class='ocr_line' id='line_1_83' title="bbox 2136 3737 3747 3811; baseline 0.008 -19"><span class='ocrx_word' id='word_1_620' title='bbox 2136 3737 2249 3792; x_wconf 86' lang='lat' dir='ltr'>rint</span> <span class='ocrx_word' id='word_1_621' title='bbox 2277 3753 2466 3793; x_wconf 90' lang='lat' dir='ltr'>necne.</span> <span class='ocrx_word' id='word_1_622' title='bbox 2513 3737 2573 3792; x_wconf 91' lang='lat' dir='ltr'>Si</span> <span class='ocrx_word' id='word_1_623' title='bbox 2615 3754 2748 3811; x_wconf 89' lang='lat' dir='ltr'>ergo</span> <span class='ocrx_word' id='word_1_624' title='bbox 2793 3739 2912 3811; x_wconf 90' lang='lat' dir='ltr'>quis</span> <span class='ocrx_word' id='word_1_625' title='bbox 2953 3741 3008 3795; x_wconf 91' lang='lat' dir='ltr'>in</span> <span class='ocrx_word' id='word_1_626' title='bbox 3047 3741 3164 3797; x_wconf 90' lang='lat' dir='ltr'>istis</span> <span class='ocrx_word' id='word_1_627' title='bbox 3197 3743 3510 3800; x_wconf 84' lang='lat' dir='ltr'>Anselmum</span> <span class='ocrx_word' id='word_1_628' title='bbox 3553 3757 3747 3805; x_wconf 78' lang='lat' dir='ltr'>contra</span> 
     </span>
    </p>
   </div>
   <div class='ocr_carea' id='block_1_84' title="bbox 2137 3826 3747 3907">
    <p class='ocr_par' dir='ltr' id='par_1_84' title="bbox 2137 3826 3747 3907">
     <span class='ocr_line' id='line_1_84' title="bbox 2137 3826 3747 3907; baseline 0.008 -26"><span class='ocrx_word' id='word_1_629' title='bbox 2137 3841 2350 3896; x_wconf 63' lang='lat' dir='ltr'>equum</span> <span class='ocrx_word' id='word_1_630' title='bbox 2378 3826 2583 3896; x_wconf 90' lang='lat' dir='ltr'>aliquid</span> <span class='ocrx_word' id='word_1_631' title='bbox 2620 3827 2802 3900; x_wconf 87' lang='lat' dir='ltr'>egisse</span> <span class='ocrx_word' id='word_1_632' title='bbox 2844 3828 3024 3885; x_wconf 90' lang='lat' dir='ltr'>dicere</span> <span class='ocrx_word' id='word_1_633' title='bbox 3052 3830 3194 3886; x_wconf 90' lang='lat' dir='ltr'>ultra</span> <span class='ocrx_word' id='word_1_634' title='bbox 3222 3833 3470 3903; x_wconf 89' lang='lat' dir='ltr'>voluerit,</span> <span class='ocrx_word' id='word_1_635' title='bbox 3500 3835 3620 3907; x_wconf 89' lang='lat' dir='ltr'>ipse</span> <span class='ocrx_word' id='word_1_636' title='bbox 3649 3837 3747 3893; x_wconf 87' lang='lat' dir='ltr'>vi-</span> 
     </span>
    </p>
   </div>
   <div class='ocr_carea' id='block_1_85' title="bbox 2139 3915 3742 3987">
    <p class='ocr_par' dir='ltr' id='par_1_85' title="bbox 2139 3915 3742 3987">
     <span class='ocr_line' id='line_1_85' title="bbox 2139 3915 3742 3987; baseline 0.008 -18"><span class='ocrx_word' id='word_1_637' title='bbox 2139 3915 2300 3970; x_wconf 90' lang='lat' dir='ltr'>derit.</span> <span class='ocrx_word' id='word_1_638' title='bbox 2348 3917 2462 3970; x_wconf 89' lang='lat' dir='ltr'>Nos</span> <span class='ocrx_word' id='word_1_639' title='bbox 2491 3931 2642 3985; x_wconf 87' lang='lat' dir='ltr'>vero,</span> <span class='ocrx_word' id='word_1_640' title='bbox 2673 3916 2766 3987; x_wconf 91' lang='lat' dir='ltr'>qui</span> <span class='ocrx_word' id='word_1_641' title='bbox 2811 3931 2906 3973; x_wconf 90' lang='lat' dir='ltr'>cor</span> <span class='ocrx_word' id='word_1_642' title='bbox 2949 3919 3064 3987; x_wconf 90' lang='lat' dir='ltr'>ejus</span> <span class='ocrx_word' id='word_1_643' title='bbox 3109 3919 3163 3974; x_wconf 92' lang='lat' dir='ltr'>in</span> <span class='ocrx_word' id='word_1_644' title='bbox 3201 3921 3306 3976; x_wconf 88' lang='lat' dir='ltr'>hoc</span> <span class='ocrx_word' id='word_1_645' title='bbox 3351 3932 3403 3977; x_wconf 88' lang='lat' dir='ltr'>et</span> <span class='ocrx_word' id='word_1_646' title='bbox 3449 3924 3504 3979; x_wconf 94' lang='lat' dir='ltr'>in</span> <span class='ocrx_word' id='word_1_647' title='bbox 3550 3925 3742 3983; x_wconf 85' lang='lat' dir='ltr'>multis</span> 
     </span>
    </p>
   </div>
   <div class='ocr_carea' id='block_1_86' title="bbox 2140 4003 3748 4082">
    <p class='ocr_par' dir='ltr' id='par_1_86' title="bbox 2140 4003 3748 4082">
     <span class='ocr_line' id='line_1_86' title="bbox 2140 4003 3748 4082; baseline 0.009 -25"><span class='ocrx_word' id='word_1_648' title='bbox 2140 4003 2482 4075; x_wconf 87' lang='lat' dir='ltr'>agnovimus,</span> <span class='ocrx_word' id='word_1_649' title='bbox 2535 4005 2901 4061; x_wconf 90' lang='lat' dir='ltr'>testimonium</span> <span class='ocrx_word' id='word_1_650' title='bbox 2946 4007 2995 4062; x_wconf 92' lang='lat' dir='ltr'>ei</span> <span class='ocrx_word' id='word_1_651' title='bbox 3036 4009 3400 4079; x_wconf 89' lang='lat' dir='ltr'>perhibemus,</span> <span class='ocrx_word' id='word_1_652' title='bbox 3430 4012 3554 4082; x_wconf 87' lang='lat' dir='ltr'>quia</span> <span class='ocrx_word' id='word_1_653' title='bbox 3600 4015 3748 4071; x_wconf 87' lang='lat' dir='ltr'>sicut</span> 
     </span>
    </p>
   </div>
   <div class='ocr_carea' id='block_1_87' title="bbox 2138 4091 3745 4175">
    <p class='ocr_par' dir='ltr' id='par_1_87' title="bbox 2138 4091 3745 4175">
     <span class='ocr_line' id='line_1_87' title="bbox 2138 4091 3745 4175; baseline 0.009 -29"><span class='ocrx_word' id='word_1_654' title='bbox 2138 4091 2253 4162; x_wconf 90' lang='lat' dir='ltr'>ipse</span> <span class='ocrx_word' id='word_1_655' title='bbox 2300 4092 2456 4148; x_wconf 89' lang='lat' dir='ltr'>fateri</span> <span class='ocrx_word' id='word_1_656' title='bbox 2489 4093 2722 4162; x_wconf 89' lang='lat' dir='ltr'>solebat,</span> <span class='ocrx_word' id='word_1_657' title='bbox 2756 4110 2856 4151; x_wconf 91' lang='lat' dir='ltr'>nec</span> <span class='ocrx_word' id='word_1_658' title='bbox 2885 4096 3024 4152; x_wconf 91' lang='lat' dir='ltr'>scire</span> <span class='ocrx_word' id='word_1_659' title='bbox 3051 4113 3149 4152; x_wconf 90' lang='lat' dir='ltr'>nec</span> <span class='ocrx_word' id='word_1_660' title='bbox 3176 4114 3342 4169; x_wconf 89' lang='lat' dir='ltr'>posse</span> <span class='ocrx_word' id='word_1_661' title='bbox 3371 4101 3462 4157; x_wconf 94' lang='lat' dir='ltr'>illo</span> <span class='ocrx_word' id='word_1_662' title='bbox 3493 4109 3745 4175; x_wconf 86' lang='lat' dir='ltr'>tempore</span> 
     </span>
    </p>
   </div>
   <div class='ocr_carea' id='block_1_88' title="bbox 2137 4180 3748 4259">
    <p class='ocr_par' dir='ltr' id='par_1_88' title="bbox 2137 4180 3748 4259">
     <span class='ocr_line' id='line_1_88' title="bbox 2137 4180 3748 4259; baseline 0.01 -25"><span class='ocrx_word' id='word_1_663' title='bbox 2137 4180 2344 4249; x_wconf 88' lang='lat' dir='ltr'>habuit,</span> <span class='ocrx_word' id='word_1_664' title='bbox 2371 4182 2642 4251; x_wconf 91' lang='lat' dir='ltr'>quomodo</span> <span class='ocrx_word' id='word_1_665' title='bbox 2671 4182 2729 4237; x_wconf 91' lang='lat' dir='ltr'>in</span> <span class='ocrx_word' id='word_1_666' title='bbox 2757 4183 2857 4239; x_wconf 90' lang='lat' dir='ltr'>hac</span> <span class='ocrx_word' id='word_1_667' title='bbox 2879 4201 2938 4240; x_wconf 91' lang='lat' dir='ltr'>re</span> <span class='ocrx_word' id='word_1_668' title='bbox 2967 4186 3159 4242; x_wconf 92' lang='lat' dir='ltr'>melius</span> <span class='ocrx_word' id='word_1_669' title='bbox 3181 4194 3270 4244; x_wconf 88' lang='lat' dir='ltr'>aut</span> <span class='ocrx_word' id='word_1_670' title='bbox 3289 4191 3502 4259; x_wconf 58' lang='lat' dir='ltr'>aquius</span> <span class='ocrx_word' id='word_1_671' title='bbox 3532 4191 3748 4250; x_wconf 84' lang='lat' dir='ltr'>faceret</span> 
     </span>
    </p>
   </div>
   <div class='ocr_carea' id='block_1_89' title="bbox 2139 4270 3618 4342">
    <p class='ocr_par' dir='ltr' id='par_1_89' title="bbox 2139 4270 3618 4342">
     <span class='ocr_line' id='line_1_89' title="bbox 2139 4270 3618 4342; baseline -0.001 -18"><span class='ocrx_word' id='word_1_672' title='bbox 2139 4284 2307 4341; x_wconf 91' lang='lat' dir='ltr'>quam</span> <span class='ocrx_word' id='word_1_673' title='bbox 2341 4270 2465 4326; x_wconf 90' lang='lat' dir='ltr'>fecit</span> <span class='ocrx_word' id='word_1_674' title='bbox 2493 4271 2600 4342; x_wconf 89' lang='grc' dir='ltr'>(α).</span> <span class='ocrx_word' id='word_1_675' title='bbox 3609 4282 3618 4297; x_wconf 58' lang='grc' dir='ltr'><strong>λ</strong></span> 
     </span>
    </p>
   </div>
   <div class='ocr_carea' id='block_1_90' title="bbox 2208 4357 3750 4440">
    <p class='ocr_par' dir='ltr' id='par_1_90' title="bbox 2208 4357 3750 4440">
     <span class='ocr_line' id='line_1_90' title="bbox 2208 4357 3750 4440; baseline 0.011 -29"><span class='ocrx_word' id='word_1_676' title='bbox 2208 4357 2419 4413; x_wconf 90' lang='lat' dir='ltr'>Eodem</span> <span class='ocrx_word' id='word_1_677' title='bbox 2460 4375 2599 4415; x_wconf 90' lang='lat' dir='ltr'>anno</span> <span class='ocrx_word' id='word_1_678' title='bbox 2628 4361 2775 4416; x_wconf 88' lang='lat' dir='ltr'>venit</span> <span class='ocrx_word' id='word_1_679' title='bbox 2798 4360 2852 4415; x_wconf 94' lang='lat' dir='ltr'>in</span> <span class='ocrx_word' id='word_1_680' title='bbox 2881 4361 3134 4436; x_wconf 79' lang='lat' dir='ltr'>Angliam</span> <span class='ocrx_word' id='word_1_681' title='bbox 3167 4364 3345 4422; x_wconf 91' lang='lat' dir='ltr'>Guido</span> <span class='ocrx_word' id='word_1_682' title='bbox 3375 4368 3750 4440; x_wconf 81' lang='lat' dir='ltr'>archiepisco-</span> 
     </span>
    </p>
   </div>
   <div class='ocr_carea' id='block_1_91' title="bbox 2139 4447 3749 4528">
    <p class='ocr_par' dir='ltr' id='par_1_91' title="bbox 2139 4447 3749 4528">
     <span class='ocr_line' id='line_1_91' title="bbox 2139 4447 3749 4528; baseline 0.009 -27"><span class='ocrx_word' id='word_1_683' title='bbox 2139 4463 2240 4517; x_wconf 89' lang='lat' dir='ltr'>pus</span> <span class='ocrx_word' id='word_1_684' title='bbox 2269 4447 2615 4517; x_wconf 84' lang='lat' dir='ltr'>Viennensis,</span> <span class='ocrx_word' id='word_1_685' title='bbox 2643 4449 2945 4518; x_wconf 85' lang='lat' dir='ltr'>functurus,</span> <span class='ocrx_word' id='word_1_686' title='bbox 2989 4460 3045 4506; x_wconf 91' lang='lat' dir='ltr'>ut</span> <span class='ocrx_word' id='word_1_687' title='bbox 3085 4453 3319 4525; x_wconf 89' lang='lat' dir='ltr'>dicebat,</span> <span class='ocrx_word' id='word_1_688' title='bbox 3351 4455 3622 4528; x_wconf 86' lang='lat' dir='ltr'>legatione</span> <span class='ocrx_word' id='word_1_689' title='bbox 3653 4467 3749 4515; x_wconf 86' lang='lat' dir='ltr'>to-</span> 
     </span>
    </p>
   </div>
   <div class='ocr_carea' id='block_1_92' title="bbox 430 4507 3749 4622">
    <p class='ocr_par' dir='ltr' id='par_1_92' title="bbox 430 4507 3749 4622">
     <span class='ocr_line' id='line_1_92' title="bbox 430 4507 3749 4622; baseline 0.006 -38"><span class='ocrx_word' id='word_1_690' title='bbox 430 4550 676 4622; x_wconf 58' lang='lat' dir='ltr'>cujusvis</span> <span class='ocrx_word' id='word_1_691' title='bbox 709 4546 831 4602; x_wconf 74' lang='lat' dir='ltr'>duci</span> <span class='ocrx_word' id='word_1_692' title='bbox 861 4507 1151 4610; x_wconf 61' lang='lat' dir='ltr'>existimet,</span> <span class='ocrx_word' id='word_1_693' title='bbox 1177 4507 1282 4594; x_wconf 81' lang='lat' dir='ltr'>non</span> <span class='ocrx_word' id='word_1_694' title='bbox 1306 4539 1446 4593; x_wconf 89' lang='lat' dir='ltr'>ultra</span> <span class='ocrx_word' id='word_1_695' title='bbox 1465 4539 1722 4609; x_wconf 86' lang='lat' dir='ltr'>progredi</span> <span class='ocrx_word' id='word_1_696' title='bbox 1743 4541 1800 4593; x_wconf 93' lang='lat' dir='ltr'>in</span> <span class='ocrx_word' id='word_1_697' title='bbox 1822 4538 2030 4608; x_wconf 88' lang='lat' dir='ltr'>judicio</span> <span class='ocrx_word' id='word_1_698' title='bbox 2057 4507 2110 4568; x_wconf 84' lang='lat' dir='ltr'>D</span> <span class='ocrx_word' id='word_1_699' title='bbox 2142 4537 2249 4590; x_wconf 92' lang='lat' dir='ltr'>tius</span> <span class='ocrx_word' id='word_1_700' title='bbox 2277 4536 2584 4607; x_wconf 66' lang='lat' dir='ltr'>Britanniae,</span> <span class='ocrx_word' id='word_1_701' title='bbox 2629 4553 2695 4592; x_wconf 85' lang='lat' dir='ltr'>ex</span> <span class='ocrx_word' id='word_1_702' title='bbox 2741 4547 3015 4610; x_wconf 65' lang='lat' dir='ltr'>praecepto</span> <span class='ocrx_word' id='word_1_703' title='bbox 3063 4549 3110 4596; x_wconf 91' lang='lat' dir='ltr'>et</span> <span class='ocrx_word' id='word_1_704' title='bbox 3160 4507 3482 4601; x_wconf 55' lang='lat' dir='ltr'>auctorittfte</span> <span class='ocrx_word' id='word_1_705' title='bbox 3512 4555 3749 4616; x_wconf 86' lang='lat' dir='ltr'>aposto-</span> 
     </span>
    </p>
   </div>
   <div class='ocr_carea' id='block_1_93' title="bbox 431 4627 2022 4706">
    <p class='ocr_par' dir='ltr' id='par_1_93' title="bbox 431 4627 2022 4706">
     <span class='ocr_line' id='line_1_93' title="bbox 431 4627 2022 4706; baseline -0.009 -11"><span class='ocrx_word' id='word_1_706' title='bbox 431 4639 698 4706; x_wconf 89' lang='lat' dir='ltr'>volumus,</span> <span class='ocrx_word' id='word_1_707' title='bbox 719 4637 825 4690; x_wconf 93' lang='lat' dir='ltr'>hoc</span> <span class='ocrx_word' id='word_1_708' title='bbox 853 4633 968 4688; x_wconf 90' lang='lat' dir='ltr'>solo</span> <span class='ocrx_word' id='word_1_709' title='bbox 999 4629 1257 4697; x_wconf 88' lang='lat' dir='ltr'>contenti,</span> <span class='ocrx_word' id='word_1_710' title='bbox 1287 4636 1344 4681; x_wconf 91' lang='lat' dir='ltr'>ut</span> <span class='ocrx_word' id='word_1_711' title='bbox 1375 4629 1519 4697; x_wconf 90' lang='lat' dir='ltr'>quod</span> <span class='ocrx_word' id='word_1_712' title='bbox 1549 4628 1716 4683; x_wconf 89' lang='lat' dir='ltr'>valuit</span> <span class='ocrx_word' id='word_1_713' title='bbox 1746 4628 1798 4681; x_wconf 93' lang='lat' dir='ltr'>in</span> <span class='ocrx_word' id='word_1_714' title='bbox 1828 4627 2022 4696; x_wconf 78' lang='lat' dir='ltr'>majori</span> 
     </span>
    </p>
   </div>
   <div class='ocr_carea' id='block_1_94' title="bbox 428 4715 2024 4784">
    <p class='ocr_par' dir='ltr' id='par_1_94' title="bbox 428 4715 2024 4784">
     <span class='ocr_line' id='line_1_94' title="bbox 428 4715 2024 4784; baseline -0.009 0"><span class='ocrx_word' id='word_1_715' title='bbox 428 4726 607 4784; x_wconf 88' lang='lat' dir='ltr'>valeat</span> <span class='ocrx_word' id='word_1_716' title='bbox 633 4725 687 4779; x_wconf 93' lang='lat' dir='ltr'>in</span> <span class='ocrx_word' id='word_1_717' title='bbox 718 4721 935 4778; x_wconf 91' lang='lat' dir='ltr'>minori.</span> <span class='ocrx_word' id='word_1_718' title='bbox 967 4744 988 4770; x_wconf 72' lang='grc' dir='ltr'><strong><em>η</em></strong></span> <span class='ocrx_word' id='word_1_719' title='bbox 1022 4720 1173 4774; x_wconf 93' lang='lat' dir='ltr'>Tunc</span> <span class='ocrx_word' id='word_1_720' title='bbox 1206 4717 1495 4772; x_wconf 82' lang='lat' dir='ltr'>Anselmus</span> <span class='ocrx_word' id='word_1_721' title='bbox 1521 4716 1588 4769; x_wconf 90' lang='lat' dir='ltr'>ad</span> <span class='ocrx_word' id='word_1_722' title='bbox 1618 4717 1734 4771; x_wconf 86' lang='lat' dir='ltr'>haec</span> <span class='ocrx_word' id='word_1_723' title='bbox 1767 4731 1779 4769; x_wconf 91' lang='lat'>:</span> <span class='ocrx_word' id='word_1_724' title='bbox 1819 4738 1840 4764; x_wconf 76' lang='grc' dir='ltr'>ιε</span> <span class='ocrx_word' id='word_1_725' title='bbox 1864 4715 2024 4771; x_wconf 91' lang='lat' dir='ltr'>Scitis</span> 
     </span>
    </p>
   </div>
   <div class='ocr_carea' id='block_1_95' title="bbox 431 4804 2023 4886">
    <p class='ocr_par' dir='ltr' id='par_1_95' title="bbox 431 4804 2023 4886">
     <span class='ocr_line' id='line_1_95' title="bbox 431 4804 2023 4886; baseline -0.008 -17"><span class='ocrx_word' id='word_1_726' title='bbox 431 4814 560 4886; x_wconf 89' lang='lat' dir='ltr'>quid</span> <span class='ocrx_word' id='word_1_727' title='bbox 591 4810 915 4879; x_wconf 90' lang='lat' dir='ltr'>monuerim,</span> <span class='ocrx_word' id='word_1_728' title='bbox 948 4807 1076 4879; x_wconf 91' lang='lat' dir='ltr'>quid</span> <span class='ocrx_word' id='word_1_729' title='bbox 1113 4805 1488 4878; x_wconf 67' lang='lat' dir='ltr'>praeceperim,</span> <span class='ocrx_word' id='word_1_730' title='bbox 1523 4804 1762 4877; x_wconf 87' lang='lat' dir='ltr'>quidque</span> <span class='ocrx_word' id='word_1_731' title='bbox 1802 4804 2023 4874; x_wconf 92' lang='lat' dir='ltr'>polliciti</span> 
     </span>
    </p>
   </div>
   <div class='ocr_carea' id='block_1_96' title="bbox 429 4893 2026 4970">
    <p class='ocr_par' dir='ltr' id='par_1_96' title="bbox 429 4893 2026 4970">
     <span class='ocr_line' id='line_1_96' title="bbox 429 4893 2026 4970; baseline -0.006 -13"><span class='ocrx_word' id='word_1_732' title='bbox 429 4902 578 4958; x_wconf 91' lang='lat' dir='ltr'>sitis.</span> <span class='ocrx_word' id='word_1_733' title='bbox 626 4900 759 4956; x_wconf 92' lang='lat' dir='ltr'>Cum</span> <span class='ocrx_word' id='word_1_734' title='bbox 795 4898 964 4970; x_wconf 89' lang='lat' dir='ltr'>igitur</span> <span class='ocrx_word' id='word_1_735' title='bbox 1001 4895 1293 4951; x_wconf 87' lang='lat' dir='ltr'>secundum</span> <span class='ocrx_word' id='word_1_736' title='bbox 1341 4893 1488 4964; x_wconf 91' lang='lat' dir='ltr'>quod</span> <span class='ocrx_word' id='word_1_737' title='bbox 1533 4893 1691 4948; x_wconf 91' lang='lat' dir='ltr'>vobis</span> <span class='ocrx_word' id='word_1_738' title='bbox 1732 4893 1898 4948; x_wconf 91' lang='lat' dir='ltr'>visum</span> <span class='ocrx_word' id='word_1_739' title='bbox 1944 4901 2026 4947; x_wconf 90' lang='lat' dir='ltr'>est</span> 
     </span>
    </p>
   </div>
   <div class='ocr_carea' id='block_1_97' title="bbox 420 4982 2026 5064">
    <p class='ocr_par' dir='ltr' id='par_1_97' title="bbox 420 4982 2026 5064">
     <span class='ocr_line' id='line_1_97' title="bbox 420 4982 2026 5064; baseline -0.006 -19"><span class='ocrx_word' id='word_1_740' title='bbox 420 4990 640 5064; x_wconf 90' lang='lat' dir='ltr'>justius,</span> <span class='ocrx_word' id='word_1_741' title='bbox 665 4988 719 5042; x_wconf 92' lang='lat' dir='ltr'>in</span> <span class='ocrx_word' id='word_1_742' title='bbox 747 4999 1034 5042; x_wconf 90' lang='lat' dir='ltr'>commune</span> <span class='ocrx_word' id='word_1_743' title='bbox 1059 4982 1455 5052; x_wconf 87' lang='lat' dir='ltr'>judicaveritis,</span> <span class='ocrx_word' id='word_1_744' title='bbox 1475 4982 1612 5036; x_wconf 88' lang='lat' dir='ltr'>sicut</span> <span class='ocrx_word' id='word_1_745' title='bbox 1641 4982 1903 5052; x_wconf 88' lang='lat' dir='ltr'>asseritis,</span> <span class='ocrx_word' id='word_1_746' title='bbox 1923 4996 2026 5052; x_wconf 84' lang='lat' dir='ltr'>ego</span> 
     </span>
    </p>
   </div>
   <div class='ocr_carea' id='block_1_98' title="bbox 421 5068 2028 5152">
    <p class='ocr_par' dir='ltr' id='par_1_98' title="bbox 421 5068 2028 5152">
     <span class='ocr_line' id='line_1_98' title="bbox 421 5068 2028 5152; baseline -0.007 -17"><span class='ocrx_word' id='word_1_747' title='bbox 421 5077 693 5152; x_wconf 90' lang='lat' dir='ltr'>judicium</span> <span class='ocrx_word' id='word_1_748' title='bbox 721 5082 964 5134; x_wconf 90' lang='lat' dir='ltr'>vestrum</span> <span class='ocrx_word' id='word_1_749' title='bbox 991 5087 1096 5128; x_wconf 92' lang='lat' dir='ltr'>non</span> <span class='ocrx_word' id='word_1_750' title='bbox 1128 5070 1348 5140; x_wconf 91' lang='lat' dir='ltr'>abjicio,</span> <span class='ocrx_word' id='word_1_751' title='bbox 1382 5071 1481 5126; x_wconf 89' lang='lat' dir='ltr'>sed</span> <span class='ocrx_word' id='word_1_752' title='bbox 1519 5085 1584 5126; x_wconf 90' lang='lat' dir='ltr'>eo</span> <span class='ocrx_word' id='word_1_753' title='bbox 1614 5068 1857 5126; x_wconf 90' lang='lat' dir='ltr'>securius</span> <span class='ocrx_word' id='word_1_754' title='bbox 1893 5068 2028 5123; x_wconf 93' lang='lat' dir='ltr'>illud</span> 
     </span>
    </p>
   </div>
   <div class='ocr_carea' id='block_1_99' title="bbox 2132 4623 3743 4701">
    <p class='ocr_par' dir='ltr' id='par_1_99' title="bbox 2132 4623 3743 4701">
     <span class='ocr_line' id='line_1_99' title="bbox 2132 4623 3743 4701; baseline 0.009 -24"><span class='ocrx_word' id='word_1_755' title='bbox 2132 4623 2251 4680; x_wconf 76' lang='lat' dir='ltr'>licae</span> <span class='ocrx_word' id='word_1_756' title='bbox 2282 4625 2452 4680; x_wconf 87' lang='lat' dir='ltr'>sedis.</span> <span class='ocrx_word' id='word_1_757' title='bbox 2488 4624 2665 4693; x_wconf 88' lang='lat' dir='ltr'>Quod,</span> <span class='ocrx_word' id='word_1_758' title='bbox 2697 4643 2796 4696; x_wconf 89' lang='lat' dir='ltr'>per</span> <span class='ocrx_word' id='word_1_759' title='bbox 2823 4628 3074 4701; x_wconf 82' lang='lat' dir='ltr'>Angliam</span> <span class='ocrx_word' id='word_1_760' title='bbox 3104 4630 3370 4700; x_wconf 86' lang='lat' dir='ltr'>auditum,</span> <span class='ocrx_word' id='word_1_761' title='bbox 3400 4635 3458 4687; x_wconf 91' lang='lat' dir='ltr'>in</span> <span class='ocrx_word' id='word_1_762' title='bbox 3492 4635 3743 4691; x_wconf 84' lang='lat' dir='ltr'>admira-</span> 
     </span>
    </p>
   </div>
   <div class='ocr_carea' id='block_1_100' title="bbox 2133 4713 3743 4782">
    <p class='ocr_par' dir='ltr' id='par_1_100' title="bbox 2133 4713 3743 4782">
     <span class='ocr_line' id='line_1_100' title="bbox 2133 4713 3743 4782; baseline 0.009 -15"><span class='ocrx_word' id='word_1_763' title='bbox 2133 4713 2334 4768; x_wconf 91' lang='lat' dir='ltr'>tionem</span> <span class='ocrx_word' id='word_1_764' title='bbox 2366 4713 2619 4768; x_wconf 89' lang='lat' dir='ltr'>omnihus</span> <span class='ocrx_word' id='word_1_765' title='bbox 2648 4716 2793 4770; x_wconf 93' lang='lat' dir='ltr'>venit</span> <span class='ocrx_word' id='word_1_766' title='bbox 2826 4734 2837 4770; x_wconf 92' lang='lat'><strong>:</strong></span> <span class='ocrx_word' id='word_1_767' title='bbox 2872 4717 3174 4773; x_wconf 89' lang='lat' dir='ltr'>inauditum</span> <span class='ocrx_word' id='word_1_768' title='bbox 3207 4721 3413 4776; x_wconf 86' lang='lat' dir='ltr'>scilicet</span> <span class='ocrx_word' id='word_1_769' title='bbox 3441 4723 3498 4777; x_wconf 89' lang='lat' dir='ltr'>in</span> <span class='ocrx_word' id='word_1_770' title='bbox 3528 4723 3743 4782; x_wconf 88' lang='lat' dir='ltr'>Britan-</span> 
     </span>
    </p>
   </div>
   <div class='ocr_carea' id='block_1_101' title="bbox 2133 4800 3743 4885">
    <p class='ocr_par' dir='ltr' id='par_1_101' title="bbox 2133 4800 3743 4885">
     <span class='ocr_line' id='line_1_101' title="bbox 2133 4800 3743 4885; baseline 0.011 -31"><span class='ocrx_word' id='word_1_771' title='bbox 2133 4800 2223 4856; x_wconf 89' lang='lat' dir='ltr'>nia</span> <span class='ocrx_word' id='word_1_772' title='bbox 2266 4802 2443 4858; x_wconf 85' lang='lat' dir='ltr'>cuncti</span> <span class='ocrx_word' id='word_1_773' title='bbox 2485 4803 2755 4873; x_wconf 87' lang='lat' dir='ltr'>scientes,</span> <span class='ocrx_word' id='word_1_774' title='bbox 2801 4805 3098 4877; x_wconf 90' lang='lat' dir='ltr'>quemlibet</span> <span class='ocrx_word' id='word_1_775' title='bbox 3142 4808 3425 4864; x_wconf 88' lang='lat' dir='ltr'>hominum</span> <span class='ocrx_word' id='word_1_776' title='bbox 3468 4827 3633 4885; x_wconf 87' lang='lat' dir='ltr'>super</span> <span class='ocrx_word' id='word_1_777' title='bbox 3676 4832 3743 4874; x_wconf 90' lang='lat' dir='ltr'>se</span> 
     </span>
    </p>
   </div>
   <div class='ocr_carea' id='block_1_102' title="bbox 2133 4891 3740 4973">
    <p class='ocr_par' dir='ltr' id='par_1_102' title="bbox 2133 4891 3740 4973">
     <span class='ocr_line' id='line_1_102' title="bbox 2133 4891 3740 4973; baseline 0.009 -27"><span class='ocrx_word' id='word_1_778' title='bbox 2133 4892 2285 4946; x_wconf 89' lang='lat' dir='ltr'>vices</span> <span class='ocrx_word' id='word_1_779' title='bbox 2315 4891 2641 4960; x_wconf 88' lang='lat' dir='ltr'>apostolicas</span> <span class='ocrx_word' id='word_1_780' title='bbox 2671 4909 2864 4964; x_wconf 86' lang='lat' dir='ltr'>gerere</span> <span class='ocrx_word' id='word_1_781' title='bbox 2894 4894 2994 4948; x_wconf 91' lang='lat' dir='ltr'>nisi</span> <span class='ocrx_word' id='word_1_782' title='bbox 3025 4895 3200 4951; x_wconf 88' lang='lat' dir='ltr'>solum</span> <span class='ocrx_word' id='word_1_783' title='bbox 3266 4899 3740 4973; x_wconf 86' lang='lat' dir='ltr'>archiepiscopum</span> 
     </span>
    </p>
   </div>
   <div class='ocr_carea' id='block_1_103' title="bbox 2137 4978 3736 5061">
    <p class='ocr_par' dir='ltr' id='par_1_103' title="bbox 2137 4978 3736 5061">
     <span class='ocr_line' id='line_1_103' title="bbox 2137 4978 3736 5061; baseline 0.008 -26"><span class='ocrx_word' id='word_1_784' title='bbox 2137 4979 2458 5036; x_wconf 66' lang='lat' dir='ltr'>Cantuariis.</span> <span class='ocrx_word' id='word_1_785' title='bbox 2493 4978 2839 5050; x_wconf 86' lang='lat' dir='ltr'>Quapropter</span> <span class='ocrx_word' id='word_1_786' title='bbox 2865 4982 3005 5038; x_wconf 89' lang='lat' dir='ltr'>sicut</span> <span class='ocrx_word' id='word_1_787' title='bbox 3033 4984 3179 5039; x_wconf 91' lang='lat' dir='ltr'>venit</span> <span class='ocrx_word' id='word_1_788' title='bbox 3228 4987 3303 5042; x_wconf 92' lang='lat' dir='ltr'>ita</span> <span class='ocrx_word' id='word_1_789' title='bbox 3346 5003 3595 5045; x_wconf 87' lang='lat' dir='ltr'>reversus</span> <span class='ocrx_word' id='word_1_790' title='bbox 3622 5001 3736 5061; x_wconf 83' lang='lat' dir='ltr'>est,</span> 
     </span>
    </p>
   </div>
   <div class='ocr_carea' id='block_1_104' title="bbox 2139 5067 3739 5152">
    <p class='ocr_par' dir='ltr' id='par_1_104' title="bbox 2139 5067 3739 5152">
     <span class='ocr_line' id='line_1_104' title="bbox 2139 5067 3739 5152; baseline 0.01 -30"><span class='ocrx_word' id='word_1_791' title='bbox 2139 5083 2170 5122; x_wconf 91' lang='lat' dir='ltr'>a</span> <span class='ocrx_word' id='word_1_792' title='bbox 2198 5067 2411 5123; x_wconf 90' lang='lat' dir='ltr'>nemine</span> <span class='ocrx_word' id='word_1_793' title='bbox 2439 5084 2544 5140; x_wconf 91' lang='lat' dir='ltr'>pro</span> <span class='ocrx_word' id='word_1_794' title='bbox 2578 5070 2757 5141; x_wconf 89' lang='lat' dir='ltr'>legato</span> <span class='ocrx_word' id='word_1_795' title='bbox 2789 5079 3094 5144; x_wconf 89' lang='lat' dir='ltr'>susceptus,</span> <span class='ocrx_word' id='word_1_796' title='bbox 3127 5089 3227 5130; x_wconf 92' lang='lat' dir='ltr'>nec</span> <span class='ocrx_word' id='word_1_797' title='bbox 3256 5074 3310 5130; x_wconf 94' lang='lat' dir='ltr'>in</span> <span class='ocrx_word' id='word_1_798' title='bbox 3341 5076 3525 5148; x_wconf 88' lang='lat' dir='ltr'>aliquo</span> <span class='ocrx_word' id='word_1_799' title='bbox 3564 5077 3739 5152; x_wconf 89' lang='lat' dir='ltr'>legati</span> 
     </span>
    </p>
   </div>
   <div class='ocr_carea' id='block_1_105' title="bbox 1718 5164 2418 5223">
    <p class='ocr_par' dir='ltr' id='par_1_105' title="bbox 1718 5164 2418 5223">
     <span class='ocr_line' id='line_1_105' title="bbox 1718 5164 2418 5223; baseline 0 -1"><span class='ocrx_word' id='word_1_800' title='bbox 1718 5166 2150 5223; x_wconf 85' lang='lat' dir='ltr'>HENSCHENII</span> <span class='ocrx_word' id='word_1_801' title='bbox 2186 5164 2418 5222; x_wconf 74' lang='grc' dir='ltr'><strong>ΝΟΤίΕ.</strong></span> 
     </span>
    </p>
   </div>
   <div class='ocr_carea' id='block_1_106' title="bbox 421 5265 3730 5342">
    <p class='ocr_par' dir='ltr' id='par_1_106' title="bbox 421 5265 3730 5342">
     <span class='ocr_line' id='line_1_106' title="bbox 421 5265 3730 5342; baseline 0 -12"><span class='ocrx_word' id='word_1_802' title='bbox 421 5271 708 5331; x_wconf 87' lang='lat' dir='ltr'>risburiam</span> <span class='ocrx_word' id='word_1_803' title='bbox 754 5267 853 5323; x_wconf 90' lang='lat' dir='ltr'>sub</span> <span class='ocrx_word' id='word_1_804' title='bbox 891 5265 1119 5338; x_wconf 88' lang='lat' dir='ltr'>regibus</span> <span class='ocrx_word' id='word_1_805' title='bbox 1173 5265 1559 5342; x_wconf 85' lang='lat' dir='ltr'>Northmannis</span> <span class='ocrx_word' id='word_1_806' title='bbox 1616 5265 2022 5342; x_wconf 70' lang='lat' dir='ltr'>transferretur.</span> <span class='ocrx_word' id='word_1_807' title='bbox 2055 5265 2110 5326; x_wconf 86' lang='lat' dir='ltr'><strong>A</strong></span> <span class='ocrx_word' id='word_1_808' title='bbox 2143 5266 2532 5342; x_wconf 74' lang='lat' dir='ltr'>restauratione</span> <span class='ocrx_word' id='word_1_809' title='bbox 2560 5273 2786 5342; x_wconf 81' lang='lat' dir='ltr'>testatur</span> <span class='ocrx_word' id='word_1_810' title='bbox 2809 5268 3203 5325; x_wconf 89' lang='lat' dir='ltr'>adolescentem</span> <span class='ocrx_word' id='word_1_811' title='bbox 3237 5287 3297 5326; x_wconf 83' lang='lat' dir='ltr'>se</span> <span class='ocrx_word' id='word_1_812' title='bbox 3325 5272 3587 5342; x_wconf 81' lang='lat' dir='ltr'>adfuisse,</span> <span class='ocrx_word' id='word_1_813' title='bbox 3621 5290 3730 5332; x_wconf 85' lang='lat' dir='ltr'>au-</span> 
     </span>
    </p>
   </div>
   <div class='ocr_carea' id='block_1_107' title="bbox 418 5335 2014 5417">
    <p class='ocr_par' dir='ltr' id='par_1_107' title="bbox 418 5335 2014 5417">
     <span class='ocr_line' id='line_1_107' title="bbox 418 5335 2014 5417; baseline -0.008 -15"><span class='ocrx_word' id='word_1_814' title='bbox 418 5347 518 5403; x_wconf 85' lang='lat' dir='ltr'>Hic.</span> <span class='ocrx_word' id='word_1_815' title='bbox 546 5343 831 5415; x_wconf 81' lang='lat' dir='ltr'>Eadgarus</span> <span class='ocrx_word' id='word_1_816' title='bbox 875 5335 1434 5417; x_wconf 46' lang='lat' dir='ltr'>reinprwnominatus</span> <span class='ocrx_word' id='word_1_817' title='bbox 1465 5337 1852 5417; x_wconf 68' lang='lat' dir='ltr'>monasterium</span> <span class='ocrx_word' id='word_1_818' title='bbox 1889 5335 2014 5417; x_wconf 55' lang='grc' dir='ltr'>γίν-</span> 
     </span>
    </p>
   </div>
   <div class='ocr_carea' id='block_1_108' title="bbox 461 5407 2016 5483">
    <p class='ocr_par' dir='ltr' id='par_1_108' title="bbox 461 5407 2016 5483">
     <span class='ocr_line' id='line_1_108' title="bbox 461 5407 2016 5483; baseline -0.006 -11"><span class='ocrx_word' id='word_1_819' title='bbox 461 5417 610 5472; x_wconf 91' lang='lat' dir='ltr'>inum</span> <span class='ocrx_word' id='word_1_820' title='bbox 638 5407 842 5483; x_wconf 75' lang='lat' dir='ltr'>magno</span> <span class='ocrx_word' id='word_1_821' title='bbox 871 5407 1424 5483; x_wconf 66' lang='lat' dir='ltr'>studiocondiderat,</span> <span class='ocrx_word' id='word_1_822' title='bbox 1448 5408 1522 5483; x_wconf 83' lang='lat' dir='ltr'>uti</span> <span class='ocrx_word' id='word_1_823' title='bbox 1548 5407 1741 5462; x_wconf 89' lang='lat' dir='ltr'>scribit</span> <span class='ocrx_word' id='word_1_824' title='bbox 1768 5408 2016 5483; x_wconf 80' lang='lat' dir='ltr'>Ethelre-</span> 
     </span>
    </p>
   </div>
   <div class='ocr_carea' id='block_1_109' title="bbox 417 5433 2010 5552">
    <p class='ocr_par' dir='ltr' id='par_1_109' title="bbox 417 5433 2010 5552">
     <span class='ocr_line' id='line_1_109' title="bbox 461 5433 2010 5483; baseline -0.006 -11"><span class='ocrx_word' id='word_1_825' title='bbox 461 5433 610 5472; x_wconf 85' lang='lat' dir='ltr'>mum</span> <span class='ocrx_word' id='word_1_826' title='bbox 638 5433 842 5483; x_wconf 78' lang='lat' dir='ltr'>magno</span> <span class='ocrx_word' id='word_1_827' title='bbox 871 5433 1048 5464; x_wconf 72' lang='grc' dir='ltr'>διυυιυ</span> <span class='ocrx_word' id='word_1_828' title='bbox 1078 5433 1415 5476; x_wconf 73' lang='lat' dir='ltr'>uuuuiucrut,</span> <span class='ocrx_word' id='word_1_829' title='bbox 1451 5433 1522 5461; x_wconf 87' lang='lat' dir='ltr'>uu</span> <span class='ocrx_word' id='word_1_830' title='bbox 1548 5433 1741 5462; x_wconf 71' lang='lat' dir='ltr'>BUI‘lUll</span> <span class='ocrx_word' id='word_1_831' title='bbox 1768 5433 2010 5462; x_wconf 70' lang='lat' dir='ltr'>utituru-</span> 
     </span>
     <span class='ocr_line' id='line_1_110' title="bbox 417 5433 2010 5552; baseline -0.006 -8"><span class='ocrx_word' id='word_1_832' title='bbox 417 5433 518 5544; x_wconf 51' lang='lat' dir='ltr'>sus</span> <span class='ocrx_word' id='word_1_833' title='bbox 547 5484 719 5542; x_wconf 89' lang='lat' dir='ltr'>abbas</span> <span class='ocrx_word' id='word_1_834' title='bbox 746 5479 1106 5552; x_wconf 79' lang='lat' dir='ltr'>Rievallensis</span> <span class='ocrx_word' id='word_1_835' title='bbox 1136 5480 1194 5532; x_wconf 91' lang='lat' dir='ltr'>in</span> <span class='ocrx_word' id='word_1_836' title='bbox 1224 5479 1562 5551; x_wconf 86' lang='lat' dir='ltr'>Genealogia</span> <span class='ocrx_word' id='word_1_837' title='bbox 1589 5494 1784 5552; x_wconf 86' lang='lat' dir='ltr'>regum</span> <span class='ocrx_word' id='word_1_838' title='bbox 1805 5478 2010 5551; x_wconf 85' lang='lat' dir='ltr'>Anglo-</span> 
     </span>
    </p>
   </div>
   <div class='ocr_carea' id='block_1_110' title="bbox 415 5548 1915 5631">
    <p class='ocr_par' dir='ltr' id='par_1_110' title="bbox 415 5548 1915 5631">
     <span class='ocr_line' id='line_1_111' title="bbox 415 5548 1915 5631; baseline 0.001 -2"><span class='ocrx_word' id='word_1_839' title='bbox 415 5548 1218 5631; x_wconf 60' lang='lat' dir='ltr'>mm.a§itttxscﬁpt°t‘il’u3a</span> <span class='ocrx_word' id='word_1_840' title='bbox 1295 5619 1325 5631; x_wconf 73' lang='lat'>-.</span> <span class='ocrx_word' id='word_1_841' title='bbox 1425 5548 1573 5631; x_wconf 60' lang='grc' dir='ltr'>η’--</span> <span class='ocrx_word' id='word_1_842' title='bbox 1896 5548 1915 5630; x_wconf 69' lang='grc' dir='ltr'>ἶ</span> 
     </span>
    </p>
   </div>
   <div class='ocr_carea' id='block_1_111' title="bbox 489 5619 2007 5700">
    <p class='ocr_par' dir='ltr' id='par_1_111' title="bbox 489 5619 2007 5700">
     <span class='ocr_line' id='line_1_112' title="bbox 489 5619 2007 5700; baseline -0.007 -15"><span class='ocrx_word' id='word_1_843' title='bbox 489 5619 982 5700; x_wconf 45' lang='lat' dir='ltr'>(dlﬂerimannu&#39;s,</span> <span class='ocrx_word' id='word_1_844' title='bbox 1006 5622 1177 5700; x_wconf 86' lang='lat' dir='ltr'>abbas</span> <span class='ocrx_word' id='word_1_845' title='bbox 1207 5619 1395 5700; x_wconf 88' lang='lat' dir='ltr'>tertius</span> <span class='ocrx_word' id='word_1_846' title='bbox 1424 5619 1490 5700; x_wconf 82' lang='lat' dir='ltr'>S_.</span> <span class='ocrx_word' id='word_1_847' title='bbox 1521 5619 1734 5700; x_wconf 71' lang='lat' dir='ltr'>Martini</span> <span class='ocrx_word' id='word_1_848' title='bbox 1776 5619 1831 5673; x_wconf 91' lang='lat' dir='ltr'>in</span> <span class='ocrx_word' id='word_1_849' title='bbox 1868 5619 2007 5700; x_wconf 60' lang='lat' dir='ltr'>civi:</span> 
     </span>
    </p>
   </div>
   <div class='ocr_carea' id='block_1_112' title="bbox 418 5690 2007 5765">
    <p class='ocr_par' dir='ltr' id='par_1_112' title="bbox 418 5690 2007 5765">
     <span class='ocr_line' id='line_1_113' title="bbox 418 5690 2007 5765; baseline -0.007 -8"><span class='ocrx_word' id='word_1_850' title='bbox 418 5690 527 5756; x_wconf 77' lang='lat' dir='ltr'>tate</span> <span class='ocrx_word' id='word_1_851' title='bbox 551 5690 896 5765; x_wconf 75' lang='lat' dir='ltr'>Tomscensi,</span> <span class='ocrx_word' id='word_1_852' title='bbox 937 5693 995 5751; x_wconf 88' lang='lat' dir='ltr'>in</span> <span class='ocrx_word' id='word_1_853' title='bbox 1035 5699 1263 5749; x_wconf 86' lang='lat' dir='ltr'>tractatu</span> <span class='ocrx_word' id='word_1_854' title='bbox 1303 5707 1405 5749; x_wconf 88' lang='lat' dir='ltr'>ms.</span> <span class='ocrx_word' id='word_1_855' title='bbox 1449 5691 1520 5747; x_wconf 87' lang='lat' dir='ltr'>de</span> <span class='ocrx_word' id='word_1_856' title='bbox 1561 5690 1648 5747; x_wconf 86' lang='lat' dir='ltr'>sui</span> <span class='ocrx_word' id='word_1_857' title='bbox 1694 5690 2007 5746; x_wconf 84' lang='lat' dir='ltr'>monasterii</span> 
     </span>
    </p>
   </div>
   <div class='ocr_carea' id='block_1_113' title="bbox 2126 5335 3731 5407">
    <p class='ocr_par' dir='ltr' id='par_1_113' title="bbox 2126 5335 3731 5407">
     <span class='ocr_line' id='line_1_114' title="bbox 2126 5335 3731 5407; baseline 0.009 -17"><span class='ocrx_word' id='word_1_858' title='bbox 2126 5335 2434 5407; x_wconf 88' lang='lat' dir='ltr'>divisseque</span> <span class='ocrx_word' id='word_1_859' title='bbox 2454 5353 2518 5391; x_wconf 89' lang='lat' dir='ltr'>ea</span> <span class='ocrx_word' id='word_1_860' title='bbox 2541 5353 2664 5407; x_wconf 61' lang='lat' dir='ltr'>qua:</span> <span class='ocrx_word' id='word_1_861' title='bbox 2675 5338 2745 5392; x_wconf 89' lang='lat' dir='ltr'>ad</span> <span class='ocrx_word' id='word_1_862' title='bbox 2763 5340 2866 5394; x_wconf 88' lang='lat' dir='ltr'>hoc</span> <span class='ocrx_word' id='word_1_863' title='bbox 2878 5342 3282 5396; x_wconf 86' lang='lat' dir='ltr'>matrimonium</span> <span class='ocrx_word' id='word_1_864' title='bbox 3301 5335 3731 5404; x_wconf 81' lang='lat' dir='ltr'>dissuadendum</span> 
     </span>
    </p>
   </div>
   <div class='ocr_carea' id='block_1_114' title="bbox 2125 5406 3734 5485">
    <p class='ocr_par' dir='ltr' id='par_1_114' title="bbox 2125 5406 3734 5485">
     <span class='ocr_line' id='line_1_115' title="bbox 2125 5406 3734 5485; baseline 0.009 -24"><span class='ocrx_word' id='word_1_865' title='bbox 2125 5406 2264 5485; x_wconf 70' lang='lat' dir='ltr'>dixit</span> <span class='ocrx_word' id='word_1_866' title='bbox 2294 5407 2350 5461; x_wconf 92' lang='lat' dir='ltr'>S.</span> <span class='ocrx_word' id='word_1_867' title='bbox 2384 5406 2689 5485; x_wconf 48' lang='lat' dir='ltr'>anselmus,</span> <span class='ocrx_word' id='word_1_868' title='bbox 2722 5417 2775 5464; x_wconf 90' lang='lat' dir='ltr'>et</span> <span class='ocrx_word' id='word_1_869' title='bbox 2806 5426 2982 5485; x_wconf 73' lang='lat' dir='ltr'>quam</span> <span class='ocrx_word' id='word_1_870' title='bbox 3000 5414 3272 5485; x_wconf 84' lang='lat' dir='ltr'>veraciter</span> <span class='ocrx_word' id='word_1_871' title='bbox 3318 5417 3734 5485; x_wconf 80' lang='lat' dir='ltr'>praphetaverit</span> 
     </span>
    </p>
   </div>
   <div class='ocr_carea' id='block_1_115' title="bbox 2122 5477 3733 5557">
    <p class='ocr_par' dir='ltr' id='par_1_115' title="bbox 2122 5477 3733 5557">
     <span class='ocr_line' id='line_1_116' title="bbox 2122 5477 3733 5557; baseline 0.01 -25"><span class='ocrx_word' id='word_1_872' title='bbox 2122 5477 2348 5557; x_wconf 89' lang='lat' dir='ltr'>minime</span> <span class='ocrx_word' id='word_1_873' title='bbox 2394 5478 2534 5557; x_wconf 86' lang='lat' dir='ltr'>felix_</span> <span class='ocrx_word' id='word_1_874' title='bbox 2567 5477 2834 5557; x_wconf 59' lang='lat' dir='ltr'>futurum.</span> <span class='ocrx_word' id='word_1_875' title='bbox 2862 5482 3040 5557; x_wconf 76' lang='lat' dir='ltr'>verba</span> <span class='ocrx_word' id='word_1_876' title='bbox 3069 5482 3188 5551; x_wconf 89' lang='lat' dir='ltr'>ejus</span> <span class='ocrx_word' id='word_1_877' title='bbox 3215 5477 3435 5557; x_wconf 59' lang='lat' dir='ltr'>inte&#39;gre&#39;</span> <span class='ocrx_word' id='word_1_878' title='bbox 3458 5487 3548 5544; x_wconf 88' lang='lat' dir='ltr'>hic</span> <span class='ocrx_word' id='word_1_879' title='bbox 3571 5488 3733 5557; x_wconf 84' lang='lat' dir='ltr'>juvat</span> 
     </span>
    </p>
   </div>
   <div class='ocr_carea' id='block_1_116' title="bbox 2120 5549 3734 5620">
    <p class='ocr_par' dir='ltr' id='par_1_116' title="bbox 2120 5549 3734 5620">
     <span class='ocr_line' id='line_1_117' title="bbox 2120 5549 3734 5620; baseline 0.008 -15"><span class='ocrx_word' id='word_1_880' title='bbox 2120 5556 2399 5618; x_wconf 82' lang='lat' dir='ltr'>attexere,</span> <span class='ocrx_word' id='word_1_881' title='bbox 2447 5549 2570 5619; x_wconf 89' lang='lat' dir='ltr'>quia</span> <span class='ocrx_word' id='word_1_882' title='bbox 2618 5551 2827 5620; x_wconf 86' lang='lat' dir='ltr'>aliquas</span> <span class='ocrx_word' id='word_1_883' title='bbox 2871 5549 3302 5610; x_wconf 78' lang='lat' dir='ltr'>circumstantias</span> <span class='ocrx_word' id='word_1_884' title='bbox 3329 5549 3416 5611; x_wconf 55' lang='lat' dir='ltr'>&#39;ab</span> <span class='ocrx_word' id='word_1_885' title='bbox 3454 5549 3734 5619; x_wconf 72' lang='lat' dir='ltr'>Eadinero</span> 
     </span>
    </p>
   </div>
   <div class='ocr_carea' id='block_1_117' title="bbox 2116 5621 3728 5689">
    <p class='ocr_par' dir='ltr' id='par_1_117' title="bbox 2116 5621 3728 5689">
     <span class='ocr_line' id='line_1_118' title="bbox 2116 5621 3728 5689; baseline 0.009 -15"><span class='ocrx_word' id='word_1_886' title='bbox 2116 5621 2372 5674; x_wconf 80' lang='lat' dir='ltr'>diversas</span> <span class='ocrx_word' id='word_1_887' title='bbox 2404 5623 2701 5689; x_wconf 84' lang='lat' dir='ltr'>continent,</span> <span class='ocrx_word' id='word_1_888' title='bbox 2725 5632 2778 5679; x_wconf 87' lang='lat' dir='ltr'>et</span> <span class='ocrx_word' id='word_1_889' title='bbox 2801 5639 2916 5678; x_wconf 90' lang='lat' dir='ltr'>rem</span> <span class='ocrx_word' id='word_1_890' title='bbox 2948 5632 3114 5678; x_wconf 89' lang='lat' dir='ltr'>totam</span> <span class='ocrx_word' id='word_1_891' title='bbox 3134 5626 3205 5682; x_wconf 89' lang='lat' dir='ltr'>ad</span> <span class='ocrx_word' id='word_1_892' title='bbox 3231 5627 3477 5683; x_wconf 78' lang='lat' dir='ltr'>Anselmi</span> <span class='ocrx_word' id='word_1_893' title='bbox 3507 5629 3728 5688; x_wconf 88' lang='lat' dir='ltr'>laudem</span> 
     </span>
    </p>
   </div>
   <div class='ocr_carea' id='block_1_118' title="bbox 2114 5689 3726 5772">
    <p class='ocr_par' dir='ltr' id='par_1_118' title="bbox 2114 5689 3726 5772">
     <span class='ocr_line' id='line_1_119' title="bbox 2114 5689 3726 5772; baseline 0.01 -26"><span class='ocrx_word' id='word_1_894' title='bbox 2114 5689 2296 5764; x_wconf 87' lang='lat' dir='ltr'>magis</span> <span class='ocrx_word' id='word_1_895' title='bbox 2331 5689 2628 5756; x_wconf 82' lang='lat' dir='ltr'>illustrant;</span> <span class='ocrx_word' id='word_1_896' title='bbox 2662 5693 2746 5750; x_wconf 85' lang='lat' dir='ltr'>sic</span> <span class='ocrx_word' id='word_1_897' title='bbox 2774 5709 2907 5769; x_wconf 87' lang='lat' dir='ltr'>ergo</span> <span class='ocrx_word' id='word_1_898' title='bbox 2933 5693 3098 5752; x_wconf 87' lang='lat' dir='ltr'>habet</span> <span class='ocrx_word' id='word_1_899' title='bbox 3130 5711 3143 5751; x_wconf 91' lang='lat'><strong>:</strong></span> <span class='ocrx_word' id='word_1_900' title='bbox 3181 5720 3205 5749; x_wconf 74' lang='grc' dir='ltr'>α</span> <span class='ocrx_word' id='word_1_901' title='bbox 3237 5697 3320 5754; x_wconf 91' lang='lat' dir='ltr'>De</span> <span class='ocrx_word' id='word_1_902' title='bbox 3347 5715 3456 5772; x_wconf 80' lang='lat' dir='ltr'>quo</span> <span class='ocrx_word' id='word_1_903' title='bbox 3491 5699 3726 5763; x_wconf 78' lang='lat' dir='ltr'>Henrico</span> 
     </span>
    </p>
   </div>
  </div>
