4044 6074
262 300 358 353 ιξθ

1343 292 1663 349 HISTORIA
1694 294 2060 353 NOVORUM.
2092 327 2162 338 —
2184 293 2309 350 LIB.
2347 295 2444 353 Ill.

3452 309 3548 360 430

259 421 436 480 oﬂicio
467 420 708 475 functus.
748 416 976 484 Exinde,
1009 434 1130 473 cum
1161 416 1230 472 ad
1262 424 1468 487 tempus
1516 418 1853 473 induciarum
1882 421 1940 481 Α
1968 434 2120 474 versa
2172 422 2459 491 permovit.
2519 422 2634 479 Rex
2656 422 2819 495 igitur
2847 424 3137 496 principes,
3186 434 3239 483 et
3279 429 3551 505 principes

258 512 466 567 Pascha
482 511 557 581 (α)
592 515 811 565 ventum
836 515 997 576 esset,
1031 510 1083 561 et
1109 506 1198 576 qui
1216 505 1443 560 Romam
1461 505 1608 559 missi
1638 507 1850 561 fuerant

256 599 429 655 nuntii
456 614 556 654 nec
586 599 716 654 dum
745 596 1036 665 redissent,
1071 611 1241 665 usque
1273 594 1342 649 ad
1375 594 1664 652 adventum
1720 595 1848 651 illo-

258 703 378 743 rum
406 686 638 741 inducim
668 684 850 740 dilatae
873 688 1021 743 sunt.

324 779 389 832 In
444 774 793 847 subsequenti
837 782 1019 828 autem
1067 769 1408 827 solemnitate
1486 772 1846 839 Pentecostes,

256 866 521 921 adventus
548 863 764 921 comitis
791 861 1031 929 Roberti,
1086 859 1266 915 fratris
1317 860 1481 933 regis,
1513 860 1565 915 in
1596 863 1851 934 Angliam

254 953 465 1025 praevia
487 952 632 1008 fama
662 959 833 1007 totam
867 948 1113 1023 regalem
1160 946 1371 1003 curiam
1430 951 1743 1018 commovit,
1803 957 1857 1005 et

256 1040 613 1113 quorumdam
644 1039 874 1107 animos,
910 1045 966 1094 ut
1010 1036 1360 1108 postmodum
1407 1038 1603 1108 patuit,
1653 1039 1709 1093 in
1763 1038 1854 1094 di-

1956 524 2144 580 regem
2172 517 2477 581 suspectum
2510 511 2806 569 habentes:
2839 513 2932 570 ille
2961 515 3166 572 scilicet
3207 517 3360 587 istos,
3393 536 3463 577 ne
3520 539 3553 577 a

1958 612 2015 652 se
2042 596 2294 663 instabili,
2329 607 2387 653 ut
2416 598 2491 665 ﬁt,
2524 599 2629 655 ﬁde
2656 600 2969 670 dissilirent,
3004 612 3052 659 et
3082 605 3168 660 isti
3222 605 3375 662 illum
3433 608 3551 667 for-

1958 685 2232 753 midando,
2262 704 2329 740 ne
2360 689 2595 760 undique
2620 705 2755 759 pace
2784 691 3003 761 potitus,
3026 693 3082 747 in
3101 708 3159 749 se
3190 694 3405 767 legibus
3422 698 3550 757 eﬂe-

1958 774 2090 828 ratis
2118 775 2427 843 desaeviret,
2459 785 2639 832 actum
2685 794 2748 833 cx
2797 781 3046 837 consulto
3078 790 3159 837 est
3202 792 3260 839 ut
3289 787 3553 846 certitudo

1958 862 2080 917 talis
2110 864 2238 919 hinc
2268 863 2394 918 inde
2425 864 2594 933 ﬁeret,
2629 882 2749 936 quae
2776 868 3025 941 utrinque
3072 872 3219 942 quod
3275 876 3559 933 verebatur

1961 951 2291 1007 excluderet.
2326 952 2432 1007 Sed
2465 954 2558 1008 ubi
2589 954 2657 1008 ad
2688 956 3034 1024 sponsionem
3064 957 3191 1015 ﬁdei
3222 964 3372 1034 regis
3416 980 3553 1021 ven-

1962 1046 2073 1095 tum
2106 1050 2206 1109 est,
2234 1049 2345 1096 tota
2368 1044 2522 1113 regni
2551 1042 2805 1099 nobilitas
2836 1060 2959 1102 cum
3020 1050 3210 1119 populi
3240 1055 3552 1110 numerosi-

1576 1162 2007 1220 HENSCHENII
2034 1164 2265 1221 ΝΟΤᾸΞ.

260 1264 389 1335 quia
433 1261 762 1335 mentionem
809 1259 915 1317 feci
950 1267 1007 1315 et
1054 1261 1191 1317 alius
1236 1258 1707 1335 referendi__locus
1745 1277 1856 1335 non

258 1330 378 1403 erit,
424 1334 553 1390 licet
579 1334 805 1389 multum
835 1349 868 1387 a
913 1336 1095 1404 erepta
1137 1331 1447 1404 narratione
1500 1330 1711 1404 digredi
1761 1332 1855 1386 vi-

257 1407 410 1476 dear,
439 1405 698 1476 quiddam
730 1412 909 1458 tamen
938 1402 1179 1476 dignum
1206 1402 1467 1476 memoria
1494 1402 1694 1476 dicam.
1724 1404 1855 1476 _Hic

254 1472 763 1550 ergoet—inﬁrmatus
788 1476 842 1529 in
875 1472 1046 1550 regno
1096 1474 1267 1550 voluit
1308 1472 1854 1550 conj_ugem__habere

291 1543 491 1604 u'ellam
534 1547 849 1617 quamdam,
898 1543 1069 1599 ﬁliam
1114 1545 1260 1616 regis
1303 1543 1543 1617 scotiaé:
1607 1544 1853 1617 dixitque

312 1660 324 1673 .
358 1616 643 1684 Anselmo,
679 1624 802 1672 tunc
836 1617 1089 1686 temporis
1118 1616 1523 1686 Cantuariensis
1560 1616 1709 1670 urbis
1762 1616 1851 1673 ve-

1962 1262 2266 1388 Biscopum,
2300 1261 2345 1317 si
2367 1263 2496 1335 quid
2527 1263 2582 1318 in
2605 1278 2677 1345 .eo
2707 1264 3224 1329 velletcalumniari.
3256 1272 3557 1346 Respondit

2021 1375 2033 1386 .
2064 1334 2353 1388 Anselmus
2381 1351 2437 1388 se
2468 1351 2574 1388 non
2603 1334 2736 1388 illud
2765 1337 3238 1388 calumniatumm.
3300 1360 3421 1388 num
3480 1365 3557 1388 ra.

2021 1375 2033 1386 .
2064 1334 2353 1408 Anselmus
2381 1334 2437 1389 Se
2468 1351 2574 1389 non
2603 1334 2736 1390 illud
2765 1337 3240 1408 calumniaturum,
3300 1334 3423 1401 cu'm
3480 1334 3557 1405 re;

1964 1420 2091 1460 vera
2119 1406 2413 1478 secundum
2445 1421 2709 1478 canonum
2759 1408 2975 1463 decreta
3004 1406 3357 1478 judicasSent.
3409 1419 3556 1477 Tunc

1962 1491 2078 1559 res,
2107 1498 2128 1524 «
2155 1474 2652 1559 Quandoquidem,
2706 1478 2926 1559 inquit,.
2949 1474 3218 1559 judicium
3239 1556 3265 1559 _
3287 1474 3550 1559 laudaris,

1961 1547 2083 1601 velo
2112 1554 2170 1601 ut
2199 1548 2331 1628 mihi
2358 1548 2590 1628 puellam
2621 1547 2980 1628 despo’nsetis’.
3018 1574 3039 1599 η
3074 1552 3183 1628 Sed
3212 1556 3304 1628 Δ1).
3358 1547 3554 1617 Αηεθιέ

1960 1633 2167 1692 musa»
2201 1618 2743 1692 Judiciumhinquit,
2763 1635 2870 1675 non
2925 1624 3301 1692 reprehendo;
3362 1631 3459 1686 sed
3510 1634 3555 1688 si

257 1685 1037 1762 nerabili_archiepi_s_copo,ut_
1063 1703 1185 1743 eam
1215 1686 1347 1762 _sibi
1404 1685 1851 1762 benediceret,_et
1881 1689 1930 1751 B
1960 1689 2218 1762 majestas
2249 1697 2421 1762 vestra
2451 1685 2582 1744 mihi
2618 1685 2846 1746 credere
2866 1685 3044 1762 vellet,
3076 1702 3132 1749 ut
3179 1685 3300 1750 eam
3332 1685 3556 1759 nonda:

258 1759 592 1816 solemnibus
621 1756 819 1829 nuptiis
847 1757 1183 1813 benedictam
1212 1757 1268 1812 in
1312 1756 1643 1829 conjugiumi
1682 1758 1852 1813 socia-

260 1839 359 1886 ret.
393 1828 699 1901 Respondit
721 1829 1170 1901 archiepiscOpus
1185 1844 1241 1882 se
1272 1828 1416 1901 nolle
1448 1844 1573 1901 eam
1632 1828 1851 1901 benedi-

258 1918 401 1969 cere,
434 1898 532 1956 nec
561 1916 659 1955 suo
689 1898 921 1955 consilio
944 1915 1126 1971 regem
1152 1898 1212 1971 in
1240 1899 1552 1971 conjugium
1580 1914 1701 1954 eam
1748 1900 1850 1954 sibi

259 1974 605 2037 sociaturum,
637 1986 761 2025 cum
787 1971 964 2025 velum
995 1970 1502 2034 sanctimonialium,
1552 1971 1689 2024 sicut
1736 1972 1851 2040 ipse

260 2060 357 2116 pro
387 2059 518 2099 vero
536 2043 848 2116 audiverat,
878 2050 1137 2113 gestasset
1166 2057 1331 2116 super
1356 2048 1517 2116 caput
1543 2058 1719 2108 suum,
1743 2059 1850 2113 quo

260 2113 317 2170 se
343 2114 577 2170 ctelestis
617 2115 794 2183 potius
837 2129 999 2183 quant
1046 2113 1243 2167 terreni
1290 2113 1439 2183 regis
1498 2118 1851 2168 monstrasset

261 2187 376 2242 fore
404 2182 675 2256 sponsam.
707 2184 826 2256 Rex
856 2182 1074 2256 econtra
1130 2183 1265 2236 dixit
1312 2182 1373 2256 se
1393 2182 1731 2256 promisisse
1788 2199 1850 2239 ac

260 2258 421 2312 etiam
434 2252 784 2326 jurejurando
812 2254 1159 2309 confirmasse
1186 2253 1325 2323 patri
1357 2252 1492 2320 ejus,
1536 2254 1682 2326 quod
1729 2269 1849 2308 eam

258 2324 548 2399 conjugem
578 2326 828 2380 duceret:
860 2326 1093 2399 ideoque
1128 2340 1234 2399 pro
1276 2324 1647 2399 conservando
1695 2326 1849 2399 jura-

257 2395 452 2454 mento
467 2412 571 2452 suo
600 2413 659 2453 se
678 2412 799 2451 eam
843 2412 952 2451 non
1009 2396 1377 2461 dimissurum,
1435 2395 1537 2448 nisi
1584 2396 1849 2451 canonico

251 2469 457 2539 judicio
487 2466 671 2539 fuisset
699 2468 1143 2539 determinatum:
1178 2465 1541 2536 praecepitque
1572 2474 1629 2519 ut
1683 2468 1849 2539 ascito

257 2537 583 2596 Eboracensi
629 2537 1039 2607 archiepiscopo
1085 2545 1509 2607 congregaretur
1562 2537 1847 2591 concilium

256 2611 652 2682 episcoporum,
685 2608 943 2682 abbatum
968 2616 1021 2682 et
1035 2607 1540 2682 ecclesiasticarum
1584 2623 1846 2682 persona-

254 2677 373 2737 ram
402 2677 566 2736 totius
592 2680 825 2750 Angliae,
856 2680 926 2734 ad
958 2677 1322 2734 deﬁniendum
1350 2677 1713 2733 ecclesiastica
1726 2695 1849 2733 cen-

255 2767 379 2808 sura
403 2760 607 2807 tantum
636 2754 941 2822 negotium.
968 2751 1297 2822 In‘generali
1326 2765 1459 2821 ergo
1495 2750 1729 2822 concilio
1755 2766 1847 2805 re-

294 2823 455 2879 uisita
482 2826 563 2877 est
592 2819 862 2877 abbatissa
890 2820 1001 2886 illa,
1034 2819 1088 2874 in
1118 2819 1271 2893 cujus
1308 2819 1634 2875 monasterio
1663 2822 1847 2889 puella

256 2840 345 2949 iila
376 2893 551 2948 fuerat
575 2893 793 2949 nutrita.
825 2899 1074 2947 utrumne
1104 2906 1293 2946 revera
1337 2907 1489 2946 more
1546 2891 1843 2946 sanctimo—

254 2891 345 2949 illa
376 2893 551 2948 fuerat
575 2893 793 2959 nutrita,
825 2899 1074 2947 utrumne
1104 2891 1293 2946 revera
1337 2907 1489 2946 more
1546 2891 1843 2946 sanctimo—

254 2964 629 3030 nialium,velo
658 2963 818 3034 capiti
847 2962 1124 3032 imposito,
1151 2962 1525 3034 benedictione
1553 2963 1845 3034 episcopali

1962 1759 2160 1844 ceretis
2192 1761 2569 1844 consulerum:
2605 1777 2726 1844 cum
2758 1759 3254 1844 quomodocunque
3296 1773 3552 1844 contigit,

1963 1837 2137 1902 tamen
2168 1831 2348 1885 velum
2378 1846 2545 1901 super
2573 1839 2733 1901 caput
2763 1831 3024 1902 portavit:
3060 1848 3111 1890 et
3141 1831 3558 1901 s'uﬂicientetrdé

1960 1900 2173 1979 filiabus
2201 1918 2389 1979 regum
2421 1900 2511 1956 aut
2539 1900 2796 1979 comitum
2820 1905 2973 1959 vobis
3001 1905 3239 1962 invenire
3271 1915 3550 1979 possetis.»

1960 1972 2108 2051 Rege
2136 1972 2345 2051 vero'in
2377 1989 2441 2027 eo
2460 1972 2602 2051 quod
2628 1984 2953 2051 conceperat
2985 1972 3387 2051 perseverante,
3420 1987 3556 2041 sub-

1956 2043 2136 2111 junxit
2164 2044 2267 2116 ille,
2287 2045 2371 2098 vir
2396 2043 2764 2098 sanctissimus
2790 2043 2815 2098 ε’
2859 2069 2880 2093 α
2914 2043 3016 2100 Vos
3047 2050 3285 2116 quidem,
3329 2043 3554 2113 domine

1960 2130 2074 2190 rex,
2107 2115 2329 2190 consilio
2360 2116 2896 2190 uteoprmtermisso,
2928 2115 3152 2190 facietis
3199 2124 3341 2190 quod
3402 2127 3555 2183 vobis

1960 2185 2261 2259 placuerit:
2292 2185 2508 2259 sedqui
2541 2186 2739 2259 diutius
2768 2187 2983 2259 vixerit,
3014 2197 3148 2257 puto
3175 2185 3319 2259 qiiod
3343 2196 3555 2253 videbit

1958 2255 2210 2332 Angliam
2241 2272 2348 2311 non
2377 2256 2468 2309 diu
2497 2257 2807 2332 gavisuram
2830 2258 2897 2312 de
2929 2255 3079 2332 prole
3110 2255 3230 2332 quae
3251 2264 3320 2318 de
3345 2282 3409 2323 ea
3431 2279 3556 2325 nata

1960 2298 2210 2335 ..._.,,.......
2243 2298 2348 2311 ..νη
2377 2298 2468 2309 υ...
2539 2298 2807 2311 υ...υι.......
2830 2298 2897 2312 ω,
2929 2298 3079 2329 ,μων
3110 2298 3229 2332 qua,
3251 2298 3320 2318 μυ
3345 2298 3409 2323 τα
3431 2298 3556 2325 nam

1960 2337 2077 2380 erit.
2104 2350 2125 2375 υ
2162 2327 2289 2381 Haec
2317 2343 2422 2398 ego
2453 2298 2768 2404 adolescens
2797 2344 2915 2404 eum
2948 2330 3150 2404 dixisse
3182 2334 3381 2404 audivi,
3408 2355 3557 2396 nunc

1959 2413 2088 2452 vero
2109 2413 2316 2472 magna
2344 2406 2577 2472 exparte
2610 2398 2765 2452 video
2792 2400 2910 2472 jam;
2927 2403 3255 2472 contigisse.
3297 2398 3411 2461 Rex
3465 2411 3558 2465 ita-

1959 2484 2063 2549 qua
2085 2468 2158 2548 de
2190 2484 2253 2522 ea
2276 2468 2418 2549 duos
2442 2468 2582 2549 filios
2610 2478 2843 2549 et_unam
2862 2469 3031 2549 tiliam
3048 2468 3265 2549 gannit,
3285 2477 3334 2530 ei
3356 2480 3555 2549 quibus

1957 2537 2049 2591 tilii
2076 2538 2189 2606 jam
2222 2539 2617 2603 adolescentes,
2650 2539 2779 2593 dum
2809 2556 2874 2593 ex
2906 2537 3304 2601 NOrtEmannia
3352 2537 3406 2603 iii
3453 2553 3553 2606 An-

1956 2610 2122 2677 gliam
2145 2608 2399 2676 redirent,
2432 2608 2601 2664 fracta
2631 2626 2768 2665 nave
2797 2627 2918 2665 curn
2950 2612 3067 2666 aliis
3099 2615 3280 2669 multis
3330 2618 3383 2672 in
3414 2624 3551 2678 mari

1957 2680 2228 2761 Periemm
2250 2698 2265 2745 ς
2290 2680 2456 2761 tiliam
2490 2696 2616 2761 vero
2646 2697 2767 2761 cum
2791 2682 2975 2761 multis
2994 2684 3195 2761 Opibus
3223 2686 3325 2741 sibi
3348 2700 3552 2761 apatre

1957 2751 2633 2827 transmissam_llenricus
2689 2751 2981 2827 imperator
3032 2751 3328 2827 conjugem
3377 2751 3547 2827 duxit,

1954 2822 2304 2894 nuptiasques
2334 2821 2513 2877 Leodii
2532 2837 2667 2894 cum
2690 2838 2888 2894 magna
2908 2824 3083 2894 gloria
3113 2821 3426 2887 celebravit:
3450 2821 3549 2890 sed

1953 2909 2061 2965 uno
2090 2892 2201 2947 tilio
2232 2908 2297 2965 ex,
2325 2908 2394 2965 ea
2418 2893 2621 2964 genito,
2655 2892 2816 2965 celeri
2846 2892 3018 2949 morte
3063 2907 3373 2965 praeventus
3418 2918 3544 2962 eam

1952 2964 2174 3019 viduam
2203 2963 2445 3035 reliquit,
2476 2979 2595 3032 qum
2627 2964 2845 3035 viduata
2901 2963 3085 3019 rursus
3142 2969 3329 3025 comiti
3378 2976 3550 3031 Ande-

255 3035 449 3091 fuisset
476 3032 810 3109 consecrata.
834 3033 1124 3103 Respondit
1153 3032 1429 3109 abbatissa
1452 3105 1461 3109 _
1482 3033 1697 3104 publice
1740 3032 1844 3089 ‘co-
1874 3045 1922 3109 α
1953 3034 2181 3101 gavensi
2208 3032 2406 3109 nupsit.
2434 3035 2577 3109 _Cum
2606 3034 2795 3109 subito
2812 3042 2962 3105 patre
2992 3037 3108 3105 ejus
3136 3038 3192 3092 in
3242 3041 3374 3098 urbe
3430 3046 3546 3102 Ro-

256 3124 372 3162 ram
401 3106 684 3162 omnibus:
709 3129 729 3153 «
765 3106 974 3160 Revera
1004 3111 1162 3174 pater
1184 3105 1307 3174 ejus
1335 3104 1463 3158 mihi
1518 3120 1642 3159 eam
1696 3119 1845 3160 com-

256 3178 552 3243 mendavit,
583 3192 693 3231 non
738 3183 794 3231 ut
823 3175 1253 3230 sanctimonialis
1283 3174 1454 3242 ﬁeret,
1487 3176 1587 3230 sed
1642 3175 1841 3230 solum-

257 3249 422 3305 modo
448 3256 508 3303 ut
533 3248 589 3302 in
618 3245 847 3303 ecclesia
875 3253 1058 3301 nostra
1110 3253 1329 3316 propter
1377 3245 1663 3313 cautelam,
1717 3261 1841 3301 cum

252 3318 678 3399 cmteris‘puellis
719 3317 917 3399 nostris
945 3318 1552 3399 e‘xtraneisnnutriretur
1596 3317 1842 3399 etﬁlitte-

250 3392 324 3447 ris
342 3387 676 3447 erudiretur.
721 3389 858 3445 Cum
898 3396 1078 3443 autem
1134 3388 1479 3453 adolevisset,
1538 3387 1840 3442 nuntiatum

252 3461 495 3542 est_m_ihi
521 3461 753 3542 quodam
807 3460 916 3525 die,
975 3474 1167 3542 regem
1214 3459 1585 3542 Guilielmum,
1635 3458 1841 3542 domini

252 3531 358 3589 mei
387 3528 604 3587 Henrici
639 3546 978 3601 germanum,
1008 3528 1100 3601 qui
1156 3538 1283 3585 tunc
1336 3528 1581 3601 vivebat,
1622 3537 1841 3601 propter

251 3619 371 3659 eam
400 3599 697 3659 videndam
724 3601 964 3671 venisse;
991 3599 1215 3670 jamque
1245 3616 1366 3655 cum
1413 3599 1671 3654 militibus
1727 3599 1838 3654 suis

252 3683 376 3745 ante
422 3675 645 3745 januam
690 3672 938 3745 ecclesias
990 3677 1191 3745 nostra:
1246 3671 1617 3745 descendisse,
1674 3679 1838 3745 utque

245 3742 439 3814 januae
461 3743 563 3798 sibi
585 3744 776 3799 orandi
803 3743 979 3814 gratia
999 3742 1336 3812 aperirentur
1352 3742 1689 3811 praecepisse.
1714 3744 1840 3797 Haec

252 3813 476 3871 audiens
505 3813 839 3884 nimiumque
868 3813 1168 3884 perterrita,
1201 3830 1267 3867 ne
1297 3814 1436 3884 forte
1482 3814 1591 3880 illa,
1634 3819 1691 3868 ut
1742 3815 1839 3879 ju-

252 3886 424 3966 venis,
455 3886 570 3966 regi
601 3883 883 3966 placeretg’
906 3891 1111 3966 etnrex.
1154 3883 1467 3966 indomitus,
1491 3884 1611 3966 ⁸(μιῇ
1675 3899 1837 3966 omne

252 3954 542 4027 quod'sibi
561 3954 882 4027 occurrisset
909 3954 1055 4011 illico
1086 3954 1525 4027 facerevolebat,
1560 3955 1672 4027 visa
1716 3962 1837 4027 pul-

252 4024 561 4084 chritudine
586 4025 783 4096 puellae
805 4026 1045 4095 aliquam
1075 4025 1123 4079 ei
1152 4025 1391 4079 illicitam
1416 4025 1727 4081 violentiam
1750 4024 1836 4079 fa—

252 4107 415 4165 ceret,
440 4098 532 4169 qui
562 4102 674 4151 tam
704 4098 1031 4169 improvisus
1058 4103 1110 4151 et
1138 4096 1438 4169 insperatus
1462 4108 1690 4169 propter
1716 4111 1835 4150 eam

250 4166 547 4226 videndam
574 4168 886 4224 advenisset
915 4183 929 4236 ;
970 4168 1026 4222 in
1052 4166 1298 4224 secrutus
1351 4166 1659 4224 cubiculum
1700 4182 1836 4236 eam

247 4239 567 4295 introduxi:
600 4254 717 4295 rem
746 4239 881 4294 sicut
910 4246 1028 4294 erat
1070 4246 1122 4294 et
1151 4238 1360 4307 aperui,
1392 4253 1566 4309 eaque
1620 4235 1834 4293 volente

250 4310 430 4381 velum
463 4325 627 4381 unum
664 4310 826 4381 capiti
856 4310 973 4380 ejus
1000 4308 1251 4378 imposui,
1284 4308 1546 4379 quatenus
1600 4324 1672 4381 eo;
1712 4309 1835 4381 viso

248 4397 348 4437 rex
378 4380 449 4436 ab
477 4380 661 4435 illicito
686 4378 977 4451 complexu
1000 4378 1365 4435 revocaretur.
1399 4380 1512 4435 Nec
1543 4394 1628 4434 me
1650 4378 1837 4435 fefellit

246 4467 541 4523 spesmea.
570 4452 687 4505 Rex
717 4451 1006 4523 siquidem,
1038 4459 1261 4523 propter
1292 4451 1659 4523 inspiciendas
1688 4465 1839 4505 rosas

245 4522 302 4578 et
322 4522 468 4578 alias
489 4523 747 4578 ﬂorentes
778 4522 994 4589 herbas,
1021 4522 1317 4593 claustrum,
1340 4529 1581 4578 nostrum
1637 4522 1844 4593 ingres-

244 4609 380 4657 sus;
413 4609 539 4649 mox
569 4600 628 4647 ut
655 4608 775 4649 eam
804 4593 961 4658 vidit,
992 4608 1113 4647 cum
1143 4592 1353 4648 caeteris
1399 4593 1592 4658 puellis
1649 4591 1844 4647 nostris

243 4664 432 4721 velum
488 4664 665 4733 capite
694 4670 1018 4735 gestantem,
1052 4663 1237 4730 exivit,
1268 4671 1342 4735 et,
1364 4663 1433 4735 ab
1472 4663 1703 4719 ecclesia
1752 4679 1841 4717 re-

252 4735 453 4802 cessit;
484 4732 667 4805 aperte
697 4732 989 4791 ostendens
1038 4750 1095 4789 se
1141 4732 1407 4805 nonnisi
1448 4740 1669 4804 pr0pter
1722 4750 1843 4788 eam

257 4806 488 4863 venisse.
513 4803 645 4861 Cum
700 4813 880 4861 autem
937 4812 1090 4876 pater
1144 4803 1342 4875 puellae
1396 4803 1568 4876 infra"
1594 4804 1844 4860 eamdem

246 4876 652 4933 hebdomadam
681 4877 753 4931 ad
783 4875 1066 4933 eccleSiam
1097 4883 1334 4932 nostram
1363 4875 1614 4943 venisset,
1645 4876 1847 4933 velum-

249 4963 363 5018 que
390 4964 553 5018 super
601 4954 763 5018 caput
806 4946 934 5003 ﬁliae
975 4964 1085 5002 suae
1136 4947 1393 5018 vidisset,
1438 4947 1629 5018 iratus,
1660 4947 1842 5003 velum

253 5017 614 5089 conscidit,ret
642 5017 712 5073 ad
743 5026 939 5073 terram
969 5019 1267 5089 projectum
1297 5017 1526 5087 pedibus
1554 5017 1667 5073 suis
1720 5034 1846 5089 con-

251 5088 815 5161 culcavit,_ﬁliamque
843 5088 996 5144 suam
1038 5104 1222 5145 secum
1261 5089 1491 5161 reduxit.
1516 5110 1538 5137 ι»
1590 5088 1849 5161 Inquisita

252 5159 454 5215 deinde
480 5159 756 5215 abbatissa
785 5161 931 5230 quod
960 5176 1221 5215 annorum
1252 5167 1375 5215 tunc
1403 5159 1585 5214 fuisset
1624 5159 1843 5229 puella;

250 5230 535 5301 respondit
554 5230 865 5288 duodenum
895 5246 1012 5286 esse
1039 5231 1297 5302 potuisse.
1348 5232 1497 5285 Tunc
1542 5245 1697 5302 rege
1731 5244 1848 5302 mo-

250 5300 414 5372 nente
446 5302 918 5371 archiepiscopum
951 5310 1006 5356 ut
1027 5300 1241 5372 juberet
1266 5302 1414 5369 juxta
1461 5302 1563 5355 hoc
1585 5300 1850 5372 judicium

251 5369 395 5453 fieri,
429 5369 671 5453 episcopi
698 5380 750 5453 et
778 5369 1282 5453 abbates,'consi1io
1329 5378 1549 5442 accepto
1572 5370 1853 5453 Olectisque

249 5439 486 5498 diversis
514 5439 767 5513 capitulis
800 5459 1088 5509 canonum,
1122 5444 1177 5497 in
1227 5439 1514 5498 commune
1563 5439 1852 5513 judicave-

249 5521 378 5568 runt
405 5528 507 5583 pro
565 5511 876 5583 liujusmodi
930 5515 1072 5570 facto
1120 5528 1229 5569 non
1283 5528 1399 5583 esse
1456 5511 1853 5582 prohibendum

250 5582 1240 5657 conjugium;cum_quandiu_infra
1286 5582 1583 5657 legitimam
1638 5592 1851 5657 aetatem

249 5656 358 5709 sub
391 5653 553 5727 tutela
582 5656 751 5727 patris
781 5655 1079 5727 fuerat,nil
1099 5657 1147 5712 ei
1176 5656 1293 5710 sine
1325 5653 1566 5727 assensu,
1604 5656 1751 5727 ejus,
1781 5653 1853 5727 fa-

248 5740 378 5785 cere
398 5724 645 5786 licuerat.
676 5726 852 5787 Finito
875 5726 1088 5802 judicio
1118 5743 1210 5785 rex
1238 5725 1594 5805 interrogavit
1635 5724 1852 5787 archie-

1953 3105 2297 3176 thomagensi
2353 3105 2631 3177 defuncto,
2666 3106 3261 3177 Anglorumiproceres
3317 3114 3544 3177 Stepha-

1947 3191 2077 3231 num
2119 3180 2372 3231 comitem
2403 3175 2801 3239 Boloniensem,
2824 3175 3122 3232 Theobaldi
3152 3182 3362 3237 comitis
3393 3175 3543 3243 Cam-

1950 3247 2221 3314 paniensis
2264 3262 2605 3318 germanum,
2639 3261 2814 3318 super
2853 3262 2912 3301 se
2942 3263 3132 3318 regem
3189 3255 3538 3315 constituunt.

1947 3318 2102 3373 Unde
2132 3316 2415 3381 Robertus,
2446 3316 2663 3371 Ilenrici
2703 3316 2847 3388 regis
2903 3332 2970 3372 ex
3011 3316 3321 3379 concubina
3374 3324 3518 3383 ﬁlius

1945 3372 2187 3459 graviter
2213 3372 2546 3468 indiguatus,
2578 3372 2938 3468 contraveum‘
2978 3372 3539 3468 palaniﬂrebell-avitu;

1946 3458 2180 3537 eumque
2211 3458 2395 3529 praelio
2424 3467 2638 3537 captum
2694 3458 2748 3537 in
2797 3458 3050 3537 quodam_
3084 3463 3328 3537 castello,
3393 3458 3539 3537 quod

1945 3530 2049 3584 sibi
2079 3528 2233 3600 pater
2261 3546 2387 3583 suus
2416 3528 2915 3600 dederat,vinctum
2945 3529 3162 3586 reclusit
3187 3549 3200 3597 ;
3253 3528 3323 3589 etv
3362 3528 3538 3597 sorori

1944 3599 2095 3664 suae,
2110 3608 2166 3654 ut
2191 3616 2313 3655 cum
2343 3600 2452 3654 tilio
2483 3615 2581 3655 suo
2611 3600 2767 3654 citius
2796 3599 2850 3653 in
2879 3600 3133 3672 Angliam
3174 3605 3426 3665 transiret
3482 3620 3538 3669 et

1945 3687 2170 3743 regnum
2198 3680 2489 3740 paternum
2519 3672 2839 3740 susciperet,
2864 3672 3166 3750 mandavit.
3189 3676 3306 3745 Illa,
3338 3689 3536 3750 putans

1943 3752 2215 3829 secuncta
2253 3757 2511 3829 prospera
2563 3749 2915 3829 reperturam,
2971 3743 3220 3824 celeriter
3253 3743 3536 3829 pertrans-

1944 3813 2042 3867 ivit
2084 3831 2096 3866 :
2175 3813 2272 3868 sed
2316 3829 2470 3868 secus
2509 3829 2671 3884 quam
2716 3814 3039 3880 crediderat,
3084 3813 3289 3874 invenit
3333 3838 3345 3876 :
3410 3842 3533 3881 nam

1943 3884 2141 3952 conjux
2171 3884 2451 3953 Stephani,
2482 3884 2810 3953 principibus
2839 3884 2941 3938 sibi
2966 3884 3191 3953 junctis,
3227 3889 3439 3950 fortiter
3483 3898 3533 3953 ei

1942 3955 2170 4030 regium
2205 3957 2323 4024 Ipse
2352 3970 2567 4030 quoque
2623 3954 2952 4030 Stephanus,
2984 3966 3105 4025 post
3157 3975 3362 4030 paucos
3416 3966 3536 4025 dies

1944 4026 2262 4095 quibusdam
2294 4026 2635 4093 pactionibus
2660 4026 2896 4080 Roberto
2938 4026 3320 4085 reconciliatus
3361 4044 3414 4091 et
3464 4040 3534 4095 de

1942 4096 2448 4169 vinculiseductus,
2472 4111 2678 4169 rursus
2693 4096 2995 4166 Anglorum
3020 4114 3251 4169 regnum
3282 4102 3530 4164 obtinuit:

1941 4166 2126 4247 sicque
2158 4165 2442 4247 filia_regis
2470 4166 2681 4220 llenrici
2729 4165 2867 4247 vena
2896 4182 2990 4247 spe
3047 4165 3116 4247 se
3135 4171 3383 4230 delusam
3413 4178 3533 4235 fore

1942 4235 2227 4309 ingemuit.
2263 4239 2328 4291 Et
2355 4235 2653 4309 futurorum
2685 4235 2899 4305 quidem
2928 4235 3119 4309 incerti
3148 4258 3333 4299 sumus
3358 4262 3372 4299 :
3432 4249 3537 4305 hoc

1944 4307 2254 4384 veronnum
2287 4318 2474 4384 aperte
2507 4307 2771 4384 videmus,
2831 4308 3528 4384 secundumhprophetiam

1865 4396 1917 4456 Ι)
2060 4379 2328 4459 Anselmi,
2352 4393 2459 4433 non
2489 4378 2579 4432 diu
2609 4379 2854 4459 gavisam
2880 4393 2995 4433 esse
3024 4378 3274 4459 Angliam
3291 4378 3365 4459 de
3386 4391 3540 4459 prole

1951 4450 2095 4504 illius
2127 4450 2359 4522 reginae,
2407 4464 2533 4573 (qua:
2578 4448 2704 4520 pbst
2749 4448 2935 4504 velum
2982 4448 3255 4519 portatum
3305 4448 3539 4519 Henrico

1951 4530 2236 4573 nupserat:
2269 4521 2377 4573 imo
2446 4519 2613 4573 iutina
2642 4519 2909 4573 seditione
2939 4528 3201 4573 vastatam
3225 4541 3288 4573 an
3322 4544 3539 4573 annm.

1949 4519 2236 4601 nupserat:
2269 4521 2377 4601 imo
2407 4519 2909 4601 diutina-seditione
2939 4528 3201 4577 vastatam
3225 4541 3288 4581 ac
3322 4544 3539 4601 oppres.

1950 4590 2088 4668 sam,
2121 4592 2188 4668 de
2215 4590 2457 4668 pristinis
2486 4590 2686 4646 divitiis
2736 4591 2806 4645 ad
2860 4606 3117 4668 magnam
3145 4590 3538 4668 paupertatem

1952 4608 2088 4660 sam,
2121 4606 2188 4647 de
2215 4606 2457 4663 pristinis
2486 4606 2686 4646 mvnns
2736 4606 2806 4645 au
2860 4606 3117 4715 magnam
3170 4609 3538 4668 paupertatem

1952 4663 2266 4736 devenisse.
2304 4663 2429 4736 Non'
2457 4677 2588 4733 ergo
2617 4668 2948 4736 contemnen
2984 4678 3033 4732 a,
3052 4664 3165 4736 sed
3194 4669 3369 4736 potius
3396 4688 3540 4731 reve-

1951 4734 2123 4789 renda
2143 4742 2195 4788 et
2224 4733 2462 4788 timenda
2491 4732 2619 4787 sunt
2639 4732 2805 4788 verba
2835 4732 3161 4803 sapientium
3189 4732 3243 4792 et
3277 4742 3541 4803 Ecclesia

1952 4804 2336 4875 praelatorum;
2370 4819 2491 4857 cum
2523 4811 2575 4875 et
2604 4803 2969 4875 supradictam
3000 4806 3342 4875 prophetiam
3394 4816 3544 4874 Leo-

1952 4872 2036 4930 nis
2066 4892 2221 4954 papas
2251 4876 2318 4930 de
2347 4874 2610 4954 Balduino
2631 4872 2847 4954 comite
2880 4872 3243 4954 Flandrensi,
3274 4884 3364 4954 qui
3421 4872 3544 4944 edn.

1952 4944 2304 5017 sanguineam
2332 4960 2486 4999 suam
2517 4944 2688 5017 duxit,
2707 4953 2761 5017 et
2781 4953 3094 5017 sequentem
3116 4948 3187 5003 D.
3206 4944 3453 5013 'An'selmi
3475 4960 3546 5015 de

1953 5015 2085 5088 regé
2114 5017 2430 5087 Anglorum,
2463 5015 2806 5088 verasfuisse
2835 5015 3189 5074 manifestum
3218 5034 3354 5079 est.»
3388 5030 3540 5088 Hac-

1953 5087 2110 5173 tenus
2138 5087 2749 5173 rllermannustutique
2796 5097 3171 5173 antemnarum
3231 5099 3389 5173 11.53,
3437 5087 3547 5173 quo

1956 5158 2264 5228 Stephanus
2291 5173 2379 5212 rex
2412 5157 2583 5212 obiit:
2616 5157 2772 5229 cujus
2801 5157 2985 5213 verbis
3007 5160 3338 5223 illustrandis
3358 5157 3547 5229 immov-

1957 5230 2061 5282 rari
2091 5244 2199 5282 non
2230 5236 2383 5283 vacat
2408 5242 2421 5291 ;
2456 5244 2621 5281 unum
2643 5228 2873 5283 dicimus
2906 5244 2968 5283 ea
2997 5231 3253 5291 habuisse
3277 5254 3385 5294 non
3411 5228 3551 5299 tran.

1959 5299 2165 5381 scripta
2176 5316 2249 5381 ex
2280 5298 2530 5381 originali
2552 5314 2588 5381 a
2615 5300 2847 5381 Jcsepho
2878 5300 3089 5381 Ignatio
3122 5303 3191 5359 de
3217 5307 3278 5381 _S.
3314 5298 3549 5370 Antonio

1960 5370 2247 5426 carmelita
2276 5370 2622 5445 discalceato,
2652 5371 2707 5424 in
2736 5370 2914 5439 iisque
2942 5372 3330 5445 corrigendum
3383 5382 3551 5439 fuisse

1961 5455 2219 5524 errorem,
2254 5456 2359 5524 quac
2388 5440 2682 5524 identidem
2712 5448 2866 5521 pater
2889 5440 3416 5524 puellze'vocabatur
3444 5470 3552 5509 rex

1958 5511 2156 5579 οαυίιι,
2178 5511 2284 5591 _qui_
2311 5512 2474 5566 frater
2501 5511 2637 5591 fuit;
2670 5511 2903 5591 nec_nis_i
2933 5527 3074 5591 anno
3105 5515 3181 5591 ab
3205 5519 3355 5591 obitu
3387 5523 3553 5591 patris

1958 5583 2609 5673 ¥§¥Y23P13l§9EPPPllis
2645 5600 2743 5646 ην
2770 5582 2969 5673 ἓδῖὶδίὲ
2999 5600 3128 5666 ’ζετο
3163 5588 3293 5673 .“21
3321 5582 3553 5673 ξθὲηιιω

1958 5655 2210 5722 obtinuit,
2240 5652 2741 5709 omnium'ﬁliorum
2773 5652 3043 5724 Malcolmi
3090 5665 3218 5713 natu
3275 5652 3548 5724 minimus.

2028 5728 2110 5801 (α)
2137 5729 2299 5785 Anno
2332 5729 2467 5784 1101
2504 5722 3064 5784 Paschacelebratum
3081 5726 3182 5785 fuit
3210 5744 3308 5790 xxi
3328 5722 3548 5808 Aprilis.
