4044 6074
473 374 571 429 431

1501 343 1820 402 EADMERI
1853 333 2404 395 CANTUARIENSIS
2436 334 2752 392 MONACHI

3678 334 3778 389 432

474 502 585 551 tate
615 490 930 548 Anselmum
962 485 1100 538 inter
1129 495 1186 535 se
1218 486 1268 532 et
1290 491 1473 546 regem
1513 471 1749 526 medium
1806 469 2066 531 fecerunt,
2097 463 2154 522 A
2184 469 2336 514 natas
2365 461 2670 526 attulerunt,
2705 476 2825 528 quae
2855 457 2983 528 quid
3013 456 3064 512 in
3097 473 3156 513 se
3199 457 3588 527 continuerint,
3653 467 3778 514 tex-

477 591 738 656 quatenus
767 579 815 633 ei
873 575 988 628 vice
1036 570 1136 637 sui,
1195 583 1354 619 manu
1412 564 1467 616 in
1522 576 1741 614 manum
1795 562 2066 627 porrecta,

476 652 840 745 promitteret,
869 660 1029 733 justis
1056 666 1108 712 et
1138 655 1336 710 sanctis
1364 652 1583 724 legibus
1636 664 1693 745 se.
1742 655 1918 744 totum
1977 658 2069 696 re-

475 736 642 832 gnum
693 753 868 826 quoad
928 750 1130 803 viveret
1187 745 1240 798 in
1300 742 1507 799 cunctis
1553 736 2068 793 administraturum.

475 820 591 904 lico
622 820 784 910 facto,
818 839 920 895 sibi
951 837 1179 908 quisque
1210 833 1361 904 quasi
1393 831 1458 884 de
1472 827 1758 884 securitate
1781 820 2070 892 applaude-

473 936 586 990 bat.
621 908 920 999 Postquam
950 934 1128 979 autem
1162 921 1426 976 certitudo
1474 919 1541 972 de
1598 915 1832 969 adventu
1891 908 2073 962 fratris

478 1024 557 1079 sui
591 1021 703 1093 regi
737 998 990 1081 innotuit,
1025 1030 1152 1067 mox
1185 1011 1299 1078 ille,
1358 1014 1548 1063 coacto
1607 1002 1880 1059 exercituo
1911 998 2071 1051 totius

477 1088 786 1179 terram—ipsi
817 1106 962 1160 bello
995 1099 1387 1158 occurrendum
1422 1097 1655 1164 impiger
1682 1090 1863 1145 statui.
1898 1088 2070 1141 Exer-

476 1202 615 1258 citus
647 1178 774 1252 vero
806 1193 1036 1267 grandis
1068 1198 1183 1244 erat
1212 1196 1374 1256 atque
1405 1185 1677 1247 robustus,
1711 1188 1763 1233 et
1793 1178 1937 1232 circa
1980 1191 2072 1228 re-

475 1304 603 1362 gem
635 1263 867 1340 fideliter
921 1296 1041 1336 cum
1099 1279 1211 1332 suis
1267 1276 1322 1328 in
1377 1271 1721 1342 expeditione
1768 1263 2075 1322 excubabat

478 1361 636 1432 l’ater
663 1372 966 1428 Anselmus.
1001 1371 1064 1422 At
1092 1365 1184 1420 ubi
1214 1364 1508 1418 Robertum
1563 1361 1743 1428 ipsum
1800 1370 1920 1410 cum
1979 1367 2071 1406 so-

477 1467 576 1523 ciis
622 1462 999 1519 transfretasse
1056 1453 1311 1521 insonuit,
1371 1450 1551 1505 statim
1601 1448 1839 1516 majores
1893 1441 2071 1514 regni,

479 1554 630 1626 quasi
661 1567 772 1606 suae
802 1545 1114 1618 sponsionis
1144 1544 1508 1605 immemores,
1542 1536 1610 1591 ad
1653 1534 1826 1602 illum,
1887 1532 2072 1587 relicto

476 1623 628 1715 rege,
663 1645 836 1694 semet
863 1633 1154 1690 transferre
1183 1629 1465 1700 parabant.
1501 1624 1660 1693 Quod
1692 1623 1766 1678 sic
1796 1637 1916 1676 esse
1955 1623 2070 1674 An—

477 1714 679 1788 selmus
711 1735 855 1784 certo
886 1725 1058 1779 relatu
1089 1734 1410 1793 agnoscens,
1455 1714 1662 1782 doluit;
1720 1726 1894 1782 eoque
1952 1724 2071 1762 ma-

473 1821 578 1894 gis,
637 1833 707 1873 ne
764 1813 893 1887 quid
951 1809 1162 1867 adversi
1218 1807 1338 1878 regi
1415 1802 1704 1869 accideret,

472 1887 656 1979 coepit.
683 1905 786 1960 Sed
823 1901 941 1957 talis
971 1899 1052 1955 vir
1081 1896 1209 1968 quid
1257 1895 1324 1949 de
1353 1892 1548 1947 talibus
1575 1897 1782 1961 ageret,
1838 1887 2062 1959 ignora-

472 1977 602 2053 bat:
638 1993 843 2049 nullum
876 1989 1016 2045 enim
1050 1988 1118 2041 de
1176 1984 1266 2038 tali
1310 1981 1534 2037 crimine
1592 1977 1805 2048 publice
1861 1983 2071 2046 poterat

481 2081 820 2146 calumniari,
851 2079 979 2133 dum
1010 2075 1139 2130 nulli
1200 2079 1364 2126 testes
1421 2069 1702 2123 adessent:
1757 2073 1808 2119 et
1864 2065 2071 2119 crimen

471 2171 655 2242 ipsum
685 2182 793 2222 non
821 2162 1056 2218 audebat
1087 2157 1358 2212 reticendo
1387 2153 1610 2217 nutrire,
1642 2166 1710 2204 ne
1747 2148 1952 2219 perjuri
1985 2147 2068 2202 ef-

471 2236 596 2316 fecti
629 2271 816 2328 regem
848 2252 1186 2306 seducerent.
1246 2246 1358 2298 Rex
1415 2244 1556 2312 ipse,
1612 2255 1721 2293 non
1774 2237 1944 2291 modo
2001 2236 2068 2289 de

473 2347 630 2420 regni
661 2323 971 2407 amissione,
1007 2339 1101 2392 sed
1133 2345 1184 2390 et
1214 2335 1281 2388 de
1311 2333 1420 2387 vita
1452 2347 1550 2384 sua
1601 2335 1897 2398 suspectus,
1931 2323 2067 2378 nulli

473 2413 718 2498 credere,
754 2431 810 2485 in
839 2429 1009 2493 nullo,
1044 2432 1270 2494 excepto
1300 2419 1576 2485 Anselmo,
1611 2417 1780 2471 fidere
1811 2413 2064 2469 valebat:

470 2525 615 2580 unde
647 2536 792 2590 saepe
824 2519 894 2573 ad
925 2517 1076 2570 illum
1107 2513 1310 2578 venire,
1343 2508 1617 2580 principes
1649 2520 1782 2574 quos
1839 2502 2013 2572 magis
2037 2515 2069 2554 a

468 2630 528 2669 se
562 2611 670 2666 labi
703 2607 928 2663 timebat
958 2605 1034 2657 illi
1065 2603 1372 2660 adducere;
1408 2604 1685 2666 quatenus,
1703 2592 1884 2646 audito
1905 2590 2070 2645 verbo

472 2701 640 2766 illius,
673 2705 729 2754 et
760 2697 874 2765 ipse
905 2710 934 2746 a
966 2690 1254 2747 formidine
1283 2686 1631 2750 relevaretur,
1665 2690 1716 2735 et
1767 2680 1872 2733 illis
1897 2687 2072 2733 metus

473 2791 520 2844 si
552 2804 583 2842 a
609 2787 716 2840 ﬁde
747 2799 915 2854 quam
947 2779 1046 2834 sibi
1078 2775 1484 2848 spoponderant
1523 2771 1860 2840 aliquatenus
1901 2766 2069 2821 cade—

470 2883 608 2942 rent,
641 2875 990 2929 incuteretur.
1040 2869 1164 2936 Ipse
1213 2864 1376 2936 igitur
1429 2860 1680 2914 Anselmo
1732 2858 1856 2927 jura
1913 2855 2073 2910 totius

473 2960 896 3024 Christianitatis
924 2958 980 3011 in
1035 2953 1233 3025 Anglia
1275 2948 1591 3006 exercendae
1621 2963 1678 3002 se
1733 2944 2069 3008 relicturum,

479 3061 641 3124 atque
685 3047 921 3106 decretis
949 3052 1003 3100 et
1054 3039 1392 3112 jussionibus
1451 3035 1762 3108 apostolicae
1819 3033 1962 3088 sedis
2014 3047 2074 3085 se

473 3120 741 3215 perpetuo
772 3135 1111 3192 obediturum
1145 3141 1495 3196 summopere
1525 3122 1907 3194 promittebat.
1945 3120 2072 3188 Qui-

472 3209 676 3287 bus—ita
725 3243 784 3282 se
835 3221 1166 3279 habentibus
1215 3216 1499 3272 Anselmus
1554 3211 1807 3269 adunatis
1863 3209 2074 3281 princi-

475 3319 641 3392 pibus
671 3314 897 3378 cunctis,
930 3323 1150 3366 omnem
1181 3303 1493 3362 circumfusi
1532 3301 1795 3357 exercitus
1842 3299 2075 3354 multitu-

479 3386 664 3460 dinem
686 3399 845 3455 simul
863 3405 914 3453 et
932 3411 1049 3463 eos,
1064 3388 1438 3462 silita(a)omni
1456 3386 1915 3455 calumnia,quam
1927 3399 2078 3438 exse-

477 3491 713 3551 crabiles
742 3490 855 3543 Deo
887 3493 941 3541 et
964 3481 1112 3539 omni
1140 3480 1286 3534 bono
1315 3475 1521 3532 homini
1553 3475 1747 3541 forent,
1781 3473 1870 3542 qui
1913 3471 2078 3526 fidem

483 3591 644 3650 quam
678 3569 916 3643 principi
947 3582 1044 3621 suo
1077 3563 1580 3630 debebantquoquo
1601 3559 1762 3613 modo
1790 3556 2076 3613 violarent,

487 3645 564 3721 ita
595 3656 958 3717 indissolubili
993 3653 1280 3708 verborum
1309 3649 1516 3704 ratione
1547 3645 1782 3712 edocuit,
1833 3652 1887 3699 ut
1941 3659 2081 3699 cun-

485 3753 581 3820 cti,
614 3754 904 3820 perspecto
966 3743 1144 3812 ipsum
1197 3739 1287 3794 via
1342 3736 1561 3790 virtutis
1618 3736 1890 3801 incedere,
1938 3733 2082 3788 illico

491 3847 670 3912 spreta
699 3838 810 3892 vita
833 3848 942 3888 non
972 3827 1190 3901 sequius
1217 3827 1485 3898 eligerent
1515 3831 1685 3878 morte
1707 3821 2080 3893 procumbere,

495 3911 656 4000 quam
688 3923 894 3982 violata
922 3920 1029 3975 ﬁde
1060 3933 1165 3973 sua
1193 3930 1379 3987 regem
1411 3912 1686 3968 seducere.
1743 3911 2088 3981 Quapropter

494 4015 717 4072 indubia
746 4013 872 4066 licet
906 4007 1200 4064 assertione
1232 4002 1405 4070 fateri,
1440 4002 1694 4070 quoniam
1727 4001 1770 4053 si
1800 4007 1921 4070 post
1949 4015 2085 4071 gra-

492 4107 626 4161 tiam
655 4101 754 4157 Dei
787 4099 1019 4153 fidelitas
1049 4099 1104 4151 et
1129 4091 1391 4147 industria
1421 4106 1528 4144 non
1559 4088 1948 4143 intercessisset
1971 4091 2085 4142 An-

495 4188 670 4255 selmi,
704 4183 972 4239 Henricus
996 4196 1094 4234 rex
1137 4193 1201 4232 ea
1252 4182 1574 4245 tempestate
1627 4172 1948 4244 perdidisset
2000 4174 2090 4242 jus

497 4275 715 4350 Anglici
739 4272 914 4345 regni.
947 4269 1208 4324 Robertus
1236 4265 1402 4336 igitur
1428 4263 1633 4317 amissa
1675 4261 1874 4316 ﬁducia
1931 4277 2090 4331 quam

500 4369 556 4423 in
585 4363 892 4438 principum
942 4356 1228 4413 traditione
1260 4353 1513 4417 habebat,
1549 4358 1601 4405 et
1627 4366 1738 4405 non
1782 4350 1956 4405 levem
1987 4351 2089 4406 de-

497 4437 704 4528 putans
735 4443 1352 4506 excommunicationem
1384 4438 1654 4506 Anselmi,
1687 4455 1846 4508 quam
1877 4437 1978 4492 sibi
2034 4447 2091 4494 ut

497 4508 741 4600 invasori
768 4536 898 4608 (nisi
926 4541 1101 4602 coepto
1131 4529 1430 4597 desisteret.)
1463 4527 1649 4580 invehi
1680 4535 1824 4581 certo
1841 4526 2083 4598 sciebat;
2113 4508 2169 4571 D
2201 4533 2350 4586 Deus
2382 4545 2477 4583 sua
2505 4527 2687 4600 gratia
2717 4541 2812 4582 cor
2836 4525 2957 4596 ejus
2988 4525 3261 4596 tetigerit;

501 4632 625 4707 paci
654 4625 942 4698 acquievit,
978 4630 1031 4677 et
1062 4622 1117 4674 in
1173 4618 1474 4673 fraternum
1531 4630 1779 4671 amorem
1834 4631 2089 4672 reversus

498 4705 608 4788 est,
637 4715 1016 4782 exercitusque
1045 4710 1099 4763 in
1129 4723 1224 4762 sua
1245 4705 1519 4761 dimissus.

567 4818 755 4887 Itaque
787 4811 1036 4882 posthac,
1069 4805 1201 4860 dum
1245 4818 1432 4859 omnes
1477 4801 1662 4856 intenti
1718 4811 2092 4874 exspectarent

495 4904 704 4977 aliquid
736 4906 883 4956 tanto
905 4894 1171 4952 beneficio
1202 4893 1426 4965 dignum
1459 4891 1514 4944 in
1545 4891 1866 4946 Anselmum
1896 4908 1928 4946 a
1956 4909 2089 4965 rege

493 5003 894 5070 processurum,
925 5000 1053 5042 ecce
1082 4983 1152 5037 ad
1183 4982 1385 5038 curiam
1412 4979 1558 5050 regis
1587 4980 1768 5035 venire
1782 4983 2086 5051 mandatur,

495 5068 852 5153 responsurus
881 5075 950 5130 de
997 5070 1216 5143 negotio
1246 5084 1352 5140 quo
1379 5069 1446 5122 de
1474 5068 1708 5123 induciae
1739 5069 1919 5124 dilatae
1968 5070 2087 5126 fue-

495 5173 640 5224 runt.
672 5160 860 5218 Nuntii
891 5154 1232 5230 quippejam
1288 5153 1460 5206 Roma
1517 5153 1741 5222 reversi,
1800 5153 2007 5208 litteras
2060 5172 2091 5210 a

496 5252 756 5314 Paschale
780 5263 941 5323 papa,
976 5245 1067 5316 qui
1096 5241 1317 5299 Urbano
1349 5249 1704 5309 successerat,
1763 5243 1882 5315 regi
1929 5243 2090 5298 desti-

2177 556 2262 602 tus
2292 564 2476 602 earum
2511 548 2696 601 subter
2722 564 2966 601 annexus
2994 547 3318 602 declarabit.

2254 660 2273 682 «
2313 637 2558 690 Paclialis
2588 636 2892 704 episc0pus,
2926 651 3113 690 servus
3142 651 3416 690 servorum
3448 633 3549 689 Dei
3583 635 3782 692 dilecto

2178 723 2289 779 filio
2321 724 2551 778 llenrico
2583 726 2695 796 regi
2725 724 3049 793 Anglorum,
3083 724 3309 778 salutem
3341 731 3392 777 et
3424 723 3782 793 apostolicam

2176 809 2630 863 benedictionem.
2667 808 2978 878 Legationis
3027 815 3133 861 tuae
3189 807 3376 872 verba,
3435 807 3512 861 fili
3568 808 3781 863 charis-

2181 893 2336 957 sime,
2377 915 2396 939 ω
2433 900 2541 946 etc.
2597 891 2728 946 Vide
2759 894 2820 946 in
2855 891 3115 946 Paschali
3139 891 3218 946 II.

2251 992 2385 1045 Cum
2415 989 2578 1060 igitur
2607 989 2675 1042 ad
2706 989 2916 1043 curiam
2949 989 3310 1052 venissemus,
3344 1005 3464 1056 rex,
3498 1005 3625 1043 usus
3645 1003 3781 1044 con-

2180 1079 2302 1134 silio
2336 1078 2514 1131 fratris
2544 1077 2626 1131 sui
2659 1085 2713 1132 et
2742 1077 3040 1131 amicorum
3062 1077 3222 1144 illius,
3257 1077 3348 1148 qui
3367 1077 3564 1132 acerbo
3587 1085 3784 1132 contra

2180 1162 2517 1227 Anselmum,
2550 1176 2646 1231 pro
2673 1160 2827 1231 regni
2861 1161 3174 1227 amissione,
3207 1161 3334 1215 odio
3363 1168 3518 1214 erant
3562 1161 3783 1214 inﬂam-

2181 1251 2330 1316 mati,
2358 1249 2535 1319 exegit
2562 1248 2630 1302 ab
2661 1263 2725 1302 eo
2756 1257 2814 1302 ut
2842 1257 2933 1301 aut
2963 1249 3125 1303 homo
3179 1264 3306 1302 suus
3361 1247 3533 1315 ﬁeret,
3583 1257 3636 1302 et
3689 1263 3788 1304 eos

2183 1337 2376 1408 quibus
2395 1337 2741 1407 episcopatus
2770 1336 2858 1390 vel
2889 1335 3136 1391 abbatias
3163 1352 3220 1391 se
3251 1335 3498 1390 daturum
3542 1335 3781 1404 dicebat,

2181 1442 2279 1498 pro
2310 1441 2459 1481 more
2519 1433 2925 1480 antecessorum
2983 1440 3206 1479 suorum
3263 1431 3626 1491 consecraret,
3689 1435 3783 1481 aut

2183 1520 2383 1566 terram
2412 1525 2560 1564 suam
2590 1510 2708 1564 sine
2738 1509 3123 1564 retractatione
3161 1516 3214 1564 et
3244 1508 3562 1564 festinanter
3591 1508 3782 1566 exiret.

2182 1599 2277 1654 Cui
2310 1599 2399 1652 ille
2431 1599 2746 1668 respondit:
2799 1620 2820 1645 α
2855 1596 2980 1651 Dixi
3033 1596 3488 1666 quemadmodum
3536 1597 3783 1653 Romano

2182 1688 2414 1743 concilio
2445 1684 2801 1751 interfuerim,
2835 1685 3072 1755 quidque
3104 1685 3179 1739 ibi
3208 1701 3238 1739 a
3265 1684 3392 1740 sede
3420 1685 3652 1740 BﬁPetri
3683 1701 3783 1742 ac-

1790 1773 2069 1853 ίξηρηάριιθ
2095 1812 2151 1875 Β
2183 1776 2453 1875 ceperim:
2495 1776 2550 1875 Si
2583 1773 3315 1875 ergo-excommunicationi,
3361 1774 3519 1871 cujus
3569 1775 3624 1828 in
3681 1777 3784 1875 lroc

2177 1880 2351 1936 regno
2375 1863 2577 1918 relator
2607 1862 2809 1930 exstiti,
2842 1866 3043 1916 memet
3071 1862 3300 1931 alicujus
3329 1861 3404 1916 rei
3450 1877 3613 1917 causa
3643 1863 3781 1917 sub-

2174 1954 2327 2023 jicio,
2361 1953 2442 2006 cui
2477 1967 2658 2022 quaeso
2689 1950 2948 2020 deinceps
2980 1949 3258 2004 adhaerere
3288 1959 3502 2021 potero,
3536 1966 3658 2006 meo
3685 1951 3778 2019 ju-

2179 2041 2321 2096 dicio
2377 2039 2894 2095 excommunicatus.
2955 2039 3145 2092 Nuntii
3203 2040 3319 2094 hac
3377 2039 3493 2108 ipsa
3569 2048 3780 2094 mutare

2179 2130 2386 2196 directi,
2421 2128 2617 2182 infecto
2648 2127 2871 2198 negotio
2902 2128 3103 2181 reversi
3135 2135 3282 2180 sunt.
3351 2128 3553 2181 Horum
3610 2128 3780 2198 igitur

2178 2235 2300 2289 qua
2329 2233 2451 2272 cum
2483 2216 2653 2270 salute
2681 2225 2732 2270 et
2765 2216 3042 2269 honestate
3069 2229 3190 2269 mea
3219 2230 3431 2285 nequeo
3446 2215 3771 2285 transgredi,

2177 2324 2263 2363 me
2297 2315 2748 2377 transgressorem
2783 2301 2916 2368 fieri,
2951 2319 3061 2357 non
3090 2303 3299 2357 videtur
3351 2304 3470 2357 sani
3527 2304 3768 2358 consilii.

2179 2398 2395 2450 Refert:
2432 2394 2573 2462 Quid
2606 2393 2673 2446 ad
2710 2393 2840 2446 me?
2892 2407 3021 2445 usus
3077 2399 3476 2446 antecessorum
3534 2407 3776 2446 meorum

2178 2485 2307 2540 nolo
2341 2484 2584 2554 perdere,
2618 2497 2717 2536 nec
2747 2481 2800 2534 in
2834 2496 3006 2552 regno
3036 2495 3178 2547 meo,
3213 2479 3303 2549 qui
3333 2496 3485 2534 meus
3531 2496 3640 2534 non
3689 2481 3773 2545 sit,

2181 2589 2508 2646 quemquam
2543 2571 2828 2624 sustinere.
2870 2591 2889 2617 ››
2926 2569 3102 2622 Dixit:
3142 2592 3163 2616 ει
3198 2568 3372 2623 Audio
3404 2585 3512 2640 quo
3552 2569 3778 2624 tendant

2181 2664 2282 2717 ista
2318 2678 2440 2732 quae
2485 2659 2782 2715 dicuntur:
2841 2658 3161 2712 exercitatus
3197 2656 3251 2710 in
3310 2656 3576 2726 ejusmodi
3632 2673 3774 2711 sum.

2180 2753 2426 2804 Attamen
2457 2746 2672 2802 interim
2702 2761 2812 2800 non
2858 2753 3014 2799 extra
3039 2753 3259 2813 terram,
3319 2754 3378 2798 ut
3433 2745 3550 2814 ipse
3594 2744 3775 2813 jubet,

2181 2838 2277 2892 sed
2307 2837 2378 2892 ad
2406 2835 2709 2891 Ecclesiam
2743 2848 2921 2888 meam
2952 2833 3063 2901 ibo,
3097 2836 3152 2887 et
3209 2832 3457 2888 faciendo
3514 2849 3634 2904 quae
3688 2849 3780 2888 me

2181 2927 2387 2982 debere
2419 2925 2598 2980 facere
2628 2922 2960 2994 intelligam,
3002 2922 3250 2993 quisnam
3308 2921 3442 2975 milii
3499 2921 3584 2977 vel
3641 2920 3781 2976 meis

2181 3015 2424 3085 aliquam
2455 3012 2584 3066 velit
2614 3010 2924 3066 violentiam
2956 3009 3185 3075 inferre,
3235 3009 3612 3065 considerabo.
3644 3011 3786 3065 Acta

2183 3110 2307 3157 sunt
2338 3103 2393 3155 in
2422 3102 2562 3154 hunc
2593 3099 2821 3153 modum
2854 3098 2922 3152 de
2953 3099 3035 3152 his
3067 3098 3253 3161 multa.
3307 3097 3405 3154 sed
3433 3113 3618 3153 eorum
3649 3113 3778 3152 om-

2185 3193 2333 3246 nium
2365 3191 2480 3244 hac
2504 3187 2702 3243 exstitit
2732 3201 2962 3240 summa.
2995 3186 3281 3257 Episcopis
3336 3186 3597 3259 regnique
3649 3201 3786 3258 pro-

2181 3281 2414 3343 ceribus,
2447 3286 2504 3333 ut
2533 3277 2634 3332 sub
2672 3277 2779 3331 alio
2809 3291 2937 3347 rege
2962 3275 3229 3343 solebant,
3262 3275 3433 3332 verba
3463 3274 3591 3332 hinc
3647 3274 3783 3342 inde

2188 3368 2485 3425 ferentibus
2515 3375 2568 3420 et
2598 3365 2653 3419 in
2685 3365 2920 3436 singulis
2949 3364 3115 3436 regia
3145 3362 3404 3420 voluntati
3433 3379 3627 3434 parere
3655 3379 3787 3419 cer-

2185 3457 2446 3523 tantibus,
2480 3455 2588 3510 imo
2620 3469 2688 3508 ne
2717 3453 2962 3508 Romani
2990 3451 3266 3522 pontiﬁcis
3295 3451 3618 3507 obedientim
3647 3451 3788 3506 sub-

2187 3547 2446 3602 derentur
2475 3557 2823 3612 summopere
2852 3541 3246 3606 insistentibus,
3278 3555 3536 3597 reversus
3565 3548 3648 3596 est
3675 3543 3790 3594 An—

2187 3635 2391 3690 selmus
2421 3633 2489 3688 ad
2519 3648 2635 3699 sua,
2668 3632 2782 3686 Deo
2811 3631 2870 3684 in
2908 3631 3112 3686 cunctis
3159 3627 3380 3698 placere
3431 3629 3671 3695 studens,
3737 3637 3791 3683 et

2192 3721 2644 3794 oppressionibus
2660 3719 3028 3774 Ecclesiarum
3044 3717 3256 3790 Angliae
3273 3717 3432 3790 gravi
3461 3717 3792 3774 contritione

2190 3811 2374 3867 cordis
2402 3809 2796 3881 ingemiscens.

2263 3911 2386 3964 Non
2417 3907 2653 3962 multum
2682 3905 2940 3977 temporis
2969 3904 3212 3973 ﬂuxerat,
3245 3912 3296 3959 et
3325 3919 3454 3961 ecce
3484 3919 3606 3961 cum
3633 3904 3798 3959 Pater

2194 4013 2411 4054 suarum
2430 4010 2654 4051 securus
2667 3994 2739 4063 inj
2749 3994 3008 4060 uriarum,
3028 3993 3290 4048 Ecclesiae
3308 3992 3522 4047 damnis
3540 3992 3800 4048 nonnihil

2199 4094 2482 4153 metueret,
2515 4084 2703 4138 litterae
2733 4083 2838 4137 sibi
2869 4082 3177 4137 amicabiles
3205 4097 3237 4136 ι
3279 4097 3412 4153 rege
3464 4079 3803 4136 transmissae

2195 4176 2544 4232 deferuntur:
2579 4173 2632 4225 in
2662 4171 2863 4242 quibus
2894 4171 3073 4240 primo
3129 4169 3466 4225 salutationis
3523 4168 3802 4239 alloquio,

2201 4281 2323 4322 cum
2353 4263 2612 4334 perfectae
2633 4259 2780 4330 pacis
2808 4258 3083 4314 oblatione
3113 4257 3310 4326 soluto,
3344 4266 3570 4328 rogatur
3609 4256 3806 4312 venire

2202 4354 2270 4409 ad
2312 4366 2522 4424 regem,
2580 4348 2720 4421 gesti
2778 4347 2984 4420 negotii
3038 4347 3359 4402 sententiam
3416 4345 3523 4400 alio
3567 4343 3804 4402 consilio

2197 4439 2468 4498 moderari
2506 4438 2798 4496 volentem.
2857 4436 3152 4491 Auditurus
3207 4436 3411 4508 itaque,
3469 4450 3599 4488 num
3655 4432 3804 4489 forte

3323 4538 3430 4596 quo
3486 4521 3798 4591 mandatur,

2197 4618 2539 4675 Wintoniam
2571 4615 2740 4681 vadit,
2763 4614 2856 4668 ubi
2887 4613 3434 4684 episcOpisterraaque
3451 4608 3799 4680 principibus

2199 4709 2299 4765 sub
2330 4723 2438 4763 uno
2465 4706 2689 4772 coactis,
2719 4703 2991 4759 communi
3019 4716 3248 4756 assensu
3277 4699 3421 4771 apud
3477 4697 3797 4754 Anselmum

2198 4806 2374 4854 actum
2409 4803 2516 4859 est,
2551 4800 2816 4866 quatenus
2841 4791 2940 4846 sub
2980 4791 3104 4845 aliis
3160 4789 3412 4854 induciis,
3473 4786 3566 4841 alii
3621 4787 3800 4842 nuntii

2197 4887 2473 4958 prioribus
2501 4881 2912 4939 excellentiores
2958 4894 3031 4934 ex
3083 4886 3306 4948 utraque
3359 4883 3510 4947 parte
3565 4875 3799 4930 Romam

2198 4977 2558 5039 mitterentur,
2591 4973 2836 5027 Romano
2865 4967 3106 5039 pontiﬁci
3138 4968 3261 5023 viva
3289 4980 3421 5021 voce
3469 4961 3798 5033 exposituri,

2198 5068 2349 5122 illum
2380 5070 2528 5118 auta
2557 5059 2819 5115 sententia
2870 5057 3176 5112 necessario
3231 5055 3617 5118 discessurum,
3678 5054 3820 5124 aut”

2200 5154 2461 5210 Anselmo
2490 5165 2615 5206 cum
2644 5147 2757 5202 suis
2786 5154 2935 5202 extra
2965 5145 3228 5217 Angliam
3245 5142 3425 5213 pulso,
3451 5139 3614 5196 totius
3637 5139 3801 5210 regni

2199 5241 2588 5312 subjectionem
2618 5245 2670 5293 et
2697 5232 3222 5304 commodum,quod
3240 5230 3370 5287 inde
3389 5227 3620 5301 singulis
3636 5226 3802 5283 annis

1812 5384 2237 5442 HENSCHENII
2264 5379 2472 5440 ΝΟΤᾸΞ

560 5509 878 5596 (αξεὶζὶριιε,
902 5499 1644 5596 ⁸ρειιίἰιιίρὶιιηιβριειξὶγιιηι,ξι
1689 5499 1846 5569 sileo,
1887 5501 2078 5596 priscae

489 5573 737 5644 latln'itati
766 5573 1032 5662 ignbtum,
1065 5574 1229 5654 etiam
1262 5573 1319 5630 S.
1383 5573 1734 5644 Augustinus
1782 5573 2074 5644 usurpavit,

486 5658 569 5718 De
596 5654 743 5714 civit.
775 5652 876 5711 lib.
913 5662 1041 5707 xm
1078 5668 1101 5696 α
1128 5645 1398 5717 Deinceps
1419 5659 1591 5717 usque
1617 5644 1686 5700 ad
1713 5643 1990 5701 Abraham
2009 5645 2079 5703 de

2183 5501 2480 5570 justorum
2543 5498 2850 5570 aliquorum
2932 5480 3623 5570 commemoratione,"qui
3663 5479 3799 5570 “pie

2188 5557 2364 5628 beam
2401 5557 2660 5642 colerent,
2691 5569 2886 5626 silitum
2919 5573 3003 5623 est
3027 5580 3130 5638 per
3157 5576 3328 5620 annos
3357 5557 3594 5631 amplius
3623 5567 3794 5632 quam

2184 5644 2355 5704 mille.
2381 5666 2406 5698 ο
