4044 6074
336 214 439 273 433

1406 218 1739 279 HISTORIA
1783 220 2156 281 NOVORUM.
2196 250 2267 262 —-
2304 220 2429 276 LIB.
2482 222 2573 275 ΙΙΙ.

3545 214 3648 272 434

331 339 532 399 habere
562 340 792 411 solebat,
826 342 1189 413 perditurum.
1230 343 1321 399 Ab
1363 344 1775 417 archiepiscopo
1817 344 1927 419 igi-
1956 348 2014 410 A
2041 346 2276 403 Emensa
2330 342 2529 400 dehinc
2581 340 2919 415 longitudine
2973 342 3099 412 vim,
3175 340 3349 397 nuntii
3415 340 3639 396 Romam

331 437 419 487 tur
443 429 593 486 missi
623 439 749 486 sunt
775 432 1023 487 monachi
1054 432 1183 499 duo,
1209 432 1477 504 praefatus
1499 434 1705 490 scilicet
1731 435 1939 491 Baldui-

331 535 436 575 nus
491 521 798 587 Beccensis,
857 528 910 577 et
963 522 1271 577 Alexander
1328 523 1770 592 Cantuariensis;
1831 539 1939 580 non

330 606 551 679 quidem
582 616 641 663 ut
670 625 858 665 eorum
890 610 1142 666 instinctu
1171 612 1449 668 Romanus
1497 611 1738 681 pontifex
1789 611 1939 685 rigo-

331 711 449 751 rem
475 696 698 767 justitiaa
727 714 890 754 causa
936 699 1175 755 Anselmi
1221 700 1333 755 ullo
1382 700 1544 755 modo
1592 700 1783 766 exiret,
1844 701 1939 755 sed

329 784 531 855 partim
586 793 644 840 ut
685 786 975 842 curialibus
1023 787 1181 842 minis
1231 788 1615 856 testimonium,
1665 787 1752 845 cui
1796 805 1941 860 papa

329 872 705 930 incunctanter
733 875 1001 945 crederet,
1030 876 1230 931 ferrent
1257 896 1269 939 ;
1301 877 1501 948 partim
1540 886 1598 933 ut
1646 878 1714 933 de
1761 893 1937 950 nego-

335 961 409 1018 tio
439 970 642 1019 certam
673 964 990 1035 apostolicae
1019 965 1167 1021 sedis
1198 965 1518 1021 sententiam
1559 965 1815 1021 Anselmo
1845 983 1940 1021 re-

334 1050 561 1108 ferrent.
601 1052 695 1107 Ad
724 1052 904 1123 ipsum
934 1068 1065 1110 vero
1096 1054 1376 1127 negotium
1403 1051 1800 1111 conﬁciendum
1852 1054 1940 1110 di-

330 1140 462 1196 recti
494 1156 526 1195 a
554 1155 684 1213 rege
735 1149 859 1197 sunt
906 1150 1017 1197 tres
1059 1142 1328 1214 episcopi,
1378 1143 1645 1197 Hirardus
1693 1143 1943 1199 videlicet

331 1227 401 1284 de
428 1229 835 1299 Herefordensi,
866 1246 1041 1301 nuper
1070 1231 1244 1287 factus
1273 1231 1724 1301 archiepiscopus
1746 1231 1951 1290 Ebora-

329 1316 546 1388 censis;
581 1318 876 1374 Herbertus
904 1320 982 1389 (a)
1032 1318 1503 1391 Theodfordensis,
1549 1320 1818 1375 Robertus
1861 1320 1940 1390 (b)

329 1405 662 1463 Castrensis.
698 1407 806 1463 Sed
837 1410 1027 1464 horum
1059 1409 1440 1479 episcOporum
1480 1409 1620 1463 duos
1651 1425 1747 1464 sua
1797 1425 1940 1480 quo-

326 1510 431 1568 que
460 1511 627 1552 causa
656 1496 884 1552 Romam
914 1497 1131 1571 agebat,
1166 1496 1452 1553 Girardum
1486 1497 1693 1553 scilicet
1723 1498 1941 1569 adeptio

326 1583 500 1655 pallii,
534 1592 591 1641 et
635 1584 978 1642 Heribertum
1021 1586 1244 1642 intentio
1291 1586 1647 1658 recuperandi
1699 1586 1941 1642 ablatam

327 1672 593 1763 Ecclesia
621 1690 734 1763 suae
766 1688 949 1731 curam
993 1674 1411 1730 Christianitatis
1452 1690 1619 1746 super
1664 1675 1938 1763 abbatiam
1965 1702 2020 1763 Β

332 1760 389 1818 5.
409 1761 682 1818 Edmundi
714 1762 806 1835 (ο).
839 1764 979 1820 Ante
1008 1778 1214 1834 paucos
1243 1763 1512 1835 siquidem
1534 1779 1703 1820 annos
1718 1762 1940 1819 Baldui-

329 1867 434 1909 nus
463 1851 642 1923 ipsius
670 1850 906 1909 ccenobii
954 1852 1127 1908 abbas
1155 1853 1383 1908 Romam
1438 1852 1666 1918 adierat,
1716 1861 1769 1907 et
1797 1850 1941 1924 apud

328 1940 699 1998 Alexandrum
728 1956 927 2012 papam
957 1941 1034 2013 (ά)
1066 1939 1419 2013 privilegium
1450 1940 1551 2013 ipsi
1582 1940 1817 1996 abbatia:
1845 1956 1942 1996 ac-

331 2029 615 2103 quisierat,
639 2045 739 2100 per
767 2030 913 2100 quod
943 2044 1064 2085 eam
1095 2045 1127 2085 a
1155 2028 1497 2100 subjectione
1532 2030 1776 2085 omnium
1816 2027 1940 2100 epi-

333 2133 650 2189 scoporum,
680 2118 833 2174 salva
863 2117 1109 2190 primatis
1137 2116 1470 2187 obedientia,
1499 2117 1727 2173 liberam
1759 2116 1942 2173 eﬂ‘ece-

333 2215 436 2263 rat.
463 2205 621 2275 Quod
645 2207 848 2262 factum
878 2206 1211 2261 Lanfrancus
1231 2205 1678 2276 archiepiscopus
1713 2206 1941 2261 moleste

334 2294 631 2366 accipiens,
664 2295 840 2366 ipsum
869 2294 1218 2366 privilegium
1250 2294 1432 2350 abbati
1463 2294 1705 2361 abstulit,
1738 2309 1838 2349 nec
1869 2294 1941 2348 il-

333 2383 427 2439 lud
457 2383 526 2452 ei,
561 2384 665 2438 nisi
697 2382 843 2439 circa
873 2382 1031 2439 ﬁnem
1065 2383 1191 2439 vitae
1239 2400 1374 2451 suae,
1426 2384 1713 2438 multorum
1757 2382 1941 2453 preci-

323 2471 439 2528 bus
469 2479 648 2528 motus
679 2472 916 2527 reddere
945 2472 1134 2529 voluit.
1170 2472 1435 2527 Praefatus
1475 2488 1606 2544 ergo
1654 2470 1945 2541 episcopus

324 2560 709 2633 episcopatum
741 2560 1242 2616 Theodfordensem
1270 2577 1363 2615 seu
1403 2560 1834 2626 Norwicensem,
1887 2560 1942 2614 in

324 2649 485 2721 cujus
512 2649 774 2720 parochia
804 2648 996 2705 eadem
1028 2649 1244 2703 abbatia
1275 2664 1395 2705 esse
1439 2649 1628 2715 scitur,
1677 2664 1775 2703 suo
1819 2649 1942 2719 jure

326 2753 436 2793 non
478 2739 602 2808 jure
650 2737 923 2808 privatum
968 2753 1089 2793 esse
1137 2753 1285 2810 aegre
1335 2738 1533 2804 ferens,
1585 2744 1643 2792 ut
1677 2737 1936 2805 diximus,

328 2826 563 2882 Romam
594 2826 716 2894 ire;
749 2833 802 2881 et
830 2826 873 2880 si
907 2825 1043 2883 forte
1074 2834 1276 2897 posset,
1310 2825 1366 2881 in
1395 2825 1668 2898 antiquam
1701 2825 1943 2896 dignita-

332 2922 439 2969 tem
487 2915 785 2971 Ecclesium
834 2915 919 2970 cui
966 2914 1295 2985 praesidebat
1340 2915 1648 2983 restituam,
1700 2914 1941 2969 admini-

330 3004 543 3059 culante
574 3002 846 3074 aequitate,
890 3003 1185 3076 cogitabat.
1232 3003 1339 3059 Hic
1385 3004 1571 3075 itaque
1622 3003 1935 3070 Herberlus,

333 3106 459 3148 cum
487 3092 689 3147 relictis
717 3090 880 3147 sociis
927 3091 1293 3165 Burgundiam
1341 3107 1462 3148 cum
1521 3092 1631 3147 suis
1678 3092 1936 3162 venisset,

332 3188 385 3236 et
412 3188 598 3252 partes
627 3181 1014 3253 Lugdunensis
1043 3180 1335 3252 provinciae
1370 3180 1609 3253 impiger
1637 3180 1935 3251 attigisset;

334 3269 761 3341 comprehensus
791 3286 821 3324 a
852 3270 1086 3341 quodam
1129 3268 1377 3324 Guidone
1434 3270 1550 3325 viro
1605 3277 1938 3341 praepotente

332 3374 396 3414 ac
425 3359 542 3414 fero
565 3366 660 3423 est,
683 3366 735 3414 et
752 3358 898 3429 quod
920 3358 985 3413 de
1004 3356 1198 3430 Anglia
1220 3359 1509 3429 episcopus
1529 3366 1691 3426 esset,
1724 3359 1939 3431 quodve

330 3464 430 3519 pro
459 3447 658 3503 damno
707 3445 916 3502 domini
964 3446 1045 3501 sui
1093 3447 1335 3502 Anselmi
1383 3447 1797 3502 Cantuariorum
1845 3463 1938 3502 ar-

329 3535 663 3607 chiepiscopi
713 3534 955 3590 Romam
1003 3536 1126 3603 iret,
1178 3535 1252 3590 ab
1311 3535 1510 3591 eodem
1558 3534 1934 3591 calumniatus.

328 3625 505 3698 Negat
537 3623 667 3688 ille;
703 3639 805 3680 nec
834 3622 884 3679 ei
912 3625 1171 3679 creditur.
1204 3625 1375 3679 Instat
1406 3624 1658 3697 negando
1688 3632 1740 3680 et
1779 3626 1937 3697 deje-

329 3713 501 3769 rando
531 3728 543 3767 :
577 3714 677 3770 sed
706 3711 1094 3785 nequidquam.
1126 3711 1391 3778 Tandem,
1423 3714 1673 3783 prolatis,
1716 3722 1937 3771 sancto-

332 3818 452 3857 rum
482 3801 744 3874 reliquiis,
780 3817 946 3873 super
973 3816 1066 3858 eas
1089 3800 1276 3871 jurare
1298 3803 1512 3874 cogitur
1539 3810 1592 3857 et
1608 3819 1935 3873 asseverare,

333 3905 392 3946 se
422 3889 571 3947 nulla
600 3890 824 3948 omnino
853 3891 1061 3947 ratione
1089 3892 1277 3946 Romae
1307 3891 1542 3947 scienter
1594 3892 1726 3963 quid
1781 3901 1937 3949 actu-

333 3994 475 4049 rum,
508 3980 656 4052 quod
684 3987 776 4035 aut
797 3979 988 4036 honori
1018 3987 1111 4035 aut
1146 3980 1406 4036 voluntati
1464 3981 1643 4037 Patris
1696 3981 1939 4037 Anselmi

333 4067 506 4124 videri
535 4073 722 4139 posset
748 4069 1065 4126 obnoxium.
1094 4070 1221 4125 Post
1249 4085 1394 4141 quae,
1425 4078 1483 4125 ut
1508 4085 1645 4140 pace
1664 4085 1727 4126 ac
1772 4085 1938 4126 secu-

332 4156 489 4213 ritate
542 4157 647 4213 viri
702 4158 989 4213 comitatus
1045 4158 1148 4213 viae
1218 4159 1373 4214 reddi
1439 4166 1708 4227 meretur,
1768 4159 1935 4213 ferme

333 4245 712 4318 quadraginta,
746 4246 883 4303 sicut
911 4247 1097 4315 fertur,
1129 4261 1343 4303 mereas
1372 4247 1580 4315 argenti
1619 4262 1729 4302 non
1779 4255 1933 4319 grata

330 4333 381 4390 ei
410 4334 663 4407 largitate
690 4333 922 4406 reliquit,
943 4350 1077 4407 quas
1090 4351 1190 4391 suo
1204 4336 1422 4409 negotio
1444 4352 1605 4407 super
1625 4335 1927 4392 Ecclesiam

1969 3055 2019 3121 C

2045 452 2155 490 una
2183 433 2449 495 veniunt;
2482 432 2560 488 sui
2592 432 2855 488 adventus
2907 447 3148 498 causam,
3207 446 3309 501 pro
3366 445 3432 485 eo
3482 443 3645 499 quem

2048 524 2373 596 praeferebat
2423 532 2624 590 tenore,
2670 521 2984 592 apostolicis
3030 520 3246 575 auribus
3301 524 3637 590 suggerunt;

2046 612 2182 667 tanti
2216 613 2339 667 mali
2371 611 2666 666 dirimendi
2697 611 2991 666 consilium
3021 609 3178 679 proni
3200 609 3519 678 deposcunt.
3541 608 3646 662 Au-

2047 702 2125 756 dit
2153 700 2243 756 ille
2273 717 2394 772 quae
2422 700 2683 766 feruntur,
2728 707 2782 755 et
2827 715 2937 754 non
2985 697 3187 754 invenit
3234 697 3396 753 verba
3447 694 3644 766 quibus

2047 790 2317 861 exprimat
2364 797 2620 859 quantum
2668 788 2796 843 inde
2843 787 3082 843 miretur.
3151 786 3285 841 Cum
3351 793 3529 839 tamen
3576 781 3646 838 ab

2048 878 2317 949 episcopis
2345 892 2677 948 magnopere
2706 881 3015 947 precaretur
3055 874 3165 929 suis
3209 873 3373 929 rebus
3426 885 3644 943 praeca-

2048 983 2194 1035 vere,
2228 983 2290 1021 ac
2320 965 2551 1020 definitae
2580 964 2998 1036 praedecessoris
3028 963 3111 1017 sui
3158 961 3436 1018 sententiae
3491 960 3644 1032 rigo-

2046 1071 2182 1123 rem,
2214 1062 2272 1109 ut
2300 1053 2543 1125 undique
2570 1070 2678 1124 pax
2707 1060 2870 1121 esset,
2903 1060 3244 1122 temperare;
3304 1050 3533 1106 asseruit
3588 1063 3648 1105 se

2048 1159 2152 1199 nec
2180 1159 2281 1215 pro
2312 1143 2507 1212 capitis
2534 1143 2614 1197 sui
2642 1141 3019 1211 redemptione
3048 1142 3154 1195 hoc
3200 1139 3487 1205 facturum,
3544 1137 3647 1192 de-

2050 1240 2216 1299 creta,
2248 1231 2437 1288 dicens
2465 1230 2825 1302 indignando,
2859 1237 2913 1284 et
2942 1226 3309 1284 institutiones
3336 1235 3647 1282 sanctorum

2050 1321 2287 1387 Patrum,
2337 1319 2496 1375 minis
2544 1328 2694 1375 actus
2748 1318 2908 1375 unius
2958 1316 3215 1385 hominis,
3274 1315 3593 1385 dissiparem
3620 1314 3650 1367 ‘I

2051 1409 2285 1465 Finierat
2313 1408 2369 1463 in
2397 1408 2541 1464 istis.
2583 1408 2758 1477 Super
2800 1409 2915 1462 haec
2958 1405 3189 1477 scriptas
3230 1403 3488 1475 epistolas
3533 1402 3651 1474 regi

2050 1506 2102 1553 et
2143 1498 2420 1566 Anselmo,
2472 1497 2668 1569 cuique
2715 1512 2890 1564 suam,
2942 1493 3276 1551 destinavit:
3339 1492 3461 1566 regi
3514 1492 3654 1548 inter

2050 1586 2158 1642 alia
2187 1586 2546 1643 Ecclesiarum
2578 1584 2919 1641 investituras
2942 1583 3147 1652 judicio
3193 1582 3365 1639 sancti
3420 1580 3654 1653 Spiritus

2051 1674 2420 1744 interdicens;
2466 1678 2521 1730 et
2562 1671 2894 1742 Anselmum,
2943 1679 3002 1728 ut
3047 1687 3171 1744 quae
3218 1670 3421 1743 agebat
3463 1677 3655 1743 ageret

2049 1770 2250 1835 etquae
2283 1762 2614 1836 loquebatur
2640 1762 2972 1833 loqueretur,
3008 1759 3297 1816 affectuose
3331 1759 3652 1830 deprecans,

2045 1851 2259 1909 ﬁrmata
2288 1859 2341 1908 et
2370 1850 2686 1924 apostolicae
2705 1850 2848 1906 sedis
2893 1849 3209 1906 auctoritate
3265 1847 3540 1917 roborata,
3598 1846 3655 1903 in

2045 1941 2302 1998 omnibus
2351 1940 2434 1996 sui
2485 1939 2751 2013 primatus
2804 1938 3089 2011 dignitate.
3150 1937 3286 2006 Quae
3339 1943 3400 1992 ut
3453 1934 3653 1992 melius

2044 2033 2287 2102 pateant,
2320 2029 2580 2102 epistolas
2609 2028 2757 2101 ipsas
2784 2026 3083 2101 legentium
3108 2025 3282 2083 oculis
3309 2040 3436 2082 ecce
3463 2023 3650 2096 praeﬁ-

2047 2120 2249 2194 gimus.

2124 2229 2146 2259 ι
2181 2206 2455 2263 Paschalis
2485 2206 2792 2277 episcopus,
2816 2221 3005 2261 servus
3022 2220 3332 2271 servorum,
3363 2204 3484 2273 Dei,
3515 2204 3653 2261 cha-

2047 2296 2263 2352 rissimo
2311 2295 2422 2350 ﬁlio
2486 2295 2721 2351 Henrico
2784 2293 2904 2366 regi
2958 2295 3284 2367 Anglorum,
3333 2293 3559 2348 salutem
3602 2300 3658 2349 et

2050 2385 2401 2456 apostolicam
2445 2382 2905 2440 benedictionem.
2966 2382 3102 2454 Regi
3167 2398 3359 2453 regum
3423 2381 3656 2437 Domino

2050 2474 2251 2546 gratias
2270 2474 2501 2546 agimus,
2532 2495 2553 2521 υ
2588 2480 2717 2540 etc.,
2737 2487 2910 2542 usque
2935 2471 3008 2526 ad
3032 2494 3052 2519 «
3079 2471 3451 2527 Ecclesiarum
3480 2469 3654 2542 siqui-

2050 2564 2174 2618 dem
2205 2562 2550 2618 investituras
2605 2576 2724 2629 nos,
2756 2561 2925 2615 sancti
2957 2560 3187 2631 Spiritus
3222 2559 3452 2630 judicio,
3509 2558 3658 2630 regi—

2050 2652 2151 2707 bus
2180 2659 2231 2706 et
2259 2650 2622 2721 principibus,
2666 2649 2777 2704 imo
2832 2648 2984 2704 laicis
3037 2648 3309 2716 omnibus,
3368 2645 3658 2703 interdici-

2050 2756 2170 2795 mus
2203 2756 2215 2795 :
2248 2756 2349 2794 nec
2378 2739 2524 2794 enim
2553 2738 2707 2793 decet
2736 2744 2795 2792 ut
2823 2754 2855 2792 a
2911 2737 3023 2793 ﬁlio
3079 2745 3256 2793 mater
3310 2735 3366 2791 in
3422 2734 3656 2793 servitu-

2052 2838 2160 2885 tem
2191 2827 2489 2893 addicatur,
2517 2835 2575 2881 ut
2601 2842 2859 2897 sponsum
2891 2842 3051 2897 quem
3077 2842 3188 2881 non
3242 2825 3452 2896 optavit
3509 2824 3657 2881 acci-

2048 2917 2182 2989 piat.
2242 2916 2421 2972 Habet
2476 2930 2734 2987 sponsum
2786 2932 2942 2970 suum
3000 2931 3190 2986 regem
3246 2928 3313 2970 ac
3359 2913 3655 2969 Dominum

2049 3013 2313 3074 nostrum,
2347 3006 2441 3075 qui
2473 3012 2523 3060 te
2550 3004 2930 3059 misericordia
2959 3019 3058 3058 sua
3085 3004 3140 3057 in
3170 3002 3416 3074 potentia
3441 3010 3494 3057 et
3520 3017 3654 3073 pro-

2051 3095 2217 3150 bitate
2245 3093 2535 3163 custodiat,
2566 3101 2620 3148 et
2648 3107 2681 3148 a
2710 3100 2921 3149 terreno
2950 3108 3122 3166 regno
3147 3093 3217 3148 ad
3247 3092 3470 3149 cceleste
3524 3106 3655 3163 per-

2048 3178 2229 3235 ducat.
2262 3181 2460 3234 Amen.
2505 3201 2526 3226 υ

2125 3291 2146 3316 «ι
2184 3268 2461 3323 Paschalis
2490 3267 2798 3338 episcOpus,
2830 3282 3020 3322 servus
3050 3280 3335 3322 servorum
3380 3264 3499 3332 Dei,
3549 3280 3651 3319 ve-

2046 3356 2279 3414 nerabili
2308 3356 2461 3411 fratri
2500 3364 2553 3411 et
2606 3356 2930 3427 coepiscopo
2984 3357 3263 3424 Anselmo,
3318 3353 3548 3408 salutem
3602 3357 3657 3409 et

2048 3446 2403 3517 apostolicam
2432 3444 2895 3502 benedictionem.
2933 3446 3058 3500 Non
3088 3444 3305 3516 ignoras
3333 3442 3533 3498 divinae
3560 3456 3652 3498 vo-

2046 3535 2266 3591 luntatis
2295 3550 2411 3592 esse
2437 3534 2740 3604 consilium,
2779 3558 2799 3583 η
2835 3540 2937 3591 etc.
2985 3532 3119 3591 Vide
3157 3533 3221 3589 in
3266 3531 3533 3589 Paschali
3579 3530 3647 3599 II,

2046 3627 2228 3697 infra.

2120 3714 2344 3787 Scripsit
2374 3729 2613 3787 quoque,
2645 3730 2744 3786 per
2767 3713 2912 3770 idem
2941 3720 3157 3785 tempus
3178 3710 3463 3785 epistolam
3483 3725 3648 3768 unam

2046 3803 2307 3875 episcopo
2334 3811 2389 3860 et
2413 3804 2627 3860 clericis
2655 3804 2923 3860 Ecclesia;
2951 3806 3024 3875 (ε)
3058 3802 3450 3871 Excestrensis,
3489 3816 3649 3873 quam

2045 3892 2173 3947 huic
2200 3892 2458 3964 opusculo
2488 3893 2673 3949 indere
2703 3908 2812 3949 non
2842 3893 3064 3949 omnino
3094 3891 3330 3947 alienum
3373 3898 3649 3963 putamus,

2048 3982 2492 4053 quandoquidem
2552 3981 2702 4036 illam
2760 3980 2953 4037 futuris
3026 3980 3365 4051 temporibus
3418 3980 3653 4050 alicujus

2045 4068 2266 4142 negotio
2295 4070 2430 4125 forte
2458 4070 2796 4141 profuturam
2826 4085 3124 4142 speremus.
3158 4069 3257 4125 Est
3281 4076 3459 4124 autem
3507 4068 3647 4123 haec.

2051 4181 2072 4206 «
2108 4157 2381 4212 Paschalis
2409 4158 2718 4229 episcopus,
2758 4174 2952 4213 survus
2999 4173 3280 4213 servorum
3323 4157 3443 4225 Dei,
3486 4171 3650 4211 vene-

2048 4246 2204 4301 rabili
2234 4245 2385 4301 fratri
2415 4246 2693 4303 Osbernos
2722 4247 2981 4319 episcopo
3011 4254 3064 4301 et
3091 4245 3306 4301 clericis
3329 4246 3649 4301 Excestren-

2046 4335 2120 4390 sis
2148 4335 2405 4391 Ecclesia:
2429 4336 2658 4391 salutem
2687 4342 2741 4391 et
2787 4334 3141 4407 apostolicam
3190 4333 3645 4390 benedictionem.

331 4421 391 4476 S.
422 4422 693 4479 Edmundi
720 4423 906 4479 Romae
934 4422 1428 4491 adminiculaturas,
1478 4424 1731 4497 Angliam
1764 4440 1931 4496 egre-
1959 4413 2014 4474 D
2045 4424 2111 4478 Et
2149 4425 2360 4479 Patrum
2417 4423 2594 4481 sanxit
2648 4424 2955 4493 auctoritas,
2992 4446 3013 4472 ιι
3075 4430 3176 4478 etc.
3253 4421 3385 4479 Vide
3431 4423 3495 4478 in
3531 4424 3644 4478 Pa-

334 4509 516 4582 diens,
547 4526 711 4584 mage
739 4512 965 4584 putavit.

2045 4511 2226 4569 schali
2246 4513 2326 4568 II.

1648 4635 2075 4694 HENSCHENII
2131 4637 2364 4693 ΝΟΤιΕ.

408 4759 488 4831 (a)
517 4760 765 4817 Herberti
796 4761 1164 4817 Norwicensis
1191 4760 1560 4819 Simoniacum
1597 4760 1928 4833 ingressum,

335 4847 465 4911 vera
489 4833 805 4911 paenitentia
851 4839 904 4911 et
952 4832 1166 4911 meliori
1215 4848 1508 4911 progressu
1562 4832 1928 4911 emendatum,

335 4901 600 4958 describit
624 4904 1145 4966 Malmesburiensis;
1192 4901 1342 4960 mox'
1371 4904 1513 4959 intra
1566 4904 1934 4959 Norwicensis

336 4972 661 5048 appellatur,
691 4975 814 5047 quia
844 4975 1026 5030 sedem
1047 4975 1233 5048 (quam
1261 4982 1385 5048 ante
1415 4976 1739 5048 nouimultos
1766 4990 1935 5048 annos

384 5042 727 5118 hetfordiam;
746 5042 1105 5118 transtulerat
1156 5047 1461 5118 Herfastus)
1525 5047 1644 5118 ipse
1697 5045 1933 5102 Norwici

336 5114 556 5184 locavit,
587 5125 641 5170 et
669 5109 803 5171 obiit
830 5133 971 5173 anno
1002 5120 1158 5172 1119.

409 5186 499 5259 (ρλ
538 5187 837 5259 Βοὴβηιιεί
867 5188 1177 5259 Castrensis,
1216 5203 1435 5258 quoque
1499 5186 1710 5254 sedem,
1771 5203 1936 5259 quam

338 5254 642 5312 Lichfeldia
672 5258 932 5313 Cestriam
964 5254 1303 5314 transtulerat
1330 5254 1464 5313 suus
1521 5254 1806 5313 decessor'
1831 5259 1936 5313 Pe-

340 5336 469 5400 trus,
497 5328 611 5395 jam
655 5344 743 5383 an.
796 5332 931 5385 1095
988 5330 1335 5385 transtulerat
1380 5331 1746 5395 Coventriam,
1804 5346 1934 5400 per-

337 5397 493 5471 rexit;
509 5406 709 5471 tamen,
741 5408 799 5455 ut
827 5400 953 5456 hinc
998 5408 1243 5471 apparet,
1292 5400 1368 5455 uti
1416 5401 1569 5455 titulo
1618 5397 1933 5463 Cestrebsi;

339 5469 445 5541 qui
464 5468 719 5541 deinceps
745 5468 1312 5538 exstinctus—[demum
1342 5471 1412 5527 ab
1441 5471 1679 5527 Henrico
1715 5472 1835 5526 VIII
1884 5472 1938 5526 in

340 5540 629 5597 schismate
658 5540 947 5601 renovatus
994 5549 1113 5607 est;
1173 5550 1227 5599 et
1279 5542 1375 5617 qui
1411 5542 1511 5600 sub
1569 5542 1937 5600 Cantuariensi

2045 4761 2239 4831 fuerat,
2270 4763 2606 4820 Eboracensi
2636 4770 2716 4818 est
2744 4762 3037 4832 subjectus.

2046 4904 2055 4913 ο
2113 4834 2185 4903 (c)
2216 4833 2590 4916 Abbatiahmc
2709 4833 2980 4916 Edmund}
3011 4832 3158 4916 regis
3186 4840 3239 4887 et
3268 4832 3515 4916 martyris
3558 4836 3640 4916 est

2043 4904 2099 4958 iu
2126 4902 2263 4973 agro
2296 4904 2632 4960 Sutfolciensi
2662 4922 2694 4959 a
2740 4920 2871 4975 rege
2928 4902 3132 4959 Canuto
3188 4902 3517 4967 construCta,
3576 4902 3644 4957 de

2043 4991 2146 5046 qua
2166 4975 2291 5029 vide
2312 4976 2596 5030 monastici
2614 4974 2899 5046 Anglicani
2920 4984 3124 5030 tomum
3146 4976 3187 5042 Ι,
3216 4991 3269 5046 p.
3287 4978 3410 5031 284.
3440 4973 3646 5029 Colitur

2085 5046 2221 5102 ictus
2252 5047 2565 5102 Edmundus
2593 5051 2659 5101 20
2681 5046 3024 5102 Novembris.

2114 5118 2194 5188 (ά)
2223 5118 2337 5173 Hoc
2352 5119 2701 5188 privilegium
2717 5118 2901 5173 datum
2922 5133 3063 5174 anno
3083 5117 3548 5188 Alexandripapa;
3568 5115 3647 5170 Xl

2114 5135 2194 5188 ta)
2223 5135 2337 5173 noc
2352 5135 2547 5187 privue
2592 5135 2701 5172 tum
2717 5135 2901 5173 uatum
2922 5135 3063 5174 anno
3083 5135 3571 5188 Alexandripapaa.

2045 5188 2240 5243 Christi
2274 5191 2405 5243 1071
2441 5135 2659 5244 θχῒιῇηι
2689 5190 2777 5244 hic
2807 5190 2864 5243 in
2894 5190 3035 5245 notis
3066 5190 3331 5245 Seldenus
3360 5205 3413 5245 ι).
3446 5186 3571 5243 206.

2117 5260 2194 5331 (ε)
2222 5260 2498 5314 Excestria
2520 5269 2600 5315 est
2629 5261 2867 5316 Ecclesia
2898 5269 2950 5316 et
2979 5262 3324 5331 episcOpatus
3360 5257 3645 5331 Exonien-

2046 5328 2153 5392 sis;
2173 5328 2314 5385 'urbs
2344 5347 2409 5387 ea
2439 5331 2495 5385 in
2522 5331 2765 5387 Devonia
2802 5333 2872 5387 ad
2927 5328 3101 5387 lscam
3147 5328 3392 5397 fluvium,
3450 5328 3645 5400 Anglis

2043 5402 2306 5457 Excester
2333 5403 2497 5471 dicta,
2537 5419 2699 5473 supra
2728 5404 2766 5458 l.
2796 5406 2839 5471 Ι,
2873 5420 2926 5457 n.
2962 5406 3026 5458 13
3057 5412 3111 5460 et
3137 5403 3230 5458 hic
3269 5401 3412 5456 infra
3457 5416 3513 5455 n.
3546 5398 3642 5452 '19

2045 5480 2267 5528 vocatur
2293 5473 2578 5546 episcopus
2600 5474 2939 5531 Exoniensis.
