  <div class='ocr_page' id='page_1' title='image "/cluster/home/n/w/nwhite01/storage/ocr_20150623/159/hvd.32044054760178/223.png"; bbox 0 0 3996 6084; ppageno 0'>
   <div class='ocr_carea' id='block_1_1' title="bbox 526 297 627 351">
    <p class='ocr_par' dir='ltr' id='par_1_1' title="bbox 526 297 627 351">
     <span class='ocr_line' id='line_1_1' title="bbox 526 297 627 351; baseline 0.01 -2"><span class='ocrx_word' id='word_1_1' title='bbox 526 297 627 351; x_wconf 76' lang='grc'>435</span> 
     </span>
    </p>
   </div>
   <div class='ocr_carea' id='block_1_2' title="bbox 1519 287 2826 345">
    <p class='ocr_par' dir='ltr' id='par_1_2' title="bbox 1519 287 2826 345">
     <span class='ocr_line' id='line_1_2' title="bbox 1519 287 2826 345; baseline 0 0"><span class='ocrx_word' id='word_1_2' title='bbox 1519 291 1839 345; x_wconf 64' lang='grc' dir='ltr'>ΕΑΟΜΕΚΙ</span> <span class='ocrx_word' id='word_1_3' title='bbox 1894 288 2024 342; x_wconf 72' lang='lat' dir='ltr'>CAN</span> <span class='ocrx_word' id='word_1_4' title='bbox 2034 287 2444 344; x_wconf 73' lang='lat' dir='ltr'>TUARIENSIS</span> <span class='ocrx_word' id='word_1_5' title='bbox 2503 288 2650 343; x_wconf 73' lang='lat' dir='ltr'>MON</span> <span class='ocrx_word' id='word_1_6' title='bbox 2661 290 2701 343; x_wconf 74' lang='grc' dir='ltr'>Α</span> <span class='ocrx_word' id='word_1_7' title='bbox 2713 288 2826 344; x_wconf 68' lang='grc' dir='ltr'>(ΖΗΙ</span> 
     </span>
    </p>
   </div>
   <div class='ocr_carea' id='block_1_3' title="bbox 3725 293 3820 345">
    <p class='ocr_par' dir='ltr' id='par_1_3' title="bbox 3725 293 3820 345">
     <span class='ocr_line' id='line_1_3' title="bbox 3725 293 3820 345; baseline -0.021 0"><span class='ocrx_word' id='word_1_8' title='bbox 3725 293 3820 345; x_wconf 65' lang='grc'>136</span> 
     </span>
    </p>
   </div>
   <div class='ocr_carea' id='block_1_4' title="bbox 597 413 3827 491">
    <p class='ocr_par' dir='ltr' id='par_1_4' title="bbox 597 413 3827 491">
     <span class='ocr_line' id='line_1_4' title="bbox 597 413 3827 491; baseline -0.002 -14"><span class='ocrx_word' id='word_1_9' title='bbox 597 419 858 478; x_wconf 78' lang='lat' dir='ltr'>Reversis</span> <span class='ocrx_word' id='word_1_10' title='bbox 888 417 1178 491; x_wconf 81' lang='lat' dir='ltr'>episcopis,</span> <span class='ocrx_word' id='word_1_11' title='bbox 1213 425 1263 474; x_wconf 91' lang='lat' dir='ltr'>et</span> <span class='ocrx_word' id='word_1_12' title='bbox 1290 417 1408 473; x_wconf 85' lang='lat' dir='ltr'>aliis</span> <span class='ocrx_word' id='word_1_13' title='bbox 1447 415 1537 489; x_wconf 89' lang='lat' dir='ltr'>qui</span> <span class='ocrx_word' id='word_1_14' title='bbox 1585 417 1830 485; x_wconf 82' lang='lat' dir='ltr'>Romam,</span> <span class='ocrx_word' id='word_1_15' title='bbox 1873 423 1931 471; x_wconf 92' lang='lat' dir='ltr'>ut</span> <span class='ocrx_word' id='word_1_16' title='bbox 1971 414 2117 470; x_wconf 79' lang='lat' dir='ltr'>dixi-</span> <span class='ocrx_word' id='word_1_17' title='bbox 2149 413 2204 479; x_wconf 87' lang='grc' dir='ltr'><strong>Α</strong></span> <span class='ocrx_word' id='word_1_18' title='bbox 2230 413 2348 485; x_wconf 91' lang='lat' dir='ltr'>ipse</span> <span class='ocrx_word' id='word_1_19' title='bbox 2377 413 2509 471; x_wconf 84' lang='lat' dir='ltr'>ordo</span> <span class='ocrx_word' id='word_1_20' title='bbox 2540 415 2846 487; x_wconf 77' lang='lat' dir='ltr'>expostulat</span> <span class='ocrx_word' id='word_1_21' title='bbox 2877 420 2932 471; x_wconf 88' lang='lat' dir='ltr'>ut</span> <span class='ocrx_word' id='word_1_22' title='bbox 2961 413 3434 486; x_wconf 81' lang='lat' dir='ltr'>archiepiscopum</span> <span class='ocrx_word' id='word_1_23' title='bbox 3464 431 3626 471; x_wconf 89' lang='lat' dir='ltr'>unum</span> <span class='ocrx_word' id='word_1_24' title='bbox 3656 417 3827 489; x_wconf 89' lang='lat' dir='ltr'>ponti-</span> 
     </span>
    </p>
   </div>
   <div class='ocr_carea' id='block_1_5' title="bbox 530 504 2129 576">
    <p class='ocr_par' dir='ltr' id='par_1_5' title="bbox 530 504 2129 576">
     <span class='ocr_line' id='line_1_5' title="bbox 530 504 2129 576; baseline -0.005 -10"><span class='ocrx_word' id='word_1_25' title='bbox 530 527 671 576; x_wconf 91' lang='lat' dir='ltr'>mus,</span> <span class='ocrx_word' id='word_1_26' title='bbox 704 510 892 565; x_wconf 89' lang='lat' dir='ltr'>directi</span> <span class='ocrx_word' id='word_1_27' title='bbox 923 510 1151 575; x_wconf 78' lang='lat' dir='ltr'>fuerant,</span> <span class='ocrx_word' id='word_1_28' title='bbox 1186 523 1276 562; x_wconf 85' lang='lat' dir='ltr'>rex</span> <span class='ocrx_word' id='word_1_29' title='bbox 1309 506 1558 561; x_wconf 83' lang='lat' dir='ltr'>adunatis</span> <span class='ocrx_word' id='word_1_30' title='bbox 1589 506 1880 560; x_wconf 72' lang='lat' dir='ltr'>Lundonia:</span> <span class='ocrx_word' id='word_1_31' title='bbox 1917 504 2129 576; x_wconf 90' lang='lat' dir='ltr'>princi-</span> 
     </span>
    </p>
   </div>
   <div class='ocr_carea' id='block_1_6' title="bbox 531 595 2128 670">
    <p class='ocr_par' dir='ltr' id='par_1_6' title="bbox 531 595 2128 670">
     <span class='ocr_line' id='line_1_6' title="bbox 531 595 2128 670; baseline -0.003 -17"><span class='ocrx_word' id='word_1_32' title='bbox 531 600 696 670; x_wconf 85' lang='lat' dir='ltr'>pibus</span> <span class='ocrx_word' id='word_1_33' title='bbox 725 598 899 670; x_wconf 85' lang='lat' dir='ltr'>regni,</span> <span class='ocrx_word' id='word_1_34' title='bbox 932 597 1246 651; x_wconf 77' lang='lat' dir='ltr'>Anselmum</span> <span class='ocrx_word' id='word_1_35' title='bbox 1293 612 1390 666; x_wconf 88' lang='lat' dir='ltr'>per</span> <span class='ocrx_word' id='word_1_36' title='bbox 1442 595 1794 649; x_wconf 89' lang='lat' dir='ltr'>internuntios</span> <span class='ocrx_word' id='word_1_37' title='bbox 1853 612 1919 648; x_wconf 78' lang='lat' dir='ltr'>ex</span> <span class='ocrx_word' id='word_1_38' title='bbox 1977 611 2128 649; x_wconf 89' lang='lat' dir='ltr'>more</span> 
     </span>
    </p>
   </div>
   <div class='ocr_carea' id='block_1_7' title="bbox 526 685 2131 757">
    <p class='ocr_par' dir='ltr' id='par_1_7' title="bbox 526 685 2131 757">
     <span class='ocr_line' id='line_1_7' title="bbox 526 685 2131 757; baseline -0.004 -15"><span class='ocrx_word' id='word_1_39' title='bbox 526 689 796 755; x_wconf 87' lang='lat' dir='ltr'>convenit,</span> <span class='ocrx_word' id='word_1_40' title='bbox 857 694 1119 757; x_wconf 80' lang='lat' dir='ltr'>quatenus</span> <span class='ocrx_word' id='word_1_41' title='bbox 1151 685 1252 739; x_wconf 89' lang='lat' dir='ltr'>sibi</span> <span class='ocrx_word' id='word_1_42' title='bbox 1283 693 1372 738; x_wconf 89' lang='lat' dir='ltr'>aut</span> <span class='ocrx_word' id='word_1_43' title='bbox 1403 687 1822 739; x_wconf 89' lang='lat' dir='ltr'>consuetudines</span> <span class='ocrx_word' id='word_1_44' title='bbox 1877 692 2131 754; x_wconf 86' lang='lat' dir='ltr'>paternas</span> 
     </span>
    </p>
   </div>
   <div class='ocr_carea' id='block_1_8' title="bbox 527 772 2127 846">
    <p class='ocr_par' dir='ltr' id='par_1_8' title="bbox 527 772 2127 846">
     <span class='ocr_line' id='line_1_8' title="bbox 527 772 2127 846; baseline -0.001 -16"><span class='ocrx_word' id='word_1_45' title='bbox 527 775 671 830; x_wconf 90' lang='lat' dir='ltr'>ultra</span> <span class='ocrx_word' id='word_1_46' title='bbox 703 791 807 829; x_wconf 90' lang='lat' dir='ltr'>non</span> <span class='ocrx_word' id='word_1_47' title='bbox 839 781 1089 846; x_wconf 81' lang='lat' dir='ltr'>negaret,</span> <span class='ocrx_word' id='word_1_48' title='bbox 1121 781 1206 827; x_wconf 89' lang='lat' dir='ltr'>aut</span> <span class='ocrx_word' id='word_1_49' title='bbox 1239 774 1391 845; x_wconf 90' lang='lat' dir='ltr'>regni</span> <span class='ocrx_word' id='word_1_50' title='bbox 1425 773 1505 827; x_wconf 92' lang='lat' dir='ltr'>sui</span> <span class='ocrx_word' id='word_1_51' title='bbox 1535 773 1707 828; x_wconf 90' lang='lat' dir='ltr'>cultor</span> <span class='ocrx_word' id='word_1_52' title='bbox 1734 789 1850 827; x_wconf 85' lang='lat' dir='ltr'>esse</span> <span class='ocrx_word' id='word_1_53' title='bbox 1907 772 2127 828; x_wconf 88' lang='lat' dir='ltr'>desine-</span> 
     </span>
    </p>
   </div>
   <div class='ocr_carea' id='block_1_9' title="bbox 529 860 2127 931">
    <p class='ocr_par' dir='ltr' id='par_1_9' title="bbox 529 860 2127 931">
     <span class='ocr_line' id='line_1_9' title="bbox 529 860 2127 931; baseline -0.002 -14"><span class='ocrx_word' id='word_1_54' title='bbox 529 870 630 917; x_wconf 89' lang='lat' dir='ltr'>ret.</span> <span class='ocrx_word' id='word_1_55' title='bbox 663 862 961 931; x_wconf 92' lang='lat' dir='ltr'>Respondit</span> <span class='ocrx_word' id='word_1_56' title='bbox 990 879 1000 914; x_wconf 93' lang='lat'>:</span> <span class='ocrx_word' id='word_1_57' title='bbox 1044 885 1062 908; x_wconf 76' lang='grc' dir='ltr'>α</span> <span class='ocrx_word' id='word_1_58' title='bbox 1101 861 1460 930; x_wconf 89' lang='lat' dir='ltr'>lnspiciantur</span> <span class='ocrx_word' id='word_1_59' title='bbox 1490 861 1531 914; x_wconf 91' lang='lat' dir='ltr'>si</span> <span class='ocrx_word' id='word_1_60' title='bbox 1563 862 1736 930; x_wconf 84' lang='lat' dir='ltr'>placet</span> <span class='ocrx_word' id='word_1_61' title='bbox 1777 860 1966 914; x_wconf 73' lang='lat' dir='ltr'>littera:</span> <span class='ocrx_word' id='word_1_62' title='bbox 2005 877 2127 930; x_wconf 75' lang='lat' dir='ltr'>quze</span> 
     </span>
    </p>
   </div>
   <div class='ocr_carea' id='block_1_10' title="bbox 530 949 2128 1018">
    <p class='ocr_par' dir='ltr' id='par_1_10' title="bbox 530 949 2128 1018">
     <span class='ocr_line' id='line_1_10' title="bbox 530 949 2128 1018; baseline -0.001 -15"><span class='ocrx_word' id='word_1_63' title='bbox 530 949 708 1005; x_wconf 63' lang='lat' dir='ltr'>allata</span> <span class='ocrx_word' id='word_1_64' title='bbox 737 957 879 1017; x_wconf 92' lang='lat' dir='ltr'>sunt,</span> <span class='ocrx_word' id='word_1_65' title='bbox 931 959 985 1004; x_wconf 92' lang='lat' dir='ltr'>et</span> <span class='ocrx_word' id='word_1_66' title='bbox 1043 949 1195 1004; x_wconf 86' lang='lat' dir='ltr'>salva</span> <span class='ocrx_word' id='word_1_67' title='bbox 1247 951 1526 1005; x_wconf 89' lang='lat' dir='ltr'>honestate</span> <span class='ocrx_word' id='word_1_68' title='bbox 1579 965 1718 1018; x_wconf 87' lang='lat' dir='ltr'>mea,</span> <span class='ocrx_word' id='word_1_69' title='bbox 1779 949 1930 1004; x_wconf 88' lang='lat' dir='ltr'>salva</span> <span class='ocrx_word' id='word_1_70' title='bbox 1983 949 2128 1004; x_wconf 90' lang='lat' dir='ltr'>sedis</span> 
     </span>
    </p>
   </div>
   <div class='ocr_carea' id='block_1_11' title="bbox 526 1037 2127 1110">
    <p class='ocr_par' dir='ltr' id='par_1_11' title="bbox 526 1037 2127 1110">
     <span class='ocr_line' id='line_1_11' title="bbox 526 1037 2127 1110; baseline -0.001 -16"><span class='ocrx_word' id='word_1_71' title='bbox 526 1039 840 1110; x_wconf 70' lang='lat' dir='ltr'>apostolica:</span> <span class='ocrx_word' id='word_1_72' title='bbox 897 1039 1240 1105; x_wconf 88' lang='lat' dir='ltr'>obedientia,</span> <span class='ocrx_word' id='word_1_73' title='bbox 1305 1045 1559 1108; x_wconf 89' lang='lat' dir='ltr'>quantum</span> <span class='ocrx_word' id='word_1_74' title='bbox 1629 1046 1814 1108; x_wconf 82' lang='lat' dir='ltr'>potero</span> <span class='ocrx_word' id='word_1_75' title='bbox 1869 1037 2127 1092; x_wconf 81' lang='lat' dir='ltr'>voluntati</span> 
     </span>
    </p>
   </div>
   <div class='ocr_carea' id='block_1_12' title="bbox 525 1126 2127 1200">
    <p class='ocr_par' dir='ltr' id='par_1_12' title="bbox 525 1126 2127 1200">
     <span class='ocr_line' id='line_1_12' title="bbox 525 1126 2127 1200; baseline -0.001 -18"><span class='ocrx_word' id='word_1_76' title='bbox 525 1128 643 1196; x_wconf 86' lang='lat' dir='ltr'>ejus</span> <span class='ocrx_word' id='word_1_77' title='bbox 673 1143 879 1184; x_wconf 89' lang='lat' dir='ltr'>morem</span> <span class='ocrx_word' id='word_1_78' title='bbox 910 1143 1102 1200; x_wconf 82' lang='lat' dir='ltr'>gerere</span> <span class='ocrx_word' id='word_1_79' title='bbox 1133 1127 1493 1198; x_wconf 89' lang='lat' dir='ltr'>praetentabo.</span> <span class='ocrx_word' id='word_1_80' title='bbox 1563 1126 1618 1180; x_wconf 91' lang='lat' dir='ltr'>Si</span> <span class='ocrx_word' id='word_1_81' title='bbox 1675 1127 1806 1192; x_wconf 90' lang='lat' dir='ltr'>vult,</span> <span class='ocrx_word' id='word_1_82' title='bbox 1866 1126 1958 1192; x_wconf 88' lang='lat' dir='ltr'>ait,</span> <span class='ocrx_word' id='word_1_83' title='bbox 2018 1142 2127 1181; x_wconf 68' lang='lat' dir='ltr'>sua:</span> 
     </span>
    </p>
   </div>
   <div class='ocr_carea' id='block_1_13' title="bbox 525 1216 2120 1285">
    <p class='ocr_par' dir='ltr' id='par_1_13' title="bbox 525 1216 2120 1285">
     <span class='ocr_line' id='line_1_13' title="bbox 525 1216 2120 1285; baseline -0.002 -14"><span class='ocrx_word' id='word_1_84' title='bbox 525 1217 838 1285; x_wconf 88' lang='lat' dir='ltr'>videantur;</span> <span class='ocrx_word' id='word_1_85' title='bbox 876 1231 1037 1283; x_wconf 67' lang='lat' dir='ltr'>meae,</span> <span class='ocrx_word' id='word_1_86' title='bbox 1071 1216 1223 1283; x_wconf 85' lang='lat' dir='ltr'>sciat,</span> <span class='ocrx_word' id='word_1_87' title='bbox 1255 1216 1358 1270; x_wconf 88' lang='lat' dir='ltr'>hac</span> <span class='ocrx_word' id='word_1_88' title='bbox 1388 1216 1506 1270; x_wconf 89' lang='lat' dir='ltr'>vice</span> <span class='ocrx_word' id='word_1_89' title='bbox 1553 1231 1658 1270; x_wconf 90' lang='lat' dir='ltr'>non</span> <span class='ocrx_word' id='word_1_90' title='bbox 1717 1216 2061 1270; x_wconf 86' lang='lat' dir='ltr'>videbuntur.</span> <span class='ocrx_word' id='word_1_91' title='bbox 2100 1238 2120 1262; x_wconf 75' lang='grc' dir='ltr'>»ι</span> 
     </span>
    </p>
   </div>
   <div class='ocr_carea' id='block_1_14' title="bbox 530 1304 2130 1377">
    <p class='ocr_par' dir='ltr' id='par_1_14' title="bbox 530 1304 2130 1377">
     <span class='ocr_line' id='line_1_14' title="bbox 530 1304 2130 1377; baseline -0.001 -18"><span class='ocrx_word' id='word_1_92' title='bbox 530 1305 741 1360; x_wconf 86' lang='lat' dir='ltr'>Refert.</span> <span class='ocrx_word' id='word_1_93' title='bbox 788 1328 808 1352; x_wconf 83' lang='lat'><strong>«</strong></span> <span class='ocrx_word' id='word_1_94' title='bbox 845 1305 975 1360; x_wconf 88' lang='lat' dir='ltr'>Cum</span> <span class='ocrx_word' id='word_1_95' title='bbox 1009 1305 1188 1377; x_wconf 79' lang='lat' dir='ltr'>igitur,</span> <span class='ocrx_word' id='word_1_96' title='bbox 1223 1306 1490 1374; x_wconf 87' lang='lat' dir='ltr'>inquiens,</span> <span class='ocrx_word' id='word_1_97' title='bbox 1541 1305 1644 1358; x_wconf 88' lang='lat' dir='ltr'>alia</span> <span class='ocrx_word' id='word_1_98' title='bbox 1700 1307 1821 1359; x_wconf 87' lang='lat' dir='ltr'>vice</span> <span class='ocrx_word' id='word_1_99' title='bbox 1877 1304 1979 1359; x_wconf 86' lang='lat' dir='ltr'>sibi</span> <span class='ocrx_word' id='word_1_100' title='bbox 2035 1319 2130 1360; x_wconf 90' lang='lat' dir='ltr'>eas</span> 
     </span>
    </p>
   </div>
   <div class='ocr_carea' id='block_1_15' title="bbox 525 1394 2128 1465">
    <p class='ocr_par' dir='ltr' id='par_1_15' title="bbox 525 1394 2128 1465">
     <span class='ocr_line' id='line_1_15' title="bbox 525 1394 2128 1465; baseline 0 -17"><span class='ocrx_word' id='word_1_101' title='bbox 525 1394 814 1450; x_wconf 90' lang='lat' dir='ltr'>ostendere</span> <span class='ocrx_word' id='word_1_102' title='bbox 851 1395 1131 1465; x_wconf 86' lang='lat' dir='ltr'>placuerit,</span> <span class='ocrx_word' id='word_1_103' title='bbox 1166 1396 1295 1447; x_wconf 86' lang='lat' dir='ltr'>tunc</span> <span class='ocrx_word' id='word_1_104' title='bbox 1325 1402 1375 1447; x_wconf 91' lang='lat' dir='ltr'>et</span> <span class='ocrx_word' id='word_1_105' title='bbox 1405 1409 1490 1447; x_wconf 92' lang='lat' dir='ltr'>me</span> <span class='ocrx_word' id='word_1_106' title='bbox 1519 1394 1585 1446; x_wconf 84' lang='lat' dir='ltr'>ad</span> <span class='ocrx_word' id='word_1_107' title='bbox 1631 1409 1722 1447; x_wconf 89' lang='lat' dir='ltr'>cas</span> <span class='ocrx_word' id='word_1_108' title='bbox 1773 1409 1908 1464; x_wconf 87' lang='lat' dir='ltr'>quas</span> <span class='ocrx_word' id='word_1_109' title='bbox 1966 1394 2128 1450; x_wconf 90' lang='lat' dir='ltr'>modo</span> 
     </span>
    </p>
   </div>
   <div class='ocr_carea' id='block_1_16' title="bbox 532 1481 2126 1554">
    <p class='ocr_par' dir='ltr' id='par_1_16' title="bbox 532 1481 2126 1554">
     <span class='ocr_line' id='line_1_16' title="bbox 532 1481 2126 1554; baseline 0.001 -19"><span class='ocrx_word' id='word_1_110' title='bbox 532 1483 715 1550; x_wconf 87' lang='lat' dir='ltr'>habet,</span> <span class='ocrx_word' id='word_1_111' title='bbox 749 1491 1056 1553; x_wconf 91' lang='lat' dir='ltr'>promptum</span> <span class='ocrx_word' id='word_1_112' title='bbox 1090 1481 1333 1537; x_wconf 85' lang='lat' dir='ltr'>habebit.</span> <span class='ocrx_word' id='word_1_113' title='bbox 1380 1505 1398 1529; x_wconf 80' lang='grc' dir='ltr'>υ</span> <span class='ocrx_word' id='word_1_114' title='bbox 1435 1482 1739 1553; x_wconf 85' lang='lat' dir='ltr'>Respondit</span> <span class='ocrx_word' id='word_1_115' title='bbox 1771 1501 1782 1537; x_wconf 91' lang='lat'><strong>:</strong></span> <span class='ocrx_word' id='word_1_116' title='bbox 1847 1506 1867 1530; x_wconf 86' lang='lat'><strong>«</strong></span> <span class='ocrx_word' id='word_1_117' title='bbox 1903 1483 2126 1554; x_wconf 78' lang='lat' dir='ltr'>Nequa-</span> 
     </span>
    </p>
   </div>
   <div class='ocr_carea' id='block_1_17' title="bbox 534 1570 2128 1643">
    <p class='ocr_par' dir='ltr' id='par_1_17' title="bbox 534 1570 2128 1643">
     <span class='ocr_line' id='line_1_17' title="bbox 534 1570 2128 1643; baseline 0 -18"><span class='ocrx_word' id='word_1_118' title='bbox 534 1587 692 1640; x_wconf 84' lang='lat' dir='ltr'>quam</span> <span class='ocrx_word' id='word_1_119' title='bbox 725 1571 794 1626; x_wconf 89' lang='lat' dir='ltr'>de</span> <span class='ocrx_word' id='word_1_120' title='bbox 825 1570 1016 1625; x_wconf 80' lang='lat' dir='ltr'>litteris</span> <span class='ocrx_word' id='word_1_121' title='bbox 1044 1586 1152 1643; x_wconf 82' lang='lat' dir='ltr'>ago</span> <span class='ocrx_word' id='word_1_122' title='bbox 1183 1571 1268 1626; x_wconf 85' lang='lat' dir='ltr'>vel</span> <span class='ocrx_word' id='word_1_123' title='bbox 1298 1586 1457 1642; x_wconf 87' lang='lat' dir='ltr'>agam</span> <span class='ocrx_word' id='word_1_124' title='bbox 1483 1589 1496 1635; x_wconf 90' lang='lat'><strong>;</strong></span> <span class='ocrx_word' id='word_1_125' title='bbox 1539 1572 1632 1626; x_wconf 90' lang='lat' dir='ltr'>sed</span> <span class='ocrx_word' id='word_1_126' title='bbox 1661 1587 1728 1626; x_wconf 89' lang='lat' dir='ltr'>an</span> <span class='ocrx_word' id='word_1_127' title='bbox 1759 1587 1895 1628; x_wconf 67' lang='lat' dir='ltr'>mea:</span> <span class='ocrx_word' id='word_1_128' title='bbox 1933 1571 2128 1627; x_wconf 87' lang='lat' dir='ltr'>volun-</span> 
     </span>
    </p>
   </div>
   <div class='ocr_carea' id='block_1_18' title="bbox 531 1659 2128 1732">
    <p class='ocr_par' dir='ltr' id='par_1_18' title="bbox 531 1659 2128 1732">
     <span class='ocr_line' id='line_1_18' title="bbox 531 1659 2128 1732; baseline 0.002 -19"><span class='ocrx_word' id='word_1_129' title='bbox 531 1660 646 1726; x_wconf 88' lang='lat' dir='ltr'>tati,</span> <span class='ocrx_word' id='word_1_130' title='bbox 681 1660 825 1714; x_wconf 92' lang='lat' dir='ltr'>omni</span> <span class='ocrx_word' id='word_1_131' title='bbox 861 1659 1095 1732; x_wconf 82' lang='lat' dir='ltr'>ambage</span> <span class='ocrx_word' id='word_1_132' title='bbox 1140 1660 1378 1726; x_wconf 88' lang='lat' dir='ltr'>dimissa,</span> <span class='ocrx_word' id='word_1_133' title='bbox 1437 1661 1490 1713; x_wconf 92' lang='lat' dir='ltr'>in</span> <span class='ocrx_word' id='word_1_134' title='bbox 1545 1661 1752 1716; x_wconf 87' lang='lat' dir='ltr'>cunctis</span> <span class='ocrx_word' id='word_1_135' title='bbox 1808 1676 2128 1716; x_wconf 86' lang='lat' dir='ltr'>concurrere</span> 
     </span>
    </p>
   </div>
   <div class='ocr_carea' id='block_1_19' title="bbox 533 1747 2211 1832">
    <p class='ocr_par' dir='ltr' id='par_1_19' title="bbox 533 1747 2211 1832">
     <span class='ocr_line' id='line_1_19' title="bbox 533 1747 2211 1832; baseline 0.001 -29"><span class='ocrx_word' id='word_1_136' title='bbox 533 1747 681 1814; x_wconf 81' lang='lat' dir='ltr'>velit,</span> <span class='ocrx_word' id='word_1_137' title='bbox 717 1747 894 1802; x_wconf 89' lang='lat' dir='ltr'>edicat</span> <span class='ocrx_word' id='word_1_138' title='bbox 923 1756 979 1802; x_wconf 92' lang='lat' dir='ltr'>ut</span> <span class='ocrx_word' id='word_1_139' title='bbox 1009 1747 1244 1804; x_wconf 81' lang='lat' dir='ltr'>audiam.</span> <span class='ocrx_word' id='word_1_140' title='bbox 1269 1747 1424 1817; x_wconf 87' lang='lat' dir='ltr'>Quod</span> <span class='ocrx_word' id='word_1_141' title='bbox 1445 1749 1686 1804; x_wconf 90' lang='lat' dir='ltr'>auditum</span> <span class='ocrx_word' id='word_1_142' title='bbox 1717 1749 1898 1804; x_wconf 92' lang='lat' dir='ltr'>multis</span> <span class='ocrx_word' id='word_1_143' title='bbox 1915 1766 2129 1822; x_wconf 69' lang='lat' dir='ltr'>magna:</span> <span class='ocrx_word' id='word_1_144' title='bbox 2155 1771 2211 1832; x_wconf 81' lang='grc' dir='ltr'>Β</span> 
     </span>
    </p>
   </div>
   <div class='ocr_carea' id='block_1_20' title="bbox 534 1835 2127 1908">
    <p class='ocr_par' dir='ltr' id='par_1_20' title="bbox 534 1835 2127 1908">
     <span class='ocr_line' id='line_1_20' title="bbox 534 1835 2127 1908; baseline 0.002 -18"><span class='ocrx_word' id='word_1_145' title='bbox 534 1835 877 1891; x_wconf 86' lang='lat' dir='ltr'>admirationi</span> <span class='ocrx_word' id='word_1_146' title='bbox 907 1835 1023 1903; x_wconf 84' lang='lat' dir='ltr'>fuit,</span> <span class='ocrx_word' id='word_1_147' title='bbox 1057 1837 1360 1892; x_wconf 85' lang='lat' dir='ltr'>dicentibus</span> <span class='ocrx_word' id='word_1_148' title='bbox 1387 1837 1526 1892; x_wconf 90' lang='lat' dir='ltr'>inter</span> <span class='ocrx_word' id='word_1_149' title='bbox 1553 1854 1612 1894; x_wconf 91' lang='lat' dir='ltr'>se</span> <span class='ocrx_word' id='word_1_150' title='bbox 1659 1839 1784 1908; x_wconf 88' lang='lat' dir='ltr'>quia</span> <span class='ocrx_word' id='word_1_151' title='bbox 1839 1839 1881 1892; x_wconf 89' lang='lat' dir='ltr'>si</span> <span class='ocrx_word' id='word_1_152' title='bbox 1941 1839 2127 1893; x_wconf 66' lang='lat' dir='ltr'>littera:</span> 
     </span>
    </p>
   </div>
   <div class='ocr_carea' id='block_1_21' title="bbox 528 1925 2124 1994">
    <p class='ocr_par' dir='ltr' id='par_1_21' title="bbox 528 1925 2124 1994">
     <span class='ocr_line' id='line_1_21' title="bbox 528 1925 2124 1994; baseline 0.003 -15"><span class='ocrx_word' id='word_1_153' title='bbox 528 1933 654 1980; x_wconf 87' lang='lat' dir='ltr'>voto</span> <span class='ocrx_word' id='word_1_154' title='bbox 671 1925 842 1994; x_wconf 89' lang='lat' dir='ltr'>ipsius</span> <span class='ocrx_word' id='word_1_155' title='bbox 855 1925 1261 1992; x_wconf 90' lang='lat' dir='ltr'>concordarent,</span> <span class='ocrx_word' id='word_1_156' title='bbox 1287 1925 1574 1992; x_wconf 87' lang='lat' dir='ltr'>eas,etiam</span> <span class='ocrx_word' id='word_1_157' title='bbox 1600 1927 1819 1982; x_wconf 89' lang='lat' dir='ltr'>nolente</span> <span class='ocrx_word' id='word_1_158' title='bbox 1835 1927 2124 1994; x_wconf 90' lang='lat' dir='ltr'>Anselmo,</span> 
     </span>
    </p>
   </div>
   <div class='ocr_carea' id='block_1_22' title="bbox 530 2014 2127 2088">
    <p class='ocr_par' dir='ltr' id='par_1_22' title="bbox 530 2014 2127 2088">
     <span class='ocr_line' id='line_1_22' title="bbox 530 2014 2127 2088; baseline 0.003 -21"><span class='ocrx_word' id='word_1_159' title='bbox 530 2014 803 2068; x_wconf 85' lang='lat' dir='ltr'>ultroneus</span> <span class='ocrx_word' id='word_1_160' title='bbox 831 2014 1163 2084; x_wconf 84' lang='lat' dir='ltr'>publicaret.</span> <span class='ocrx_word' id='word_1_161' title='bbox 1201 2016 1321 2069; x_wconf 74' lang='lat' dir='ltr'>Non</span> <span class='ocrx_word' id='word_1_162' title='bbox 1375 2031 1506 2086; x_wconf 89' lang='lat' dir='ltr'>ergo</span> <span class='ocrx_word' id='word_1_163' title='bbox 1565 2015 1722 2071; x_wconf 92' lang='lat' dir='ltr'>nobis</span> <span class='ocrx_word' id='word_1_164' title='bbox 1770 2032 1834 2070; x_wconf 94' lang='lat' dir='ltr'>eo</span> <span class='ocrx_word' id='word_1_165' title='bbox 1890 2026 2127 2088; x_wconf 87' lang='lat' dir='ltr'>tempore</span> 
     </span>
    </p>
   </div>
   <div class='ocr_carea' id='block_1_23' title="bbox 528 2101 2123 2175">
    <p class='ocr_par' dir='ltr' id='par_1_23' title="bbox 528 2101 2123 2175">
     <span class='ocr_line' id='line_1_23' title="bbox 528 2101 2123 2175; baseline 0.003 -19"><span class='ocrx_word' id='word_1_166' title='bbox 528 2101 895 2157; x_wconf 90' lang='lat' dir='ltr'>innotuerunt.</span> <span class='ocrx_word' id='word_1_167' title='bbox 930 2106 1174 2158; x_wconf 75' lang='lat' dir='ltr'>Attamen</span> <span class='ocrx_word' id='word_1_168' title='bbox 1205 2119 1310 2173; x_wconf 91' lang='lat' dir='ltr'>quo</span> <span class='ocrx_word' id='word_1_169' title='bbox 1338 2111 1444 2157; x_wconf 88' lang='lat' dir='ltr'>tam</span> <span class='ocrx_word' id='word_1_170' title='bbox 1471 2104 1751 2159; x_wconf 87' lang='lat' dir='ltr'>sollicitius</span> <span class='ocrx_word' id='word_1_171' title='bbox 1773 2113 1894 2160; x_wconf 90' lang='lat' dir='ltr'>sunt</span> <span class='ocrx_word' id='word_1_172' title='bbox 1914 2107 2123 2175; x_wconf 65' lang='lat' dir='ltr'>celata),</span> 
     </span>
    </p>
   </div>
   <div class='ocr_carea' id='block_1_24' title="bbox 527 2190 2126 2266">
    <p class='ocr_par' dir='ltr' id='par_1_24' title="bbox 527 2190 2126 2266">
     <span class='ocr_line' id='line_1_24' title="bbox 527 2190 2126 2266; baseline 0.003 -20"><span class='ocrx_word' id='word_1_173' title='bbox 527 2206 593 2246; x_wconf 88' lang='lat' dir='ltr'>eo</span> <span class='ocrx_word' id='word_1_174' title='bbox 621 2190 781 2245; x_wconf 90' lang='lat' dir='ltr'>latius</span> <span class='ocrx_word' id='word_1_175' title='bbox 807 2199 929 2263; x_wconf 89' lang='lat' dir='ltr'>post</span> <span class='ocrx_word' id='word_1_176' title='bbox 958 2192 1162 2262; x_wconf 88' lang='lat' dir='ltr'>aliquot</span> <span class='ocrx_word' id='word_1_177' title='bbox 1195 2193 1312 2248; x_wconf 90' lang='lat' dir='ltr'>dies</span> <span class='ocrx_word' id='word_1_178' title='bbox 1367 2202 1488 2248; x_wconf 91' lang='lat' dir='ltr'>sunt</span> <span class='ocrx_word' id='word_1_179' title='bbox 1542 2193 1864 2266; x_wconf 88' lang='lat' dir='ltr'>divulgatae.</span> <span class='ocrx_word' id='word_1_180' title='bbox 1935 2197 2126 2251; x_wconf 84' lang='lat' dir='ltr'>Verum</span> 
     </span>
    </p>
   </div>
   <div class='ocr_carea' id='block_1_25' title="bbox 529 2280 2129 2355">
    <p class='ocr_par' dir='ltr' id='par_1_25' title="bbox 529 2280 2129 2355">
     <span class='ocr_line' id='line_1_25' title="bbox 529 2280 2129 2355; baseline 0.004 -21"><span class='ocrx_word' id='word_1_181' title='bbox 529 2280 686 2335; x_wconf 88' lang='lat' dir='ltr'>lectis</span> <span class='ocrx_word' id='word_1_182' title='bbox 720 2288 882 2351; x_wconf 89' lang='lat' dir='ltr'>atque</span> <span class='ocrx_word' id='word_1_183' title='bbox 911 2281 1122 2337; x_wconf 81' lang='lat' dir='ltr'>reiectis</span> <span class='ocrx_word' id='word_1_184' title='bbox 1149 2297 1330 2336; x_wconf 87' lang='lat' dir='ltr'>coram</span> <span class='ocrx_word' id='word_1_185' title='bbox 1368 2282 1641 2348; x_wconf 89' lang='lat' dir='ltr'>omnibus,</span> <span class='ocrx_word' id='word_1_186' title='bbox 1693 2283 1934 2338; x_wconf 88' lang='lat' dir='ltr'>auditum</span> <span class='ocrx_word' id='word_1_187' title='bbox 1990 2301 2129 2355; x_wconf 78' lang='lat' dir='ltr'>pra:-</span> 
     </span>
    </p>
   </div>
   <div class='ocr_carea' id='block_1_26' title="bbox 531 2369 2128 2444">
    <p class='ocr_par' dir='ltr' id='par_1_26' title="bbox 531 2369 2128 2444">
     <span class='ocr_line' id='line_1_26' title="bbox 531 2369 2128 2444; baseline 0.004 -21"><span class='ocrx_word' id='word_1_188' title='bbox 531 2369 662 2424; x_wconf 90' lang='lat' dir='ltr'>bere</span> <span class='ocrx_word' id='word_1_189' title='bbox 689 2369 1015 2435; x_wconf 88' lang='lat' dir='ltr'>volentibus,</span> <span class='ocrx_word' id='word_1_190' title='bbox 1050 2369 1234 2424; x_wconf 88' lang='lat' dir='ltr'>litteris</span> <span class='ocrx_word' id='word_1_191' title='bbox 1262 2371 1522 2426; x_wconf 89' lang='lat' dir='ltr'>Anselmo</span> <span class='ocrx_word' id='word_1_192' title='bbox 1551 2370 1788 2438; x_wconf 80' lang='lat' dir='ltr'>directis,</span> <span class='ocrx_word' id='word_1_193' title='bbox 1822 2373 2128 2444; x_wconf 82' lang='lat' dir='ltr'>subjunxe-</span> 
     </span>
    </p>
   </div>
   <div class='ocr_carea' id='block_1_27' title="bbox 527 2457 2127 2529">
    <p class='ocr_par' dir='ltr' id='par_1_27' title="bbox 527 2457 2127 2529">
     <span class='ocr_line' id='line_1_27' title="bbox 527 2457 2127 2529; baseline 0.003 -17"><span class='ocrx_word' id='word_1_194' title='bbox 527 2465 651 2512; x_wconf 87' lang='lat' dir='ltr'>runt</span> <span class='ocrx_word' id='word_1_195' title='bbox 681 2457 942 2529; x_wconf 80' lang='lat' dir='ltr'>episcopi,</span> <span class='ocrx_word' id='word_1_196' title='bbox 977 2458 1067 2529; x_wconf 89' lang='lat' dir='ltr'>qui</span> <span class='ocrx_word' id='word_1_197' title='bbox 1097 2459 1268 2514; x_wconf 86' lang='lat' dir='ltr'>Roma</span> <span class='ocrx_word' id='word_1_198' title='bbox 1298 2469 1576 2528; x_wconf 77' lang='lat' dir='ltr'>venerant,</span> <span class='ocrx_word' id='word_1_199' title='bbox 1608 2477 1666 2516; x_wconf 87' lang='lat' dir='ltr'>se</span> <span class='ocrx_word' id='word_1_200' title='bbox 1695 2461 1802 2516; x_wconf 88' lang='lat' dir='ltr'>alia</span> <span class='ocrx_word' id='word_1_201' title='bbox 1844 2462 2029 2518; x_wconf 74' lang='lat' dir='ltr'>Romae</span> <span class='ocrx_word' id='word_1_202' title='bbox 2058 2463 2127 2518; x_wconf 90' lang='lat' dir='ltr'>ab</span> 
     </span>
    </p>
   </div>
   <div class='ocr_carea' id='block_1_28' title="bbox 531 2547 2126 2622">
    <p class='ocr_par' dir='ltr' id='par_1_28' title="bbox 531 2547 2126 2622">
     <span class='ocr_line' id='line_1_28' title="bbox 531 2547 2126 2622; baseline 0.003 -20"><span class='ocrx_word' id='word_1_203' title='bbox 531 2547 836 2617; x_wconf 86' lang='lat' dir='ltr'>apostolico</span> <span class='ocrx_word' id='word_1_204' title='bbox 865 2547 1047 2602; x_wconf 91' lang='lat' dir='ltr'>verbis</span> <span class='ocrx_word' id='word_1_205' title='bbox 1075 2549 1366 2618; x_wconf 85' lang='lat' dir='ltr'>accepisse,</span> <span class='ocrx_word' id='word_1_206' title='bbox 1400 2565 1562 2620; x_wconf 91' lang='lat' dir='ltr'>quam</span> <span class='ocrx_word' id='word_1_207' title='bbox 1603 2550 1794 2605; x_wconf 86' lang='lat' dir='ltr'>litterae</span> <span class='ocrx_word' id='word_1_208' title='bbox 1849 2551 1986 2622; x_wconf 79' lang='lat' dir='ltr'>ipsae</span> <span class='ocrx_word' id='word_1_209' title='bbox 2042 2552 2126 2606; x_wconf 85' lang='lat' dir='ltr'>vel</span> 
     </span>
    </p>
   </div>
   <div class='ocr_carea' id='block_1_29' title="bbox 529 2635 2125 2708">
    <p class='ocr_par' dir='ltr' id='par_1_29' title="bbox 529 2635 2125 2708">
     <span class='ocr_line' id='line_1_29' title="bbox 529 2635 2125 2708; baseline 0.002 -17"><span class='ocrx_word' id='word_1_210' title='bbox 529 2638 692 2691; x_wconf 80' lang='lat' dir='ltr'>etiam</span> <span class='ocrx_word' id='word_1_211' title='bbox 723 2635 829 2691; x_wconf 61' lang='lat' dir='ltr'>illa:</span> <span class='ocrx_word' id='word_1_212' title='bbox 861 2652 995 2705; x_wconf 88' lang='lat' dir='ltr'>quas</span> <span class='ocrx_word' id='word_1_213' title='bbox 1027 2639 1140 2708; x_wconf 88' lang='lat' dir='ltr'>regi</span> <span class='ocrx_word' id='word_1_214' title='bbox 1199 2637 1502 2692; x_wconf 88' lang='lat' dir='ltr'>detulerant</span> <span class='ocrx_word' id='word_1_215' title='bbox 1552 2639 1886 2694; x_wconf 87' lang='lat' dir='ltr'>continerent</span> <span class='ocrx_word' id='word_1_216' title='bbox 1941 2642 1996 2694; x_wconf 91' lang='lat' dir='ltr'>in</span> <span class='ocrx_word' id='word_1_217' title='bbox 2050 2656 2125 2694; x_wconf 92' lang='lat' dir='ltr'>sc.</span> 
     </span>
    </p>
   </div>
   <div class='ocr_carea' id='block_1_30' title="bbox 527 2725 2126 2798">
    <p class='ocr_par' dir='ltr' id='par_1_30' title="bbox 527 2725 2126 2798">
     <span class='ocr_line' id='line_1_30' title="bbox 527 2725 2126 2798; baseline 0.002 -17"><span class='ocrx_word' id='word_1_218' title='bbox 527 2725 905 2795; x_wconf 84' lang='lat' dir='ltr'>Requisitique</span> <span class='ocrx_word' id='word_1_219' title='bbox 933 2727 1218 2781; x_wconf 88' lang='lat' dir='ltr'>contestati</span> <span class='ocrx_word' id='word_1_220' title='bbox 1246 2735 1366 2781; x_wconf 91' lang='lat' dir='ltr'>sunt</span> <span class='ocrx_word' id='word_1_221' title='bbox 1419 2726 1473 2781; x_wconf 92' lang='lat' dir='ltr'>in</span> <span class='ocrx_word' id='word_1_222' title='bbox 1529 2727 1824 2797; x_wconf 86' lang='lat' dir='ltr'>episcopali</span> <span class='ocrx_word' id='word_1_223' title='bbox 1879 2730 2126 2798; x_wconf 90' lang='lat' dir='ltr'>veritate,</span> 
     </span>
    </p>
   </div>
   <div class='ocr_carea' id='block_1_31' title="bbox 523 2815 2126 2887">
    <p class='ocr_par' dir='ltr' id='par_1_31' title="bbox 523 2815 2126 2887">
     <span class='ocr_line' id='line_1_31' title="bbox 523 2815 2126 2887; baseline 0.001 -17"><span class='ocrx_word' id='word_1_224' title='bbox 523 2829 722 2885; x_wconf 86' lang='lat' dir='ltr'>papam</span> <span class='ocrx_word' id='word_1_225' title='bbox 757 2816 937 2884; x_wconf 90' lang='lat' dir='ltr'>ipsum</span> <span class='ocrx_word' id='word_1_226' title='bbox 969 2816 1085 2885; x_wconf 84' lang='lat' dir='ltr'>regi</span> <span class='ocrx_word' id='word_1_227' title='bbox 1121 2815 1303 2871; x_wconf 85' lang='lat' dir='ltr'>verbis</span> <span class='ocrx_word' id='word_1_228' title='bbox 1351 2816 1499 2885; x_wconf 90' lang='lat' dir='ltr'>puris</span> <span class='ocrx_word' id='word_1_229' title='bbox 1556 2816 1844 2871; x_wconf 88' lang='lat' dir='ltr'>mandasse</span> <span class='ocrx_word' id='word_1_230' title='bbox 1894 2834 1994 2887; x_wconf 91' lang='lat' dir='ltr'>per</span> <span class='ocrx_word' id='word_1_231' title='bbox 2048 2834 2126 2885; x_wconf 91' lang='lat' dir='ltr'>se,</span> 
     </span>
    </p>
   </div>
   <div class='ocr_carea' id='block_1_32' title="bbox 526 2898 2131 2973">
    <p class='ocr_par' dir='ltr' id='par_1_32' title="bbox 526 2898 2131 2973">
     <span class='ocr_line' id='line_1_32' title="bbox 526 2898 2131 2973; baseline 0.002 -20"><span class='ocrx_word' id='word_1_232' title='bbox 526 2898 826 2968; x_wconf 88' lang='lat' dir='ltr'>quoniam,</span> <span class='ocrx_word' id='word_1_233' title='bbox 888 2899 1125 2967; x_wconf 88' lang='lat' dir='ltr'>quandiu</span> <span class='ocrx_word' id='word_1_234' title='bbox 1182 2899 1236 2953; x_wconf 88' lang='lat' dir='ltr'>in</span> <span class='ocrx_word' id='word_1_235' title='bbox 1291 2900 1412 2953; x_wconf 87' lang='lat' dir='ltr'>aliis</span> <span class='ocrx_word' id='word_1_236' title='bbox 1468 2899 1630 2953; x_wconf 89' lang='lat' dir='ltr'>vitam</span> <span class='ocrx_word' id='word_1_237' title='bbox 1686 2901 1813 2955; x_wconf 91' lang='lat' dir='ltr'>boni</span> <span class='ocrx_word' id='word_1_238' title='bbox 1870 2902 2131 2973; x_wconf 77' lang='lat' dir='ltr'>principis</span> 
     </span>
    </p>
   </div>
   <div class='ocr_carea' id='block_1_33' title="bbox 529 2994 734 3059">
    <p class='ocr_par' dir='ltr' id='par_1_33' title="bbox 529 2994 734 3059">
     <span class='ocr_line' id='line_1_33' title="bbox 529 2994 734 3059; baseline -0.01 -17"><span class='ocrx_word' id='word_1_239' title='bbox 529 2994 734 3059; x_wconf 81' lang='lat' dir='ltr'>ageret,</span> 
     </span>
    </p>
   </div>
   <div class='ocr_carea' id='block_1_34' title="bbox 531 3075 2131 3140">
    <p class='ocr_par' dir='ltr' id='par_1_34' title="bbox 531 3075 2131 3140">
     <span class='ocr_line' id='line_1_34' title="bbox 531 3075 2131 3140; baseline 0.002 -10"><span class='ocrx_word' id='word_1_240' title='bbox 531 3076 684 3130; x_wconf 90' lang='lat' dir='ltr'>illum</span> <span class='ocrx_word' id='word_1_241' title='bbox 710 3075 996 3140; x_wconf 88' lang='lat' dir='ltr'>toleraret;</span> <span class='ocrx_word' id='word_1_242' title='bbox 1047 3093 1145 3131; x_wconf 92' lang='lat' dir='ltr'>nec</span> <span class='ocrx_word' id='word_1_243' title='bbox 1203 3093 1330 3130; x_wconf 90' lang='lat' dir='ltr'>eum</span> <span class='ocrx_word' id='word_1_244' title='bbox 1387 3078 1498 3132; x_wconf 91' lang='lat' dir='ltr'>ullo</span> <span class='ocrx_word' id='word_1_245' title='bbox 1555 3079 2131 3134; x_wconf 73' lang='lat' dir='ltr'>excommunicationis</span> 
     </span>
    </p>
   </div>
   <div class='ocr_carea' id='block_1_35' title="bbox 529 3165 2129 3238">
    <p class='ocr_par' dir='ltr' id='par_1_35' title="bbox 529 3165 2129 3238">
     <span class='ocr_line' id='line_1_35' title="bbox 529 3165 2129 3238; baseline 0.005 -23"><span class='ocrx_word' id='word_1_246' title='bbox 529 3165 750 3218; x_wconf 86' lang='lat' dir='ltr'>vinculo</span> <span class='ocrx_word' id='word_1_247' title='bbox 781 3172 1035 3232; x_wconf 89' lang='lat' dir='ltr'>necteret,</span> <span class='ocrx_word' id='word_1_248' title='bbox 1069 3165 1111 3218; x_wconf 89' lang='lat' dir='ltr'>si</span> <span class='ocrx_word' id='word_1_249' title='bbox 1155 3166 1438 3238; x_wconf 85' lang='lat' dir='ltr'>religiosas</span> <span class='ocrx_word' id='word_1_250' title='bbox 1495 3182 1753 3236; x_wconf 88' lang='lat' dir='ltr'>personas</span> <span class='ocrx_word' id='word_1_251' title='bbox 1809 3185 1907 3238; x_wconf 88' lang='lat' dir='ltr'>per</span> <span class='ocrx_word' id='word_1_252' title='bbox 1961 3169 2129 3224; x_wconf 83' lang='lat' dir='ltr'>datio-</span> 
     </span>
    </p>
   </div>
   <div class='ocr_carea' id='block_1_36' title="bbox 530 3254 2131 3324">
    <p class='ocr_par' dir='ltr' id='par_1_36' title="bbox 530 3254 2131 3324">
     <span class='ocr_line' id='line_1_36' title="bbox 530 3254 2131 3324; baseline 0.003 -17"><span class='ocrx_word' id='word_1_253' title='bbox 530 3268 655 3308; x_wconf 89' lang='lat' dir='ltr'>nem</span> <span class='ocrx_word' id='word_1_254' title='bbox 687 3254 856 3324; x_wconf 71' lang='lat' dir='ltr'>virga:</span> <span class='ocrx_word' id='word_1_255' title='bbox 887 3255 1173 3324; x_wconf 76' lang='lat' dir='ltr'>pastoralis</span> <span class='ocrx_word' id='word_1_256' title='bbox 1195 3255 1272 3308; x_wconf 90' lang='lat' dir='ltr'>eis</span> <span class='ocrx_word' id='word_1_257' title='bbox 1297 3255 1610 3319; x_wconf 85' lang='lat' dir='ltr'>investiret;</span> <span class='ocrx_word' id='word_1_258' title='bbox 1645 3273 1740 3310; x_wconf 87' lang='lat' dir='ltr'>cur</span> <span class='ocrx_word' id='word_1_259' title='bbox 1767 3266 1944 3312; x_wconf 88' lang='lat' dir='ltr'>autem</span> <span class='ocrx_word' id='word_1_260' title='bbox 1992 3259 2131 3314; x_wconf 88' lang='lat' dir='ltr'>hanc</span> 
     </span>
    </p>
   </div>
   <div class='ocr_carea' id='block_1_37' title="bbox 527 3342 2131 3417">
    <p class='ocr_par' dir='ltr' id='par_1_37' title="bbox 527 3342 2131 3417">
     <span class='ocr_line' id='line_1_37' title="bbox 527 3342 2131 3417; baseline 0.003 -20"><span class='ocrx_word' id='word_1_261' title='bbox 527 3342 661 3397; x_wconf 88' lang='lat' dir='ltr'>tanti</span> <span class='ocrx_word' id='word_1_262' title='bbox 696 3343 822 3398; x_wconf 86' lang='lat' dir='ltr'>doni</span> <span class='ocrx_word' id='word_1_263' title='bbox 855 3343 1175 3414; x_wconf 84' lang='lat' dir='ltr'>dignitatem</span> <span class='ocrx_word' id='word_1_264' title='bbox 1217 3343 1265 3398; x_wconf 91' lang='lat' dir='ltr'>ei</span> <span class='ocrx_word' id='word_1_265' title='bbox 1323 3359 1423 3415; x_wconf 92' lang='lat' dir='ltr'>per</span> <span class='ocrx_word' id='word_1_266' title='bbox 1478 3344 1678 3399; x_wconf 71' lang='lat' dir='ltr'>charta:</span> <span class='ocrx_word' id='word_1_267' title='bbox 1729 3345 2131 3417; x_wconf 88' lang='lat' dir='ltr'>inscriptionem</span> 
     </span>
    </p>
   </div>
   <div class='ocr_carea' id='block_1_38' title="bbox 531 3431 2130 3504">
    <p class='ocr_par' dir='ltr' id='par_1_38' title="bbox 531 3431 2130 3504">
     <span class='ocr_line' id='line_1_38' title="bbox 531 3431 2130 3504; baseline 0.003 -18"><span class='ocrx_word' id='word_1_268' title='bbox 531 3431 761 3487; x_wconf 84' lang='lat' dir='ltr'>noluerit</span> <span class='ocrx_word' id='word_1_269' title='bbox 794 3433 1073 3504; x_wconf 86' lang='lat' dir='ltr'>delegare,</span> <span class='ocrx_word' id='word_1_270' title='bbox 1106 3448 1223 3486; x_wconf 89' lang='lat' dir='ltr'>eam</span> <span class='ocrx_word' id='word_1_271' title='bbox 1256 3432 1505 3488; x_wconf 88' lang='lat' dir='ltr'>ferebant</span> <span class='ocrx_word' id='word_1_272' title='bbox 1533 3450 1750 3488; x_wconf 89' lang='lat' dir='ltr'>causam</span> <span class='ocrx_word' id='word_1_273' title='bbox 1781 3451 1915 3500; x_wconf 87' lang='lat' dir='ltr'>esse,</span> <span class='ocrx_word' id='word_1_274' title='bbox 1974 3438 2130 3492; x_wconf 85' lang='lat' dir='ltr'>vide-</span> 
     </span>
    </p>
   </div>
   <div class='ocr_carea' id='block_1_39' title="bbox 528 3520 2129 3596">
    <p class='ocr_par' dir='ltr' id='par_1_39' title="bbox 528 3520 2129 3596">
     <span class='ocr_line' id='line_1_39' title="bbox 528 3520 2129 3596; baseline 0.003 -21"><span class='ocrx_word' id='word_1_275' title='bbox 528 3520 671 3584; x_wconf 89' lang='lat' dir='ltr'>licet,</span> <span class='ocrx_word' id='word_1_276' title='bbox 694 3537 758 3574; x_wconf 89' lang='lat' dir='ltr'>ne</span> <span class='ocrx_word' id='word_1_277' title='bbox 786 3521 840 3573; x_wconf 90' lang='lat' dir='ltr'>in</span> <span class='ocrx_word' id='word_1_278' title='bbox 870 3521 1100 3574; x_wconf 88' lang='lat' dir='ltr'>aliorum</span> <span class='ocrx_word' id='word_1_279' title='bbox 1146 3521 1388 3575; x_wconf 88' lang='lat' dir='ltr'>notitiam</span> <span class='ocrx_word' id='word_1_280' title='bbox 1417 3523 1722 3592; x_wconf 89' lang='lat' dir='ltr'>principum</span> <span class='ocrx_word' id='word_1_281' title='bbox 1764 3525 1993 3594; x_wconf 90' lang='lat' dir='ltr'>prolata,</span> <span class='ocrx_word' id='word_1_282' title='bbox 2027 3527 2129 3596; x_wconf 86' lang='lat' dir='ltr'>ipsi</span> 
     </span>
    </p>
   </div>
   <div class='ocr_carea' id='block_1_40' title="bbox 533 3608 2130 3680">
    <p class='ocr_par' dir='ltr' id='par_1_40' title="bbox 533 3608 2130 3680">
     <span class='ocr_line' id='line_1_40' title="bbox 533 3608 2130 3680; baseline 0.006 -19"><span class='ocrx_word' id='word_1_283' title='bbox 533 3623 649 3662; x_wconf 90' lang='lat' dir='ltr'>eam</span> <span class='ocrx_word' id='word_1_284' title='bbox 683 3608 786 3662; x_wconf 88' lang='lat' dir='ltr'>sibi</span> <span class='ocrx_word' id='word_1_285' title='bbox 816 3618 1155 3678; x_wconf 83' lang='lat' dir='ltr'>usurparent,</span> <span class='ocrx_word' id='word_1_286' title='bbox 1206 3611 1438 3664; x_wconf 87' lang='lat' dir='ltr'>Romani</span> <span class='ocrx_word' id='word_1_287' title='bbox 1491 3611 1761 3680; x_wconf 88' lang='lat' dir='ltr'>pontificis</span> <span class='ocrx_word' id='word_1_288' title='bbox 1813 3615 2130 3670; x_wconf 87' lang='lat' dir='ltr'>auctoritate</span> 
     </span>
    </p>
   </div>
   <div class='ocr_carea' id='block_1_41' title="bbox 534 3697 2127 3769">
    <p class='ocr_par' dir='ltr' id='par_1_41' title="bbox 534 3697 2127 3769">
     <span class='ocr_line' id='line_1_41' title="bbox 534 3697 2127 3769; baseline 0.005 -19"><span class='ocrx_word' id='word_1_289' title='bbox 534 3703 867 3764; x_wconf 88' lang='lat' dir='ltr'>contempta.</span> <span class='ocrx_word' id='word_1_290' title='bbox 897 3697 980 3750; x_wconf 86' lang='lat' dir='ltr'>Ad</span> <span class='ocrx_word' id='word_1_291' title='bbox 1013 3697 1096 3750; x_wconf 72' lang='lat' dir='ltr'>hae</span> <span class='ocrx_word' id='word_1_292' title='bbox 1125 3713 1247 3750; x_wconf 90' lang='lat' dir='ltr'>cum</span> <span class='ocrx_word' id='word_1_293' title='bbox 1280 3699 1356 3766; x_wconf 91' lang='lat' dir='ltr'>hi,</span> <span class='ocrx_word' id='word_1_294' title='bbox 1417 3698 1507 3768; x_wconf 89' lang='lat' dir='ltr'>qui</span> <span class='ocrx_word' id='word_1_295' title='bbox 1565 3715 1631 3753; x_wconf 83' lang='lat' dir='ltr'>ex</span> <span class='ocrx_word' id='word_1_296' title='bbox 1685 3707 1836 3769; x_wconf 89' lang='lat' dir='ltr'>parte</span> <span class='ocrx_word' id='word_1_297' title='bbox 1887 3705 2127 3758; x_wconf 77' lang='lat' dir='ltr'>Anselmi</span> 
     </span>
    </p>
   </div>
   <div class='ocr_carea' id='block_1_42' title="bbox 530 3783 2128 3859">
    <p class='ocr_par' dir='ltr' id='par_1_42' title="bbox 530 3783 2128 3859">
     <span class='ocr_line' id='line_1_42' title="bbox 530 3783 2128 3859; baseline 0.007 -23"><span class='ocrx_word' id='word_1_298' title='bbox 530 3783 681 3836; x_wconf 86' lang='lat' dir='ltr'>missi</span> <span class='ocrx_word' id='word_1_299' title='bbox 715 3783 945 3850; x_wconf 85' lang='lat' dir='ltr'>fuerant,</span> <span class='ocrx_word' id='word_1_300' title='bbox 980 3784 1102 3839; x_wconf 89' lang='lat' dir='ltr'>viva</span> <span class='ocrx_word' id='word_1_301' title='bbox 1131 3799 1262 3840; x_wconf 87' lang='lat' dir='ltr'>voce</span> <span class='ocrx_word' id='word_1_302' title='bbox 1295 3793 1632 3856; x_wconf 87' lang='lat' dir='ltr'>testarentur,</span> <span class='ocrx_word' id='word_1_303' title='bbox 1665 3804 1862 3859; x_wconf 88' lang='lat' dir='ltr'>papam</span> <span class='ocrx_word' id='word_1_304' title='bbox 1894 3791 1966 3844; x_wconf 92' lang='lat' dir='ltr'>nil</span> <span class='ocrx_word' id='word_1_305' title='bbox 2011 3792 2128 3847; x_wconf 89' lang='lat' dir='ltr'>cui-</span> 
     </span>
    </p>
   </div>
   <div class='ocr_carea' id='block_1_43' title="bbox 525 3871 2123 3948">
    <p class='ocr_par' dir='ltr' id='par_1_43' title="bbox 525 3871 2123 3948">
     <span class='ocr_line' id='line_1_43' title="bbox 525 3871 2123 3948; baseline 0.006 -22"><span class='ocrx_word' id='word_1_306' title='bbox 525 3871 658 3926; x_wconf 89' lang='lat' dir='ltr'>libet</span> <span class='ocrx_word' id='word_1_307' title='bbox 689 3871 872 3926; x_wconf 88' lang='lat' dir='ltr'>verbis</span> <span class='ocrx_word' id='word_1_308' title='bbox 901 3873 1205 3939; x_wconf 86' lang='lat' dir='ltr'>mandasse,</span> <span class='ocrx_word' id='word_1_309' title='bbox 1240 3874 1383 3944; x_wconf 90' lang='lat' dir='ltr'>quod</span> <span class='ocrx_word' id='word_1_310' title='bbox 1413 3875 1602 3930; x_wconf 85' lang='lat' dir='ltr'>litteris</span> <span class='ocrx_word' id='word_1_311' title='bbox 1631 3876 1967 3948; x_wconf 88' lang='lat' dir='ltr'>aliquatenus</span> <span class='ocrx_word' id='word_1_312' title='bbox 2023 3883 2123 3936; x_wconf 89' lang='lat' dir='ltr'>ad-</span> 
     </span>
    </p>
   </div>
   <div class='ocr_carea' id='block_1_44' title="bbox 524 3961 2126 4034">
    <p class='ocr_par' dir='ltr' id='par_1_44' title="bbox 524 3961 2126 4034">
     <span class='ocr_line' id='line_1_44' title="bbox 524 3961 2126 4034; baseline 0.006 -20"><span class='ocrx_word' id='word_1_313' title='bbox 524 3961 1195 4030; x_wconf 82' lang='lat' dir='ltr'>versaretur;objecerunt</span> <span class='ocrx_word' id='word_1_314' title='bbox 1225 3964 1488 4034; x_wconf 92' lang='lat' dir='ltr'>episcopi,</span> <span class='ocrx_word' id='word_1_315' title='bbox 1548 3981 1611 4020; x_wconf 93' lang='lat' dir='ltr'>se</span> <span class='ocrx_word' id='word_1_316' title='bbox 1663 3966 1805 4022; x_wconf 89' lang='lat' dir='ltr'>clam</span> <span class='ocrx_word' id='word_1_317' title='bbox 1861 3967 1967 4024; x_wconf 90' lang='lat' dir='ltr'>illis</span> <span class='ocrx_word' id='word_1_318' title='bbox 2021 3970 2126 4024; x_wconf 88' lang='lat' dir='ltr'>alia</span> 
     </span>
    </p>
   </div>
   <div class='ocr_carea' id='block_1_45' title="bbox 521 4049 2123 4123">
    <p class='ocr_par' dir='ltr' id='par_1_45' title="bbox 521 4049 2123 4123">
     <span class='ocr_line' id='line_1_45' title="bbox 521 4049 2123 4123; baseline 0.005 -18"><span class='ocrx_word' id='word_1_319' title='bbox 521 4049 718 4121; x_wconf 84' lang='lat' dir='ltr'>egisse,</span> <span class='ocrx_word' id='word_1_320' title='bbox 752 4050 936 4121; x_wconf 87' lang='lat' dir='ltr'>palam</span> <span class='ocrx_word' id='word_1_321' title='bbox 973 4051 1098 4105; x_wconf 90' lang='lat' dir='ltr'>alia.</span> <span class='ocrx_word' id='word_1_322' title='bbox 1133 4051 1288 4120; x_wconf 89' lang='lat' dir='ltr'>Quod</span> <span class='ocrx_word' id='word_1_323' title='bbox 1316 4053 1625 4109; x_wconf 83' lang='lat' dir='ltr'>Baldwinus</span> <span class='ocrx_word' id='word_1_324' title='bbox 1652 4056 1894 4123; x_wconf 89' lang='lat' dir='ltr'>audiens,</span> <span class='ocrx_word' id='word_1_325' title='bbox 1946 4066 1998 4113; x_wconf 91' lang='lat' dir='ltr'>et</span> <span class='ocrx_word' id='word_1_326' title='bbox 2035 4057 2123 4113; x_wconf 90' lang='lat' dir='ltr'>in-</span> 
     </span>
    </p>
   </div>
   <div class='ocr_carea' id='block_1_46' title="bbox 519 4138 2124 4218">
    <p class='ocr_par' dir='ltr' id='par_1_46' title="bbox 519 4138 2124 4218">
     <span class='ocr_line' id='line_1_46' title="bbox 519 4138 2124 4218; baseline 0.006 -25"><span class='ocrx_word' id='word_1_327' title='bbox 519 4138 718 4194; x_wconf 85' lang='lat' dir='ltr'>famem</span> <span class='ocrx_word' id='word_1_328' title='bbox 752 4141 1067 4210; x_wconf 70' lang='lat' dir='ltr'>apostolicaa</span> <span class='ocrx_word' id='word_1_329' title='bbox 1097 4141 1242 4196; x_wconf 86' lang='lat' dir='ltr'>sedis</span> <span class='ocrx_word' id='word_1_330' title='bbox 1272 4142 1706 4215; x_wconf 86' lang='lat' dir='ltr'>inconstantiam,</span> <span class='ocrx_word' id='word_1_331' title='bbox 1741 4162 1862 4218; x_wconf 74' lang='lat' dir='ltr'>quze</span> <span class='ocrx_word' id='word_1_332' title='bbox 1893 4147 2124 4202; x_wconf 87' lang='lat' dir='ltr'>notaba-</span> 
     </span>
    </p>
   </div>
   <div class='ocr_carea' id='block_1_47' title="bbox 522 4229 2121 4305">
    <p class='ocr_par' dir='ltr' id='par_1_47' title="bbox 522 4229 2121 4305">
     <span class='ocr_line' id='line_1_47' title="bbox 522 4229 2121 4305; baseline 0.006 -24"><span class='ocrx_word' id='word_1_333' title='bbox 522 4237 622 4296; x_wconf 92' lang='lat' dir='ltr'>tur,</span> <span class='ocrx_word' id='word_1_334' title='bbox 651 4229 916 4284; x_wconf 88' lang='lat' dir='ltr'>sustinere</span> <span class='ocrx_word' id='word_1_335' title='bbox 963 4245 1071 4284; x_wconf 88' lang='lat' dir='ltr'>non</span> <span class='ocrx_word' id='word_1_336' title='bbox 1129 4231 1338 4298; x_wconf 91' lang='lat' dir='ltr'>valens,</span> <span class='ocrx_word' id='word_1_337' title='bbox 1400 4247 1514 4298; x_wconf 88' lang='lat' dir='ltr'>eos,</span> <span class='ocrx_word' id='word_1_338' title='bbox 1575 4233 1713 4288; x_wconf 91' lang='lat' dir='ltr'>sicut</span> <span class='ocrx_word' id='word_1_339' title='bbox 1763 4244 1879 4288; x_wconf 90' lang='lat' dir='ltr'>erat</span> <span class='ocrx_word' id='word_1_340' title='bbox 1933 4235 2121 4305; x_wconf 88' lang='lat' dir='ltr'>spiritu</span> 
     </span>
    </p>
   </div>
   <div class='ocr_carea' id='block_1_48' title="bbox 521 4318 2120 4386">
    <p class='ocr_par' dir='ltr' id='par_1_48' title="bbox 521 4318 2120 4386">
     <span class='ocr_line' id='line_1_48' title="bbox 521 4318 2120 4386; baseline 0.005 -15"><span class='ocrx_word' id='word_1_341' title='bbox 521 4319 756 4384; x_wconf 79' lang='lat' dir='ltr'>fervens,</span> <span class='ocrx_word' id='word_1_342' title='bbox 791 4328 840 4374; x_wconf 87' lang='lat' dir='ltr'>et</span> <span class='ocrx_word' id='word_1_343' title='bbox 874 4318 997 4371; x_wconf 85' lang='lat' dir='ltr'>boni</span> <span class='ocrx_word' id='word_1_344' title='bbox 1051 4335 1258 4386; x_wconf 87' lang='lat' dir='ltr'>amans,</span> <span class='ocrx_word' id='word_1_345' title='bbox 1319 4321 1561 4375; x_wconf 87' lang='lat' dir='ltr'>nonnihil</span> <span class='ocrx_word' id='word_1_346' title='bbox 1618 4323 1780 4376; x_wconf 90' lang='lat' dir='ltr'>etiam</span> <span class='ocrx_word' id='word_1_347' title='bbox 1836 4323 1888 4377; x_wconf 92' lang='lat' dir='ltr'>in</span> <span class='ocrx_word' id='word_1_348' title='bbox 1933 4324 2120 4380; x_wconf 89' lang='lat' dir='ltr'>istius-</span> 
     </span>
    </p>
   </div>
   <div class='ocr_carea' id='block_1_49' title="bbox 520 4407 2122 4484">
    <p class='ocr_par' dir='ltr' id='par_1_49' title="bbox 520 4407 2122 4484">
     <span class='ocr_line' id='line_1_49' title="bbox 520 4407 2122 4484; baseline 0.006 -24"><span class='ocrx_word' id='word_1_349' title='bbox 520 4408 674 4462; x_wconf 89' lang='lat' dir='ltr'>modi</span> <span class='ocrx_word' id='word_1_350' title='bbox 705 4407 868 4461; x_wconf 86' lang='lat' dir='ltr'>dictis</span> <span class='ocrx_word' id='word_1_351' title='bbox 896 4416 1085 4462; x_wconf 90' lang='lat' dir='ltr'>contra</span> <span class='ocrx_word' id='word_1_352' title='bbox 1140 4407 1302 4462; x_wconf 80' lang='lat' dir='ltr'>fidem</span> <span class='ocrx_word' id='word_1_353' title='bbox 1362 4417 1413 4462; x_wconf 88' lang='lat' dir='ltr'>et.</span> <span class='ocrx_word' id='word_1_354' title='bbox 1468 4421 1824 4478; x_wconf 84' lang='lat' dir='ltr'>sacramenta,</span> <span class='ocrx_word' id='word_1_355' title='bbox 1887 4430 2007 4484; x_wconf 85' lang='lat' dir='ltr'>quae</span> <span class='ocrx_word' id='word_1_356' title='bbox 2063 4430 2122 4470; x_wconf 86' lang='lat' dir='ltr'>se</span> 
     </span>
    </p>
   </div>
   <div class='ocr_carea' id='block_1_50' title="bbox 809 2987 2134 3060">
    <p class='ocr_par' dir='ltr' id='par_1_50' title="bbox 809 2987 2134 3060">
     <span class='ocr_line' id='line_1_50' title="bbox 809 2987 2134 3060; baseline 0.003 -20"><span class='ocrx_word' id='word_1_357' title='bbox 809 2987 880 3041; x_wconf 89' lang='lat' dir='ltr'>de</span> <span class='ocrx_word' id='word_1_358' title='bbox 937 2987 1300 3042; x_wconf 82' lang='lat' dir='ltr'>Ecclesiarum</span> <span class='ocrx_word' id='word_1_359' title='bbox 1374 2988 1706 3043; x_wconf 86' lang='lat' dir='ltr'>investituris</span> <span class='ocrx_word' id='word_1_360' title='bbox 1763 2991 2134 3060; x_wconf 42' lang='lat' dir='ltr'>aequanimiter</span> 
     </span>
    </p>
   </div>
   <div class='ocr_carea' id='block_1_51' title="bbox 2159 3129 2209 3193">
    <p class='ocr_par' dir='ltr' id='par_1_51' title="bbox 2159 3129 2209 3193">
     <span class='ocr_line' id='line_1_51' title="bbox 2159 3129 2209 3193; baseline 0 0"><span class='ocrx_word' id='word_1_361' title='bbox 2159 3129 2209 3193; x_wconf 92' lang='lat' dir='ltr'>C</span> 
     </span>
    </p>
   </div>
   <div class='ocr_carea' id='block_1_52' title="bbox 2239 504 3827 576">
    <p class='ocr_par' dir='ltr' id='par_1_52' title="bbox 2239 504 3827 576">
     <span class='ocr_line' id='line_1_52' title="bbox 2239 504 3827 576; baseline 0.003 -19"><span class='ocrx_word' id='word_1_362' title='bbox 2239 504 2470 574; x_wconf 83' lang='lat' dir='ltr'>ficesque</span> <span class='ocrx_word' id='word_1_363' title='bbox 2503 505 2639 559; x_wconf 91' lang='lat' dir='ltr'>duos</span> <span class='ocrx_word' id='word_1_364' title='bbox 2672 506 2892 573; x_wconf 89' lang='lat' dir='ltr'>majoris</span> <span class='ocrx_word' id='word_1_365' title='bbox 2924 505 3215 560; x_wconf 89' lang='lat' dir='ltr'>testimonii</span> <span class='ocrx_word' id='word_1_366' title='bbox 3249 521 3414 576; x_wconf 90' lang='lat' dir='ltr'>quam</span> <span class='ocrx_word' id='word_1_367' title='bbox 3441 514 3487 560; x_wconf 92' lang='lat' dir='ltr'>te</span> <span class='ocrx_word' id='word_1_368' title='bbox 3519 522 3628 562; x_wconf 88' lang='lat' dir='ltr'>esse</span> <span class='ocrx_word' id='word_1_369' title='bbox 3679 506 3827 576; x_wconf 88' lang='lat' dir='ltr'>judi-</span> 
     </span>
    </p>
   </div>
   <div class='ocr_carea' id='block_1_53' title="bbox 2238 593 3828 663">
    <p class='ocr_par' dir='ltr' id='par_1_53' title="bbox 2238 593 3828 663">
     <span class='ocr_line' id='line_1_53' title="bbox 2238 593 3828 663; baseline 0.002 -15"><span class='ocrx_word' id='word_1_370' title='bbox 2238 608 2441 648; x_wconf 88' lang='lat' dir='ltr'>cemus.</span> <span class='ocrx_word' id='word_1_371' title='bbox 2500 624 2571 632; x_wconf 97' lang='lat'><strong><em>—</em></strong></span> <span class='ocrx_word' id='word_1_372' title='bbox 2628 594 2692 647; x_wconf 87' lang='lat' dir='ltr'>Et</span> <span class='ocrx_word' id='word_1_373' title='bbox 2749 594 2816 649; x_wconf 91' lang='lat' dir='ltr'>de</span> <span class='ocrx_word' id='word_1_374' title='bbox 2876 594 3212 660; x_wconf 88' lang='lat' dir='ltr'>litterarum,</span> <span class='ocrx_word' id='word_1_375' title='bbox 3265 593 3470 663; x_wconf 91' lang='lat' dir='ltr'>inquit,</span> <span class='ocrx_word' id='word_1_376' title='bbox 3531 595 3828 651; x_wconf 90' lang='lat' dir='ltr'>testimonio</span> 
     </span>
    </p>
   </div>
   <div class='ocr_carea' id='block_1_54' title="bbox 2239 681 3829 752">
    <p class='ocr_par' dir='ltr' id='par_1_54' title="bbox 2239 681 3829 752">
     <span class='ocr_line' id='line_1_54' title="bbox 2239 681 3829 752; baseline 0.003 -18"><span class='ocrx_word' id='word_1_377' title='bbox 2239 681 2367 751; x_wconf 87' lang='lat' dir='ltr'>quid</span> <span class='ocrx_word' id='word_1_378' title='bbox 2391 683 2418 736; x_wconf 65' lang='grc' dir='ltr'><strong>ἱ)</strong></span> <span class='ocrx_word' id='word_1_379' title='bbox 2453 707 2472 729; x_wconf 82' lang='grc' dir='ltr'><strong><em>υ</em></strong></span> <span class='ocrx_word' id='word_1_380' title='bbox 2500 682 2920 752; x_wconf 86' lang='lat' dir='ltr'>Responderunt</span> <span class='ocrx_word' id='word_1_381' title='bbox 2946 701 2958 736; x_wconf 92' lang='lat'>:</span> <span class='ocrx_word' id='word_1_382' title='bbox 2989 707 3006 728; x_wconf 83' lang='grc'>‹‹</span> <span class='ocrx_word' id='word_1_383' title='bbox 3035 682 3421 736; x_wconf 87' lang='lat' dir='ltr'>Testimonium</span> <span class='ocrx_word' id='word_1_384' title='bbox 3444 684 3829 738; x_wconf 90' lang='lat' dir='ltr'>monachorum</span> 
     </span>
    </p>
   </div>
   <div class='ocr_carea' id='block_1_55' title="bbox 2237 771 3828 842">
    <p class='ocr_par' dir='ltr' id='par_1_55' title="bbox 2237 771 3828 842">
     <span class='ocr_line' id='line_1_55' title="bbox 2237 771 3828 842; baseline 0.001 -16"><span class='ocrx_word' id='word_1_385' title='bbox 2237 779 2429 826; x_wconf 89' lang='lat' dir='ltr'>contra</span> <span class='ocrx_word' id='word_1_386' title='bbox 2460 772 2745 841; x_wconf 81' lang='lat' dir='ltr'>episcOpos</span> <span class='ocrx_word' id='word_1_387' title='bbox 2775 787 2882 825; x_wconf 90' lang='lat' dir='ltr'>non</span> <span class='ocrx_word' id='word_1_388' title='bbox 2913 771 3223 842; x_wconf 88' lang='lat' dir='ltr'>recipimus,</span> <span class='ocrx_word' id='word_1_389' title='bbox 3259 779 3310 826; x_wconf 88' lang='lat' dir='ltr'>et</span> <span class='ocrx_word' id='word_1_390' title='bbox 3349 772 3522 826; x_wconf 65' lang='lat' dir='ltr'>ovinaz</span> <span class='ocrx_word' id='word_1_391' title='bbox 3553 771 3707 842; x_wconf 88' lang='lat' dir='ltr'>pellis</span> <span class='ocrx_word' id='word_1_392' title='bbox 3743 789 3828 828; x_wconf 90' lang='lat' dir='ltr'>re-</span> 
     </span>
    </p>
   </div>
   <div class='ocr_carea' id='block_1_56' title="bbox 2238 859 3824 932">
    <p class='ocr_par' dir='ltr' id='par_1_56' title="bbox 2238 859 3824 932">
     <span class='ocr_line' id='line_1_56' title="bbox 2238 859 3824 932; baseline 0.001 -18"><span class='ocrx_word' id='word_1_393' title='bbox 2238 861 2572 930; x_wconf 75' lang='lat' dir='ltr'>cipiremus‘l</span> <span class='ocrx_word' id='word_1_394' title='bbox 2599 861 2710 926; x_wconf 82' lang='lat' dir='ltr'>Vae,</span> <span class='ocrx_word' id='word_1_395' title='bbox 2745 876 2847 927; x_wconf 84' lang='lat' dir='ltr'>vae,</span> <span class='ocrx_word' id='word_1_396' title='bbox 2873 860 3042 925; x_wconf 87' lang='lat' dir='ltr'>aiunt,</span> <span class='ocrx_word' id='word_1_397' title='bbox 3077 860 3148 914; x_wconf 87' lang='lat' dir='ltr'>ad</span> <span class='ocrx_word' id='word_1_398' title='bbox 3178 860 3284 914; x_wconf 89' lang='lat' dir='ltr'>ista</span> <span class='ocrx_word' id='word_1_399' title='bbox 3313 859 3540 932; x_wconf 91' lang='lat' dir='ltr'>quilibet</span> <span class='ocrx_word' id='word_1_400' title='bbox 3569 860 3824 932; x_wconf 87' lang='lat' dir='ltr'>religiosi,</span> 
     </span>
    </p>
   </div>
   <div class='ocr_carea' id='block_1_57' title="bbox 2241 949 3826 1020">
    <p class='ocr_par' dir='ltr' id='par_1_57' title="bbox 2241 949 3826 1020">
     <span class='ocr_line' id='line_1_57' title="bbox 2241 949 3826 1020; baseline 0.002 -19"><span class='ocrx_word' id='word_1_401' title='bbox 2241 965 2419 1003; x_wconf 89' lang='lat' dir='ltr'>nonne</span> <span class='ocrx_word' id='word_1_402' title='bbox 2451 957 2503 1002; x_wconf 90' lang='lat' dir='ltr'>et</span> <span class='ocrx_word' id='word_1_403' title='bbox 2533 949 2827 1019; x_wconf 85' lang='lat' dir='ltr'>Evangelia</span> <span class='ocrx_word' id='word_1_404' title='bbox 2859 949 3098 1020; x_wconf 88' lang='lat' dir='ltr'>pellibus</span> <span class='ocrx_word' id='word_1_405' title='bbox 3129 949 3308 1003; x_wconf 89' lang='lat' dir='ltr'>ovinis</span> <span class='ocrx_word' id='word_1_406' title='bbox 3357 949 3757 1003; x_wconf 78' lang='lat' dir='ltr'>inscribuntur?</span> <span class='ocrx_word' id='word_1_407' title='bbox 3785 949 3826 1005; x_wconf 96' lang='grc' dir='ltr'><strong>Ο</strong></span> 
     </span>
    </p>
   </div>
   <div class='ocr_carea' id='block_1_58' title="bbox 2237 1036 3826 1105">
    <p class='ocr_par' dir='ltr' id='par_1_58' title="bbox 2237 1036 3826 1105">
     <span class='ocr_line' id='line_1_58' title="bbox 2237 1036 3826 1105; baseline 0.001 -15"><span class='ocrx_word' id='word_1_408' title='bbox 2237 1037 2363 1092; x_wconf 88' lang='lat' dir='ltr'>hinc</span> <span class='ocrx_word' id='word_1_409' title='bbox 2393 1036 2683 1091; x_wconf 86' lang='lat' dir='ltr'>simultatis</span> <span class='ocrx_word' id='word_1_410' title='bbox 2715 1038 2927 1092; x_wconf 87' lang='lat' dir='ltr'>detecta</span> <span class='ocrx_word' id='word_1_411' title='bbox 2957 1037 3206 1092; x_wconf 85' lang='lat' dir='ltr'>confusio</span> <span class='ocrx_word' id='word_1_412' title='bbox 3243 1039 3253 1090; x_wconf 84' lang='lat' dir='ltr'>l</span> <span class='ocrx_word' id='word_1_413' title='bbox 3291 1060 3311 1084; x_wconf 76' lang='grc' dir='ltr'>η</span> <span class='ocrx_word' id='word_1_414' title='bbox 3350 1036 3490 1105; x_wconf 86' lang='lat' dir='ltr'>Quid</span> <span class='ocrx_word' id='word_1_415' title='bbox 3523 1037 3576 1091; x_wconf 91' lang='lat' dir='ltr'>in</span> <span class='ocrx_word' id='word_1_416' title='bbox 3622 1038 3705 1092; x_wconf 87' lang='lat' dir='ltr'>his</span> <span class='ocrx_word' id='word_1_417' title='bbox 3732 1041 3826 1092; x_wconf 79' lang='lat' dir='ltr'>An-</span> 
     </span>
    </p>
   </div>
   <div class='ocr_carea' id='block_1_59' title="bbox 2237 1125 3826 1196">
    <p class='ocr_par' dir='ltr' id='par_1_59' title="bbox 2237 1125 3826 1196">
     <span class='ocr_line' id='line_1_59' title="bbox 2237 1125 3826 1196; baseline 0 -16"><span class='ocrx_word' id='word_1_418' title='bbox 2237 1127 2439 1180; x_wconf 90' lang='lat' dir='ltr'>selmus</span> <span class='ocrx_word' id='word_1_419' title='bbox 2471 1134 2682 1196; x_wconf 87' lang='lat' dir='ltr'>ageret,</span> <span class='ocrx_word' id='word_1_420' title='bbox 2717 1127 2860 1196; x_wconf 91' lang='lat' dir='ltr'>quod</span> <span class='ocrx_word' id='word_1_421' title='bbox 2892 1143 2951 1181; x_wconf 88' lang='lat' dir='ltr'>se</span> <span class='ocrx_word' id='word_1_422' title='bbox 2984 1134 3237 1192; x_wconf 85' lang='lat' dir='ltr'>verteret,</span> <span class='ocrx_word' id='word_1_423' title='bbox 3271 1125 3583 1196; x_wconf 88' lang='lat' dir='ltr'>aliquandiu</span> <span class='ocrx_word' id='word_1_424' title='bbox 3625 1126 3826 1181; x_wconf 85' lang='lat' dir='ltr'>dubita-</span> 
     </span>
    </p>
   </div>
   <div class='ocr_carea' id='block_1_60' title="bbox 2237 1215 3828 1286">
    <p class='ocr_par' dir='ltr' id='par_1_60' title="bbox 2237 1215 3828 1286">
     <span class='ocr_line' id='line_1_60' title="bbox 2237 1215 3828 1286; baseline 0 -16"><span class='ocrx_word' id='word_1_425' title='bbox 2237 1218 2338 1271; x_wconf 86' lang='lat' dir='ltr'>vit.</span> <span class='ocrx_word' id='word_1_426' title='bbox 2378 1216 2559 1270; x_wconf 87' lang='lat' dir='ltr'>Grave</span> <span class='ocrx_word' id='word_1_427' title='bbox 2590 1217 2793 1286; x_wconf 87' lang='lat' dir='ltr'>quippe</span> <span class='ocrx_word' id='word_1_428' title='bbox 2839 1215 3108 1285; x_wconf 88' lang='lat' dir='ltr'>judicavit</span> <span class='ocrx_word' id='word_1_429' title='bbox 3148 1215 3645 1286; x_wconf 90' lang='lat' dir='ltr'>quomodocunque</span> <span class='ocrx_word' id='word_1_430' title='bbox 3665 1222 3828 1272; x_wconf 85' lang='lat' dir='ltr'>osten-</span> 
     </span>
    </p>
   </div>
   <div class='ocr_carea' id='block_1_61' title="bbox 2237 1301 3826 1375">
    <p class='ocr_par' dir='ltr' id='par_1_61' title="bbox 2237 1301 3826 1375">
     <span class='ocr_line' id='line_1_61' title="bbox 2237 1301 3826 1375; baseline 0.001 -17"><span class='ocrx_word' id='word_1_431' title='bbox 2237 1305 2382 1370; x_wconf 90' lang='lat' dir='ltr'>dere,</span> <span class='ocrx_word' id='word_1_432' title='bbox 2419 1301 2578 1359; x_wconf 86' lang='lat' dir='ltr'>ﬁdem</span> <span class='ocrx_word' id='word_1_433' title='bbox 2611 1321 2670 1360; x_wconf 91' lang='lat' dir='ltr'>se</span> <span class='ocrx_word' id='word_1_434' title='bbox 2700 1303 2896 1359; x_wconf 88' lang='lat' dir='ltr'>litteris</span> <span class='ocrx_word' id='word_1_435' title='bbox 2925 1304 3241 1375; x_wconf 89' lang='lat' dir='ltr'>apostolicis</span> <span class='ocrx_word' id='word_1_436' title='bbox 3270 1320 3380 1360; x_wconf 92' lang='lat' dir='ltr'>non</span> <span class='ocrx_word' id='word_1_437' title='bbox 3409 1304 3646 1369; x_wconf 87' lang='lat' dir='ltr'>habere;</span> <span class='ocrx_word' id='word_1_438' title='bbox 3677 1310 3728 1360; x_wconf 90' lang='lat' dir='ltr'>et</span> <span class='ocrx_word' id='word_1_439' title='bbox 3755 1304 3826 1360; x_wconf 90' lang='lat' dir='ltr'>fo-</span> 
     </span>
    </p>
   </div>
   <div class='ocr_carea' id='block_1_62' title="bbox 2237 1393 3826 1466">
    <p class='ocr_par' dir='ltr' id='par_1_62' title="bbox 2237 1393 3826 1466">
     <span class='ocr_line' id='line_1_62' title="bbox 2237 1393 3826 1466; baseline 0 -18"><span class='ocrx_word' id='word_1_440' title='bbox 2237 1394 2420 1448; x_wconf 91' lang='lat' dir='ltr'>mitem</span> <span class='ocrx_word' id='word_1_441' title='bbox 2451 1393 2634 1466; x_wconf 87' lang='lat' dir='ltr'>gravis</span> <span class='ocrx_word' id='word_1_442' title='bbox 2667 1393 2908 1450; x_wconf 77' lang='lat' dir='ltr'>scandali</span> <span class='ocrx_word' id='word_1_443' title='bbox 2954 1393 3087 1449; x_wconf 91' lang='lat' dir='ltr'>vidit</span> <span class='ocrx_word' id='word_1_444' title='bbox 3135 1409 3275 1461; x_wconf 91' lang='lat' dir='ltr'>esse,</span> <span class='ocrx_word' id='word_1_445' title='bbox 3335 1393 3505 1449; x_wconf 87' lang='lat' dir='ltr'>verba</span> <span class='ocrx_word' id='word_1_446' title='bbox 3563 1400 3826 1448; x_wconf 86' lang='lat' dir='ltr'>tantarum</span> 
     </span>
    </p>
   </div>
   <div class='ocr_carea' id='block_1_63' title="bbox 2237 1481 3826 1554">
    <p class='ocr_par' dir='ltr' id='par_1_63' title="bbox 2237 1481 3826 1554">
     <span class='ocr_line' id='line_1_63' title="bbox 2237 1481 3826 1554; baseline 0 -16"><span class='ocrx_word' id='word_1_447' title='bbox 2237 1499 2614 1554; x_wconf 90' lang='lat' dir='ltr'>personarum,</span> <span class='ocrx_word' id='word_1_448' title='bbox 2649 1483 2704 1537; x_wconf 92' lang='lat' dir='ltr'>in</span> <span class='ocrx_word' id='word_1_449' title='bbox 2751 1483 3044 1554; x_wconf 85' lang='lat' dir='ltr'>episcOpali</span> <span class='ocrx_word' id='word_1_450' title='bbox 3105 1485 3331 1539; x_wconf 86' lang='lat' dir='ltr'>veritate</span> <span class='ocrx_word' id='word_1_451' title='bbox 3389 1481 3480 1538; x_wconf 89' lang='lat' dir='ltr'>illa</span> <span class='ocrx_word' id='word_1_452' title='bbox 3536 1497 3668 1538; x_wconf 91' lang='lat' dir='ltr'>vera</span> <span class='ocrx_word' id='word_1_453' title='bbox 3720 1498 3826 1538; x_wconf 86' lang='lat' dir='ltr'>esse</span> 
     </span>
    </p>
   </div>
   <div class='ocr_carea' id='block_1_64' title="bbox 2236 1571 3826 1638">
    <p class='ocr_par' dir='ltr' id='par_1_64' title="bbox 2236 1571 3826 1638">
     <span class='ocr_line' id='line_1_64' title="bbox 2236 1571 3826 1638; baseline -0.001 -10"><span class='ocrx_word' id='word_1_454' title='bbox 2236 1573 2673 1638; x_wconf 89' lang='lat' dir='ltr'>contestantium,</span> <span class='ocrx_word' id='word_1_455' title='bbox 2706 1573 2941 1628; x_wconf 87' lang='lat' dir='ltr'>adversa</span> <span class='ocrx_word' id='word_1_456' title='bbox 2971 1572 3145 1629; x_wconf 83' lang='lat' dir='ltr'>fronte</span> <span class='ocrx_word' id='word_1_457' title='bbox 3169 1571 3442 1628; x_wconf 83' lang='lat' dir='ltr'>refellere.</span> <span class='ocrx_word' id='word_1_458' title='bbox 3487 1571 3690 1628; x_wconf 78' lang='lat' dir='ltr'>Textus</span> <span class='ocrx_word' id='word_1_459' title='bbox 3741 1585 3826 1627; x_wconf 84' lang='lat' dir='ltr'>au-</span> 
     </span>
    </p>
   </div>
   <div class='ocr_carea' id='block_1_65' title="bbox 2237 1661 2945 1717">
    <p class='ocr_par' dir='ltr' id='par_1_65' title="bbox 2237 1661 2945 1717">
     <span class='ocr_line' id='line_1_65' title="bbox 2237 1661 2945 1717; baseline -0.001 -1"><span class='ocrx_word' id='word_1_460' title='bbox 2237 1665 2347 1716; x_wconf 85' lang='lat' dir='ltr'>tem</span> <span class='ocrx_word' id='word_1_461' title='bbox 2372 1661 2668 1717; x_wconf 90' lang='lat' dir='ltr'>litterarum</span> <span class='ocrx_word' id='word_1_462' title='bbox 2699 1661 2788 1717; x_wconf 92' lang='lat' dir='ltr'>hic</span> <span class='ocrx_word' id='word_1_463' title='bbox 2817 1669 2900 1716; x_wconf 89' lang='lat' dir='ltr'>est</span> <span class='ocrx_word' id='word_1_464' title='bbox 2933 1677 2945 1715; x_wconf 93' lang='lat'>:</span> 
     </span>
    </p>
   </div>
   <div class='ocr_carea' id='block_1_66' title="bbox 2316 1749 3827 1821">
    <p class='ocr_par' dir='ltr' id='par_1_66' title="bbox 2316 1749 3827 1821">
     <span class='ocr_line' id='line_1_66' title="bbox 2316 1749 3827 1821; baseline -0.001 -15"><span class='ocrx_word' id='word_1_465' title='bbox 2316 1775 2336 1798; x_wconf 84' lang='grc'>‹‹</span> <span class='ocrx_word' id='word_1_466' title='bbox 2375 1749 2649 1807; x_wconf 86' lang='lat' dir='ltr'>Paschalis</span> <span class='ocrx_word' id='word_1_467' title='bbox 2678 1751 2989 1821; x_wconf 87' lang='lat' dir='ltr'>episcopus,</span> <span class='ocrx_word' id='word_1_468' title='bbox 3013 1766 3198 1807; x_wconf 86' lang='lat' dir='ltr'>servus</span> <span class='ocrx_word' id='word_1_469' title='bbox 3229 1766 3510 1808; x_wconf 88' lang='lat' dir='ltr'>servorum</span> <span class='ocrx_word' id='word_1_470' title='bbox 3540 1749 3662 1817; x_wconf 92' lang='lat' dir='ltr'>Dei,</span> <span class='ocrx_word' id='word_1_471' title='bbox 3683 1765 3827 1808; x_wconf 77' lang='lat' dir='ltr'>vene~</span> 
     </span>
    </p>
   </div>
   <div class='ocr_carea' id='block_1_67' title="bbox 2239 1837 3820 1910">
    <p class='ocr_par' dir='ltr' id='par_1_67' title="bbox 2239 1837 3820 1910">
     <span class='ocr_line' id='line_1_67' title="bbox 2239 1837 3820 1910; baseline 0 -16"><span class='ocrx_word' id='word_1_472' title='bbox 2239 1839 2393 1894; x_wconf 87' lang='lat' dir='ltr'>rabili</span> <span class='ocrx_word' id='word_1_473' title='bbox 2432 1839 2586 1894; x_wconf 87' lang='lat' dir='ltr'>fratri</span> <span class='ocrx_word' id='word_1_474' title='bbox 2641 1839 2918 1909; x_wconf 82' lang='lat' dir='ltr'>Anselmo,</span> <span class='ocrx_word' id='word_1_475' title='bbox 2979 1839 3356 1896; x_wconf 88' lang='lat' dir='ltr'>Cantuariensi</span> <span class='ocrx_word' id='word_1_476' title='bbox 3403 1837 3820 1910; x_wconf 83' lang='lat' dir='ltr'>archiepiscopo,</span> 
     </span>
    </p>
   </div>
   <div class='ocr_carea' id='block_1_68' title="bbox 2237 1929 3407 2000">
    <p class='ocr_par' dir='ltr' id='par_1_68' title="bbox 2237 1929 3407 2000">
     <span class='ocr_line' id='line_1_68' title="bbox 2237 1929 3407 2000; baseline -0.001 -17"><span class='ocrx_word' id='word_1_477' title='bbox 2237 1930 2464 1984; x_wconf 87' lang='lat' dir='ltr'>salutem</span> <span class='ocrx_word' id='word_1_478' title='bbox 2497 1932 2551 1984; x_wconf 83' lang='lat' dir='ltr'>et</span> <span class='ocrx_word' id='word_1_479' title='bbox 2581 1929 2934 2000; x_wconf 89' lang='lat' dir='ltr'>apostolicam</span> <span class='ocrx_word' id='word_1_480' title='bbox 2953 1929 3407 1985; x_wconf 88' lang='lat' dir='ltr'>benedictionem.</span> 
     </span>
    </p>
   </div>
   <div class='ocr_carea' id='block_1_69' title="bbox 2311 2015 3819 2086">
    <p class='ocr_par' dir='ltr' id='par_1_69' title="bbox 2311 2015 3819 2086">
     <span class='ocr_line' id='line_1_69' title="bbox 2311 2015 3819 2086; baseline -0.001 -14"><span class='ocrx_word' id='word_1_481' title='bbox 2311 2041 2332 2066; x_wconf 87' lang='grc'><strong><em>‹‹</em></strong></span> <span class='ocrx_word' id='word_1_482' title='bbox 2383 2018 2674 2086; x_wconf 74' lang='lat' dir='ltr'>Adversus,</span> <span class='ocrx_word' id='word_1_483' title='bbox 2741 2042 2762 2066; x_wconf 75' lang='grc' dir='ltr'><strong>ιι</strong></span> <span class='ocrx_word' id='word_1_484' title='bbox 2823 2028 2926 2075; x_wconf 91' lang='lat' dir='ltr'>etc.</span> <span class='ocrx_word' id='word_1_485' title='bbox 2977 2020 3099 2076; x_wconf 77' lang='lat' dir='ltr'>Vide</span> <span class='ocrx_word' id='word_1_486' title='bbox 3129 2019 3190 2074; x_wconf 80' lang='lat' dir='ltr'>in</span> <span class='ocrx_word' id='word_1_487' title='bbox 3224 2018 3485 2075; x_wconf 74' lang='lat' dir='ltr'>Paschalt&#39;</span> <span class='ocrx_word' id='word_1_488' title='bbox 3517 2015 3571 2074; x_wconf 86' lang='lat' dir='ltr'><strong><em>II</em></strong></span> <span class='ocrx_word' id='word_1_489' title='bbox 3611 2017 3682 2072; x_wconf 88' lang='lat' dir='ltr'>ad</span> <span class='ocrx_word' id='word_1_490' title='bbox 3732 2033 3819 2072; x_wconf 85' lang='lat' dir='ltr'>an.</span> 
     </span>
    </p>
   </div>
   <div class='ocr_carea' id='block_1_70' title="bbox 2241 2109 2394 2165">
    <p class='ocr_par' dir='ltr' id='par_1_70' title="bbox 2241 2109 2394 2165">
     <span class='ocr_line' id='line_1_70' title="bbox 2241 2109 2394 2165; baseline -0.007 0"><span class='ocrx_word' id='word_1_491' title='bbox 2241 2109 2394 2165; x_wconf 89' lang='lat'><strong>1118.</strong></span> 
     </span>
    </p>
   </div>
   <div class='ocr_carea' id='block_1_71' title="bbox 2313 2196 3819 2271">
    <p class='ocr_par' dir='ltr' id='par_1_71' title="bbox 2313 2196 3819 2271">
     <span class='ocr_line' id='line_1_71' title="bbox 2313 2196 3819 2271; baseline -0.004 -16"><span class='ocrx_word' id='word_1_492' title='bbox 2313 2223 2333 2248; x_wconf 77' lang='grc' dir='ltr'>α</span> <span class='ocrx_word' id='word_1_493' title='bbox 2371 2202 2484 2255; x_wconf 86' lang='lat' dir='ltr'>Rex</span> <span class='ocrx_word' id='word_1_494' title='bbox 2514 2200 2699 2271; x_wconf 87' lang='lat' dir='ltr'>itaque</span> <span class='ocrx_word' id='word_1_495' title='bbox 2729 2215 2797 2254; x_wconf 83' lang='lat' dir='ltr'>ex</span> <span class='ocrx_word' id='word_1_496' title='bbox 2828 2198 2912 2253; x_wconf 86' lang='lat' dir='ltr'>his</span> <span class='ocrx_word' id='word_1_497' title='bbox 2942 2215 3062 2269; x_wconf 76' lang='lat' dir='ltr'>quae</span> <span class='ocrx_word' id='word_1_498' title='bbox 3092 2196 3332 2270; x_wconf 88' lang='lat' dir='ltr'>episcopi</span> <span class='ocrx_word' id='word_1_499' title='bbox 3362 2197 3636 2268; x_wconf 88' lang='lat' dir='ltr'>dicebant,</span> <span class='ocrx_word' id='word_1_500' title='bbox 3665 2196 3716 2250; x_wconf 88' lang='lat' dir='ltr'>in</span> <span class='ocrx_word' id='word_1_501' title='bbox 3736 2211 3819 2250; x_wconf 85' lang='lat' dir='ltr'>sua</span> 
     </span>
    </p>
   </div>
   <div class='ocr_carea' id='block_1_72' title="bbox 2237 2286 3818 2345">
    <p class='ocr_par' dir='ltr' id='par_1_72' title="bbox 2237 2286 3818 2345">
     <span class='ocr_line' id='line_1_72' title="bbox 2237 2286 3818 2345; baseline -0.002 -3"><span class='ocrx_word' id='word_1_502' title='bbox 2237 2289 2503 2345; x_wconf 87' lang='lat' dir='ltr'>sententia</span> <span class='ocrx_word' id='word_1_503' title='bbox 2558 2288 2860 2344; x_wconf 87' lang='lat' dir='ltr'>animosior</span> <span class='ocrx_word' id='word_1_504' title='bbox 2893 2289 3067 2344; x_wconf 89' lang='lat' dir='ltr'>factus</span> <span class='ocrx_word' id='word_1_505' title='bbox 3097 2294 3413 2344; x_wconf 90' lang='lat' dir='ltr'>constanter</span> <span class='ocrx_word' id='word_1_506' title='bbox 3442 2286 3687 2341; x_wconf 90' lang='lat' dir='ltr'>insistere</span> <span class='ocrx_word' id='word_1_507' title='bbox 3720 2300 3818 2340; x_wconf 67' lang='lat' dir='ltr'>ca:-</span> 
     </span>
    </p>
   </div>
   <div class='ocr_carea' id='block_1_73' title="bbox 2235 2373 3823 2448">
    <p class='ocr_par' dir='ltr' id='par_1_73' title="bbox 2235 2373 3823 2448">
     <span class='ocr_line' id='line_1_73' title="bbox 2235 2373 3823 2448; baseline -0.004 -16"><span class='ocrx_word' id='word_1_508' title='bbox 2235 2379 2336 2448; x_wconf 89' lang='lat' dir='ltr'>pit,</span> <span class='ocrx_word' id='word_1_509' title='bbox 2373 2378 2677 2433; x_wconf 89' lang='lat' dir='ltr'>faventibus</span> <span class='ocrx_word' id='word_1_510' title='bbox 2707 2377 2868 2432; x_wconf 83' lang='lat' dir='ltr'>simul</span> <span class='ocrx_word' id='word_1_511' title='bbox 2897 2379 2952 2432; x_wconf 89' lang='lat' dir='ltr'>et</span> <span class='ocrx_word' id='word_1_512' title='bbox 3000 2377 3350 2432; x_wconf 88' lang='lat' dir='ltr'>incitantibus</span> <span class='ocrx_word' id='word_1_513' title='bbox 3392 2392 3514 2431; x_wconf 90' lang='lat' dir='ltr'>eum</span> <span class='ocrx_word' id='word_1_514' title='bbox 3576 2373 3823 2446; x_wconf 83' lang='lat' dir='ltr'>episcopis</span> 
     </span>
    </p>
   </div>
   <div class='ocr_carea' id='block_1_74' title="bbox 2237 2461 3824 2539">
    <p class='ocr_par' dir='ltr' id='par_1_74' title="bbox 2237 2461 3824 2539">
     <span class='ocr_line' id='line_1_74' title="bbox 2237 2461 3824 2539; baseline -0.003 -18"><span class='ocrx_word' id='word_1_515' title='bbox 2237 2467 2499 2539; x_wconf 86' lang='lat' dir='ltr'>regnique</span> <span class='ocrx_word' id='word_1_516' title='bbox 2525 2466 2842 2538; x_wconf 89' lang='lat' dir='ltr'>proceribus</span> <span class='ocrx_word' id='word_1_517' title='bbox 2873 2473 3140 2536; x_wconf 88' lang='lat' dir='ltr'>quatenus</span> <span class='ocrx_word' id='word_1_518' title='bbox 3162 2465 3279 2519; x_wconf 90' lang='lat' dir='ltr'>sine</span> <span class='ocrx_word' id='word_1_519' title='bbox 3307 2463 3685 2521; x_wconf 88' lang='lat' dir='ltr'>retractatione</span> <span class='ocrx_word' id='word_1_520' title='bbox 3736 2461 3824 2516; x_wconf 89' lang='lat' dir='ltr'>sibi</span> 
     </span>
    </p>
   </div>
   <div class='ocr_carea' id='block_1_75' title="bbox 2237 2552 3824 2625">
    <p class='ocr_par' dir='ltr' id='par_1_75' title="bbox 2237 2552 3824 2625">
     <span class='ocr_line' id='line_1_75' title="bbox 2237 2552 3824 2625; baseline -0.003 -15"><span class='ocrx_word' id='word_1_521' title='bbox 2237 2557 2522 2612; x_wconf 78' lang='lat' dir='ltr'>Anselmus</span> <span class='ocrx_word' id='word_1_522' title='bbox 2552 2556 2852 2612; x_wconf 90' lang='lat' dir='ltr'>bominium</span> <span class='ocrx_word' id='word_1_523' title='bbox 2883 2556 3101 2621; x_wconf 86' lang='lat' dir='ltr'>faceret,</span> <span class='ocrx_word' id='word_1_524' title='bbox 3136 2562 3189 2610; x_wconf 93' lang='lat' dir='ltr'>et</span> <span class='ocrx_word' id='word_1_525' title='bbox 3217 2569 3311 2610; x_wconf 89' lang='lat' dir='ltr'>eos</span> <span class='ocrx_word' id='word_1_526' title='bbox 3342 2553 3537 2625; x_wconf 90' lang='lat' dir='ltr'>quibus</span> <span class='ocrx_word' id='word_1_527' title='bbox 3569 2569 3632 2608; x_wconf 89' lang='lat' dir='ltr'>se</span> <span class='ocrx_word' id='word_1_528' title='bbox 3685 2552 3824 2606; x_wconf 87' lang='lat' dir='ltr'>datu-</span> 
     </span>
    </p>
   </div>
   <div class='ocr_carea' id='block_1_76' title="bbox 2235 2643 3824 2716">
    <p class='ocr_par' dir='ltr' id='par_1_76' title="bbox 2235 2643 3824 2716">
     <span class='ocr_line' id='line_1_76' title="bbox 2235 2643 3824 2716; baseline -0.004 -16"><span class='ocrx_word' id='word_1_529' title='bbox 2235 2661 2355 2700; x_wconf 84' lang='lat' dir='ltr'>rum</span> <span class='ocrx_word' id='word_1_530' title='bbox 2405 2645 2649 2716; x_wconf 87' lang='lat' dir='ltr'>protinus</span> <span class='ocrx_word' id='word_1_531' title='bbox 2707 2645 3054 2716; x_wconf 89' lang='lat' dir='ltr'>episc0patus</span> <span class='ocrx_word' id='word_1_532' title='bbox 3111 2643 3344 2709; x_wconf 91' lang='lat' dir='ltr'>dicebat,</span> <span class='ocrx_word' id='word_1_533' title='bbox 3405 2650 3824 2699; x_wconf 85' lang='lat' dir='ltr'>consecraturum</span> 
     </span>
    </p>
   </div>
   <div class='ocr_carea' id='block_1_77' title="bbox 2237 2732 3824 2805">
    <p class='ocr_par' dir='ltr' id='par_1_77' title="bbox 2237 2732 3824 2805">
     <span class='ocr_line' id='line_1_77' title="bbox 2237 2732 3824 2805; baseline -0.004 -15"><span class='ocrx_word' id='word_1_534' title='bbox 2237 2735 2556 2805; x_wconf 86' lang='lat' dir='ltr'>sponderet,</span> <span class='ocrx_word' id='word_1_535' title='bbox 2589 2741 2803 2792; x_wconf 88' lang='lat' dir='ltr'>servata</span> <span class='ocrx_word' id='word_1_536' title='bbox 2825 2734 2880 2787; x_wconf 90' lang='lat' dir='ltr'>in</span> <span class='ocrx_word' id='word_1_537' title='bbox 2901 2732 3156 2788; x_wconf 90' lang='lat' dir='ltr'>omnibus</span> <span class='ocrx_word' id='word_1_538' title='bbox 3179 2740 3596 2788; x_wconf 87' lang='lat' dir='ltr'>antecessorum</span> <span class='ocrx_word' id='word_1_539' title='bbox 3618 2744 3824 2787; x_wconf 85' lang='lat' dir='ltr'>consue-</span> 
     </span>
    </p>
   </div>
   <div class='ocr_carea' id='block_1_78' title="bbox 2238 2819 3822 2889">
    <p class='ocr_par' dir='ltr' id='par_1_78' title="bbox 2238 2819 3822 2889">
     <span class='ocr_line' id='line_1_78' title="bbox 2238 2819 3822 2889; baseline -0.005 -9"><span class='ocrx_word' id='word_1_540' title='bbox 2238 2825 2438 2880; x_wconf 90' lang='lat' dir='ltr'>tudine.</span> <span class='ocrx_word' id='word_1_541' title='bbox 2479 2846 2498 2870; x_wconf 76' lang='grc' dir='ltr'><em>η</em></span> <span class='ocrx_word' id='word_1_542' title='bbox 2525 2825 2672 2878; x_wconf 88' lang='lat' dir='ltr'>Tune</span> <span class='ocrx_word' id='word_1_543' title='bbox 2692 2823 2782 2878; x_wconf 92' lang='lat' dir='ltr'>ille</span> <span class='ocrx_word' id='word_1_544' title='bbox 2816 2840 2828 2877; x_wconf 89' lang='lat'>:</span> <span class='ocrx_word' id='word_1_545' title='bbox 2868 2845 2888 2868; x_wconf 75' lang='grc' dir='ltr'>(ι</span> <span class='ocrx_word' id='word_1_546' title='bbox 2923 2822 2978 2877; x_wconf 91' lang='lat' dir='ltr'>Si</span> <span class='ocrx_word' id='word_1_547' title='bbox 3010 2837 3254 2887; x_wconf 86' lang='lat' dir='ltr'>suorum,</span> <span class='ocrx_word' id='word_1_548' title='bbox 3287 2820 3445 2889; x_wconf 78' lang='lat' dir='ltr'>dixit,</span> <span class='ocrx_word' id='word_1_549' title='bbox 3484 2819 3670 2876; x_wconf 89' lang='lat' dir='ltr'>verbis</span> <span class='ocrx_word' id='word_1_550' title='bbox 3722 2819 3822 2889; x_wconf 86' lang='lat' dir='ltr'>epi-</span> 
     </span>
    </p>
   </div>
   <div class='ocr_carea' id='block_1_79' title="bbox 2241 2907 3823 2984">
    <p class='ocr_par' dir='ltr' id='par_1_79' title="bbox 2241 2907 3823 2984">
     <span class='ocr_line' id='line_1_79' title="bbox 2241 2907 3823 2984; baseline -0.003 -17"><span class='ocrx_word' id='word_1_551' title='bbox 2241 2929 2526 2984; x_wconf 90' lang='lat' dir='ltr'>scoporum</span> <span class='ocrx_word' id='word_1_552' title='bbox 2575 2913 2764 2967; x_wconf 67' lang='lat' dir='ltr'>litterm</span> <span class='ocrx_word' id='word_1_553' title='bbox 2820 2910 3242 2980; x_wconf 86' lang='lat' dir='ltr'>concordarent,</span> <span class='ocrx_word' id='word_1_554' title='bbox 3304 2909 3579 2966; x_wconf 90' lang='lat' dir='ltr'>intellecta</span> <span class='ocrx_word' id='word_1_555' title='bbox 3633 2907 3823 2964; x_wconf 88' lang='lat' dir='ltr'>ratione</span> 
     </span>
    </p>
   </div>
   <div class='ocr_carea' id='block_1_80' title="bbox 2241 2995 3823 3073">
    <p class='ocr_par' dir='ltr' id='par_1_80' title="bbox 2241 2995 3823 3073">
     <span class='ocr_line' id='line_1_80' title="bbox 2241 2995 3823 3073; baseline -0.003 -18"><span class='ocrx_word' id='word_1_556' title='bbox 2241 3001 2426 3057; x_wconf 87' lang='lat' dir='ltr'>forsan</span> <span class='ocrx_word' id='word_1_557' title='bbox 2457 3001 2604 3073; x_wconf 91' lang='lat' dir='ltr'>quod</span> <span class='ocrx_word' id='word_1_558' title='bbox 2635 3001 2805 3072; x_wconf 86' lang='lat' dir='ltr'>exigit</span> <span class='ocrx_word' id='word_1_559' title='bbox 2835 3000 3102 3056; x_wconf 86' lang='lat' dir='ltr'>facerem.</span> <span class='ocrx_word' id='word_1_560' title='bbox 3142 3001 3300 3054; x_wconf 88' lang='lat' dir='ltr'>Nunc</span> <span class='ocrx_word' id='word_1_561' title='bbox 3330 3007 3526 3065; x_wconf 90' lang='lat' dir='ltr'>autem,</span> <span class='ocrx_word' id='word_1_562' title='bbox 3566 3015 3632 3054; x_wconf 90' lang='lat' dir='ltr'>ne</span> <span class='ocrx_word' id='word_1_563' title='bbox 3653 2999 3704 3052; x_wconf 91' lang='lat' dir='ltr'>in</span> <span class='ocrx_word' id='word_1_564' title='bbox 3722 2995 3823 3051; x_wconf 91' lang='lat' dir='ltr'>ullo</span> 
     </span>
    </p>
   </div>
   <div class='ocr_carea' id='block_1_81' title="bbox 2238 3085 3826 3161">
    <p class='ocr_par' dir='ltr' id='par_1_81' title="bbox 2238 3085 3826 3161">
     <span class='ocr_line' id='line_1_81' title="bbox 2238 3085 3826 3161; baseline -0.003 -17"><span class='ocrx_word' id='word_1_565' title='bbox 2238 3090 2502 3161; x_wconf 90' lang='lat' dir='ltr'>decipiar,</span> <span class='ocrx_word' id='word_1_566' title='bbox 2536 3090 2760 3145; x_wconf 90' lang='lat' dir='ltr'>electius</span> <span class='ocrx_word' id='word_1_567' title='bbox 2788 3091 3002 3144; x_wconf 87' lang='lat' dir='ltr'>videtur</span> <span class='ocrx_word' id='word_1_568' title='bbox 3028 3091 3334 3144; x_wconf 86' lang='lat' dir='ltr'>Romanum</span> <span class='ocrx_word' id='word_1_569' title='bbox 3364 3104 3526 3158; x_wconf 90' lang='lat' dir='ltr'>super</span> <span class='ocrx_word' id='word_1_570' title='bbox 3554 3088 3641 3142; x_wconf 89' lang='lat' dir='ltr'>his</span> <span class='ocrx_word' id='word_1_571' title='bbox 3667 3085 3826 3158; x_wconf 86' lang='lat' dir='ltr'>ponti-</span> 
     </span>
    </p>
   </div>
   <div class='ocr_carea' id='block_1_82' title="bbox 2238 3175 3822 3250">
    <p class='ocr_par' dir='ltr' id='par_1_82' title="bbox 2238 3175 3822 3250">
     <span class='ocr_line' id='line_1_82' title="bbox 2238 3175 3822 3250; baseline -0.006 -15"><span class='ocrx_word' id='word_1_572' title='bbox 2238 3181 2392 3235; x_wconf 84' lang='lat' dir='ltr'>ﬁcem</span> <span class='ocrx_word' id='word_1_573' title='bbox 2426 3179 2710 3236; x_wconf 85' lang='lat' dir='ltr'>consulere</span> <span class='ocrx_word' id='word_1_574' title='bbox 2741 3195 2901 3250; x_wconf 91' lang='lat' dir='ltr'>quam</span> <span class='ocrx_word' id='word_1_575' title='bbox 2933 3179 2987 3233; x_wconf 91' lang='lat' dir='ltr'>in</span> <span class='ocrx_word' id='word_1_576' title='bbox 3018 3195 3075 3233; x_wconf 92' lang='lat' dir='ltr'>re</span> <span class='ocrx_word' id='word_1_577' title='bbox 3105 3187 3214 3233; x_wconf 84' lang='lat' dir='ltr'>tam</span> <span class='ocrx_word' id='word_1_578' title='bbox 3238 3178 3495 3250; x_wconf 86' lang='lat' dir='ltr'>ambigua</span> <span class='ocrx_word' id='word_1_579' title='bbox 3515 3175 3822 3235; x_wconf 89' lang='lat' dir='ltr'>sententiam</span> 
     </span>
    </p>
   </div>
   <div class='ocr_carea' id='block_1_83' title="bbox 2238 3261 3826 3342">
    <p class='ocr_par' dir='ltr' id='par_1_83' title="bbox 2238 3261 3826 3342">
     <span class='ocr_line' id='line_1_83' title="bbox 2238 3261 3826 3342; baseline -0.003 -19"><span class='ocrx_word' id='word_1_580' title='bbox 2238 3269 2596 3342; x_wconf 85' lang='lat' dir='ltr'>praecipitare.</span> <span class='ocrx_word' id='word_1_581' title='bbox 2634 3294 2655 3318; x_wconf 79' lang='grc' dir='ltr'><strong>υ</strong></span> <span class='ocrx_word' id='word_1_582' title='bbox 2691 3270 2772 3323; x_wconf 81' lang='lat' dir='ltr'>Ad</span> <span class='ocrx_word' id='word_1_583' title='bbox 2804 3285 2945 3338; x_wconf 72' lang='lat' dir='ltr'>qum,</span> <span class='ocrx_word' id='word_1_584' title='bbox 2979 3268 3067 3339; x_wconf 95' lang='lat' dir='ltr'>qui</span> <span class='ocrx_word' id='word_1_585' title='bbox 3098 3269 3272 3324; x_wconf 89' lang='lat' dir='ltr'>Roma</span> <span class='ocrx_word' id='word_1_586' title='bbox 3303 3275 3564 3324; x_wconf 88' lang='lat' dir='ltr'>venerant</span> <span class='ocrx_word' id='word_1_587' title='bbox 3598 3261 3826 3336; x_wconf 89' lang='lat' dir='ltr'>episcopi</span> 
     </span>
    </p>
   </div>
   <div class='ocr_carea' id='block_1_84' title="bbox 2237 3351 3828 3429">
    <p class='ocr_par' dir='ltr' id='par_1_84' title="bbox 2237 3351 3828 3429">
     <span class='ocr_line' id='line_1_84' title="bbox 2237 3351 3828 3429; baseline -0.004 -16"><span class='ocrx_word' id='word_1_588' title='bbox 2237 3359 2612 3429; x_wconf 86' lang='lat' dir='ltr'>respondere:</span> <span class='ocrx_word' id='word_1_589' title='bbox 2653 3382 2674 3406; x_wconf 87' lang='grc'>‹‹</span> <span class='ocrx_word' id='word_1_590' title='bbox 2711 3357 2844 3426; x_wconf 66' lang='lat' dir='ltr'>Quae</span> <span class='ocrx_word' id='word_1_591' title='bbox 2893 3357 3131 3411; x_wconf 75' lang='lat' dir='ltr'>diximus</span> <span class='ocrx_word' id='word_1_592' title='bbox 3186 3355 3438 3422; x_wconf 89' lang='lat' dir='ltr'>dicimus,</span> <span class='ocrx_word' id='word_1_593' title='bbox 3485 3373 3610 3426; x_wconf 73' lang='lat' dir='ltr'>qua:</span> <span class='ocrx_word' id='word_1_594' title='bbox 3670 3351 3828 3409; x_wconf 87' lang='lat' dir='ltr'>testati</span> 
     </span>
    </p>
   </div>
   <div class='ocr_carea' id='block_1_85' title="bbox 2239 3442 3827 3516">
    <p class='ocr_par' dir='ltr' id='par_1_85' title="bbox 2239 3442 3827 3516">
     <span class='ocr_line' id='line_1_85' title="bbox 2239 3442 3827 3516; baseline -0.003 -13"><span class='ocrx_word' id='word_1_595' title='bbox 2239 3464 2426 3503; x_wconf 86' lang='lat' dir='ltr'>sumus</span> <span class='ocrx_word' id='word_1_596' title='bbox 2452 3447 2855 3515; x_wconf 85' lang='lat' dir='ltr'>conﬁrmamus,</span> <span class='ocrx_word' id='word_1_597' title='bbox 2889 3447 3054 3516; x_wconf 91' lang='lat' dir='ltr'>inque</span> <span class='ocrx_word' id='word_1_598' title='bbox 3092 3447 3174 3500; x_wconf 91' lang='lat' dir='ltr'>his</span> <span class='ocrx_word' id='word_1_599' title='bbox 3229 3445 3484 3501; x_wconf 88' lang='lat' dir='ltr'>omnibus</span> <span class='ocrx_word' id='word_1_600' title='bbox 3531 3442 3827 3516; x_wconf 71' lang='lat' dir='ltr'>apostolica:</span> 
     </span>
    </p>
   </div>
   <div class='ocr_carea' id='block_1_86' title="bbox 2239 3533 3822 3605">
    <p class='ocr_par' dir='ltr' id='par_1_86' title="bbox 2239 3533 3822 3605">
     <span class='ocr_line' id='line_1_86' title="bbox 2239 3533 3822 3605; baseline -0.006 -13"><span class='ocrx_word' id='word_1_601' title='bbox 2239 3538 2382 3592; x_wconf 90' lang='lat' dir='ltr'>sedis</span> <span class='ocrx_word' id='word_1_602' title='bbox 2411 3536 2798 3604; x_wconf 89' lang='lat' dir='ltr'>testimonium,</span> <span class='ocrx_word' id='word_1_603' title='bbox 2832 3536 2876 3590; x_wconf 90' lang='lat' dir='ltr'>si</span> <span class='ocrx_word' id='word_1_604' title='bbox 2908 3535 3063 3590; x_wconf 92' lang='lat' dir='ltr'>nobis</span> <span class='ocrx_word' id='word_1_605' title='bbox 3094 3551 3199 3590; x_wconf 91' lang='lat' dir='ltr'>non</span> <span class='ocrx_word' id='word_1_606' title='bbox 3233 3533 3432 3601; x_wconf 90' lang='lat' dir='ltr'>credis,</span> <span class='ocrx_word' id='word_1_607' title='bbox 3477 3535 3822 3605; x_wconf 89' lang='lat' dir='ltr'>appellamus.</span> 
     </span>
    </p>
   </div>
   <div class='ocr_carea' id='block_1_87' title="bbox 2239 3613 3826 3698">
    <p class='ocr_par' dir='ltr' id='par_1_87' title="bbox 2239 3613 3826 3698">
     <span class='ocr_line' id='line_1_87' title="bbox 2239 3613 3826 3698; baseline -0.004 -16"><span class='ocrx_word' id='word_1_608' title='bbox 2239 3628 2412 3698; x_wconf 90' lang='lat' dir='ltr'>Super</span> <span class='ocrx_word' id='word_1_609' title='bbox 2435 3628 2551 3682; x_wconf 66' lang='lat' dir='ltr'>hinc</span> <span class='ocrx_word' id='word_1_610' title='bbox 2582 3641 2800 3697; x_wconf 87' lang='lat' dir='ltr'>quoque</span> <span class='ocrx_word' id='word_1_611' title='bbox 2828 3625 2921 3680; x_wconf 91' lang='lat' dir='ltr'>tibi</span> <span class='ocrx_word' id='word_1_612' title='bbox 2951 3641 3018 3680; x_wconf 77' lang='lat' dir='ltr'>ex</span> <span class='ocrx_word' id='word_1_613' title='bbox 3064 3632 3212 3696; x_wconf 88' lang='lat' dir='ltr'>parte</span> <span class='ocrx_word' id='word_1_614' title='bbox 3250 3623 3455 3679; x_wconf 89' lang='lat' dir='ltr'>domini</span> <span class='ocrx_word' id='word_1_615' title='bbox 3513 3639 3692 3695; x_wconf 66' lang='lat' dir='ltr'>papae,</span> <span class='ocrx_word' id='word_1_616' title='bbox 3747 3613 3826 3691; x_wconf 85' lang='lat' dir='ltr'>qui</span> 
     </span>
    </p>
   </div>
   <div class='ocr_carea' id='block_1_88' title="bbox 2237 3713 3824 3786">
    <p class='ocr_par' dir='ltr' id='par_1_88' title="bbox 2237 3713 3824 3786">
     <span class='ocr_line' id='line_1_88' title="bbox 2237 3713 3824 3786; baseline -0.003 -16"><span class='ocrx_word' id='word_1_617' title='bbox 2237 3718 2339 3771; x_wconf 92' lang='lat' dir='ltr'>hoc</span> <span class='ocrx_word' id='word_1_618' title='bbox 2367 3717 2542 3784; x_wconf 85' lang='lat' dir='ltr'>jussit,</span> <span class='ocrx_word' id='word_1_619' title='bbox 2574 3715 2950 3770; x_wconf 85' lang='lat' dir='ltr'>denuntiamus</span> <span class='ocrx_word' id='word_1_620' title='bbox 2980 3722 3244 3786; x_wconf 86' lang='lat' dir='ltr'>quatenus</span> <span class='ocrx_word' id='word_1_621' title='bbox 3265 3713 3498 3769; x_wconf 89' lang='lat' dir='ltr'>consilio</span> <span class='ocrx_word' id='word_1_622' title='bbox 3548 3720 3728 3769; x_wconf 90' lang='lat' dir='ltr'>nostro</span> <span class='ocrx_word' id='word_1_623' title='bbox 3779 3717 3824 3766; x_wconf 86' lang='lat' dir='ltr'>te</span> 
     </span>
    </p>
   </div>
   <div class='ocr_carea' id='block_1_89' title="bbox 2236 3803 3824 3874">
    <p class='ocr_par' dir='ltr' id='par_1_89' title="bbox 2236 3803 3824 3874">
     <span class='ocr_line' id='line_1_89' title="bbox 2236 3803 3824 3874; baseline -0.003 -15"><span class='ocrx_word' id='word_1_624' title='bbox 2236 3805 2367 3860; x_wconf 88' lang='lat' dir='ltr'>nihil</span> <span class='ocrx_word' id='word_1_625' title='bbox 2400 3805 2651 3858; x_wconf 83' lang='lat' dir='ltr'>haesitans</span> <span class='ocrx_word' id='word_1_626' title='bbox 2679 3803 2867 3858; x_wconf 89' lang='lat' dir='ltr'>credas</span> <span class='ocrx_word' id='word_1_627' title='bbox 2896 3803 3043 3874; x_wconf 89' lang='lat' dir='ltr'>quia,</span> <span class='ocrx_word' id='word_1_628' title='bbox 3085 3803 3214 3858; x_wconf 90' lang='lat' dir='ltr'>dum</span> <span class='ocrx_word' id='word_1_629' title='bbox 3246 3803 3413 3871; x_wconf 90' lang='lat' dir='ltr'>voles,</span> <span class='ocrx_word' id='word_1_630' title='bbox 3465 3817 3567 3857; x_wconf 91' lang='lat' dir='ltr'>nos</span> <span class='ocrx_word' id='word_1_631' title='bbox 3622 3808 3824 3873; x_wconf 86' lang='lat' dir='ltr'>paratos</span> 
     </span>
    </p>
   </div>
   <div class='ocr_carea' id='block_1_90' title="bbox 2236 3889 3820 3964">
    <p class='ocr_par' dir='ltr' id='par_1_90' title="bbox 2236 3889 3820 3964">
     <span class='ocr_line' id='line_1_90' title="bbox 2236 3889 3820 3964; baseline -0.005 -14"><span class='ocrx_word' id='word_1_632' title='bbox 2236 3895 2464 3950; x_wconf 88' lang='lat' dir='ltr'>habebis</span> <span class='ocrx_word' id='word_1_633' title='bbox 2495 3893 2672 3964; x_wconf 91' lang='lat' dir='ltr'>reipsa</span> <span class='ocrx_word' id='word_1_634' title='bbox 2701 3893 2932 3964; x_wconf 90' lang='lat' dir='ltr'>probare</span> <span class='ocrx_word' id='word_1_635' title='bbox 2961 3892 3045 3947; x_wconf 88' lang='lat' dir='ltr'>bis</span> <span class='ocrx_word' id='word_1_636' title='bbox 3073 3908 3196 3963; x_wconf 60' lang='lat' dir='ltr'>quae</span> <span class='ocrx_word' id='word_1_637' title='bbox 3225 3891 3459 3947; x_wconf 84' lang='lat' dir='ltr'>dicimus</span> <span class='ocrx_word' id='word_1_638' title='bbox 3481 3891 3617 3945; x_wconf 90' lang='lat' dir='ltr'>nihil</span> <span class='ocrx_word' id='word_1_639' title='bbox 3661 3889 3820 3961; x_wconf 91' lang='lat' dir='ltr'>dupli-</span> 
     </span>
    </p>
   </div>
   <div class='ocr_carea' id='block_1_91' title="bbox 2235 3978 3820 4052">
    <p class='ocr_par' dir='ltr' id='par_1_91' title="bbox 2235 3978 3820 4052">
     <span class='ocr_line' id='line_1_91' title="bbox 2235 3978 3820 4052; baseline -0.005 -12"><span class='ocrx_word' id='word_1_640' title='bbox 2235 3985 2414 4041; x_wconf 86' lang='lat' dir='ltr'>citatis</span> <span class='ocrx_word' id='word_1_641' title='bbox 2445 3984 2642 4039; x_wconf 91' lang='lat' dir='ltr'>inesse.</span> <span class='ocrx_word' id='word_1_642' title='bbox 2679 4005 2701 4031; x_wconf 72' lang='grc' dir='ltr'>ι»</span> <span class='ocrx_word' id='word_1_643' title='bbox 2735 3984 2800 4036; x_wconf 81' lang='lat' dir='ltr'>At</span> <span class='ocrx_word' id='word_1_644' title='bbox 2829 3981 2919 4036; x_wconf 89' lang='lat' dir='ltr'>ille</span> <span class='ocrx_word' id='word_1_645' title='bbox 2952 3999 2964 4035; x_wconf 89' lang='lat'>:</span> <span class='ocrx_word' id='word_1_646' title='bbox 3004 4005 3023 4028; x_wconf 82' lang='grc' dir='ltr'>α</span> <span class='ocrx_word' id='word_1_647' title='bbox 3061 3981 3426 4038; x_wconf 86' lang='lat' dir='ltr'>Adversusea</span> <span class='ocrx_word' id='word_1_648' title='bbox 3449 3997 3574 4052; x_wconf 78' lang='lat' dir='ltr'>quae</span> <span class='ocrx_word' id='word_1_649' title='bbox 3596 3978 3820 4035; x_wconf 89' lang='lat' dir='ltr'>asseritis</span> 
     </span>
    </p>
   </div>
   <div class='ocr_carea' id='block_1_92' title="bbox 2237 4066 3818 4141">
    <p class='ocr_par' dir='ltr' id='par_1_92' title="bbox 2237 4066 3818 4141">
     <span class='ocr_line' id='line_1_92' title="bbox 2237 4066 3818 4141; baseline -0.004 -13"><span class='ocrx_word' id='word_1_650' title='bbox 2237 4073 2356 4129; x_wconf 88' lang='lat' dir='ltr'>lites</span> <span class='ocrx_word' id='word_1_651' title='bbox 2412 4087 2696 4128; x_wconf 88' lang='lat' dir='ltr'>conserere</span> <span class='ocrx_word' id='word_1_652' title='bbox 2749 4070 2895 4126; x_wconf 89' lang='lat' dir='ltr'>nolo.</span> <span class='ocrx_word' id='word_1_653' title='bbox 2952 4070 3151 4126; x_wconf 87' lang='lat' dir='ltr'>Verum</span> <span class='ocrx_word' id='word_1_654' title='bbox 3207 4071 3334 4141; x_wconf 89' lang='lat' dir='ltr'>quia</span> <span class='ocrx_word' id='word_1_655' title='bbox 3390 4069 3567 4125; x_wconf 89' lang='lat' dir='ltr'>sentio</span> <span class='ocrx_word' id='word_1_656' title='bbox 3608 4085 3671 4124; x_wconf 80' lang='lat' dir='ltr'>ex</span> <span class='ocrx_word' id='word_1_657' title='bbox 3724 4066 3818 4122; x_wconf 89' lang='lat' dir='ltr'>illis</span> 
     </span>
    </p>
   </div>
   <div class='ocr_carea' id='block_1_93' title="bbox 2233 4155 3819 4234">
    <p class='ocr_par' dir='ltr' id='par_1_93' title="bbox 2233 4155 3819 4234">
     <span class='ocr_line' id='line_1_93' title="bbox 2233 4155 3819 4234; baseline -0.006 -16"><span class='ocrx_word' id='word_1_658' title='bbox 2233 4179 2354 4234; x_wconf 82' lang='lat' dir='ltr'>quae</span> <span class='ocrx_word' id='word_1_659' title='bbox 2385 4162 2569 4216; x_wconf 90' lang='lat' dir='ltr'>auditu</span> <span class='ocrx_word' id='word_1_660' title='bbox 2599 4159 2855 4215; x_wconf 86' lang='lat' dir='ltr'>secretius</span> <span class='ocrx_word' id='word_1_661' title='bbox 2885 4159 3048 4214; x_wconf 91' lang='lat' dir='ltr'>didici</span> <span class='ocrx_word' id='word_1_662' title='bbox 3078 4159 3406 4214; x_wconf 86' lang='lat' dir='ltr'>voluntatem</span> <span class='ocrx_word' id='word_1_663' title='bbox 3435 4173 3720 4230; x_wconf 88' lang='lat' dir='ltr'>procerum</span> <span class='ocrx_word' id='word_1_664' title='bbox 3773 4155 3819 4209; x_wconf 88' lang='lat' dir='ltr'>in</span> 
     </span>
    </p>
   </div>
   <div class='ocr_carea' id='block_1_94' title="bbox 2232 4246 3820 4317">
    <p class='ocr_par' dir='ltr' id='par_1_94' title="bbox 2232 4246 3820 4317">
     <span class='ocr_line' id='line_1_94' title="bbox 2232 4246 3820 4317; baseline -0.004 -12"><span class='ocrx_word' id='word_1_665' title='bbox 2232 4252 2334 4305; x_wconf 85' lang='lat' dir='ltr'>hoc</span> <span class='ocrx_word' id='word_1_666' title='bbox 2364 4267 2522 4304; x_wconf 91' lang='lat' dir='ltr'>unam</span> <span class='ocrx_word' id='word_1_667' title='bbox 2559 4250 2755 4305; x_wconf 83' lang='lat' dir='ltr'>factam</span> <span class='ocrx_word' id='word_1_668' title='bbox 2788 4265 2925 4317; x_wconf 85' lang='lat' dir='ltr'>esse,</span> <span class='ocrx_word' id='word_1_669' title='bbox 2960 4248 3136 4304; x_wconf 90' lang='lat' dir='ltr'>silicet</span> <span class='ocrx_word' id='word_1_670' title='bbox 3161 4247 3285 4302; x_wconf 90' lang='lat' dir='ltr'>utsi</span> <span class='ocrx_word' id='word_1_671' title='bbox 3325 4263 3426 4301; x_wconf 86' lang='lat' dir='ltr'>rex</span> <span class='ocrx_word' id='word_1_672' title='bbox 3485 4246 3820 4302; x_wconf 79' lang='lat' dir='ltr'>investituras</span> 
     </span>
    </p>
   </div>
   <div class='ocr_carea' id='block_1_95' title="bbox 2232 4335 3814 4404">
    <p class='ocr_par' dir='ltr' id='par_1_95' title="bbox 2232 4335 3814 4404">
     <span class='ocr_line' id='line_1_95' title="bbox 2232 4335 3814 4404; baseline -0.006 -10"><span class='ocrx_word' id='word_1_673' title='bbox 2232 4339 2622 4404; x_wconf 88' lang='lat' dir='ltr'>Ecclesiarum,</span> <span class='ocrx_word' id='word_1_674' title='bbox 2666 4337 2800 4393; x_wconf 89' lang='lat' dir='ltr'>sicut</span> <span class='ocrx_word' id='word_1_675' title='bbox 2853 4355 2910 4392; x_wconf 92' lang='lat' dir='ltr'>se</span> <span class='ocrx_word' id='word_1_676' title='bbox 2963 4338 3232 4392; x_wconf 88' lang='lat' dir='ltr'>facturum</span> <span class='ocrx_word' id='word_1_677' title='bbox 3285 4336 3545 4402; x_wconf 88' lang='lat' dir='ltr'>minatur,</span> <span class='ocrx_word' id='word_1_678' title='bbox 3599 4335 3814 4397; x_wconf 89' lang='lat' dir='ltr'>dederit,</span> 
     </span>
    </p>
   </div>
   <div class='ocr_carea' id='block_1_96' title="bbox 2233 4422 3812 4496">
    <p class='ocr_par' dir='ltr' id='par_1_96' title="bbox 2233 4422 3812 4496">
     <span class='ocr_line' id='line_1_96' title="bbox 2233 4422 3812 4496; baseline -0.005 -13"><span class='ocrx_word' id='word_1_679' title='bbox 2233 4430 2356 4484; x_wconf 90' lang='lat' dir='ltr'>licet</span> <span class='ocrx_word' id='word_1_680' title='bbox 2383 4428 2439 4482; x_wconf 89' lang='lat' dir='ltr'>id</span> <span class='ocrx_word' id='word_1_681' title='bbox 2468 4444 2556 4482; x_wconf 91' lang='lat' dir='ltr'>me</span> <span class='ocrx_word' id='word_1_682' title='bbox 2587 4442 2684 4482; x_wconf 92' lang='lat' dir='ltr'>nec</span> <span class='ocrx_word' id='word_1_683' title='bbox 2709 4427 3045 4496; x_wconf 85' lang='lat' dir='ltr'>approbante</span> <span class='ocrx_word' id='word_1_684' title='bbox 3072 4441 3174 4481; x_wconf 90' lang='lat' dir='ltr'>nec</span> <span class='ocrx_word' id='word_1_685' title='bbox 3221 4425 3595 4480; x_wconf 86' lang='lat' dir='ltr'>consentiente</span> <span class='ocrx_word' id='word_1_686' title='bbox 3650 4422 3812 4488; x_wconf 88' lang='lat' dir='ltr'>faciet,</span> 
     </span>
    </p>
   </div>
   <div class='ocr_carea' id='block_1_97' title="bbox 516 4483 2121 4588">
    <p class='ocr_par' dir='ltr' id='par_1_97' title="bbox 516 4483 2118 4571">
     <span class='ocr_line' id='line_1_97' title="bbox 516 4483 2118 4571; baseline 0.004 -19"><span class='ocrx_word' id='word_1_687' title='bbox 516 4512 698 4552; x_wconf 90' lang='lat' dir='ltr'>coram</span> <span class='ocrx_word' id='word_1_688' title='bbox 731 4496 917 4551; x_wconf 69' lang='lat' dir='ltr'>Romae</span> <span class='ocrx_word' id='word_1_689' title='bbox 954 4497 1190 4551; x_wconf 86' lang='lat' dir='ltr'>fecerant</span> <span class='ocrx_word' id='word_1_690' title='bbox 1235 4499 1553 4566; x_wconf 80' lang='lat' dir='ltr'>apestolico,</span> <span class='ocrx_word' id='word_1_691' title='bbox 1609 4516 1773 4571; x_wconf 83' lang='lat' dir='ltr'>agere</span> <span class='ocrx_word' id='word_1_692' title='bbox 1829 4483 2118 4558; x_wconf 83' lang='lat' dir='ltr'>calumnia-</span> 
     </span>
    </p>
   </div>
   <div class='ocr_carea' id='block_1_98' title="bbox 2235 4483 3812 4588">
    <p class='ocr_par' dir='ltr' id='par_1_98' title="bbox 2235 4511 3812 4588">
     <span class='ocr_line' id='line_1_98' title="bbox 2235 4511 3812 4588; baseline -0.006 -15"><span class='ocrx_word' id='word_1_693' title='bbox 2235 4534 2336 4588; x_wconf 86' lang='lat' dir='ltr'>ego</span> <span class='ocrx_word' id='word_1_694' title='bbox 2389 4532 2551 4570; x_wconf 85' lang='lat' dir='ltr'>causa</span> <span class='ocrx_word' id='word_1_695' title='bbox 2598 4516 2758 4571; x_wconf 89' lang='lat' dir='ltr'>vestri</span> <span class='ocrx_word' id='word_1_696' title='bbox 2819 4531 2918 4569; x_wconf 83' lang='lat' dir='ltr'>nec</span> <span class='ocrx_word' id='word_1_697' title='bbox 2975 4516 3124 4570; x_wconf 88' lang='lat' dir='ltr'>danti</span> <span class='ocrx_word' id='word_1_698' title='bbox 3184 4530 3280 4569; x_wconf 89' lang='lat' dir='ltr'>nec</span> <span class='ocrx_word' id='word_1_699' title='bbox 3309 4511 3605 4583; x_wconf 85' lang='lat' dir='ltr'>accipienti</span> <span class='ocrx_word' id='word_1_700' title='bbox 3649 4525 3812 4568; x_wconf 81' lang='lat' dir='ltr'>meam</span> 
     </span>
    </p>
   </div>
   <div class='ocr_carea' id='block_1_99' title="bbox 514 4585 2113 4656">
    <p class='ocr_par' dir='ltr' id='par_1_99' title="bbox 514 4585 2113 4656">
     <span class='ocr_line' id='line_1_99' title="bbox 514 4585 2113 4656; baseline 0.003 -15"><span class='ocrx_word' id='word_1_701' title='bbox 514 4597 594 4641; x_wconf 78' lang='lat' dir='ltr'>lus</span> <span class='ocrx_word' id='word_1_702' title='bbox 648 4593 751 4640; x_wconf 89' lang='lat' dir='ltr'>est.</span> <span class='ocrx_word' id='word_1_703' title='bbox 800 4585 935 4640; x_wconf 86' lang='lat' dir='ltr'>Orta</span> <span class='ocrx_word' id='word_1_704' title='bbox 993 4586 1157 4656; x_wconf 84' lang='lat' dir='ltr'>igitur</span> <span class='ocrx_word' id='word_1_705' title='bbox 1221 4587 1487 4642; x_wconf 90' lang='lat' dir='ltr'>dissensio</span> <span class='ocrx_word' id='word_1_706' title='bbox 1545 4604 1652 4643; x_wconf 89' lang='lat' dir='ltr'>non</span> <span class='ocrx_word' id='word_1_707' title='bbox 1710 4591 1924 4646; x_wconf 83' lang='lat' dir='ltr'>modica</span> <span class='ocrx_word' id='word_1_708' title='bbox 1979 4591 2113 4648; x_wconf 92' lang='lat' dir='ltr'>inter</span> 
     </span>
    </p>
   </div>
   <div class='ocr_carea' id='block_1_100' title="bbox 508 4675 2109 4744">
    <p class='ocr_par' dir='ltr' id='par_1_100' title="bbox 508 4675 2109 4744">
     <span class='ocr_line' id='line_1_100' title="bbox 508 4675 2109 4744; baseline 0.004 -17"><span class='ocrx_word' id='word_1_709' title='bbox 508 4690 766 4744; x_wconf 88' lang='lat' dir='ltr'>proceres</span> <span class='ocrx_word' id='word_1_710' title='bbox 816 4683 912 4727; x_wconf 81' lang='lat' dir='ltr'>est.</span> <span class='ocrx_word' id='word_1_711' title='bbox 964 4675 1027 4727; x_wconf 87' lang='lat' dir='ltr'>lli</span> <span class='ocrx_word' id='word_1_712' title='bbox 1087 4675 1280 4729; x_wconf 89' lang='lat' dir='ltr'>etenim</span> <span class='ocrx_word' id='word_1_713' title='bbox 1341 4685 1578 4732; x_wconf 88' lang='lat' dir='ltr'>astruere</span> <span class='ocrx_word' id='word_1_714' title='bbox 1635 4678 1962 4744; x_wconf 82' lang='lat' dir='ltr'>nitebantur,</span> <span class='ocrx_word' id='word_1_715' title='bbox 2021 4698 2109 4734; x_wconf 82' lang='lat' dir='ltr'>se-</span> 
     </span>
    </p>
   </div>
   <div class='ocr_carea' id='block_1_101' title="bbox 2223 4602 3808 4679">
    <p class='ocr_par' dir='ltr' id='par_1_101' title="bbox 2223 4602 3808 4679">
     <span class='ocr_line' id='line_1_101' title="bbox 2223 4602 3808 4679; baseline -0.004 -19"><span class='ocrx_word' id='word_1_716' title='bbox 2223 4605 2377 4679; x_wconf 89' lang='lat' dir='ltr'>quasi</span> <span class='ocrx_word' id='word_1_717' title='bbox 2434 4603 2910 4660; x_wconf 87' lang='lat' dir='ltr'>excommunicatis</span> <span class='ocrx_word' id='word_1_718' title='bbox 2979 4603 3413 4659; x_wconf 89' lang='lat' dir='ltr'>communionem</span> <span class='ocrx_word' id='word_1_719' title='bbox 3484 4602 3808 4664; x_wconf 88' lang='lat' dir='ltr'>subtraham,</span> 
     </span>
    </p>
   </div>
   <div class='ocr_carea' id='block_1_102' title="bbox 2221 4690 3808 4765">
    <p class='ocr_par' dir='ltr' id='par_1_102' title="bbox 2221 4690 3808 4765">
     <span class='ocr_line' id='line_1_102' title="bbox 2221 4690 3808 4765; baseline -0.002 -19"><span class='ocrx_word' id='word_1_720' title='bbox 2221 4696 2393 4749; x_wconf 88' lang='lat' dir='ltr'>donec</span> <span class='ocrx_word' id='word_1_721' title='bbox 2424 4693 2622 4748; x_wconf 90' lang='lat' dir='ltr'>nuntiis</span> <span class='ocrx_word' id='word_1_722' title='bbox 2665 4710 2802 4765; x_wconf 90' lang='lat' dir='ltr'>quos</span> <span class='ocrx_word' id='word_1_723' title='bbox 2856 4709 2954 4763; x_wconf 92' lang='lat' dir='ltr'>pro</span> <span class='ocrx_word' id='word_1_724' title='bbox 3009 4691 3211 4765; x_wconf 89' lang='lat' dir='ltr'>negotii</span> <span class='ocrx_word' id='word_1_725' title='bbox 3268 4692 3428 4761; x_wconf 90' lang='lat' dir='ltr'>hujus</span> <span class='ocrx_word' id='word_1_726' title='bbox 3479 4690 3808 4745; x_wconf 89' lang='lat' dir='ltr'>discussione</span> 
     </span>
    </p>
   </div>
   <div class='ocr_carea' id='block_1_103' title="bbox 505 4762 2106 4840">
    <p class='ocr_par' dir='ltr' id='par_1_103' title="bbox 505 4762 2106 4840">
     <span class='ocr_line' id='line_1_103' title="bbox 505 4762 2106 4840; baseline 0.006 -25"><span class='ocrx_word' id='word_1_727' title='bbox 505 4770 651 4817; x_wconf 90' lang='lat' dir='ltr'>moto</span> <span class='ocrx_word' id='word_1_728' title='bbox 682 4762 970 4818; x_wconf 83' lang='lat' dir='ltr'>verborum</span> <span class='ocrx_word' id='word_1_729' title='bbox 1003 4764 1229 4830; x_wconf 88' lang='lat' dir='ltr'>incerto,</span> <span class='ocrx_word' id='word_1_730' title='bbox 1255 4765 1465 4833; x_wconf 85' lang='lat' dir='ltr'>scriptis</span> <span class='ocrx_word' id='word_1_731' title='bbox 1499 4765 1680 4838; x_wconf 85' lang='lat' dir='ltr'>sigillo</span> <span class='ocrx_word' id='word_1_732' title='bbox 1712 4784 1866 4838; x_wconf 57' lang='lat' dir='ltr'>papae.</span> <span class='ocrx_word' id='word_1_733' title='bbox 1913 4769 2106 4840; x_wconf 87' lang='lat' dir='ltr'>signa-</span> 
     </span>
    </p>
   </div>
   <div class='ocr_carea' id='block_1_104' title="bbox 504 4851 2105 4921">
    <p class='ocr_par' dir='ltr' id='par_1_104' title="bbox 504 4851 2105 4921">
     <span class='ocr_line' id='line_1_104' title="bbox 504 4851 2105 4921; baseline 0.005 -16"><span class='ocrx_word' id='word_1_734' title='bbox 504 4851 589 4917; x_wconf 89' lang='lat' dir='ltr'>tis,</span> <span class='ocrx_word' id='word_1_735' title='bbox 646 4851 934 4921; x_wconf 88' lang='lat' dir='ltr'>verbisque</span> <span class='ocrx_word' id='word_1_736' title='bbox 963 4853 1293 4907; x_wconf 84' lang='lat' dir='ltr'>monachicis</span> <span class='ocrx_word' id='word_1_737' title='bbox 1337 4855 1558 4909; x_wconf 90' lang='lat' dir='ltr'>omnino</span> <span class='ocrx_word' id='word_1_738' title='bbox 1615 4857 1944 4911; x_wconf 88' lang='lat' dir='ltr'>credendum</span> <span class='ocrx_word' id='word_1_739' title='bbox 1980 4877 1992 4912; x_wconf 73' lang='grc' dir='ltr'>ς</span> <span class='ocrx_word' id='word_1_740' title='bbox 2030 4860 2105 4914; x_wconf 88' lang='lat' dir='ltr'>illi</span> 
     </span>
    </p>
   </div>
   <div class='ocr_carea' id='block_1_105' title="bbox 503 4940 2102 5015">
    <p class='ocr_par' dir='ltr' id='par_1_105' title="bbox 503 4940 2102 5015">
     <span class='ocr_line' id='line_1_105' title="bbox 503 4940 2102 5015; baseline 0.005 -23"><span class='ocrx_word' id='word_1_741' title='bbox 503 4947 723 4994; x_wconf 84' lang='lat' dir='ltr'>econtra</span> <span class='ocrx_word' id='word_1_742' title='bbox 787 4940 944 4992; x_wconf 90' lang='lat' dir='ltr'>trium</span> <span class='ocrx_word' id='word_1_743' title='bbox 1009 4941 1183 5010; x_wconf 85' lang='lat' dir='ltr'>potius</span> <span class='ocrx_word' id='word_1_744' title='bbox 1260 4941 1634 5012; x_wconf 82' lang='lat' dir='ltr'>episcoporum</span> <span class='ocrx_word' id='word_1_745' title='bbox 1693 4947 2102 5015; x_wconf 79' lang='lat' dir='ltr'>assertionibus,</span> 
     </span>
    </p>
   </div>
   <div class='ocr_carea' id='block_1_106' title="bbox 499 5029 2099 5108">
    <p class='ocr_par' dir='ltr' id='par_1_106' title="bbox 499 5029 2099 5108">
     <span class='ocr_line' id='line_1_106' title="bbox 499 5029 2099 5108; baseline 0.007 -28"><span class='ocrx_word' id='word_1_746' title='bbox 499 5042 663 5100; x_wconf 91' lang='lat' dir='ltr'>quam</span> <span class='ocrx_word' id='word_1_747' title='bbox 741 5043 1024 5082; x_wconf 86' lang='lat' dir='ltr'>vervecum</span> <span class='ocrx_word' id='word_1_748' title='bbox 1095 5029 1328 5098; x_wconf 87' lang='lat' dir='ltr'>pellibus</span> <span class='ocrx_word' id='word_1_749' title='bbox 1406 5041 1706 5088; x_wconf 88' lang='lat' dir='ltr'>atramento</span> <span class='ocrx_word' id='word_1_750' title='bbox 1780 5036 2099 5108; x_wconf 87' lang='lat' dir='ltr'>denigratis,</span> 
     </span>
    </p>
   </div>
   <div class='ocr_carea' id='block_1_107' title="bbox 497 5125 2100 5201">
    <p class='ocr_par' dir='ltr' id='par_1_107' title="bbox 497 5125 2100 5201">
     <span class='ocr_line' id='line_1_107' title="bbox 497 5125 2100 5201; baseline 0.007 -23"><span class='ocrx_word' id='word_1_751' title='bbox 497 5125 820 5196; x_wconf 88' lang='lat' dir='ltr'>plumbique</span> <span class='ocrx_word' id='word_1_752' title='bbox 853 5127 1092 5183; x_wconf 83' lang='lat' dir='ltr'>massula</span> <span class='ocrx_word' id='word_1_753' title='bbox 1118 5130 1370 5196; x_wconf 88' lang='lat' dir='ltr'>oneratis,</span> <span class='ocrx_word' id='word_1_754' title='bbox 1422 5131 1534 5188; x_wconf 87' lang='lat' dir='ltr'>fore</span> <span class='ocrx_word' id='word_1_755' title='bbox 1589 5133 1939 5201; x_wconf 89' lang='lat' dir='ltr'>credendum,</span> <span class='ocrx_word' id='word_1_756' title='bbox 1997 5135 2100 5189; x_wconf 90' lang='lat' dir='ltr'>ab-</span> 
     </span>
    </p>
   </div>
   <div class='ocr_carea' id='block_1_108' title="bbox 491 5225 2096 5302">
    <p class='ocr_par' dir='ltr' id='par_1_108' title="bbox 491 5225 2096 5302">
     <span class='ocr_line' id='line_1_108' title="bbox 491 5225 2096 5302; baseline 0.007 -23"><span class='ocrx_word' id='word_1_757' title='bbox 491 5225 639 5293; x_wconf 86' lang='lat' dir='ltr'>jecto</span> <span class='ocrx_word' id='word_1_758' title='bbox 669 5226 1129 5281; x_wconf 86' lang='lat' dir='ltr'>monachcllorum</span> <span class='ocrx_word' id='word_1_759' title='bbox 1155 5229 1480 5297; x_wconf 88' lang='lat' dir='ltr'>testimonio,</span> <span class='ocrx_word' id='word_1_760' title='bbox 1516 5231 1606 5302; x_wconf 84' lang='lat' dir='ltr'>qui</span> <span class='ocrx_word' id='word_1_761' title='bbox 1662 5232 1753 5287; x_wconf 90' lang='lat' dir='ltr'>ubi</span> <span class='ocrx_word' id='word_1_762' title='bbox 1795 5232 1992 5289; x_wconf 68' lang='lat' dir='ltr'>saeculo</span> <span class='ocrx_word' id='word_1_763' title='bbox 2039 5251 2096 5291; x_wconf 86' lang='lat' dir='ltr'>se</span> 
     </span>
    </p>
   </div>
   <div class='ocr_carea' id='block_1_109' title="bbox 491 5321 2096 5402">
    <p class='ocr_par' dir='ltr' id='par_1_109' title="bbox 491 5321 2096 5402">
     <span class='ocr_line' id='line_1_109' title="bbox 491 5321 2096 5402; baseline 0.007 -26"><span class='ocrx_word' id='word_1_764' title='bbox 491 5321 870 5378; x_wconf 87' lang='lat' dir='ltr'>abrenuntiare</span> <span class='ocrx_word' id='word_1_765' title='bbox 901 5323 1136 5394; x_wconf 87' lang='lat' dir='ltr'>professi</span> <span class='ocrx_word' id='word_1_766' title='bbox 1163 5335 1301 5394; x_wconf 87' lang='lat' dir='ltr'>sunt,</span> <span class='ocrx_word' id='word_1_767' title='bbox 1349 5343 1528 5395; x_wconf 90' lang='lat' dir='ltr'>omne,</span> <span class='ocrx_word' id='word_1_768' title='bbox 1587 5329 1854 5402; x_wconf 89' lang='lat' dir='ltr'>inquiunt,</span> <span class='ocrx_word' id='word_1_769' title='bbox 1915 5349 2096 5387; x_wconf 65' lang='lat' dir='ltr'>saecu-</span> 
     </span>
    </p>
   </div>
   <div class='ocr_carea' id='block_1_110' title="bbox 488 5421 2096 5499">
    <p class='ocr_par' dir='ltr' id='par_1_110' title="bbox 488 5421 2096 5499">
     <span class='ocr_line' id='line_1_110' title="bbox 488 5421 2096 5499; baseline 0.004 -19"><span class='ocrx_word' id='word_1_770' title='bbox 488 5421 618 5481; x_wconf 85' lang='lat' dir='ltr'>laris</span> <span class='ocrx_word' id='word_1_771' title='bbox 648 5421 851 5494; x_wconf 85' lang='lat' dir='ltr'>negotii</span> <span class='ocrx_word' id='word_1_772' title='bbox 886 5423 1247 5478; x_wconf 88' lang='lat' dir='ltr'>testimonium</span> <span class='ocrx_word' id='word_1_773' title='bbox 1278 5427 1648 5495; x_wconf 88' lang='lat' dir='ltr'>perdiderunt.</span> <span class='ocrx_word' id='word_1_774' title='bbox 1700 5431 1795 5485; x_wconf 84' lang='lat' dir='ltr'>Ast</span> <span class='ocrx_word' id='word_1_775' title='bbox 1852 5430 1976 5499; x_wconf 87' lang='lat' dir='ltr'>hoc,</span> <span class='ocrx_word' id='word_1_776' title='bbox 2023 5431 2096 5486; x_wconf 87' lang='lat' dir='ltr'>ait</span> 
     </span>
    </p>
   </div>
   <div class='ocr_carea' id='block_1_111' title="bbox 492 5521 2094 5606">
    <p class='ocr_par' dir='ltr' id='par_1_111' title="bbox 492 5521 2094 5606">
     <span class='ocr_line' id='line_1_111' title="bbox 492 5521 2094 5606; baseline 0.005 -28"><span class='ocrx_word' id='word_1_777' title='bbox 492 5521 824 5590; x_wconf 83' lang='lat' dir='ltr'>Baldwinus,</span> <span class='ocrx_word' id='word_1_778' title='bbox 850 5523 1122 5594; x_wconf 84' lang='lat' dir='ltr'>negotium</span> <span class='ocrx_word' id='word_1_779' title='bbox 1159 5524 1415 5581; x_wconf 65' lang='lat' dir='ltr'>smculare</span> <span class='ocrx_word' id='word_1_780' title='bbox 1441 5542 1550 5586; x_wconf 86' lang='lat' dir='ltr'>non</span> <span class='ocrx_word' id='word_1_781' title='bbox 1579 5535 1677 5583; x_wconf 89' lang='lat' dir='ltr'>est.</span> <span class='ocrx_word' id='word_1_782' title='bbox 1708 5555 1726 5576; x_wconf 77' lang='grc' dir='ltr'><em>η</em></span> <span class='ocrx_word' id='word_1_783' title='bbox 1753 5529 1912 5585; x_wconf 79' lang='lat' dir='ltr'>Aiunt</span> <span class='ocrx_word' id='word_1_784' title='bbox 1937 5548 1948 5585; x_wconf 93' lang='lat'>:</span> <span class='ocrx_word' id='word_1_785' title='bbox 1981 5554 2000 5579; x_wconf 79' lang='grc'><strong><em>‹‹</em></strong></span> <span class='ocrx_word' id='word_1_786' title='bbox 2029 5531 2094 5606; x_wconf 47' lang='lat' dir='ltr'><strong>Et</strong></span> 
     </span>
    </p>
   </div>
   <div class='ocr_carea' id='block_1_112' title="bbox 487 5619 2093 5695">
    <p class='ocr_par' dir='ltr' id='par_1_112' title="bbox 487 5619 2093 5695">
     <span class='ocr_line' id='line_1_112' title="bbox 487 5619 2093 5695; baseline 0.007 -22"><span class='ocrx_word' id='word_1_787' title='bbox 487 5619 702 5688; x_wconf 89' lang='lat' dir='ltr'>quidem</span> <span class='ocrx_word' id='word_1_788' title='bbox 735 5629 783 5676; x_wconf 87' lang='lat' dir='ltr'>te</span> <span class='ocrx_word' id='word_1_789' title='bbox 814 5620 986 5676; x_wconf 87' lang='lat' dir='ltr'>virum</span> <span class='ocrx_word' id='word_1_790' title='bbox 1017 5622 1333 5693; x_wconf 71' lang='lat' dir='ltr'>prudentem</span> <span class='ocrx_word' id='word_1_791' title='bbox 1365 5630 1417 5681; x_wconf 87' lang='lat' dir='ltr'>et</span> <span class='ocrx_word' id='word_1_792' title='bbox 1447 5633 1725 5682; x_wconf 86' lang='lat' dir='ltr'>strenuum</span> <span class='ocrx_word' id='word_1_793' title='bbox 1750 5627 1972 5695; x_wconf 81' lang='lat' dir='ltr'>scimus,</span> <span class='ocrx_word' id='word_1_794' title='bbox 1997 5627 2093 5684; x_wconf 91' lang='lat' dir='ltr'>sed</span> 
     </span>
    </p>
   </div>
   <div class='ocr_carea' id='block_1_113' title="bbox 2219 4774 3808 4850">
    <p class='ocr_par' dir='ltr' id='par_1_113' title="bbox 2219 4774 3808 4850">
     <span class='ocr_line' id='line_1_113' title="bbox 2219 4774 3808 4850; baseline -0.006 -12"><span class='ocrx_word' id='word_1_795' title='bbox 2219 4785 2446 4838; x_wconf 85' lang='lat' dir='ltr'>Romam</span> <span class='ocrx_word' id='word_1_796' title='bbox 2473 4782 2756 4837; x_wconf 87' lang='lat' dir='ltr'>destinabo</span> <span class='ocrx_word' id='word_1_797' title='bbox 2814 4782 3043 4838; x_wconf 88' lang='lat' dir='ltr'>reversis</span> <span class='ocrx_word' id='word_1_798' title='bbox 3099 4797 3199 4850; x_wconf 90' lang='lat' dir='ltr'>pro</span> <span class='ocrx_word' id='word_1_799' title='bbox 3257 4788 3403 4836; x_wconf 88' lang='lat' dir='ltr'>certo</span> <span class='ocrx_word' id='word_1_800' title='bbox 3459 4779 3632 4836; x_wconf 90' lang='lat' dir='ltr'>sciam</span> <span class='ocrx_word' id='word_1_801' title='bbox 3690 4774 3808 4850; x_wconf 90' lang='lat' dir='ltr'>quid</span> 
     </span>
    </p>
   </div>
   <div class='ocr_carea' id='block_1_114' title="bbox 2216 4865 3806 4941">
    <p class='ocr_par' dir='ltr' id='par_1_114' title="bbox 2216 4865 3806 4941">
     <span class='ocr_line' id='line_1_114' title="bbox 2216 4865 3806 4941; baseline -0.004 -16"><span class='ocrx_word' id='word_1_802' title='bbox 2216 4886 2396 4941; x_wconf 85' lang='lat' dir='ltr'>agam,</span> <span class='ocrx_word' id='word_1_803' title='bbox 2429 4869 2576 4925; x_wconf 91' lang='lat' dir='ltr'>solus</span> <span class='ocrx_word' id='word_1_804' title='bbox 2607 4870 2675 4925; x_wconf 92' lang='lat' dir='ltr'>ab</span> <span class='ocrx_word' id='word_1_805' title='bbox 2701 4871 2779 4924; x_wconf 90' lang='lat' dir='ltr'>eis</span> <span class='ocrx_word' id='word_1_806' title='bbox 2809 4870 3120 4940; x_wconf 86' lang='lat' dir='ltr'>discrepare</span> <span class='ocrx_word' id='word_1_807' title='bbox 3152 4869 3301 4924; x_wconf 90' lang='lat' dir='ltr'>nolo.</span> <span class='ocrx_word' id='word_1_808' title='bbox 3343 4870 3458 4923; x_wconf 85' lang='lat' dir='ltr'>Hoc</span> <span class='ocrx_word' id='word_1_809' title='bbox 3485 4867 3698 4923; x_wconf 90' lang='lat' dir='ltr'>interim</span> <span class='ocrx_word' id='word_1_810' title='bbox 3719 4865 3806 4921; x_wconf 88' lang='lat' dir='ltr'>ob-</span> 
     </span>
    </p>
   </div>
   <div class='ocr_carea' id='block_1_115' title="bbox 2215 4957 3805 5030">
    <p class='ocr_par' dir='ltr' id='par_1_115' title="bbox 2215 4957 3805 5030">
     <span class='ocr_line' id='line_1_115' title="bbox 2215 4957 3805 5030; baseline -0.003 -17"><span class='ocrx_word' id='word_1_811' title='bbox 2215 4968 2428 5015; x_wconf 86' lang='lat' dir='ltr'>servato</span> <span class='ocrx_word' id='word_1_812' title='bbox 2458 4974 2624 5030; x_wconf 87' lang='lat' dir='ltr'>penes</span> <span class='ocrx_word' id='word_1_813' title='bbox 2657 4975 2762 5027; x_wconf 92' lang='lat' dir='ltr'>me,</span> <span class='ocrx_word' id='word_1_814' title='bbox 2787 4968 2844 5013; x_wconf 91' lang='lat' dir='ltr'>ut</span> <span class='ocrx_word' id='word_1_815' title='bbox 2893 4958 3039 5013; x_wconf 89' lang='lat' dir='ltr'>nulla</span> <span class='ocrx_word' id='word_1_816' title='bbox 3099 4959 3313 5029; x_wconf 90' lang='lat' dir='ltr'>penitus</span> <span class='ocrx_word' id='word_1_817' title='bbox 3371 4957 3578 5012; x_wconf 77' lang='lat' dir='ltr'>ratione</span> <span class='ocrx_word' id='word_1_818' title='bbox 3631 4969 3805 5026; x_wconf 88' lang='lat' dir='ltr'>quem-</span> 
     </span>
    </p>
   </div>
   <div class='ocr_carea' id='block_1_116' title="bbox 2212 5046 3806 5119">
    <p class='ocr_par' dir='ltr' id='par_1_116' title="bbox 2212 5046 3806 5119">
     <span class='ocr_line' id='line_1_116' title="bbox 2212 5046 3806 5119; baseline -0.005 -17"><span class='ocrx_word' id='word_1_819' title='bbox 2212 5065 2372 5118; x_wconf 91' lang='lat' dir='ltr'>quam</span> <span class='ocrx_word' id='word_1_820' title='bbox 2408 5048 2461 5101; x_wconf 88' lang='lat' dir='ltr'>in</span> <span class='ocrx_word' id='word_1_821' title='bbox 2493 5046 2726 5102; x_wconf 76' lang='lat' dir='ltr'>officium</span> <span class='ocrx_word' id='word_1_822' title='bbox 2756 5048 2836 5104; x_wconf 91' lang='lat' dir='ltr'>sic</span> <span class='ocrx_word' id='word_1_823' title='bbox 2862 5049 3097 5119; x_wconf 89' lang='lat' dir='ltr'>suscepti</span> <span class='ocrx_word' id='word_1_824' title='bbox 3131 5047 3348 5104; x_wconf 88' lang='lat' dir='ltr'>honoris</span> <span class='ocrx_word' id='word_1_825' title='bbox 3378 5048 3806 5112; x_wconf 87' lang='lat' dir='ltr'>consecrem,aut</span> 
     </span>
    </p>
   </div>
   <div class='ocr_carea' id='block_1_117' title="bbox 2210 5134 3797 5207">
    <p class='ocr_par' dir='ltr' id='par_1_117' title="bbox 2210 5134 3797 5207">
     <span class='ocr_line' id='line_1_117' title="bbox 2210 5134 3797 5207; baseline -0.005 -15"><span class='ocrx_word' id='word_1_826' title='bbox 2210 5137 2381 5194; x_wconf 85' lang='lat' dir='ltr'>cuivis</span> <span class='ocrx_word' id='word_1_827' title='bbox 2411 5137 2499 5191; x_wconf 90' lang='lat' dir='ltr'>alii</span> <span class='ocrx_word' id='word_1_828' title='bbox 2541 5151 2857 5192; x_wconf 86' lang='lat' dir='ltr'>consecrare</span> <span class='ocrx_word' id='word_1_829' title='bbox 2911 5137 3227 5207; x_wconf 76' lang='lat' dir='ltr'>praecipiam</span> <span class='ocrx_word' id='word_1_830' title='bbox 3286 5135 3370 5192; x_wconf 85' lang='lat' dir='ltr'>vel</span> <span class='ocrx_word' id='word_1_831' title='bbox 3427 5134 3797 5190; x_wconf 81' lang='lat' dir='ltr'>concedam.»</span> 
     </span>
    </p>
   </div>
   <div class='ocr_carea' id='block_1_118' title="bbox 2210 5234 3801 5305">
    <p class='ocr_par' dir='ltr' id='par_1_118' title="bbox 2210 5234 3801 5305">
     <span class='ocr_line' id='line_1_118' title="bbox 2210 5234 3801 5305; baseline -0.004 -14"><span class='ocrx_word' id='word_1_832' title='bbox 2210 5235 2391 5291; x_wconf 88' lang='lat' dir='ltr'>Soluta</span> <span class='ocrx_word' id='word_1_833' title='bbox 2423 5236 2477 5288; x_wconf 91' lang='lat' dir='ltr'>in</span> <span class='ocrx_word' id='word_1_834' title='bbox 2508 5234 2626 5289; x_wconf 88' lang='lat' dir='ltr'>istis</span> <span class='ocrx_word' id='word_1_835' title='bbox 2655 5235 3029 5290; x_wconf 88' lang='lat' dir='ltr'>controversia</span> <span class='ocrx_word' id='word_1_836' title='bbox 3059 5243 3156 5303; x_wconf 89' lang='lat' dir='ltr'>est,</span> <span class='ocrx_word' id='word_1_837' title='bbox 3196 5242 3247 5289; x_wconf 88' lang='lat' dir='ltr'>et</span> <span class='ocrx_word' id='word_1_838' title='bbox 3285 5234 3535 5305; x_wconf 89' lang='lat' dir='ltr'>utrinque</span> <span class='ocrx_word' id='word_1_839' title='bbox 3586 5247 3672 5288; x_wconf 90' lang='lat' dir='ltr'>res</span> <span class='ocrx_word' id='word_1_840' title='bbox 3720 5245 3801 5284; x_wconf 84' lang='lat' dir='ltr'>so-</span> 
     </span>
    </p>
   </div>
   <div class='ocr_carea' id='block_1_119' title="bbox 2206 5332 3795 5405">
    <p class='ocr_par' dir='ltr' id='par_1_119' title="bbox 2206 5332 3795 5405">
     <span class='ocr_line' id='line_1_119' title="bbox 2206 5332 3795 5405; baseline -0.003 -18"><span class='ocrx_word' id='word_1_841' title='bbox 2206 5334 2338 5405; x_wconf 89' lang='lat' dir='ltr'>pita.</span> <span class='ocrx_word' id='word_1_842' title='bbox 2371 5336 2518 5390; x_wconf 91' lang='lat' dir='ltr'>Tunc</span> <span class='ocrx_word' id='word_1_843' title='bbox 2543 5349 2639 5388; x_wconf 79' lang='lat' dir='ltr'>rex</span> <span class='ocrx_word' id='word_1_844' title='bbox 2689 5341 2939 5404; x_wconf 85' lang='lat' dir='ltr'>tanquam</span> <span class='ocrx_word' id='word_1_845' title='bbox 2994 5335 3189 5404; x_wconf 82' lang='lat' dir='ltr'>cupitae</span> <span class='ocrx_word' id='word_1_846' title='bbox 3240 5333 3494 5405; x_wconf 86' lang='lat' dir='ltr'>potestati</span> <span class='ocrx_word' id='word_1_847' title='bbox 3553 5332 3795 5394; x_wconf 89' lang='lat' dir='ltr'>donatus,</span> 
     </span>
    </p>
   </div>
   <div class='ocr_carea' id='block_1_120' title="bbox 2206 5431 3794 5503">
    <p class='ocr_par' dir='ltr' id='par_1_120' title="bbox 2206 5431 3794 5503">
     <span class='ocr_line' id='line_1_120' title="bbox 2206 5431 3794 5503; baseline -0.004 -15"><span class='ocrx_word' id='word_1_848' title='bbox 2206 5433 2476 5488; x_wconf 81' lang='lat' dir='ltr'>exsultans</span> <span class='ocrx_word' id='word_1_849' title='bbox 2507 5435 2562 5488; x_wconf 86' lang='lat' dir='ltr'>et</span> <span class='ocrx_word' id='word_1_850' title='bbox 2621 5431 2804 5487; x_wconf 88' lang='lat' dir='ltr'>hilaris</span> <span class='ocrx_word' id='word_1_851' title='bbox 2861 5448 2962 5503; x_wconf 90' lang='lat' dir='ltr'>per</span> <span class='ocrx_word' id='word_1_852' title='bbox 3008 5432 3284 5490; x_wconf 91' lang='lat' dir='ltr'>dationem</span> <span class='ocrx_word' id='word_1_853' title='bbox 3343 5431 3510 5502; x_wconf 66' lang='lat' dir='ltr'>virga:</span> <span class='ocrx_word' id='word_1_854' title='bbox 3566 5435 3794 5500; x_wconf 87' lang='lat' dir='ltr'>pastora-</span> 
     </span>
    </p>
   </div>
   <div class='ocr_carea' id='block_1_121' title="bbox 2205 5527 3791 5597">
    <p class='ocr_par' dir='ltr' id='par_1_121' title="bbox 2205 5527 3791 5597">
     <span class='ocr_line' id='line_1_121' title="bbox 2205 5527 3791 5597; baseline -0.004 -12"><span class='ocrx_word' id='word_1_855' title='bbox 2205 5531 2268 5585; x_wconf 91' lang='lat' dir='ltr'>lis</span> <span class='ocrx_word' id='word_1_856' title='bbox 2341 5531 2484 5588; x_wconf 92' lang='lat' dir='ltr'>illico</span> <span class='ocrx_word' id='word_1_857' title='bbox 2558 5530 2694 5586; x_wconf 90' lang='lat' dir='ltr'>duos</span> <span class='ocrx_word' id='word_1_858' title='bbox 2766 5529 2834 5586; x_wconf 88' lang='lat' dir='ltr'>de</span> <span class='ocrx_word' id='word_1_859' title='bbox 2883 5530 3100 5587; x_wconf 88' lang='lat' dir='ltr'>clericis</span> <span class='ocrx_word' id='word_1_860' title='bbox 3161 5531 3274 5586; x_wconf 91' lang='lat' dir='ltr'>suis</span> <span class='ocrx_word' id='word_1_861' title='bbox 3330 5529 3539 5586; x_wconf 89' lang='lat' dir='ltr'>duobus</span> <span class='ocrx_word' id='word_1_862' title='bbox 3596 5527 3791 5597; x_wconf 85' lang='lat' dir='ltr'>episco-</span> 
     </span>
    </p>
   </div>
   <div class='ocr_carea' id='block_1_122' title="bbox 2201 5623 3788 5701">
    <p class='ocr_par' dir='ltr' id='par_1_122' title="bbox 2201 5623 3788 5701">
     <span class='ocr_line' id='line_1_122' title="bbox 2201 5623 3788 5701; baseline -0.006 -16"><span class='ocrx_word' id='word_1_863' title='bbox 2201 5630 2414 5701; x_wconf 89' lang='lat' dir='ltr'>patibus</span> <span class='ocrx_word' id='word_1_864' title='bbox 2467 5627 2756 5698; x_wconf 82' lang='lat' dir='ltr'>investivit,</span> <span class='ocrx_word' id='word_1_865' title='bbox 2833 5629 3129 5701; x_wconf 88' lang='lat' dir='ltr'>Rogerium</span> <span class='ocrx_word' id='word_1_866' title='bbox 3205 5629 3444 5685; x_wconf 79' lang='lat' dir='ltr'>videlicet</span> <span class='ocrx_word' id='word_1_867' title='bbox 3519 5623 3788 5681; x_wconf 85' lang='lat' dir='ltr'>cancella-</span> 
     </span>
    </p>
   </div>
  </div>
