4044 6074
347 207 452 264 43⁸1

1423 207 1748 267 HISTORIA
1788 208 2162 266 NOVORUM.
2213 240 2283 252 --
2322 210 2446 266 LIB.
2488 212 2583 266 III.

3552 219 3652 271 438

353 332 490 390 rium
523 331 602 403 (al
630 333 945 408 episcopatu
961 334 1314 405 Serberiensi,
1346 343 1398 392 et
1436 333 1600 390 alium
1631 334 1945 406 Rogerium,
1978 334 2032 397 Α
2059 333 2390 392 Simoniacae
2403 335 2628 391 haeresis
2645 335 2918 408 subreptio
2947 337 3005 392 in
3033 338 3228 394 eodem
3249 338 3483 396 concilio
3503 341 3650 396 dam-

354 424 709 480 larderarium
738 425 816 495 (b)
847 442 1026 494 suum,
1053 424 1368 496 pontiﬁcatu
1399 424 1802 480 Herefordensi.

426 513 525 568 Per
549 512 695 568 idem
724 517 938 584 tempus
969 515 1303 570 celebratum
1334 523 1413 568 est
1442 515 1701 586 generale
1760 513 1948 568 conci-

355 600 490 658 lium
521 601 896 674 episcoporum
918 611 970 658 et
999 604 1256 658 abbatum
1276 604 1463 658 totitus
1477 602 1628 675 regni
1647 603 1700 657 in
1721 601 1952 658 ecclesia

353 690 499 747 beati
518 690 658 747 Petri
690 693 1057 762 apostolorum
1089 691 1383 762 principis,
1415 707 1533 762 quae
1587 693 1640 746 in
1689 692 1950 746 occiden-

351 779 447 835 tali
486 786 639 851 parte
670 779 1084 836 Lundoniwsita
1115 789 1213 836 est.
1263 780 1359 835 Cui
1415 780 1645 836 concilio
1700 780 1953 851 praesedit

353 868 652 924 Anselmus
677 869 1117 940 archiepiscOpus
1146 870 1600 936 Dorobernensis,
1619 867 1954 924 considenti-

358 956 459 1012 bus
489 973 672 1013 secum
701 959 1109 1030 archiepiscopo
1137 959 1494 1027 Eboracensi,
1527 957 1794 1025 Gerardo,
1813 959 1957 1012 Mau-

355 1047 478 1102 ritio
507 1046 766 1118 episcopo
795 1047 1179 1115 Lundoniensi,
1227 1048 1550 1103 Willhelmo
1605 1047 1776 1103 electo
1833 1047 1953 1118 epi-

360 1150 528 1207 scOpo
555 1136 954 1205 Wintoniensi,
987 1137 1226 1194 Roberto
1269 1137 1524 1208 episcopo
1573 1135 1955 1202 Lincolniensi,

363 1225 628 1281 Samsone
685 1224 1063 1298 Wigornensi,
1108 1225 1354 1281 Roberto
1402 1225 1692 1292 Cestrensi,
1749 1225 1960 1280 Joanne

361 1312 754 1382 Barthoniensi,
787 1313 1054 1369 Herberto
1083 1312 1443 1379 Norwicensi,
1484 1312 1770 1384 Radulpho
1801 1313 1959 1367 Cice-

361 1403 582 1468 strensi,
609 1401 939 1472 Gondulpbo
960 1400 1218 1471 Roﬁ‘ensi,
1253 1403 1463 1458 Herveo
1521 1402 1878 1473 Pangorensi,
1911 1408 1963 1455 et

361 1490 576 1547 duobus
622 1491 834 1548 noviter
873 1491 1149 1561 institutis,
1209 1490 1444 1564 Rogerio
1501 1491 1712 1547 scilicet
1770 1490 1962 1546 Serbe—

360 1579 529 1636 riensi
583 1587 636 1636 et
693 1579 936 1651 Rogerio
991 1579 1409 1636 Herefordensi.
1475 1579 1752 1636 Osbernus
1779 1585 1959 1634 autem

365 1667 706 1735 Exoniensis,
762 1667 1069 1725 inﬁrmitate
1121 1669 1370 1724 detentus
1399 1669 1496 1740 (ο),
1533 1668 1795 1723 interesse
1851 1682 1960 1722 non

362 1757 559 1828 potuit.
593 1757 654 1812 In
681 1757 788 1813 hoc
816 1758 1046 1814 concilio
1069 1758 1240 1814 multa
1259 1756 1646 1813 ecclesiasticae
1661 1755 1794 1812 disci
1803 1755 1966 1828 plina

357 1847 661 1902 necessaria
716 1847 924 1902 servari
979 1846 1268 1902 Anselmus
1323 1845 1572 1914 instituit,
1633 1862 1750 1915 quae
1807 1853 1963 1917 post-

362 1934 587 1992 modum
646 1935 794 1992 sedis
851 1935 1170 2006 apostolicaa
1222 1934 1465 2006 pontifex
1496 1951 1592 1990 sua
1646 1933 1966 1990 auctoritate

363 2023 724 2079 conﬁrmavit.
760 2025 921 2092 Cujus
951 2023 1172 2080 concilii
1213 2025 1429 2090 seriem,
1479 2022 1616 2079 sicut
1672 2023 1740 2077 ab
1771 2021 1965 2077 eodem

366 2112 520 2168 Patre
550 2114 805 2168 Anselmo
838 2113 1106 2183 descripta
1137 2120 1234 2179 est,
1268 2113 1394 2168 huic
1410 2111 1561 2182 Operi
1592 2113 1827 2168 inserere
1855 2126 1966 2166 non

368 2199 729 2274 incongruum
764 2201 1212 2257 existimavimus.
1249 2201 1445 2256 Scribit
1475 2202 1655 2271 itaque
1685 2200 1760 2254 sic
1793 2219 1804 2254 :

429 2293 585 2346 Anno
606 2291 906 2347 Dominica:
937 2290 1328 2346 Incarnationis
1359 2289 1647 2345 millesimo
1669 2287 1964 2345 centesimo

363 2380 626 2448 secundo,
657 2389 848 2450 quarto
877 2389 1061 2435 autem
1093 2380 1420 2449 praesulatus
1453 2378 1729 2434 Paschalis
1758 2378 1964 2432 summi

363 2467 661 2538 pontiﬁcis,
691 2468 847 2525 tertio
881 2468 1034 2541 regni
1063 2467 1285 2523 Henrici
1305 2467 1528 2540 gloriosi
1556 2466 1702 2539 regis
1747 2465 1963 2538 Anglo-

365 2572 506 2625 rum,
566 2557 684 2629 ipso
731 2565 1020 2625 annuente,
1075 2555 1405 2612 celebratum
1445 2563 1530 2611 est
1569 2554 1856 2610 concilium
1906 2554 1964 2610 in

367 2645 597 2702 ecclesia
625 2645 770 2702 beati
798 2645 959 2713 Petri,
991 2645 1046 2700 in
1075 2644 1394 2702 occidentali
1426 2652 1578 2716 parte
1602 2644 1756 2714 juxta
1811 2643 1960 2698 Lun-

363 2734 583 2792 doniam
638 2735 762 2805 sita,
818 2733 1099 2791 communi
1140 2749 1410 2789 consensu
1466 2733 1842 2804 episcoporum
1911 2740 1964 2788 et

363 2824 622 2880 abbatum
649 2831 702 2880 et
729 2823 1039 2895 principum
1071 2822 1242 2880 totius
1269 2821 1445 2893 regni.
1467 2823 1528 2876 In
1555 2837 1662 2894 quo
1705 2820 1964 2892 praesedit

357 2912 675 2980 Anselmus,
707 2911 1152 2984 archiepiscOpus
1184 2910 1620 2967 Dorobernensis
1676 2919 1729 2966 et
1756 2911 1963 2982 primas

355 3002 521 3058 totius
550 3001 863 3069 Britanniae,
923 3000 1330 3057 considentibus
1373 2998 1776 3056 venerabilibus
1830 2998 1962 3055 viris

2057 428 2184 479 nata
2214 434 2311 480 est.
2345 429 2404 480 In
2464 441 2572 496 qua
2623 426 2782 496 culpa
2836 426 3036 482 inventi
3067 427 3298 497 depositi
3317 436 3439 483 sunt
3463 428 3646 485 Guido

2058 512 2227 568 abbas
2257 515 2324 570 de
2347 516 2598 570 Persrore
2629 516 2723 584 (εἰ),
2758 518 2812 570 et
2841 516 3169 571 Wimundus
3204 517 3272 572 de
3319 519 3649 584 Vavestoch,

2059 610 2110 656 et
2140 601 2452 657 Ealdwinus
2468 605 2533 657 de
2565 603 2864 672 Rameseia,
2897 613 2948 659 et
2995 604 3088 659 alii
3137 605 3376 660 nondum
3435 605 3651 669 sacrati,

2056 691 2246 744 remoti
2279 693 2347 745 ab
2377 692 2626 757 abbatiis,
2645 692 2848 747 scilicet
2867 692 3134 748 Godricus
3153 694 3222 749 de
3241 695 3436 764 Burgo,
3463 693 3655 748 Haimo

2059 779 2126 833 de
2151 779 2362 848 Cerne],
2399 781 2682 852 Egelricus
2713 783 2780 836 de
2815 781 3108 837 Mideltune
3141 801 3154 848 ;
3188 782 3394 853 absque
3424 781 3655 837 simonia

2061 884 2188 923 vero
2211 869 2403 924 remoti
2433 878 2553 924 sunt
2573 869 2643 925 ab
2673 869 2905 924 abbatiis
2934 872 3046 939 ’pro
3095 885 3193 926 sua
3236 872 3434 941 quique
3473 886 3654 938 causa,

2061 956 2324 1012 Ricardus
2353 959 2420 1012 de
2439 957 2579 1025 Ileli,
2612 968 2663 1013 et
2685 959 2949 1013 Robertus
2981 959 3046 1014 de
3079 959 3284 1014 Sancto
3340 959 3652 1024 Edmundo,

2061 1053 2115 1102 et
2145 1047 2234 1114 qui
2262 1055 2372 1102 erat
2393 1047 2535 1118 apud
2558 1047 2864 1102 Micelenei.

2137 1137 2406 1193 Statutum
2437 1151 2652 1207 quoque
2681 1143 2850 1192 estne
2871 1135 3112 1208 episcopi
3141 1135 3478 1192 saecularium
3530 1137 3656 1207 pla-

2063 1225 2292 1282 citorum
2325 1223 2566 1280 ofﬁcium
2587 1223 2901 1295 suscipiant,
2960 1230 3015 1279 et
3069 1231 3144 1292 ut,
3189 1240 3299 1278 non
3354 1223 3488 1279 sicut
3511 1222 3657 1290 laici,

2063 1315 2158 1370 sed
2190 1312 2544 1386 utreligiosas
2575 1327 2836 1384 personas
2865 1312 3037 1381 decet,
3067 1312 3340 1368 ordinatas
3369 1311 3520 1385 leges
3549 1312 3658 1368 ha-

2063 1404 2247 1472 beant,
2307 1409 2361 1458 et
2407 1410 2465 1457 ut
2519 1417 2734 1474 semper
2754 1411 2804 1458 et
2834 1401 3036 1473 ubique
3094 1403 3346 1458 honestas
3400 1417 3660 1471 personas

2065 1500 2228 1550 testes
2251 1492 2487 1548 habeant
2514 1507 2624 1546 suae
2642 1490 3086 1547 conversationis.

2136 1583 2206 1638 Ut
2233 1581 2396 1638 etiam
2409 1579 2873 1636 archidiaconatus
2884 1595 2993 1634 non
3016 1579 3210 1636 dentur
3231 1578 3303 1634 ad
3320 1576 3532 1634 ﬁrmam
3565 1578 3660 1649 (ε).

2148 1670 2215 1726 Ut
2241 1669 2614 1726 archidiaconi
2642 1669 2746 1723 sint
2775 1667 3012 1724 diaconi.

2143 1761 2213 1816 Ut
2275 1759 2456 1814 nullus
2531 1757 2964 1824 archidiaconus,
3005 1756 3294 1827 presbyter
3377 1755 3662 1827 diaconus,

2073 1848 2366 1904 canonicus
2387 1862 2614 1903 uxorem
2644 1847 2824 1916 ducat,
2853 1847 2941 1901 vel
2965 1845 3181 1901 ductam
3214 1844 3466 1900 retineat.
3533 1846 3668 1902 Sub-

2072 1937 2334 1993 diaconus
2361 1951 2490 1992 vero
2547 1936 2790 2006 quilibet,
2848 1937 2940 2005 qui
2983 1935 3276 1990 canonicus
3314 1951 3423 1991 non
3459 1942 3565 2004 est,
3621 1936 3667 1990 si

2073 2035 2194 2098 post
2220 2025 2614 2098 professionem
2635 2023 2892 2080 castitatis
2933 2039 3156 2078 uxorem
3184 2022 3418 2090 duxerit,
3475 2023 3664 2080 eadem

2070 2116 2263 2187 regula
2293 2113 2712 2186 constringatur.

2146 2205 2217 2275 (f)
2239 2202 2622 2273 Utpresbyter,
2654 2201 2888 2270 quandiu
2917 2199 3154 2256 illicitam
3199 2199 3666 2257 conversationem

2071 2293 2312 2349 mulieris
2332 2290 2599 2358 habuerit,
2630 2305 2736 2344 non
2766 2289 2833 2343 sit
2861 2288 3072 2361 legalis,
3111 2305 3211 2343 nec
3240 2289 3464 2343 missam
3515 2289 3664 2345 cele-

2071 2383 2212 2450 bret,
2247 2395 2368 2448 nec,
2402 2380 2446 2434 si
2476 2379 2850 2446 celebraverit,
2873 2379 2985 2447 ejus
3015 2377 3182 2432 missa
3211 2378 3484 2433 audiatur.

2071 2472 2142 2527 Ut
2184 2469 2361 2524 nullus
2409 2468 2477 2522 ad
2533 2467 2979 2522 subdiaconatum
3026 2470 3122 2521 aut
3169 2481 3336 2536 supra
3392 2465 3671 2522 ordinetur

2070 2559 2186 2614 sine
2218 2555 2557 2630 professione
2585 2555 2868 2611 castitatis.

2141 2649 2210 2704 Ut
2237 2647 2331 2700 ﬁlii
2359 2644 2797 2716 presbyterorum
2818 2658 2926 2700 non
2948 2642 3056 2698 sint
3077 2642 3322 2699 haeredes
3380 2642 3664 2701 Ecclesia-

2070 2753 2188 2792 rum
2217 2743 2429 2807 patrum
2446 2749 2669 2790 suorum
2681 2775 2691 2786 .

2139 2826 2221 2880 Ne
2252 2822 2474 2896 quilibet
2494 2821 2672 2878 clerici
2700 2821 2808 2876 sint
2833 2820 3176 2878 sacularium
3219 2819 3520 2893 praepositi,
3580 2821 3672 2878 vel

2068 2921 2445 2986 procuratores
2475 2917 2563 2966 aut
2581 2909 2800 2980 judices
2828 2909 3133 2984 sanguinis.

2141 3005 2208 3060 Ut
2260 2999 2565 3074 presbyteri
2614 3014 2722 3056 non
2775 3006 2901 3055 eant
2945 2998 3014 3055 ad
3061 2998 3395 3072 potationes,
3457 3013 3560 3056 nec
3597 2998 3672 3056 ad

358 3089 612 3147 Gerardo
641 3067 972 3146 Eboracensi
1004 3089 1435 3160 archiepisc0po,
1467 3087 1716 3143 Mauritio
1747 3087 1960 3144 Lundo-
1986 3067 2036 3132 (ἶ
2066 3067 2364 3166 pinnas-(9)
2385 3067 2598 3144 bibant.

356 3180 538 3235 niensi
596 3178 874 3250 episcopo,
928 3177 1249 3233 Willhelmo
1304 3177 1606 3233 Wintoniaa
1635 3176 1806 3233 electo
1836 3176 1960 3246 epi-

361 3283 549 3339 scopo,
577 3268 804 3338 aliisque
837 3275 945 3322 tam
977 3267 1247 3337 episcopis
1273 3276 1454 3336 quam
1511 3265 1775 3320 abbatius.
1825 3264 1962 3320 Huic

359 3356 647 3414 conventui
678 3356 984 3423 adfuerunt,
1016 3355 1272 3411 Anselmo
1304 3354 1713 3426 archiepiscopo
1745 3359 1962 3425 petente

365 3461 397 3500 a
433 3461 587 3517 rege,
616 3445 884 3516 primates
931 3443 1112 3517 regni,
1137 3450 1404 3514 quatenus
1433 3442 1700 3515 quidquid
1719 3443 1963 3513 ejusdem

354 3533 568 3591 concilii
595 3533 914 3590 auctoritate
962 3533 1364 3600 decerneretur,
1424 3532 1706 3603 utriusque
1759 3530 1964 3587 ordinis

357 3623 613 3679 concordi
642 3635 778 3679 cura
807 3627 861 3677 et
885 3621 1256 3678 sollicitudine
1284 3628 1456 3676 tutum
1493 3627 1813 3675 servaretur.
1871 3619 1962 3676 Sic

355 3711 502 3768 enim
532 3725 754 3768 necesse
788 3718 926 3780 erat,
949 3726 1071 3766 cum
1103 3709 1288 3765 multis
1317 3717 1460 3765 retro
1509 3709 1682 3775 annis,
1714 3707 1962 3780 synodali

356 3799 566 3856 cultura
596 3807 862 3868 cessante,
893 3799 1146 3856 vitiorum
1167 3798 1426 3870 vepribus
1468 3796 1958 3863 succrescentibus,

356 3888 677 3945 Christiana
687 3887 970 3962 religionis
985 3886 1236 3944 fervorin
1247 3885 1441 3959 Anglia
1455 3886 1621 3941 nimis
1633 3886 1724 3942 ref
1722 3885 1964 3956 riguerat

431 3986 668 4043 Primum
689 3984 876 4058 itaque
905 4001 970 4041 ex
1001 3984 1321 4040 auctoritate
1369 3989 1679 4040 sanctorum
1738 3983 1962 4035 Patrum

2135 3182 2202 3236 Ut
2223 3187 2400 3235 vestes
2428 3177 2750 3232 clericorum
2777 3177 2884 3233 sint
2907 3177 3066 3234 unius
3095 3177 3318 3244 coloris,
3376 3184 3430 3233 et
3459 3174 3670 3235 calcea-

2069 3275 2252 3324 menta
2275 3268 2542 3324 ordinata.

2140 3359 2207 3414 Ut
2233 3355 2485 3412 monachi
2513 3363 2564 3411 et
2591 3353 2781 3411 clerici
2816 3352 2907 3424 qui
2937 3352 3190 3410 ordinem
3243 3370 3398 3411 suum
3453 3355 3671 3426 abjecc-

2068 3456 2208 3513 runt,
2242 3453 2333 3500 aut
2363 3443 2609 3512 redeant,
2642 3452 2730 3498 aut
2762 3443 3324 3500 excommunicentur.

2139 3537 2207 3592 Ut
2230 3533 2407 3590 clerici
2437 3539 2684 3604 patentes
2704 3546 2933 3588 coronas
2962 3531 3218 3588 habeant.

2139 3627 2208 3680 Ut
2237 3621 2464 3678 decimae
2484 3621 2699 3678 nonnisi
2719 3619 2981 3678 Ecclesiis
3009 3620 3223 3678 dentur.

2137 3713 2219 3768 Ne
2244 3709 2491 3768 ecclesia:
2519 3718 2610 3766 aut
2633 3709 2945 3780 praebenda:
2974 3716 3249 3766 amantur.

2137 3803 2221 3858 Ne
2247 3815 2404 3858 novze
2424 3799 2647 3872 capellae
2675 3797 2804 3854 ﬁant
2832 3797 2948 3854 sine
2969 3813 3234 3855 consensu
3265 3798 3530 3871 episcopi.

2140 3891 2222 3946 Ne
2251 3888 2474 3946 ecclesia
2503 3896 2741 3944 sacretur
2768 3888 2946 3944 donec
2973 3887 3370 3958 provideantur
3399 3903 3663 3947 necessa-

2072 3979 2151 4034 ria
2170 3986 2221 4034 et
2248 3979 2558 4049 presbytero
2587 3984 2642 4034 et
2673 3976 2940 4033 ecclesia.

1644 4077 2074 4134 HENSCHENII
2113 4076 2343 4132 NOTAE.

427 4184 504 4252 (α)
533 4181 733 4252 Rogeri
757 4181 1176 4238 Sarisburiensis
1205 4187 1362 4252 pater
1411 4180 1677 4252 Rogerus,
1709 4193 1776 4232 ex
1807 4193 1947 4248 pau-
1977 4178 2028 4238 D
2130 4175 2202 4252 (_e)
2231 4175 2392 4229 Multa
2423 4172 2786 4252 eruditissime
2810 4170 3019 4243 colligit
3040 4170 3404 4252 Spelmannus
3430 4170 3485 4225 in
3501 4171 3668 4252 Glos-

351 4251 491 4336 pere’
512 4251 918 4336 presbytero'ad
944 4253 1218 4336 justitiarii
1261 4251 1457 4336 summi
1489 4258 1710 4336 evectus
1741 4258 1948 4336 poten-

353 4320 485 4381 tiam
513 4320 614 4378 sub
647 4320 749 4380 hoc
795 4320 1048 4394 Henrico,
1082 4325 1237 4394 cujus
1266 4323 1498 4394 gratiam
1546 4320 1784 4394 indignis
1814 4321 1950 4394 arti-

355 4397 454 4452 bus
483 4403 770 4462 meruerat,
799 4393 1112 4450 cancellarii
1166 4393 1380 4464 quoque
1409 4393 1726 4464 dignitatem
1787 4393 1952 4446 notho

356 4467 435 4524 sui
464 4466 734 4522 obtinuit:
771 4466 862 4537 qui
904 4483 1044 4521 nunc
1086 4466 1405 4537 episcopatu
1451 4466 1712 4537 donatus,
1768 4471 1954 4537 postea

357 4545 610 4594 extrema:
665 4533 886 4594 Henrici
959 4533 1220 4594 voluntati
1274 4533 1531 4601 inﬁdelis,
1587 4541 1777 4588 auctor
1835 4533 1953 4600 fuit,

359 4609 581 4665 exclusa
609 4608 872 4664 Mathilde
901 4608 1026 4677 ﬁlia,
1049 4608 1384 4677 Stephanum
1411 4620 1597 4676 regem
1622 4604 1882 4677 eligendi.

433 4681 501 4750 (b)
515 4678 887 4736 Larderariu:
903 4675 1120 4747 dicitur,
1135 4675 1611 4750 penu-praefecms,
1645 4690 1675 4728 a
1690 4675 1956 4740 larderio,

365 4748 505 4822 quod
520 4758 597 4806 est
615 4766 777 4820 penu,
791 4752 869 4807 sic
881 4753 1084 4806 dictum
1103 4748 1228 4822 quia
1240 4748 1314 4822 in'
1339 4764 1403 4822 eo
1429 4748 1652 4804 lardum
1666 4761 1958 4822 conserva-

366 4817 469 4878 tur.
517 4817 640 4876 Non
673 4817 886 4894 poterat
916 4817 1252 4894 dignioribus
1282 4820 1536 4875 inchoare
1566 4826 1674 4873 tam
1705 4817 1962 4887 indignus

405 4901 667 4950 romotor.

434 4910 667 4949 ometor.

366 4910 512 5033 pr(c)
547 4986 570 5013 α
597 4962 1251 5033 Osbernus,nonpaucis
1293 4961 1448 5017 annis
1495 4960 1695 5033 lumine
1751 4963 1958 5033 captus,

365 5029 501 5091 vixit
528 5033 595 5089 ad
618 5049 815 5088 annum
845 5050 896 5089 tv
927 5029 1077 5103 regis
1101 5033 1336 5088 Henrici.
1369 5055 1390 5081 η
1418 5033 1497 5086 Ita
1527 5029 1963 5103 Malmesburien-

369 5107 465 5162 sis.
489 5107 571 5160 Ex
602 5119 708 5175 quo
737 5121 901 5174 supra
926 5101 1208 5158 statuimus
1237 5121 1326 5158 an.
1349 5106 1495 5175 1403
1526 5101 1748 5175 obiisse.

440 5177 518 5302 (d1)
539 5168 704 5231 Erant
723 5168 955 5231 abbatiae
977 5175 1042 5229 de
1065 5177 1329 5230 Pershore
1345 5174 1548 5244 inagro
1570 5168 1966 5295 Wiﬁorniensi,

513 5249 769 5302 avestoch
798 5247 852 5302 in
883 5247 1147 5302 Devonia.
1175 5246 1244 5302 de
1273 5244 1556 5302 Bemeseja
1584 5259 1636 5295 ιο
1709 5240 1966 5296 untindo-

440 5189 494 5247 (α
541 5189 704 5231 urant
723 5189 955 5231 annatiae
977 5189 1042 5229 ac
1067 5189 1402 5230 rersnorem
1416 5189 1548 5244 agro
1576 5189 1657 5225 wn
1705 5189 1966 5239 011110115],

370 5247 440 5304 de
468 5189 769 5322 {avestoch
798 5247 852 5302 in
883 5247 1147 5322 Devopia,
1175 5246 1244 5302 de
1273 5244 1556 5322 Bemeseja
1580 5243 1636 5322 in
1657 5189 1970 5322 ﬁuntindo-

369 5318 524 5375 nensi
575 5320 852 5385 comitatu,
913 5319 981 5372 de
1033 5312 1213 5386 Burgo
1270 5332 1365 5371 seu
1418 5312 1870 5386 Petroburgensis
1917 5312 1974 5386 in

369 5389 802 5458 Nortbamtonia,
831 5384 898 5444 de
929 5387 1121 5445 Cernel
1147 5384 1217 5441 ‘in
1245 5402 1380 5459 agro
1437 5384 1844 5459 Somersetensi,
1890 5385 1976 5459 de

372 5459 706 5518 Middeltune
729 5455 946 5533 inagro
973 5455 1309 5533 Dorsetensii
1339 5458 1420 5533 l_)e
1443 5455 1758 5533 fundatione
1783 5464 1844 5533 et
1856 5455 1978 5510 aliis

371 5533 566 5660 liorultin
605 5527 987 5591 ccenobio'rum
1003 5531 1165 5590 rebus
1187 5528 1579 5588 consulendum
1617 5527 1975 5586 Monasticum

423 5619 499 5660 na
539 5618 754 5660 canum.

378 5602 754 5677 Anglicanum.

2059 4241 2220 4312 sario,
2254 4253 2309 4298 ut
2347 4247 2616 4310 ostendat,
2649 4244 2720 4298 ad
2749 4241 2974 4310 ﬁrmam
3018 4242 3144 4297 dari
3192 4241 3416 4297 fundum
3448 4251 3535 4297 aut
3565 4243 3668 4299 be-

2060 4316 2328 4382 neﬁcium,
2361 4332 2480 4370 cum
2515 4314 2800 4369 traduntur
2831 4314 2930 4367 sub
2988 4313 3322 4383 obligatione
3379 4314 3658 4382 praebendi

2060 4404 2234 4444 annue
2262 4385 2500 4442 convivii
2528 4402 2621 4441 seu
2647 4383 2811 4454 epuli,
2861 4384 2930 4438 ad
2977 4394 3176 4438 certam
3231 4383 3473 4453 pecuniae
3515 4401 3670 4439 sum-

2062 4475 2206 4514 mam
2237 4467 2547 4527 certumque
2599 4456 2810 4510 dierum
2865 4471 3145 4527 numerum
3206 4455 3367 4508 taxati
3401 4472 3410 4507 :
3440 4462 3496 4527 et
3538 4456 3668 4527 hinc

2064 4546 2258 4586 nomen
2281 4525 2482 4598 ﬁrmte,
2516 4543 2620 4582 non
2654 4534 2856 4580 tantum
2889 4542 2994 4598 pro
3017 4525 3143 4579 villa
3173 4540 3268 4579 seu
3304 4525 3537 4598 praedio,
3564 4525 3667 4598 sub

2065 4617 2240 4657 annua
2273 4596 2527 4671 pensione
2558 4598 2785 4671 elocuto,
2817 4597 2916 4671 sed
2932 4597 3219 4671 etiam_p_ro
3245 4596 3498 4671 convivio
3527 4597 3667 4671 sumi

2065 4672 2212 4742 apud
2241 4666 2490 4742 auctores
2506 4667 3036 4742 Anglo-Saxonicos.
3076 4666 3204 4722 Tale
3226 4667 3355 4742 quid
3398 4668 3490 4742 hic
3510 4668 3669 4742 vide-

2066 4738 2216 4798 retur
2268 4741 2562 4813 prohiberi,
2594 4738 2824 4813 futpote_
2853 4741 3184 4813 honestatem
3226 4738 3669 4813 ecclesiasticam

2067 4813 2223 4868 valde
2252 4807 2477 4880 létlens,
2509 4809 2610 4866 nisi
2662 4807 2787 4881 mox
2812 4807 2949 4864 infra
2977 4808 3137 4862 simili
3187 4809 3372 4880 phrasi
3405 4818 3457 4865 et
3508 4811 3669 4881 plane

2069 4885 2124 4938 in
2145 4900 2302 4938 sensu
2338 4884 2500 4938 obvio
2530 4880 2916 4952 prohiberetur
2943 4881 3225 4935 monachis
3277 4885 3468 4938 tenere
3499 4880 3666 4939 uilla:

2070 4955 2142 5012 ad
2173 4955 2420 5022 ﬁrmam,
2452 4953 2508 5009 id
2533 4951 2617 5007 est
2653 4952 2756 5006 sub
2786 4967 2964 5006 annuo
2988 4952 3158 5022 pretio
3189 4951 3508 5009 conductas.

2143 5028 2218 5096 (f)
2233 5027 2444 5098 Legatis
2471 5024 2684 5098 dicitur,
2700 5023 2791 5098 qui
2812 5023 3018 5098 nullum
3033 5023 3195 5079 habet
3220 5023 3672 5098 impedimentum

2077 5094 2364 5169 quominus
2390 5097 2444 5150 in
2474 5096 2622 5152 curia
2651 5096 2820 5164 possit
2849 5111 2915 5149 ex
2947 5094 3070 5166 lege
3099 5096 3379 5169 postulare
3401 5103 3674 5169 _et_postu-

2077 5166 2198 5228 lari.
2233 5169 2422 5238 quales
2471 5183 2581 5223 non
2607 5176 2729 5222 sunt
2775 5166 3224 5238 excommunicati
3268 5174 3360 5221 aut
3399 5166 3628 5221 infames
3662 5181 3675 5218 :

2080 5243 2184 5297 hoc
2204 5237 2366 5295 sensu
2395 5239 2449 5292 in
2508 5239 2757 5294 formulis
2805 5237 3106 5309 judiciariis
3142 5237 3396 5292 dicuntur
3415 5239 3586 5309 probi
3626 5241 3683 5292 et

2087 5312 2290 5384 legales
2318 5310 2568 5367 homines
2602 5329 2619 5363 :
2645 5307 2848 5384 ethinc
2878 5310 3090 5384 ducitur
3116 5310 3397 5384 legalitas,
3417 5307 3485 5364 ad
3501 5307 3682 5378 hujus-

2085 5380 2235 5440 modi
2265 5384 2549 5438 honestam
2568 5382 2883 5452 qualitatem
2914 5380 3331 5452 designandam.

2160 5455 2412 5532 (g)_Pinn
2434 5449 2633 5532 Anglis
2657 5451 2926 5532 signiﬁcat
2959 5449 3223 5532 aciculam
3254 5458 3354 5532 aut.
3372 5449 3683 5532 etiameta-

2091 5521 2223 5584 vum’
2240 5525 2480 5597 ligneum
2498 5521 2625 5583 :sed
2651 5521 2780 5596 quid
2793 5540 2856 5581 ea
2870 5538 2973 5580 vox
2987 5523 3055 5579 ad
3067 5521 3521 5593 compotationem
3537 5521 3566 5572 τ
3581 5521 3684 5577 νε.
