4044 6074
456 307 563 366 439

1458 310 1769 367 EADMERI
1807 303 2372 367 CANTUABIENSIS
2409 309 2753 370 MONACHII

3647 315 3753 371 4ιο

513 437 626 510 (25)
651 439 734 498 Ne
763 440 993 500 ahbates
1020 440 1222 501 faciant
1251 437 1557 509 milites(a),
1584 444 1637 493 et
1662 444 1719 493 ut
1748 436 1801 492 in
1847 434 2039 492 eadem
2071 431 2125 493 Α
2155 434 2244 507 qui
2295 443 2419 507 post
2459 452 2567 494 non
2611 438 2811 495 multos
2859 438 3209 497 institutionis
3248 453 3360 497 sum
3388 437 3504 495 dies
3557 438 3759 497 multos

446 526 611 584 domo
631 544 755 586 cum
796 531 1078 589 monachis
1105 530 1216 585 suis
1274 528 1600 583 manducent
1655 534 1709 581 et
1756 524 2044 593 dormiant,

440 616 544 672 nisi
570 619 886 675 necessitate
912 619 1098 690 aliqua
1126 617 1464 690 prohibente.

510 707 591 760 Ne
623 700 871 763 monachi
916 708 1290 778 pcenitentiam
1345 703 1520 761 cuivis
1578 703 1868 777 injungant
1922 701 2045 757 sine

442 794 717 863 permissu
747 795 957 850 abbatis
985 795 1086 865 sui,
1112 804 1165 851 et
1189 794 1334 866 quod
1392 793 1616 848 abbates
1641 792 1720 847 eis
1769 791 2043 847 licentiam

448 882 515 936 de
548 883 649 938 hoc
681 883 811 939 dare
841 900 946 939 non
969 892 1215 955 possunt,
1252 882 1358 938 nisi
1393 882 1460 937 de
1489 881 1554 935 iis
1573 896 1799 952 quorum
1830 879 2042 934 anima-

439 985 553 1024 rum
586 987 768 1027 curam
800 981 1024 1043 gerunt.

518 1068 597 1120 Ne
628 1062 884 1119 monachi
916 1068 1242 1132 compatres,
1273 1061 1359 1117 vel
1390 1058 1675 1115 monachae
1722 1064 2041 1114 commatres

436 1153 583 1210 ﬁant.

512 1244 594 1298 Ne
622 1238 873 1297 monachi
907 1244 1123 1293 teneant
1148 1237 1307 1293 villas
1338 1236 1405 1291 ad
1435 1235 1665 1291 ﬁrmam.

510 1331 595 1386 Ne
624 1328 882 1384 monachi
914 1325 1170 1383 ecclesias
1186 1327 1287 1381 nisi
1305 1342 1404 1397 per
1448 1324 1737 1396 episcopos
1751 1323 2034 1395 accipiant,

441 1435 616 1489 neque
639 1417 741 1472 sibi
758 1417 910 1472 datas
926 1414 1229 1487 exspolient
1242 1416 1353 1469 suis
1368 1413 1689 1482 redditibus,
1731 1421 1789 1469 ut
1803 1412 2037 1484 presby-

449 1506 552 1563 teri
581 1505 655 1561 ibi
682 1504 981 1561 servientes
1009 1503 1065 1558 in
1092 1502 1160 1559 iis
1186 1520 1306 1574 quae
1342 1503 1447 1559 sibi
1471 1511 1523 1559 et
1552 1502 1796 1559 ecclesiis
1842 1516 2037 1559 neces-

438 1595 580 1650 saria
612 1600 733 1649 sunt
760 1592 1043 1663 penuriam
1072 1591 1364 1663 patiantur.

515 1685 583 1741 Ut
606 1682 742 1738 ﬁdes
770 1681 911 1737 inter
936 1681 1111 1735 virum
1142 1688 1195 1737 et
1231 1679 1511 1736 mulierem
1560 1678 1770 1737 oceulte
1825 1687 1879 1735 et
1924 1678 2041 1737 sine

2153 525 2234 580 sui
2288 536 2713 600 transgressores
2751 528 2806 583 in
2835 530 2990 586 omni
3020 528 3299 586 hominum
3349 542 3549 600 genere
3604 528 3758 585 fecit.

2155 616 2301 670 Sane
2325 616 2470 686 quod
2502 615 2751 672 ultimum
2785 617 2854 673 de
2871 617 3179 674 renovanda
3192 616 3759 674 excommunicatione

2152 702 2453 777 Dominicis
2483 704 2672 760 diebus
2721 709 2976 761 statutum
3028 706 3144 773 fuit,
3199 705 3437 778 ipsemet
3471 704 3765 761 Anselmus

2151 792 2456 847 rationabili
2506 793 2906 863 dispensatione
2979 811 3110 850 usus
3165 793 3421 866 postponi
3468 793 3757 850 concessit.

2152 879 2327 935 Finito
2354 881 2606 945 concilio,
2634 882 2919 938 Anselmus
2949 884 3227 939 Lundonia
3248 882 3517 939 discessit.

2222 970 2479 1025 Praefatus
2501 987 2634 1042 ergo
2663 972 2951 1044 Rogerius,
2998 973 3108 1043 qui,
3141 981 3199 1028 ut
3246 972 3501 1039 diximus,
3532 971 3589 1026 in
3636 969 3759 1042 epi-

2148 1067 2431 1130 scOpatum
2464 1060 2917 1116 Harefordensem
2948 1069 3263 1133 assumptus
3291 1069 3425 1129 erat,
3457 1076 3488 1116 e
3518 1059 3753 1132 vestigio

2146 1147 2201 1201 in
2229 1147 2348 1218 ipsa
2378 1148 2599 1204 civitate
2630 1150 2933 1206 Lundoniae
2972 1151 3126 1223 gravi
3182 1148 3496 1205 inﬁrmitate
3531 1163 3754 1220 percus-

2147 1252 2235 1290 sus
2264 1238 2333 1291 ad
2359 1245 2606 1292 extrema
2621 1237 2886 1293 deductus
2915 1246 3013 1293 est.
3046 1237 3172 1308 Qui,
3194 1254 3319 1295 cum
3349 1253 3406 1293 se
3433 1236 3746 1309 proximum

2147 1324 2305 1380 morti
2354 1325 2591 1395 sentiret,
2640 1326 2811 1383 misso
2852 1326 3042 1383 nuntio
3083 1342 3205 1383 cum
3255 1325 3486 1397 epistola
3527 1323 3749 1397 rogavit

2145 1414 2462 1470 Anselmum
2509 1424 2769 1485 quatenus
2817 1417 3145 1487 praeciperet
3206 1414 3420 1471 duobus
3473 1412 3749 1487 episcopis

2146 1502 2278 1570 suis,
2330 1503 2693 1559 Lundoniensi
2738 1504 2991 1562 videlicet
3018 1512 3179 1576 atque
3200 1502 3459 1572 Roﬁ‘ensi,
3490 1510 3548 1558 ut
3598 1518 3747 1572 eum,

2147 1599 2434 1664 antequam
2461 1601 2785 1662 moreretur,
2818 1592 2921 1647 sub
2945 1592 3224 1648 celeritate
3273 1591 3586 1663 episcopum
3605 1605 3750 1649 con-

2147 1687 2440 1737 secrarent.
2478 1680 2638 1749 Quod
2667 1680 2787 1752 ipse
2816 1680 3047 1738 audiens
3083 1679 3457 1753 insipientiam
3511 1678 3753 1736 hominis

442 1771 681 1828 testibus
715 1770 786 1826 de
815 1769 1070 1841 conjugio
1119 1767 1264 1837 data,
1318 1768 1361 1823 si
1412 1767 1481 1824 ab
1527 1768 1783 1825 alterutro
1838 1777 2042 1841 negata
2071 1784 2124 1844 Β
2154 1768 2451 1825 admiratus
2480 1768 2761 1843 paululum
2788 1768 3025 1839 subrisit,
3053 1769 3295 1842 nihilque
3316 1767 3649 1841 respondens
3680 1766 3755 1824 ad

440 1860 622 1928 fuerit,
655 1859 805 1915 irrita
833 1858 1115 1914 habeatur.

506 1968 577 2024 Ut
602 1964 873 2021 crinitisic
895 1964 1221 2021 toudeantur
1256 1972 1313 2019 ut
1365 1978 1492 2035 pars
1521 1963 1731 2019 aurium
1759 1972 2037 2036 appareat,

433 2064 487 2111 et
515 2054 656 2113 oculi
682 2069 791 2111 non
814 2062 1083 2126 tegantur.

498 2144 584 2201 Ne
604 2143 821 2217 cognati
847 2157 1016 2214 usque
1046 2140 1116 2197 ad
1164 2140 1452 2213 septimam
1506 2139 1916 2212 generationem
1968 2138 2039 2195 ad

430 2232 748 2306 conjugium
778 2247 887 2288 non
916 2231 1259 2301 copulentur,
1307 2229 1395 2285 vel
1424 2228 1663 2300 copulati
1723 2227 1887 2285 simul
1916 2243 2037 2299 per-

428 2328 702 2387 maneant,
732 2328 783 2376 et
815 2319 860 2375 si
887 2319 1007 2391 quis
1047 2318 1208 2388 hujus
1263 2317 1506 2374 incestus
1544 2317 1798 2374 conscius
1855 2316 2039 2384 fuerit,

435 2419 627 2467 etnon
668 2407 989 2476 ostenderit,
1038 2405 1285 2477 ejusdem
1315 2406 1555 2462 criminis
1608 2421 1668 2462 se
1716 2404 2039 2478 participem

432 2514 552 2555 €856
582 2504 899 2571 cognoscat.

495 2589 576 2642 Ne
609 2600 838 2656 corpora
863 2584 1245 2640 defunctorum
1302 2592 1456 2639 extra
1507 2583 1825 2654 parochiam
1882 2599 2037 2639 suam

434 2673 750 2745 repelianda
776 2680 1081 2743 portentur.

493 2763 565 2818 Ut
593 2760 880 2832 presbyter
906 2760 1183 2830 parochias
1213 2760 1410 2831 perdat
1439 2760 1583 2831 quod
1613 2759 1741 2817 inde
1790 2758 1869 2815 illi
1896 2759 2038 2830 juste

423 2849 669 2904 debetur.

493 2936 576 2991 Ne
607 2935 730 3006 quis
769 2934 1058 2991 temeraria
1070 2936 1306 2993 novitate
1326 2934 1645 3007 corporibus
1674 2944 2032 3002 mortuorum,

424 3032 518 3080 aut
548 3024 809 3092 fontibus,
843 3032 933 3079 aut
970 3024 1091 3078 aliis
1119 3024 1307 3089 rebus,
1333 3024 1475 3094 quod
1504 3022 1805 3095 contigisse
1833 3040 2036 3096 cogno-

422 3112 622 3181 vimus,
654 3112 769 3168 sine
801 3112 1109 3184 episcopali
1139 3113 1463 3169 auctoritate
1509 3112 1866 3169 reverentiam
1896 3128 2033 3168 san-
2066 3137 2114 3202 Ο

422 3201 623 3257 ctitatis
649 3201 921 3257 exhibeat.

499 3308 585 3364 Ne
616 3308 735 3378 quis
790 3307 926 3363 illud
953 3307 1234 3363 nefarium
1265 3307 1544 3381 negotium
1609 3324 1717 3378 quo
1773 3308 2038 3364 hactenus

427 3397 685 3451 homines
717 3398 770 3451 in
798 3397 1002 3469 Anglia
1031 3396 1279 3451 solebant
1314 3398 1426 3465 (26)
1454 3397 1599 3452 velut
1645 3397 1801 3452 bruta
1832 3398 2037 3452 anima-

422 3482 497 3540 lia
526 3485 846 3553 venundari,
879 3486 1140 3554 deinceps
1172 3485 1441 3540 ullatenus
1472 3486 1654 3541 facere
1679 3494 1997 3556 praesumat.

494 3589 898 3645 Sodomiticum'
935 3589 1202 3661 ﬂagitium
1246 3590 1524 3659 facientes,
1573 3598 1627 3646 et
1674 3606 1768 3647 eos
1825 3591 1881 3645 in
1934 3591 2039 3647 hoc

427 3677 738 3732 voluntarie
790 3678 1066 3747 juvantes,
1130 3678 1185 3731 in
1215 3676 1322 3733 hoc
1370 3678 1567 3733 eodem
1623 3678 1853 3735 concilio
1882 3679 2039 3751 gravi

430 3765 774 3820 anathemate
804 3763 1041 3819 damnati
1072 3771 1216 3832 sunt,
1261 3766 1437 3822 donec
1465 3766 1792 3837 poenitentia
1816 3776 1867 3822 et
1902 3783 2038 3823 con-

433 3852 677 3907 fessione
730 3851 1127 3907 absolutionem
1198 3860 1522 3909 mereantur.
1583 3854 1686 3923 Qui
1760 3871 1890 3911 vero
1937 3857 2040 3911 hoc

434 3941 667 3997 crimine
720 3940 1024 4012 publicatus
1074 3940 1254 4011 fuerit,
1300 3949 1557 3997 statutum
1613 3950 1719 4010 est,
1776 3943 2041 4015 siquidem

437 4029 599 4084 fuerit
628 4043 869 4102 persona
918 4028 1167 4101 religiosi
1207 4030 1434 4097 ordinis,
1464 4039 1523 4086 ut
1551 4031 1621 4086 ad
1647 4030 1853 4087 nullum
1915 4050 2040 4088 am-

433 4116 577 4188 plius
604 4117 831 4191 gradum
864 4125 1272 4188 promoventur,
1301 4126 1373 4186 et,
1408 4118 1454 4173 si
1474 4135 1641 4191 quem
1658 4121 1841 4189 habet,
1863 4121 2040 4179 abillo

433 4206 753 4278 deponatur.
788 4206 844 4262 Si
876 4214 1052 4261 autem
1090 4205 1279 4276 laicus,
1311 4216 1368 4261 ut
1397 4207 1452 4262 in
1479 4216 1775 4282 totoregno
1804 4211 2039 4283 Angliae,

433 4294 597 4367 legali
657 4311 769 4349 suae
808 4293 1142 4351 conditionis
1208 4294 1476 4366 dignitate
1542 4297 1798 4366 privetur.
1856 4299 1924 4353 Et
1976 4315 2044 4354 ne

433 4383 594 4453 hujus
621 4382 1278 4438 criminisabsolutionem
1334 4383 1400 4437 iis
1452 4384 1545 4456 qui
1586 4400 1643 4439 se
1696 4386 1797 4440 sub
1853 4386 2045 4459 regula

436 4471 618 4528 vivere
667 4488 775 4527 non
806 4474 1098 4539 noverunt,
1150 4470 1346 4543 aliquis
1375 4471 1477 4526 nisi
1525 4472 1816 4543 episcopus
1862 4475 2045 4532 facere
2073 4482 2131 4546 D

429 4569 749 4632 praesumat.

505 4666 775 4721 Statutum
798 4680 1015 4736 quoque
1071 4674 1152 4721 est
1207 4672 1265 4720 ut
1309 4682 1411 4737 per
1458 4674 1625 4723 totam
1676 4668 1925 4741 Angliam
1985 4670 2036 4726 in

436 4752 691 4810 omnibus
722 4754 1024 4809 Dominicis
1049 4753 1242 4809 diebus
1299 4756 1785 4813 excommunicatio
1812 4759 2038 4831 prmfata

435 4849 748 4898 renovetur.

507 4947 575 5002 Et
631 4949 731 5003 hoc
790 4947 1012 5019 quidem
1044 4947 1447 5007 Lundoniensis
1477 4952 1690 5010 concilii
1738 4961 1914 5036 textus
1942 4960 2042 5009 est.

2147 1858 2441 1933 postulata,
2464 1857 2708 1914 nuntium
2725 1874 2756 1914 a
2785 1873 2866 1927 se,
2885 1857 3025 1915 sicut
3052 1857 3218 1926 venit,
3264 1872 3493 1915 vacuum
3543 1854 3750 1913 emisit.

2149 1950 2214 2005 Et
2241 1947 2334 2004 ille
2364 1946 2585 2019 quidem
2613 1962 2746 2003 mox
2770 1945 3065 2003 Lundonia
3089 1954 3331 2004 mortuus
3381 1953 3481 2014 est,
3537 1951 3595 2002 et
3618 1959 3753 2003 can-

2147 2036 2406 2093 cellarius
2436 2035 2666 2109 reginae,
2697 2034 3019 2093 Reinelmus
3048 2034 3288 2105 nomine,
3319 2034 3443 2092 loco
3469 2032 3750 2107 illiuspari

2148 2125 2466 2182 investitura
2492 2124 2836 2197 subrogatus.

2218 2212 2433 2269 Mittens
2458 2227 2591 2286 ergo
2609 2228 2705 2268 rex
2732 2211 2947 2285 rogavit
2996 2212 3330 2281 Anselmum,
3357 2218 3622 2283 quatenus
3648 2227 3750 2284 pro

2148 2317 2246 2358 suo
2266 2301 2389 2374 jure
2417 2303 2517 2358 hos
2546 2301 2758 2358 noviter
2800 2301 3003 2358 electos
3058 2316 3183 2358 cum
3238 2299 3560 2358 Willhelmo
3605 2299 3751 2370 jam-

2147 2389 2352 2446 dudum
2380 2390 2671 2447 Wentante
2700 2389 2933 2446 civitatis
2978 2389 3242 2461 episcopo
3271 2388 3444 2446 electo
3472 2404 3752 2446 consecra-

2146 2486 2245 2535 ret.
2300 2479 2602 2551 Respondit
2633 2496 2647 2533 :
2676 2502 2697 2526 ι
2732 2478 3000 2550 Equidem
3018 2477 3405 2534 Willhelmum
3424 2477 3751 2535 libenscon-

2145 2568 2395 2636 secrabo,
2452 2567 2549 2623 sed
2587 2568 2735 2638 quod
2781 2568 2851 2623 de
2878 2583 3052 2638 nuper
3078 2566 3347 2623 investitis
3373 2566 3515 2623 inter
3566 2582 3657 2622 me
3696 2573 3753 2623 et

2145 2656 2297 2711 illum
2329 2657 2600 2725 convenit,
2660 2671 2770 2711 non
2798 2656 3040 2713 mutabo.
3078 2680 3100 2704 ιι
3135 2657 3208 2711 At
3236 2656 3350 2724 ille,
3381 2655 3625 2712 nonnihil
3679 2654 3751 2712 ab

2145 2744 2310 2800 animi
2370 2743 2758 2816 tranquillitate
2804 2753 3062 2810 mutatus,
3079 2761 3246 2800 unum
3271 2745 3387 2801 sine
3415 2744 3537 2800 aliis
3571 2743 3747 2813 illum,

2145 2848 2204 2888 se
2234 2834 2469 2902 vivente,
2490 2849 2601 2890 non
2627 2842 2986 2901 sacratumm,
3030 2834 3353 2904 interposito
3383 2841 3746 2905 sacramento,

2144 2921 2392 2977 asseruit.
2426 2922 2554 2977 Erat
2585 2922 2789 2993 quippe
2817 2923 2964 2978 idem
3001 2922 3359 2979 Willhelmus
3383 2922 3437 2978 in
3466 2922 3748 2994 episcopa-

2143 3017 2256 3065 tum
2288 3012 2596 3078 Wentanae,
2630 3019 2689 3066 ut
2715 3012 3149 3083 praelibavimus,
3178 3011 3432 3081 civitatis,
3491 3010 3749 3068 Anselmo

2144 3100 2380 3154 necdum
2432 3098 2502 3154 ab
2556 3099 2752 3157 exsilio
2783 3109 3062 3170 revocato,
3084 3102 3309 3168 electus,
3351 3101 3445 3157 sed
3474 3101 3595 3172 ipse
3644 3116 3749 3158 nec

2148 3186 2399 3244 electioni
2428 3189 2763 3254 consentire,
2795 3204 2897 3245 nec
2922 3189 3177 3245 baculum
3200 3188 3304 3245 sibi
3339 3204 3371 3244 a
3394 3203 3525 3261 rege
3550 3203 3748 3260 porre-

2147 3283 2291 3331 ctum
2322 3277 2621 3347 suscipere,
2673 3293 2775 3334 nec
2805 3277 2965 3333 rebus
2986 3277 3077 3335 vel
3122 3278 3303 3333 causis
3342 3276 3750 3349 episcopalibus

2148 3364 2260 3419 ullo
2289 3364 2507 3420 volebat
2560 3374 2721 3437 pacto
2770 3366 3074 3422 intendere.
3098 3367 3370 3422 Revocato
3398 3374 3578 3421 autem
3633 3368 3750 3421 An-

2147 3453 2344 3521 selmo,
2379 3453 2556 3509 clerus
2583 3454 2888 3524 etpopulus
2913 3454 2963 3510 ei
3018 3454 3287 3520 insistere,
3319 3470 3384 3510 ac
3408 3462 3468 3510 ut
3520 3452 3753 3511 electum

2149 3558 2303 3596 suum
2340 3541 2448 3596 sibi
2503 3542 2824 3613 praeﬁceret,
2870 3558 3072 3615 magno
3127 3550 3413 3615 coeperunt
3439 3557 3604 3614 opere
3652 3558 3753 3614 po-

2149 3630 2375 3684 stulare.
2402 3629 2595 3685 Diﬁ‘ert
2621 3630 2761 3702 ipse,
2793 3645 2891 3686 nec
2915 3630 3149 3686 subitum
3205 3630 3415 3703 praebet
3441 3646 3748 3687 assensum.

2148 3716 2389 3772 Tandem
2409 3725 2592 3773 tamen
2621 3726 2877 3775 eteorum
2925 3719 3253 3790 assiduitate,
3285 3728 3337 3775 et
3363 3718 3751 3778 ecclesiastica:

2150 3805 2480 3861 necessitatis
2556 3808 2995 3864 consideratione
3057 3816 3355 3879 promotus,
3429 3809 3752 3866 connivente

2148 3910 2297 3966 rege,
2329 3895 2712 3952 Willhelmum
2732 3897 2785 3951 in
2818 3896 3137 3964 Ecclesium,
3169 3897 3564 3954 exsultantibus
3607 3914 3748 3954 cun-

2150 3983 2251 4038 ctis
2282 3991 2335 4040 et
2351 3986 2634 4041 monachis
2662 3985 2835 4058 ipsius
2861 3986 3118 4043 Ecclesiae
3166 3986 3361 4044 festive
3406 3987 3751 4057 procedenti-

2150 4071 2271 4139 bus,
2307 4071 2547 4142 adduxit,
2579 4088 2645 4130 ac
2672 4074 2927 4130 Wentani
2956 4072 3298 4145 pontiﬁcatus
3332 4091 3523 4131 curam
3555 4074 3625 4143 ei,
3642 4076 3750 4132 sub

2150 4161 2440 4231 praesentia
2470 4162 2632 4217 totius
2660 4162 3018 4219 multitudinis
3048 4164 3176 4220 dato
3215 4162 3410 4220 baculo
3464 4164 3749 4236 pastorali,

2152 4247 2448 4321 delegavit.
2477 4250 2632 4306 Hunc
2651 4250 2820 4322 igitur
2840 4251 2916 4306 ita
2944 4252 3174 4308 electum
3205 4253 3384 4309 visum
3425 4260 3507 4309 est
3533 4252 3752 4323 pontiﬁ-

2151 4337 2257 4392 cali
2286 4336 2667 4395 benedictione
2694 4353 2803 4395 non
2823 4354 2946 4395 esse
2984 4341 3105 4411 jure
3149 4339 3606 4398 defraudandum.
3638 4341 3753 4399 Sed

2162 4441 2283 4479 cum
2317 4440 2414 4481 rex
2447 4426 2597 4481 illum
2629 4427 2745 4483 sine
2765 4428 2885 4483 aliis
2914 4427 3137 4484 sacrarii
3177 4429 3493 4500 permittere
3545 4444 3754 4502 nequa-

2159 4528 2341 4583 quam,
2365 4529 2465 4571 nec
2492 4515 2779 4572 Anselmus
2806 4532 2901 4572 eos
2938 4533 3060 4574 cum
3087 4517 3181 4574 illo
3236 4533 3453 4574 sacrare
3480 4517 3751 4575 ullatenus

2149 4601 2494 4672 acquiescere
2510 4604 2689 4673 vellet,
2739 4606 3002 4677 praecepit
3020 4622 3114 4663 rex
3147 4613 3204 4661 ut
3242 4607 3514 4663 Gerardus
3542 4606 3750 4663 Ebora-

2150 4689 2325 4744 censis
2388 4692 2549 4747 simul
2601 4708 2793 4749 omnes
2839 4702 3095 4751 sacraret.
3138 4694 3298 4764 Quod
3344 4694 3437 4751 ubi
3486 4696 3749 4766 praefatus

2150 4778 2465 4835 Reinelmus
2484 4781 2730 4850 advertit,
2766 4783 2945 4839 retulit
2999 4783 3115 4857 regi
3163 4783 3415 4841 baculum
3460 4792 3514 4839 et
3563 4800 3745 4841 annu-

2147 4865 2260 4922 lum
2293 4884 2430 4939 quos
2446 4884 2505 4924 se
2534 4869 2731 4940 injuria
2761 4872 3063 4943 suscepisse
3092 4870 3335 4941 dolebat,
3384 4872 3562 4929 sciens
3617 4873 3747 4946 quia

2153 4955 2588 5014 maledictionem
2632 4976 2733 5031 pro
2762 4959 3136 5019 benedictione
3189 4961 3504 5032 susciperet,
3549 4961 3596 5017 si
3653 4960 3748 5019 tali

1751 5102 2181 5162 HENSCHENII
2219 5105 2442 5163 ΝΟΤιΕ.

443 5261 564 5331 reor
610 5261 678 5301 ne
731 5245 1082 5335 librariorum
1129 5249 1280 5318 vitio,
1315 5258 1559 5335 truncata
1584 5256 1928 5335 vox-popina
1983 5255 2040 5335 in

483 5319 674 5396 initas,
710 5317 921 5396 abierit.
966 5320 1121 5396 Certe
1176 5317 1449 5396 synodica,
1493 5317 1737 5396 Eucherii
1786 5317 2039 5396 episcopi

496 5389 778 5467 eronensis
843 5389 1347 5467 adupresbyteros,
1400 5395 1707 5467 _Spicilegii
1746 5389 2040 5452 Acheriani

448 5468 596 5541 torno
627 5461 694 5528 ll,
725 5464 1026 5541 μεθεὶς,
1086 5478 1347 5541 espresse
1375 5461 1661 5541 ‘ho'rtatut:
1694 5468 2041 5541 presbyteros

454 5532 641 5589 dicens
673 5507 694 5586 τ’
725 5507 957 5589 {ﬁolite
986 5507 1039 5587 iii
1072 5507 1595 5593 tablemisvbibe’ret:

520 5603 600 5674 (α)
620 5602 907 5673 Quomodo
924 5602 1241 5665 illustriores
1267 5607 1530 5667 antistites
1576 5610 1667 5682 jus
1689 5608 1793 5666 sibi
1822 5624 2040 5683 arroga-

2149 5255 2261 5329 rint
2282 5273 2404 5312 cum
2435 5257 2664 5314 solemni
2694 5261 3019 5316 caeremonia
3034 5261 3290 5329 cingendi
3316 5261 3540 5329 milites,
3559 5261 3748 5319 sivein

2149 5328 2394 5403 ordinem
2420 5338 2723 5403 equestrem
2754 5332 3084 5399 ascribendi,
3124 5328 3231 5387 late
3260 5331 3457 5403 probat
3479 5328 3751 5403 Seldenus

2150 5398 2389 5474 adhunc
2420 5398 2907 5474 locum,docetque
2963 5418 3029 5458 ex
3078 5398 3564 5474 Malmésburiensi,
3618 5401 3751 5461 Gui-

2148 5469 2389 5556 lielmum
2423 5470 2638 5553 Rufum,
2682 5469 2882 5556 favore
2932 5474 2991 5529 Β.
3032 5474 3361 5556 Landiranci
3408 5469 3647 5556 usurum
3680 5487 3749 5531 eo

2147 5541 2470 5669 Sergium
2517 5541 2635 5614 ipse
2680 5544 3060 5601 Landt’raneus
3095 5546 3357 5602 nutrierat
3408 5554 3462 5602 et
3514 5541 3748 5602 militem

2362 5652 2375 5668 .
2408 5635 2431 5661 ι

2172 5626 2375 5671 ecerat.
2408 5635 2431 5661 ι
