4044 6074
292 323 390 382 ut

1373 313 1700 372 HISTORIA
1737 309 1881 369 NOV
1901 308 2118 368 ORUM.
2146 337 2218 350 —
2243 306 2371 365 LIB.
2415 305 2510 362 III.

3495 290 3601 350 “2

297 452 486 518 ordine
531 448 939 505 benedicendus
974 463 1033 506 se
1067 445 1317 501 manibus
1351 441 1586 501 Gerardi
1618 439 1886 496 submittc-
1915 433 1968 496 A
1999 432 2149 489 tiam.
2181 429 2324 500 Quid
2354 429 2484 486 mihi
2513 428 2581 485 de
2608 427 2742 484 meis
2771 442 2892 518 cum
2921 425 3106 498 papa?
3137 421 3272 492 Qua
3301 428 3600 518 antecesso:

297 549 403 596 ret.
443 541 599 598 Unde
620 555 714 595 rex
740 539 903 593 nimis
932 537 1098 593 iratus
1135 553 1262 592 eum
1293 533 1469 606 gratia
1514 549 1612 588 sua
1641 530 1896 602 curiaque

297 629 552 701 privavit.
587 629 864 685 Gerardus
894 628 1098 698 itaque,
1148 625 1365 682 sociatis
1396 624 1498 678 sibi
1528 621 1743 678 cunctis
1771 619 1892 690 epi-

299 719 484 789 scOpis
530 717 760 790 Angliae,
811 718 1056 773 residuos
1102 718 1256 784 duos,
1303 715 1359 770 id
1398 721 1482 769 est
1523 710 1902 766 Willhelmum

299 813 465 878 atque
513 807 829 878 Rogerium,
865 813 1050 876 spreta
1079 806 1224 861 omni
1255 804 1526 874 equitate,
1576 805 1774 856 statuto
1813 798 1902 852 die

303 895 606 952 Lundoniae
646 895 814 950 voluit
864 893 1466 961 consecrare,Anselmo
1521 891 1576 946 in
1614 889 1744 944 villa
1783 903 1902 958 quae

302 999 416 1041 non
444 984 718 1057 longeest,
749 984 1008 1039 Murtclac
1038 983 1283 1051 nomine,
1315 982 1643 1037 consistente
1672 989 1723 1037 et
1743 995 1902 1036 even-

306 1082 418 1128 tum
451 1075 526 1128 rei
557 1074 919 1144 praestolante.
954 1073 1152 1127 Verum
1197 1071 1473 1142 episcOpis
1519 1072 1589 1125 ad
1618 1069 1899 1125 examina-

307 1162 510 1218 tionem
538 1161 924 1217 sacrandorum
965 1177 1062 1232 pro
1093 1176 1244 1216 more
1271 1161 1473 1231 paratis
1515 1167 1679 1230 atque
1711 1159 1903 1229 dispo-

307 1251 442 1321 sitis,
472 1250 840 1318 Willhelmus,
885 1266 1074 1305 amore
1113 1257 1466 1319 compunctus
1493 1248 1742 1319 justitia,
1775 1262 1904 1302 mox

317 1340 584 1408 iuhoruit,
616 1349 670 1396 et
715 1341 830 1395 suis
885 1340 1139 1395 omnibus
1169 1340 1390 1410 spoliari
1439 1355 1607 1409 quam
1654 1346 1765 1392 tam
1811 1338 1904 1390 in-

312 1429 481 1484 fando
511 1429 816 1486 ministerio
844 1429 946 1483 sub
994 1429 1122 1484 tanti
1169 1429 1409 1500 mysterii
1437 1427 1906 1483 administratione

309 1517 513 1574 collum
551 1517 810 1574 inclinare
855 1517 1082 1590 delegit.
1133 1517 1475 1588 Quapropter
1513 1515 1773 1587 episcopi,
1806 1529 1906 1569 sua

310 1607 628 1664 confusione
657 1609 920 1679 percussi,
953 1608 1156 1662 infecto
1185 1606 1404 1679 negotio
1434 1606 1503 1662 ab
1533 1604 1766 1661 invicem
1783 1610 1906 1658 sunt

308 1696 456 1753 illico
498 1697 681 1753 divisi.
727 1697 809 1752 Ad
852 1698 969 1753 hac
1014 1697 1179 1752 totius
1222 1694 1585 1751 multitudinis
1618 1709 1738 1764 quae
1774 1708 1904 1748 rex-

306 1786 442 1840 itum
480 1795 724 1858 spectare
743 1793 1090 1855 convenerat,
1120 1785 1328 1842 clamor
1354 1783 1614 1851 insonuit,
1632 1797 1739 1837 una
1766 1795 1902 1838 voce
1929 1789 1984 1850 Β

305 1873 690 1932 Willhelmum
718 1876 849 1932 recti
878 1884 1197 1942 amatorem,
1228 1883 1282 1930 et
1317 1873 1621 1945 episcopos,
1645 1887 1754 1928 non
1781 1870 1905 1940 epi-

306 1980 525 2038 scopos,
571 1966 677 2022 sed
698 1965 927 2036 justitiae
966 1967 1398 2038 praecipitatores
1423 1979 1549 2022 esse
1564 1979 1904 2036 concrepan-

304 2055 404 2110 tis.
449 2058 515 2111 At
541 2054 638 2119 illi,
669 2055 869 2111 mentis
907 2071 1017 2112 sum
1045 2071 1326 2112 rancorem
1352 2071 1422 2110 ex
1451 2055 1630 2110 vultus
1657 2055 1906 2110 immuta-

307 2144 452 2200 tione
479 2145 1009 2217 pandentes,regem
1039 2143 1258 2210 adeunt,
1290 2142 1455 2198 illatae
1485 2143 1587 2198 sibi
1617 2151 1904 2200 contume-

304 2232 394 2288 lia;
437 2232 833 2305 querimoniam
875 2249 1054 2290 coram
1094 2234 1190 2290 illo
1246 2232 1595 2304 depromunt.
1647 2231 1904 2289 Willhel-

304 2337 432 2376 mus
493 2322 548 2376 in
595 2323 859 2378 meditum
918 2322 1222 2388 deducitur,
1286 2321 1484 2392 patrati
1545 2321 1725 2376 delicti
1782 2338 1906 2376 reus

305 2419 612 2479 accusatur,
660 2411 824 2465 minis
855 2427 965 2466 non
1009 2411 1220 2466 levibus
1255 2411 1380 2466 hinc
1412 2410 1534 2465 inde
1577 2411 1901 2467 concutitur.

305 2499 405 2556 Ille
435 2503 544 2554 stat
571 2515 672 2554 nec
701 2499 861 2555 avelli
895 2504 1078 2569 potest
1107 2516 1140 2553 a
1176 2508 1343 2563 recto,
1379 2507 1430 2554 et
1459 2498 1582 2554 ideo
1613 2499 1722 2554 suis
1741 2499 1905 2555 omni-

305 2587 410 2642 bus
445 2588 781 2658 exspoliatus
823 2587 1136 2644 eliminatur
1165 2603 1202 2642 a
1229 2602 1417 2659 regno.
1454 2588 1661 2655 Quaerit
1702 2587 1903 2643 Ansel-

303 2693 426 2732 mus
456 2693 622 2748 super
648 2677 760 2732 istis
792 2694 822 2732 a
849 2693 979 2749 rege
1002 2677 1264 2745 judicium
1294 2685 1348 2732 et
1381 2676 1650 2746 justitiam
1678 2676 1902 2748 nequid-

304 2782 495 2838 quam.
530 2768 728 2822 Iterum
772 2774 932 2837 atque
961 2766 1152 2821 iterum
1191 2781 1384 2837 preces
1413 2773 1464 2821 et
1499 2765 1776 2836 querelas,
1805 2781 1903 2836 pro

303 2855 566 2926 qualitate
621 2855 824 2926 negotii
870 2855 1132 2927 suggerit,
1165 2855 1258 2910 sed
1305 2854 1395 2909 ille
1442 2870 1540 2910 nec
1582 2869 1747 2924 prece
1803 2870 1905 2910 nec

303 2943 643 3016 querimonia
673 2951 852 3000 motus
882 2951 1061 3014 coepto
1091 2944 1364 2999 desistere
1394 2942 1582 2998 voluit.

376 3060 740 3131 Subsequenti
761 3061 957 3116 dehinc
986 3060 1167 3115 media
1202 3060 1624 3132 quadragesima
1655 3061 1786 3129 fere,
1805 3076 1900 3116 rex

2007 537 2094 577 res
2123 519 2228 575 mei
2258 520 2361 574 hoc
2390 520 2446 573 in
2476 533 2645 589 regno
2673 516 3048 588 possederunt,
3080 527 3203 568 mea
3231 519 3369 566 sunt.
3403 509 3529 565 Haec
3562 504 3608 561 si

2009 609 2126 679 quis
2155 608 2371 662 auferre
2400 607 2530 661 mihi
2562 606 2808 673 voluerit,
2840 602 2982 673 quod
3012 601 3261 657 inimicus
3316 614 3466 653 meus
3517 594 3604 662 sit,

2009 697 2185 752 omnis
2215 697 2304 766 qui
2339 711 2425 749 me
2454 695 2633 766 diligit
2663 693 2959 748 certissime
2989 689 3215 746 noverit.
3251 711 3272 736 η
3304 687 3454 742 Tunc
3472 697 3604 755 pre-

2011 785 2093 841 sul
2127 784 2197 840 ad
2229 785 2363 838 ista:
2402 807 2424 832 a
2450 783 2598 839 Nihil
2630 799 2818 838 eorum
2849 797 2970 852 quas
2999 780 3165 851 ipsius
3193 793 3313 833 esse
3341 775 3456 832 scio
3502 771 3606 844 ipsi

2013 873 2163 938 tollo,
2197 879 2286 926 aut
2317 872 2504 927 tollere
2559 872 2703 926 volo.
2764 870 3146 925 Verumtamen
3195 863 3407 921 noverit
3460 859 3607 934 quod

2010 976 2110 1016 nec
2140 976 2240 1031 pro
2271 959 2642 1030 redemptione
2672 959 2861 1029 capitis
2891 957 2996 1013 mei
3045 953 3380 1012 consentiam
3433 949 3483 1006 ei
3537 948 3607 1004 de

2013 1048 2079 1102 iis
2110 1065 2229 1120 quae
2258 1064 2498 1118 praesens
2529 1047 2708 1102 audivi
2740 1046 2792 1100 in
2842 1047 3086 1101 Romano
3142 1041 3371 1098 concilio
3426 1036 3608 1109 prohi-

2011 1137 2147 1205 beri,
2176 1137 2278 1191 nisi
2310 1137 2378 1190 ab
2409 1137 2600 1191 eadem
2633 1136 2763 1190 sede
2794 1133 3201 1190 interdictorum
3251 1125 3609 1186 absolutionis

2011 1225 2280 1280 sententia
2311 1225 2556 1296 prodeat,
2589 1240 2620 1278 a
2649 1240 2755 1296 qua
2783 1221 3177 1278 constitutionis
3204 1220 3445 1290 ipsorum
3482 1214 3607 1271 vin-

2011 1314 2191 1368 culum
2223 1313 2442 1383 prodiit.
2482 1333 2503 1362 »
2537 1311 2894 1382 Multiplicata
2924 1318 3044 1365 sunt
3072 1324 3206 1381 ergo
3233 1306 3398 1364 verba
3451 1302 3609 1360 istius

2014 1400 2248 1470 discidii,
2283 1409 2598 1472 tantumque
2629 1408 2858 1472 gravata
2886 1407 2943 1454 ut
2969 1398 3064 1453 ﬁlii
3095 1395 3352 1452 Ecclesim
3406 1405 3606 1463 magno

2014 1489 2262 1545 timerent
2291 1505 2360 1545 ne
2391 1490 2608 1544 Patrem
2630 1505 2784 1544 suum
2835 1489 3078 1560 protinus
3106 1485 3409 1557 perderent.
3457 1483 3610 1551 Ipsos

2013 1577 2302 1649 principes,
2337 1593 2570 1650 quorum
2603 1577 2847 1634 consiliis
2870 1593 2964 1633 rex
3022 1575 3368 1640 innitebatur,
3424 1566 3608 1626 consi-

2012 1665 2292 1721 deratione
2322 1666 2625 1722 futurorum
2657 1665 2923 1721 malorum
2971 1664 3388 1737 ingemiscentes
3441 1658 3612 1729 lacry-

2014 1754 2117 1810 mis
2137 1754 2408 1809 maduisse
2437 1755 2839 1826 conspeximus.
2869 1755 3027 1810 Fiunt
3053 1768 3242 1824 preces
3296 1757 3351 1807 et
3403 1747 3609 1804 oratio-

2013 1859 2110 1899 nes
2139 1843 2208 1898 ab
2229 1843 2471 1899 Ecclesia
2527 1842 2597 1898 ad
2628 1843 2916 1912 Christum,
2949 1846 3003 1899 et
3030 1842 3123 1913 pio
3180 1838 3385 1913 gemitu
3437 1836 3612 1892 inter-

2012 1932 2247 2005 pellatur
2274 1940 2544 2004 quatenus
2573 1949 2686 1988 suaa
2710 1931 2928 2004 pietatis
2954 1929 3148 1987 intuitu
3176 1929 3328 1985 sedet
3353 1921 3613 1983 instantia

2013 2021 2183 2076 mala.
2211 2020 2525 2092 HaecLinter,
2557 2035 2696 2077 voce
2723 2019 2996 2076 submissa
3023 2035 3122 2076 rex
3178 2015 3398 2074 antistiti
3453 2026 3612 2069 man-

2013 2108 2105 2165 dat
2134 2116 2187 2166 et
2215 2109 2398 2165 multis
2415 2109 2667 2180 precibus
2694 2109 2942 2166 obsecrat
2967 2116 3235 2181 quatenus
3260 2106 3376 2177 ipse
3403 2119 3500 2176 per
3553 2115 3614 2157 se

2013 2197 2240 2254 Romam
2270 2198 2370 2267 ire,
2402 2206 2456 2254 et
2483 2199 2627 2269 quod
2658 2197 2748 2253 alii
2780 2197 3130 2269 nequiverant
3157 2211 3254 2252 sua
3295 2193 3399 2250 sibi
3455 2191 3612 2248 indu-

2012 2285 2137 2341 stria
2167 2294 2392 2343 conetur
2419 2287 2716 2358 nequirem,
2763 2303 2831 2342 ne
2886 2286 3002 2357 ipse
3054 2283 3336 2356 perdendo
3390 2294 3610 2337 suorum

2008 2374 2129 2443 jura
2158 2383 2558 2430 antecessorum
2590 2376 2671 2430 eis
2699 2374 2859 2431 vilior
2887 2373 2999 2431 ﬁat.
3059 2373 3236 2429 Sensit
3292 2372 3449 2427 Pater
3503 2382 3610 2441 quo

2012 2462 2130 2518 haec
2158 2472 2464 2536 vergerent,
2488 2471 2541 2519 et
2570 2463 2885 2534 respondit:
2950 2484 2975 2517 ι
3009 2462 3334 2519 Diﬁ‘erantur
3368 2462 3508 2526 haec,
3566 2455 3611 2511 si

2011 2551 2210 2621 placet,
2243 2568 2414 2624 usque
2445 2552 2500 2606 in
2530 2553 2756 2621 Pascha,
2790 2561 2866 2621 ut,
2899 2552 3084 2607 audito
3108 2550 3493 2623 episcoporum
3522 2562 3610 2602 re-

2013 2639 2215 2709 gnique
2246 2641 2538 2710 primatum
2569 2641 2799 2696 consilio
2829 2641 2919 2713 qui
2950 2641 3117 2697 modo
3144 2654 3254 2695 non
3284 2638 3494 2704 adsunt,
3519 2649 3612 2689 re-

2014 2728 2320 2797 spondeant
2349 2729 2493 2784 huic.
2524 2749 2546 2778 »
2582 2729 2886 2784 Terminata
2919 2729 2973 2783 in
3003 2729 3116 2784 istis
3161 2743 3223 2784 ea
3277 2726 3395 2783 vice
3450 2738 3613 2780 causa

2013 2823 2111 2878 est,
2145 2824 2196 2869 et
2226 2815 2531 2872 abinvicem
2563 2825 2686 2872 sunt
2717 2817 2773 2870 in
2802 2832 2937 2888 pace
2966 2816 3155 2872 divisi.

2084 2903 2170 2975 (a)
2186 2904 2357 2976 Igitur
2383 2904 2441 2959 in
2461 2906 2662 2960 Pascha
2683 2905 2888 2960 curiam
2907 2906 3071 2974 venit,
3100 2905 3251 2977 regni
3298 2899 3609 2976 ingenuita-

2011 2998 2117 3047 tem
2135 2993 2210 3061 (b)
2243 2993 2310 3048 de
2339 2993 2558 3064 negotio
2590 3009 2835 3064 praesens
2857 2993 3148 3061 consuluit,
3164 2990 3466 3048 communis
3485 3004 3614 3045 con-

2010 3079 2116 3134 silii
2147 3095 2338 3135 vocem
2369 3097 2532 3136 unam
2566 3081 2795 3151 accepit,
2829 3097 3045 3153 aequum
3077 3081 3286 3137 scilicet
3303 3080 3417 3135 fore
3436 3077 3610 3144 illum,

307 3148 662 3239 δωῑυᾲπίδπιν
697 3149 896 3239 Ὺθηίιο
957 3149 1227 3239 quaedam,
1258 3156 1318 3204 υῑ
1367 3149 1692 3217 ferebantur,
1751 3150 1905 3222 τθεηί
1932 3141 1982 3206 C
2014 3176 2176 3224 tantm
2206 3169 2284 3224 rei
2316 3171 2509 3239 gratia,
2536 3170 2641 3224 viae
2669 3141 2915 3226 laborem
2943 3169 3145 3226 debere
3183 3185 3291 3224 non
3338 3141 3612 3222 subterqu

304 3237 524 3310 negotia
555 3238 735 3293 Dofris
790 3253 914 3294 cum
971 3237 1169 3293 comite
1228 3239 1497 3293 Flandriae
1543 3244 1895 3294 tractaturus.

305 3327 542 3381 literatus
586 3333 763 3381 autem
821 3327 997 3382 triduo
1041 3327 1342 3382 Cantuariae
1387 3336 1489 3393 est,
1538 3333 1589 3381 et
1645 3328 1790 3398 quod
1836 3330 1904 3384 de

305 3417 519 3469 comitis
563 3416 827 3487 agebatur
868 3417 1103 3470 adventu
1135 3416 1267 3469 nihil
1315 3416 1477 3471 fuisse
1510 3416 1757 3488 agnitum
1787 3426 1895 3480 est.

304 3505 558 3576 Agnitum
589 3521 723 3559 vero
744 3509 832 3559 est
849 3521 1009 3574 quare
1029 3505 1257 3570 venerit,
1289 3512 1342 3559 et
1371 3504 1542 3576 ipsius
1572 3521 1723 3560 more
1752 3521 1908 3562 occa-

304 3592 384 3647 sio
402 3593 596 3663 patuit.
618 3594 674 3646 In
693 3593 803 3646 illis
822 3593 1022 3664 quippe
1036 3593 1246 3663 ,diebus
1264 3609 1361 3662 per
1376 3610 1503 3649 suos
1519 3595 1771 3650 convenit
1785 3598 1905 3650 An-

308 3683 521 3738 sclmun
552 3688 820 3751 quatenus
850 3697 951 3736 sua
977 3681 1092 3750 jam
1125 3681 1328 3737 diutina
1348 3682 1607 3752 patientia
1638 3683 1909 3740 delibutus

309 3778 660 3843 paternarum
696 3770 1142 3825 consuetudinum
1179 3771 1414 3841 amplius
1443 3771 1548 3826 sibi
1578 3772 1711 3827 nihil
1751 3773 1907 3830 dero-

305 3866 480 3932 garet,
522 3874 588 3913 ne
615 3858 855 3913 irritatus
885 3867 1172 3931 cogeretur
1201 3868 1320 3915 actu
1349 3868 1647 3917 monstrare
1678 3863 1909 3932 qualiter

306 3963 366 4001 ea
410 3963 529 4019 qua?
572 3955 762 4002 contra
803 3963 860 4001 se
892 3947 1126 4002 faciebat
1167 3947 1270 4001 sibi
1323 3949 1575 4004 sederent
1617 3949 1672 4004 in
1701 3959 1904 4007 mente.

310 4037 474 4102 Nam,
521 4035 659 4091 sicut
701 4051 800 4107 per
840 4051 934 4090 eos
993 4035 1082 4104 qui
1127 4044 1456 4091 secretorum
1513 4037 1659 4092 illius
1701 4038 1906 4094 conscii

317 4131 469 4181 erant
512 4123 792 4179 nonnullis
823 4124 1078 4192 innotuit,
1110 4124 1453 4196 disposuerat
1487 4126 1628 4198 apud
1667 4143 1724 4183 se
1753 4127 1909 4183 illum

318 4221 408 4268 aut
443 4213 622 4284 aliquo
648 4211 800 4285 graxi
838 4212 1079 4283 corporis
1119 4213 1315 4269 damno
1344 4213 1618 4284 laesurum,
1646 4223 1736 4271 aut
1765 4226 1910 4274 certe

313 4303 600 4357 inhoneste
646 4308 795 4355 trans
816 4315 971 4356 mare
1013 4301 1311 4373 pulsurum,
1363 4321 1425 4360 ac
1454 4305 1675 4362 demum
1725 4307 1907 4364 omnia

307 4391 420 4460 juri
447 4391 706 4447 Ecclesia
726 4391 1085 4463 competentia
1108 4391 1466 4464 direpturum,
1494 4396 1538 4451 si
1567 4413 1688 4453 eum
1718 4401 1786 4454 ad
1817 4418 1908 4457 ex-

2014 3272 2162 3328 gere.
2197 3256 2409 3313 Refert:
2448 3280 2470 3304 «
2504 3258 2644 3312 Dum
2676 3258 2731 3311 in
2760 3272 3048 3314 commune
3063 3257 3226 3313 vultis
3254 3264 3310 3312 ut
3335 3272 3474 3323 eam,
3507 3269 3613 3325 ego

2011 3360 2243 3414 corpore
2273 3345 2399 3402 licet
2429 3345 2737 3412 imbecillis,
2763 3346 3024 3416 senioque
3042 3344 3269 3401 conﬁnis
3298 3344 3398 3398 iter
3425 3358 3612 3413 aggre-

2014 3432 2151 3501 diar,
2186 3433 2354 3488 iturus
2383 3449 2492 3503 quo
2523 3434 2823 3501 consulitis,
2882 3442 3042 3503 prout
3092 3433 3232 3489 vires
3286 3429 3613 3488 concesserit

2016 3521 2180 3590 Deus,
2213 3522 2456 3576 omnium
2503 3521 2640 3576 ﬁnis.
2701 3524 2968 3592 Attamen,
3028 3522 3072 3576 si
3128 3521 3198 3576 ad
3253 3518 3610 3592 apostolicum

2011 3610 2295 3680 pervenire
2321 3619 2577 3680 potuero,
2610 3611 2870 3666 noveritis
2901 3611 3046 3681 quod
3099 3610 3220 3682 ipse
3273 3608 3405 3664 nihil
3464 3606 3609 3678 quod

2013 3696 2099 3754 vel
2132 3698 2491 3754 Ecclesiarum
2525 3699 2780 3768 libertati,
2838 3699 2926 3756 vel
2980 3715 3115 3755 mea!
3171 3698 3340 3770 possit
3390 3696 3613 3754 obviare

2013 3786 2298 3855 honestati,
2331 3804 2454 3843 meo
2485 3788 2647 3845 faciet
2677 3788 2759 3844 vel
2791 3797 2988 3861 rogatu
3016 3787 3102 3844 vel
3133 3786 3379 3844 consilio.
3409 3809 3432 3835 ι
3457 3786 3616 3840 Dixe~

2015 3882 2178 3930 runt:
2217 3898 2239 3924 α
2275 3877 2534 3948 Legatum
2587 3893 2741 3932 suum
2801 3877 3054 3933 dominus
3110 3885 3292 3932 noster
3345 3891 3440 3931 rex
3485 3890 3614 3930 suas

2012 3979 2207 4033 preces
2234 3965 2498 4036 regnique
2527 3966 2746 4037 negotia
2775 3965 3092 4036 apostolicis
3119 3965 3340 4020 auribus
3381 3963 3612 4035 exposi-

2016 4059 2190 4106 turum
2223 4060 2399 4106 tecum
2427 4052 2650 4124 diriget,
2683 4061 2735 4108 et
2767 4061 2821 4107 tu
2850 4053 3197 4108 solummodo
3226 4052 3291 4106 iis
3314 4068 3434 4121 quae
3486 4066 3615 4106 vera

2016 4139 2214 4196 dixerit
2242 4148 2505 4196 attestare.
2545 4164 2567 4189 ι
2599 4141 2721 4196 Ait:
2762 4164 2783 4189 «
2818 4141 2978 4210 Quod
3007 4139 3118 4196 dixi
3138 4141 3281 4205 dico,
3328 4155 3429 4195 nec
3482 4153 3615 4196 vera

2017 4228 2236 4296 dicenti,
2271 4229 2384 4284 Deo
2416 4228 2727 4295 miserante,
2761 4230 3128 4285 contradictor
3156 4229 3404 4284 existam.
3431 4248 3456 4280 ι

2088 4317 2275 4372 Finitis
2307 4317 2490 4388 itaque
2518 4317 2867 4388 paschalibus
2898 4317 3052 4373 festis
3081 4333 3113 4371 a
3167 4317 3314 4374 curia
3369 4314 3618 4373 discessit

2015 4405 2322 4472 Anselmus,
2355 4407 2460 4461 iter
2488 4407 2739 4478 Angliam
2778 4406 3010 4461 exeundi
3067 4405 3388 4478 quantocius
3415 4405 3620 4461 accele-

312 4480 639 4536 secutionem
672 4497 785 4536 suae
817 4480 1105 4537 voluntatis
1141 4482 1208 4537 de
1237 4489 1365 4537 nota
1412 4486 1626 4555 querela
1671 4504 1779 4544 non
1819 4509 1910 4548 re-
1941 4496 1997 4558 D
2032 4502 2192 4549 ratus.
2246 4495 2782 4550 Vulneraveratenim
2796 4494 3199 4565 quodammodo
3217 4502 3453 4550 mentem
3473 4494 3614 4564 ejus,

311 4568 514 4640 periret
545 4569 768 4625 omnino
801 4577 1070 4640 paratum.
1121 4570 1328 4640 Quibus
1370 4574 1585 4645 agnitis,
1637 4575 1710 4631 ita
1754 4579 1914 4637 Pater

317 4659 614 4714 Anselmus
648 4659 928 4731 respondit
964 4677 975 4711 :
1024 4682 1045 4707 «
1087 4660 1271 4714 Nuntii
1302 4677 1438 4732 quos
1456 4679 1555 4733 pro
1584 4666 1762 4721 verbis
1792 4686 1912 4741 quze

314 4746 620 4803 detulerunt
641 4747 882 4820 episcopi
914 4749 1138 4804 Romam
1165 4749 1362 4818 direxi,
1391 4751 1506 4821 jam
1538 4756 1740 4810 reversi
1770 4767 1909 4825 sunt,

315 4843 367 4889 et
394 4837 609 4891 veritati
643 4845 982 4903 attestantes,
1031 4845 1087 4891 ut
1144 4839 1290 4892 aiunt
1341 4839 1548 4897 litteras
1604 4846 1912 4903 attulerunt.

316 4925 472 4995 Ipsae,
508 4941 716 4995 quaeso,
751 4925 1347 4997 litteraainspiciantur,
1404 4929 1446 4983 si
1507 4931 1644 4988 forte
1701 4933 1754 4988 in
1810 4935 1917 4991 illis

319 5013 525 5085 aliquid
559 5013 706 5083 quod
737 5029 822 5067 me
852 5013 1114 5068 voluntati
1145 5032 1257 5070 suae
1303 5017 1732 5077 cendesccndere
1780 5025 1922 5080 sinat

314 5101 653 5156 inveniatur.
722 5101 1102 5172 Nequaquam,
1163 5104 1236 5158 ait
1291 5105 1555 5177 ambages
1611 5109 1922 5179 bujusmodi

314 5191 453 5248 ultra
483 5209 590 5248 non
611 5191 804 5260 feram,
838 5189 1054 5246 ﬁnalem
1085 5206 1262 5249 causae
1292 5193 1416 5250 volo
1444 5195 1644 5252 habere
1698 5209 1919 5256 senten-

2021 4583 2168 4654 quod
2187 4598 2283 4638 rex
2314 4599 2414 4638 nec
2442 4599 2541 4653 per
2568 4599 2628 4639 se
2659 4599 2756 4639 nec
2788 4599 2884 4655 per
2911 4599 3065 4650 suos,
3117 4591 3176 4638 ut
3231 4583 3366 4648 dixi,
3426 4581 3617 4639 audire

2020 4671 2238 4727 volebat
2270 4673 2399 4742 quid
2429 4671 2629 4728 litterae
2658 4673 2830 4728 Roma
2859 4688 3034 4743 nuper
3061 4673 3240 4728 allatae
3287 4671 3622 4728 continerent

2023 4762 2077 4816 in
2109 4775 2184 4815 se.
2222 4759 2382 4829 Quod
2411 4761 2531 4816 ideo
2562 4761 2717 4816 illum
2746 4761 2926 4817 facere
2952 4761 3178 4832 quidam
3212 4760 3417 4832 opinati
3472 4767 3615 4827 sunt,

2025 4849 2281 4918 quoniam
2313 4849 2599 4904 materiam
2629 4850 2942 4905 earumdem
2970 4849 3272 4906 litterarum
3301 4851 3353 4905 ei
3377 4849 3494 4920 jam
3539 4865 3626 4905 re-

2024 4938 2256 4993 velatam
2285 4954 2383 5009 per
2410 4954 2581 4992 unum
2614 4937 2828 4994 illorum
2859 4954 2998 5009 quos
3045 4939 3336 4995 Anselmus
3392 4939 3624 4995 Romam

2032 5027 2300 5082 direxerat
2331 5026 2534 5082 sensim
2565 5027 2973 5083 intellexerunt.
3001 5027 3493 5100 Formidabatergo
3509 5027 3626 5082 An-

2032 5115 2234 5170 selmus
2263 5131 2330 5170 ne
2360 5117 2406 5169 si
2462 5116 2646 5172 verbis
2702 5116 3088 5187 episcoporum
3145 5116 3202 5170 in
3252 5115 3445 5171 litteris
3493 5115 3629 5187 ipsis

2030 5218 2173 5274 papa
2205 5221 2312 5260 non
2342 5204 2711 5271 concordaret,
2743 5221 2843 5276 pro
2883 5204 3216 5262 investituris
3259 5204 3627 5262 Ecclesiarum

1631 5340 2060 5402 HENSCHENII
2099 5346 2325 5402 NOTE.

387 5462 466 5535 (a)
496 5464 707 5535 Annus,
730 5470 789 5518 ut
824 5475 960 5535 mox
1015 5460 1257 5535 docetur,
1315 5468 1433 5518 erat
1489 5466 1647 5533 1103,
1698 5466 1914 5535 quando

320 5531 528 5590 Pascha
556 5531 788 5588 cadebat
816 5534 870 5587 in
900 5547 1042 5589 xxxx
1072 5532 1272 5588 Martii.

391 5606 462 5676 (b)
493 5602 778 5674 Quomodo
807 5604 907 5662 soli
938 5603 1146 5662 nobiles
1174 5603 1501 5663 dicebantur
1524 5607 1797 5679 ingenui;
1836 5608 1912 5665 ita

2025 5471 2131 5549 hic,
2182 5469 2458 5549 nobilitas.
2478 5472 2776 5549 universa,_
2796 5481 3020 5549 vocatur
3049 5473 3377 5549 ingenuitas
3404 5488 3422 5524 :
3467 5468 3626 5549 plura

2024 5539 2131 5598 huc
2161 5541 2378 5599 reducta
2405 5542 2534 5600 vide
2564 5544 2709 5618 apud
2743 5539 3133 5617 Spelmannuni
3167 5542 3220 5598 in
3252 5539 3548 5599 Glossario.
