  <div class='ocr_page' id='page_1' title='image "/cluster/home/n/w/nwhite01/storage/ocr_20150623/159/hvd.32044054760178/227.png"; bbox 0 0 3996 6084; ppageno 0'>
   <div class='ocr_carea' id='block_1_1' title="bbox 491 265 592 323">
    <p class='ocr_par' dir='ltr' id='par_1_1' title="bbox 491 265 592 323">
     <span class='ocr_line' id='line_1_1' title="bbox 491 265 592 323; baseline -0.02 0"><span class='ocrx_word' id='word_1_1' title='bbox 491 265 592 323; x_wconf 68' lang='lat'><strong>“3</strong></span> 
     </span>
    </p>
   </div>
   <div class='ocr_carea' id='block_1_2' title="bbox 1484 253 2778 318">
    <p class='ocr_par' dir='ltr' id='par_1_2' title="bbox 1484 253 2778 318">
     <span class='ocr_line' id='line_1_2' title="bbox 1484 253 2778 318; baseline -0.005 0"><span class='ocrx_word' id='word_1_2' title='bbox 1484 259 1794 318; x_wconf 71' lang='lat' dir='ltr'><strong>EADMERI</strong></span> <span class='ocrx_word' id='word_1_3' title='bbox 1842 253 2396 312; x_wconf 78' lang='lat' dir='ltr'><strong>CANTUARIENSIS</strong></span> <span class='ocrx_word' id='word_1_4' title='bbox 2448 253 2778 312; x_wconf 80' lang='lat' dir='ltr'><strong>MONACHI</strong></span> 
     </span>
    </p>
   </div>
   <div class='ocr_carea' id='block_1_3' title="bbox 3673 259 3778 315">
    <p class='ocr_par' dir='ltr' id='par_1_3' title="bbox 3673 259 3778 315">
     <span class='ocr_line' id='line_1_3' title="bbox 3673 259 3778 315; baseline -0.01 0"><span class='ocrx_word' id='word_1_5' title='bbox 3673 259 3778 315; x_wconf 70' lang='grc'><strong>444</strong></span> 
     </span>
    </p>
   </div>
   <div class='ocr_carea' id='block_1_4' title="bbox 491 375 3791 466">
    <p class='ocr_par' dir='ltr' id='par_1_4' title="bbox 491 375 3791 466">
     <span class='ocr_line' id='line_1_4' title="bbox 491 375 3791 466; baseline -0.003 -18"><span class='ocrx_word' id='word_1_6' title='bbox 491 407 616 466; x_wconf 67' lang='grc' dir='ltr'><strong>ᾳυω</strong></span> <span class='ocrx_word' id='word_1_7' title='bbox 645 391 801 449; x_wconf 64' lang='lat' dir='ltr'><strong>facta</strong></span> <span class='ocrx_word' id='word_1_8' title='bbox 824 391 1053 459; x_wconf 86' lang='lat' dir='ltr'><strong>fuerant,</strong></span> <span class='ocrx_word' id='word_1_9' title='bbox 1087 399 1138 449; x_wconf 90' lang='lat' dir='ltr'><strong>et</strong></span> <span class='ocrx_word' id='word_1_10' title='bbox 1167 389 1326 447; x_wconf 89' lang='lat' dir='ltr'><strong>etiam</strong></span> <span class='ocrx_word' id='word_1_11' title='bbox 1392 385 1890 446; x_wconf 81' lang='lat' dir='ltr'><strong>consecrationibus</strong></span> <span class='ocrx_word' id='word_1_12' title='bbox 1947 399 2086 456; x_wconf 87' lang='lat' dir='ltr'><strong>quo-</strong></span> <span class='ocrx_word' id='word_1_13' title='bbox 2118 379 2174 440; x_wconf 79' lang='grc' dir='ltr'><strong>Α</strong></span> <span class='ocrx_word' id='word_1_14' title='bbox 2194 378 2296 434; x_wconf 89' lang='lat' dir='ltr'><strong>iter</strong></span> <span class='ocrx_word' id='word_1_15' title='bbox 2322 380 2622 453; x_wconf 88' lang='lat' dir='ltr'><strong>peregisse,</strong></span> <span class='ocrx_word' id='word_1_16' title='bbox 2653 387 2815 451; x_wconf 89' lang='lat' dir='ltr'><strong>atque</strong></span> <span class='ocrx_word' id='word_1_17' title='bbox 2844 375 3173 437; x_wconf 82' lang='lat' dir='ltr'><strong>incolumem</strong></span> <span class='ocrx_word' id='word_1_18' title='bbox 3204 393 3328 437; x_wconf 86' lang='lat' dir='ltr'><strong>eum</strong></span> <span class='ocrx_word' id='word_1_19' title='bbox 3375 379 3491 438; x_wconf 91' lang='lat' dir='ltr'><strong>suis</strong></span> <span class='ocrx_word' id='word_1_20' title='bbox 3532 381 3791 440; x_wconf 89' lang='lat' dir='ltr'><strong>omnibus</strong></span> 
     </span>
    </p>
   </div>
   <div class='ocr_carea' id='block_1_5' title="bbox 491 476 2088 552">
    <p class='ocr_par' dir='ltr' id='par_1_5' title="bbox 491 476 2088 552">
     <span class='ocr_line' id='line_1_5' title="bbox 491 476 2088 552; baseline -0.005 -14"><span class='ocrx_word' id='word_1_21' title='bbox 491 482 744 538; x_wconf 85' lang='lat' dir='ltr'><strong>rumdam</strong></span> <span class='ocrx_word' id='word_1_22' title='bbox 775 482 1052 548; x_wconf 81' lang='lat' dir='ltr'><strong>abbatum,</strong></span> <span class='ocrx_word' id='word_1_23' title='bbox 1112 496 1248 552; x_wconf 89' lang='lat' dir='ltr'><strong>quos</strong></span> <span class='ocrx_word' id='word_1_24' title='bbox 1305 495 1370 536; x_wconf 91' lang='lat' dir='ltr'><strong>ea</strong></span> <span class='ocrx_word' id='word_1_25' title='bbox 1426 486 1743 550; x_wconf 75' lang='lat' dir='ltr'><strong>tempestate</strong></span> <span class='ocrx_word' id='word_1_26' title='bbox 1802 476 2088 532; x_wconf 88' lang='lat' dir='ltr'><strong>investitos</strong></span> 
     </span>
    </p>
   </div>
   <div class='ocr_carea' id='block_1_6' title="bbox 497 567 2085 641">
    <p class='ocr_par' dir='ltr' id='par_1_6' title="bbox 497 567 2085 641">
     <span class='ocr_line' id='line_1_6' title="bbox 497 567 2085 641; baseline -0.005 -13"><span class='ocrx_word' id='word_1_27' title='bbox 497 572 762 628; x_wconf 88' lang='lat' dir='ltr'><strong>Robertus</strong></span> <span class='ocrx_word' id='word_1_28' title='bbox 791 571 1095 627; x_wconf 88' lang='lat' dir='ltr'><strong>Lincolinus</strong></span> <span class='ocrx_word' id='word_1_29' title='bbox 1125 570 1414 641; x_wconf 91' lang='lat' dir='ltr'><strong>episcopus</strong></span> <span class='ocrx_word' id='word_1_30' title='bbox 1468 577 1519 624; x_wconf 90' lang='lat' dir='ltr'><strong>et</strong></span> <span class='ocrx_word' id='word_1_31' title='bbox 1574 569 1809 624; x_wconf 82' lang='lat' dir='ltr'><strong>Joannes</strong></span> <span class='ocrx_word' id='word_1_32' title='bbox 1865 567 2085 622; x_wconf 82' lang='lat' dir='ltr'><strong>Bathio-</strong></span> 
     </span>
    </p>
   </div>
   <div class='ocr_carea' id='block_1_7' title="bbox 495 655 2084 729">
    <p class='ocr_par' dir='ltr' id='par_1_7' title="bbox 495 655 2084 729">
     <span class='ocr_line' id='line_1_7' title="bbox 495 655 2084 729; baseline -0.005 -13"><span class='ocrx_word' id='word_1_33' title='bbox 495 660 700 716; x_wconf 86' lang='lat' dir='ltr'><strong>niensis</strong></span> <span class='ocrx_word' id='word_1_34' title='bbox 724 667 1080 726; x_wconf 86' lang='lat' dir='ltr'><strong>sacraverant,</strong></span> <span class='ocrx_word' id='word_1_35' title='bbox 1114 675 1262 729; x_wconf 62' lang='lat' dir='ltr'><strong>sepe</strong></span> <span class='ocrx_word' id='word_1_36' title='bbox 1309 658 1450 713; x_wconf 89' lang='lat' dir='ltr'><strong>dicta</strong></span> <span class='ocrx_word' id='word_1_37' title='bbox 1507 655 2084 713; x_wconf 84' lang='lat' dir='ltr'><strong>excommunicationis</strong></span> 
     </span>
    </p>
   </div>
   <div class='ocr_carea' id='block_1_8' title="bbox 493 747 2083 818">
    <p class='ocr_par' dir='ltr' id='par_1_8' title="bbox 493 747 2083 818">
     <span class='ocr_line' id='line_1_8' title="bbox 493 747 2083 818; baseline -0.003 -14"><span class='ocrx_word' id='word_1_38' title='bbox 493 749 759 805; x_wconf 84' lang='lat' dir='ltr'><strong>sententia</strong></span> <span class='ocrx_word' id='word_1_39' title='bbox 787 749 924 802; x_wconf 89' lang='lat' dir='ltr'><strong>tales</strong></span> <span class='ocrx_word' id='word_1_40' title='bbox 953 747 1244 803; x_wconf 88' lang='lat' dir='ltr'><strong>nonnullos</strong></span> <span class='ocrx_word' id='word_1_41' title='bbox 1275 747 1581 813; x_wconf 88' lang='lat' dir='ltr'><strong>involverit,</strong></span> <span class='ocrx_word' id='word_1_42' title='bbox 1613 763 1644 800; x_wconf 90' lang='lat' dir='ltr'><strong>a</strong></span> <span class='ocrx_word' id='word_1_43' title='bbox 1675 762 1910 818; x_wconf 85' lang='lat' dir='ltr'><strong>quorum</strong></span> <span class='ocrx_word' id='word_1_44' title='bbox 1929 761 2083 800; x_wconf 91' lang='lat' dir='ltr'><strong>com-</strong></span> 
     </span>
    </p>
   </div>
   <div class='ocr_carea' id='block_1_9' title="bbox 490 834 2088 908">
    <p class='ocr_par' dir='ltr' id='par_1_9' title="bbox 490 834 2088 908">
     <span class='ocr_line' id='line_1_9' title="bbox 490 834 2088 908; baseline -0.003 -16"><span class='ocrx_word' id='word_1_45' title='bbox 490 835 744 892; x_wconf 86' lang='lat' dir='ltr'><strong>munione</strong></span> <span class='ocrx_word' id='word_1_46' title='bbox 773 852 832 890; x_wconf 91' lang='lat' dir='ltr'><strong>se</strong></span> <span class='ocrx_word' id='word_1_47' title='bbox 861 852 1223 908; x_wconf 85' lang='lat' dir='ltr'><strong>nequaquam,</strong></span> <span class='ocrx_word' id='word_1_48' title='bbox 1257 836 1373 891; x_wconf 86' lang='lat' dir='ltr'><strong>sine</strong></span> <span class='ocrx_word' id='word_1_49' title='bbox 1402 835 1562 908; x_wconf 83' lang='lat' dir='ltr'><strong>gravi</strong></span> <span class='ocrx_word' id='word_1_50' title='bbox 1606 834 1881 900; x_wconf 89' lang='lat' dir='ltr'><strong>scandalo,</strong></span> <span class='ocrx_word' id='word_1_51' title='bbox 1938 835 2088 890; x_wconf 86' lang='lat' dir='ltr'><strong>cohi-</strong></span> 
     </span>
    </p>
   </div>
   <div class='ocr_carea' id='block_1_10' title="bbox 488 923 2082 995">
    <p class='ocr_par' dir='ltr' id='par_1_10' title="bbox 488 923 2082 995">
     <span class='ocr_line' id='line_1_10' title="bbox 488 923 2082 995; baseline -0.001 -16"><span class='ocrx_word' id='word_1_52' title='bbox 488 923 616 980; x_wconf 89' lang='lat' dir='ltr'><strong>bere</strong></span> <span class='ocrx_word' id='word_1_53' title='bbox 647 924 865 980; x_wconf 86' lang='lat' dir='ltr'><strong>valeret.</strong></span> <span class='ocrx_word' id='word_1_54' title='bbox 899 925 1128 980; x_wconf 83' lang='lat' dir='ltr'><strong>Litteras</strong></span> <span class='ocrx_word' id='word_1_55' title='bbox 1186 925 1386 980; x_wconf 88' lang='lat' dir='ltr'><strong>etenim</strong></span> <span class='ocrx_word' id='word_1_56' title='bbox 1463 924 1704 979; x_wconf 90' lang='lat' dir='ltr'><strong>nondum</strong></span> <span class='ocrx_word' id='word_1_57' title='bbox 1761 925 2082 995; x_wconf 82' lang='lat' dir='ltr'><strong>inspexerat,</strong></span> 
     </span>
    </p>
   </div>
   <div class='ocr_carea' id='block_1_11' title="bbox 485 1011 2087 1083">
    <p class='ocr_par' dir='ltr' id='par_1_11' title="bbox 485 1011 2087 1083">
     <span class='ocr_line' id='line_1_11' title="bbox 485 1011 2087 1083; baseline -0.001 -16"><span class='ocrx_word' id='word_1_58' title='bbox 485 1027 799 1083; x_wconf 63' lang='lat' dir='ltr'><strong>precavens</strong></span> <span class='ocrx_word' id='word_1_59' title='bbox 831 1028 900 1068; x_wconf 90' lang='lat' dir='ltr'><strong>ne</strong></span> <span class='ocrx_word' id='word_1_60' title='bbox 928 1014 971 1068; x_wconf 90' lang='lat' dir='ltr'><strong>si</strong></span> <span class='ocrx_word' id='word_1_61' title='bbox 1001 1013 1160 1081; x_wconf 90' lang='lat' dir='ltr'><strong>forte,</strong></span> <span class='ocrx_word' id='word_1_62' title='bbox 1193 1022 1398 1070; x_wconf 89' lang='lat' dir='ltr'><strong>mutato</strong></span> <span class='ocrx_word' id='word_1_63' title='bbox 1429 1012 1684 1080; x_wconf 90' lang='lat' dir='ltr'><strong>consilio,</strong></span> <span class='ocrx_word' id='word_1_64' title='bbox 1713 1027 1812 1069; x_wconf 82' lang='lat' dir='ltr'><strong>rex</strong></span> <span class='ocrx_word' id='word_1_65' title='bbox 1868 1028 1960 1066; x_wconf 88' lang='lat' dir='ltr'><strong>eas</strong></span> <span class='ocrx_word' id='word_1_66' title='bbox 2006 1011 2087 1067; x_wconf 84' lang='lat' dir='ltr'><strong>in-</strong></span> 
     </span>
    </p>
   </div>
   <div class='ocr_carea' id='block_1_12' title="bbox 486 1099 2082 1173">
    <p class='ocr_par' dir='ltr' id='par_1_12' title="bbox 486 1099 2082 1173">
     <span class='ocr_line' id='line_1_12' title="bbox 486 1099 2082 1173; baseline 0 -18"><span class='ocrx_word' id='word_1_67' title='bbox 486 1099 797 1171; x_wconf 89' lang='lat' dir='ltr'><strong>spiciendas</strong></span> <span class='ocrx_word' id='word_1_68' title='bbox 823 1102 1138 1173; x_wconf 88' lang='lat' dir='ltr'><strong>requireret,</strong></span> <span class='ocrx_word' id='word_1_69' title='bbox 1170 1103 1458 1173; x_wconf 83' lang='lat' dir='ltr'><strong>sigilloque</strong></span> <span class='ocrx_word' id='word_1_70' title='bbox 1501 1101 1751 1158; x_wconf 86' lang='lat' dir='ltr'><strong>exclusas</strong></span> <span class='ocrx_word' id='word_1_71' title='bbox 1800 1101 2082 1171; x_wconf 88' lang='lat' dir='ltr'><strong>reperiret,</strong></span> 
     </span>
    </p>
   </div>
   <div class='ocr_carea' id='block_1_13' title="bbox 489 1189 2086 1262">
    <p class='ocr_par' dir='ltr' id='par_1_13' title="bbox 489 1189 2086 1262">
     <span class='ocr_line' id='line_1_13' title="bbox 489 1189 2086 1262; baseline 0 -18"><span class='ocrx_word' id='word_1_72' title='bbox 489 1189 695 1260; x_wconf 90' lang='lat' dir='ltr'><strong>aliquid</strong></span> <span class='ocrx_word' id='word_1_73' title='bbox 723 1189 949 1246; x_wconf 89' lang='lat' dir='ltr'><strong>haberet</strong></span> <span class='ocrx_word' id='word_1_74' title='bbox 977 1189 1123 1262; x_wconf 90' lang='lat' dir='ltr'><strong>quod</strong></span> <span class='ocrx_word' id='word_1_75' title='bbox 1147 1207 1330 1246; x_wconf 90' lang='lat' dir='ltr'><strong>earum</strong></span> <span class='ocrx_word' id='word_1_76' title='bbox 1359 1189 1670 1247; x_wconf 83' lang='lat' dir='ltr'><strong>auctoritati</strong></span> <span class='ocrx_word' id='word_1_77' title='bbox 1713 1189 1949 1260; x_wconf 92' lang='lat' dir='ltr'><strong>objicere</strong></span> <span class='ocrx_word' id='word_1_78' title='bbox 1977 1205 2086 1245; x_wconf 92' lang='lat' dir='ltr'><strong>non</strong></span> 
     </span>
    </p>
   </div>
   <div class='ocr_carea' id='block_1_14' title="bbox 487 1277 2086 1352">
    <p class='ocr_par' dir='ltr' id='par_1_14' title="bbox 487 1277 2086 1352">
     <span class='ocr_line' id='line_1_14' title="bbox 487 1277 2086 1352; baseline 0.001 -20"><span class='ocrx_word' id='word_1_79' title='bbox 487 1277 682 1346; x_wconf 85' lang='lat' dir='ltr'><strong>injuria</strong></span> <span class='ocrx_word' id='word_1_80' title='bbox 737 1287 942 1349; x_wconf 85' lang='lat' dir='ltr'><strong>posset.</strong></span> <span class='ocrx_word' id='word_1_81' title='bbox 1003 1279 1274 1336; x_wconf 89' lang='lat' dir='ltr'><strong>Festinato</strong></span> <span class='ocrx_word' id='word_1_82' title='bbox 1330 1279 1498 1352; x_wconf 81' lang='lat' dir='ltr'><strong>igitur</strong></span> <span class='ocrx_word' id='word_1_83' title='bbox 1552 1288 1701 1335; x_wconf 87' lang='lat' dir='ltr'><strong>ratus</strong></span> <span class='ocrx_word' id='word_1_84' title='bbox 1748 1287 1827 1334; x_wconf 90' lang='lat' dir='ltr'><strong>est</strong></span> <span class='ocrx_word' id='word_1_85' title='bbox 1889 1278 2086 1351; x_wconf 80' lang='lat' dir='ltr'><strong>Anglia</strong></span> 
     </span>
    </p>
   </div>
   <div class='ocr_carea' id='block_1_15' title="bbox 489 1365 2084 1438">
    <p class='ocr_par' dir='ltr' id='par_1_15' title="bbox 489 1365 2084 1438">
     <span class='ocr_line' id='line_1_15' title="bbox 489 1365 2084 1438; baseline 0.003 -18"><span class='ocrx_word' id='word_1_86' title='bbox 489 1365 827 1436; x_wconf 82' lang='lat' dir='ltr'><strong>exeundum,</strong></span> <span class='ocrx_word' id='word_1_87' title='bbox 859 1383 928 1422; x_wconf 90' lang='lat' dir='ltr'><strong>ne</strong></span> <span class='ocrx_word' id='word_1_88' title='bbox 955 1367 1086 1436; x_wconf 91' lang='lat' dir='ltr'><strong>illic,</strong></span> <span class='ocrx_word' id='word_1_89' title='bbox 1105 1367 2084 1438; x_wconf 64' lang='lat' dir='ltr'><strong>excommunicatisjcommunicando,</strong></span> 
     </span>
    </p>
   </div>
   <div class='ocr_carea' id='block_1_16' title="bbox 487 1453 2085 1528">
    <p class='ocr_par' dir='ltr' id='par_1_16' title="bbox 487 1453 2085 1528">
     <span class='ocr_line' id='line_1_16' title="bbox 487 1453 2085 1528; baseline 0.001 -20"><span class='ocrx_word' id='word_1_90' title='bbox 487 1453 671 1524; x_wconf 87' lang='lat' dir='ltr'><strong>aliqua</strong></span> <span class='ocrx_word' id='word_1_91' title='bbox 698 1455 1276 1512; x_wconf 87' lang='lat' dir='ltr'><strong>excommunicationis</strong></span> <span class='ocrx_word' id='word_1_92' title='bbox 1303 1456 1467 1528; x_wconf 90' lang='lat' dir='ltr'><strong>culpa</strong></span> <span class='ocrx_word' id='word_1_93' title='bbox 1499 1455 1880 1526; x_wconf 82' lang='lat' dir='ltr'><strong>involveretur,</strong></span> <span class='ocrx_word' id='word_1_94' title='bbox 1913 1455 2085 1513; x_wconf 81' lang='lat' dir='ltr'><strong>Veni-</strong></span> 
     </span>
    </p>
   </div>
   <div class='ocr_carea' id='block_1_17' title="bbox 489 1543 2087 1619">
    <p class='ocr_par' dir='ltr' id='par_1_17' title="bbox 489 1543 2087 1619">
     <span class='ocr_line' id='line_1_17' title="bbox 489 1543 2087 1619; baseline 0.003 -23"><span class='ocrx_word' id='word_1_95' title='bbox 489 1559 610 1597; x_wconf 91' lang='lat' dir='ltr'><strong>mus</strong></span> <span class='ocrx_word' id='word_1_96' title='bbox 637 1559 767 1615; x_wconf 84' lang='lat' dir='ltr'><strong>ergo</strong></span> <span class='ocrx_word' id='word_1_97' title='bbox 788 1543 1154 1612; x_wconf 88' lang='lat' dir='ltr'><strong>Cantuariam,</strong></span> <span class='ocrx_word' id='word_1_98' title='bbox 1186 1545 1280 1600; x_wconf 91' lang='lat' dir='ltr'><strong>ubi</strong></span> <span class='ocrx_word' id='word_1_99' title='bbox 1333 1560 1442 1602; x_wconf 93' lang='lat' dir='ltr'><strong>non</strong></span> <span class='ocrx_word' id='word_1_100' title='bbox 1498 1545 1639 1601; x_wconf 81' lang='lat' dir='ltr'><strong>ultra</strong></span> <span class='ocrx_word' id='word_1_101' title='bbox 1695 1553 1924 1619; x_wconf 87' lang='lat' dir='ltr'><strong>quatuor</strong></span> <span class='ocrx_word' id='word_1_102' title='bbox 1970 1545 2087 1602; x_wconf 89' lang='lat' dir='ltr'><strong>dies</strong></span> 
     </span>
    </p>
   </div>
   <div class='ocr_carea' id='block_1_18' title="bbox 489 1630 2086 1713">
    <p class='ocr_par' dir='ltr' id='par_1_18' title="bbox 489 1630 2086 1713">
     <span class='ocr_line' id='line_1_18' title="bbox 489 1630 2086 1713; baseline 0.002 -27"><span class='ocrx_word' id='word_1_103' title='bbox 489 1630 772 1699; x_wconf 88' lang='lat' dir='ltr'><strong>demorati,</strong></span> <span class='ocrx_word' id='word_1_104' title='bbox 830 1641 1055 1704; x_wconf 90' lang='lat' dir='ltr'><strong>accepta</strong></span> <span class='ocrx_word' id='word_1_105' title='bbox 1100 1650 1270 1690; x_wconf 88' lang='lat' dir='ltr'><strong>sacrae</strong></span> <span class='ocrx_word' id='word_1_106' title='bbox 1312 1633 1709 1690; x_wconf 87' lang='lat' dir='ltr'><strong>benedictionis</strong></span> <span class='ocrx_word' id='word_1_107' title='bbox 1779 1634 1997 1713; x_wconf 84' lang='lat' dir='ltr'><strong>licentia</strong></span> <span class='ocrx_word' id='word_1_108' title='bbox 2051 1648 2086 1689; x_wconf 88' lang='lat' dir='ltr'><strong>a</strong></span> 
     </span>
    </p>
   </div>
   <div class='ocr_carea' id='block_1_19' title="bbox 2197 468 2794 540">
    <p class='ocr_par' dir='ltr' id='par_1_19' title="bbox 2197 468 2794 540">
     <span class='ocr_line' id='line_1_19' title="bbox 2197 468 2794 540; baseline -0.002 -16"><span class='ocrx_word' id='word_1_109' title='bbox 2197 468 2426 524; x_wconf 83' lang='lat' dir='ltr'><strong>Romam</strong></span> <span class='ocrx_word' id='word_1_110' title='bbox 2455 469 2794 540; x_wconf 86' lang='lat' dir='ltr'><strong>pervenisse.</strong></span> 
     </span>
    </p>
   </div>
   <div class='ocr_carea' id='block_1_20' title="bbox 2268 567 3794 644">
    <p class='ocr_par' dir='ltr' id='par_1_20' title="bbox 2268 567 3794 644">
     <span class='ocr_line' id='line_1_20' title="bbox 2268 567 3794 644; baseline 0.003 -21"><span class='ocrx_word' id='word_1_111' title='bbox 2268 569 2470 640; x_wconf 88' lang='lat' dir='ltr'><strong>Itaque,</strong></span> <span class='ocrx_word' id='word_1_112' title='bbox 2503 569 2753 624; x_wconf 85' lang='lat' dir='ltr'><strong>veniente</strong></span> <span class='ocrx_word' id='word_1_113' title='bbox 2782 567 2896 637; x_wconf 93' lang='lat' dir='ltr'><strong>illo,</strong></span> <span class='ocrx_word' id='word_1_114' title='bbox 2932 569 3254 626; x_wconf 89' lang='lat' dir='ltr'><strong>Guillelmus</strong></span> <span class='ocrx_word' id='word_1_115' title='bbox 3283 570 3506 643; x_wconf 82' lang='lat' dir='ltr'><strong>quidam</strong></span> <span class='ocrx_word' id='word_1_116' title='bbox 3570 587 3603 626; x_wconf 91' lang='lat' dir='ltr'><strong>a</strong></span> <span class='ocrx_word' id='word_1_117' title='bbox 3656 585 3794 644; x_wconf 86' lang='lat' dir='ltr'><strong>rege</strong></span> 
     </span>
    </p>
   </div>
   <div class='ocr_carea' id='block_1_21' title="bbox 2196 656 3802 731">
    <p class='ocr_par' dir='ltr' id='par_1_21' title="bbox 2196 656 3802 731">
     <span class='ocr_line' id='line_1_21' title="bbox 2196 656 3802 731; baseline 0.002 -21"><span class='ocrx_word' id='word_1_118' title='bbox 2196 656 2432 712; x_wconf 89' lang='lat' dir='ltr'><strong>directus</strong></span> <span class='ocrx_word' id='word_1_119' title='bbox 2484 657 2808 731; x_wconf 78' lang='lat' dir='ltr'><strong>Anglorum,</strong></span> <span class='ocrx_word' id='word_1_120' title='bbox 2858 658 3148 728; x_wconf 85' lang='lat' dir='ltr'><strong>aliquantis</strong></span> <span class='ocrx_word' id='word_1_121' title='bbox 3209 658 3405 714; x_wconf 88' lang='lat' dir='ltr'><strong>diebus</strong></span> <span class='ocrx_word' id='word_1_122' title='bbox 3458 667 3802 730; x_wconf 68' lang='lat' dir='ltr'><strong>przevenerat</strong></span> 
     </span>
    </p>
   </div>
   <div class='ocr_carea' id='block_1_22' title="bbox 2195 743 3802 819">
    <p class='ocr_par' dir='ltr' id='par_1_22' title="bbox 2195 743 3802 819">
     <span class='ocr_line' id='line_1_22' title="bbox 2195 743 3802 819; baseline 0.002 -19"><span class='ocrx_word' id='word_1_123' title='bbox 2195 743 2472 800; x_wconf 91' lang='lat' dir='ltr'><strong>Romanos</strong></span> <span class='ocrx_word' id='word_1_124' title='bbox 2501 744 2556 797; x_wconf 92' lang='lat' dir='ltr'><strong>in</strong></span> <span class='ocrx_word' id='word_1_125' title='bbox 2585 759 2807 798; x_wconf 88' lang='lat' dir='ltr'><strong>causam</strong></span> <span class='ocrx_word' id='word_1_126' title='bbox 2838 761 2998 816; x_wconf 89' lang='lat' dir='ltr'><strong>quam</strong></span> <span class='ocrx_word' id='word_1_127' title='bbox 3055 746 3365 819; x_wconf 87' lang='lat' dir='ltr'><strong>agitandam</strong></span> <span class='ocrx_word' id='word_1_128' title='bbox 3422 747 3643 814; x_wconf 85' lang='lat' dir='ltr'><strong>sciebat,</strong></span> <span class='ocrx_word' id='word_1_129' title='bbox 3702 761 3802 802; x_wconf 82' lang='lat' dir='ltr'><strong>sua</strong></span> 
     </span>
    </p>
   </div>
   <div class='ocr_carea' id='block_1_23' title="bbox 2195 832 3799 907">
    <p class='ocr_par' dir='ltr' id='par_1_23' title="bbox 2195 832 3799 907">
     <span class='ocr_line' id='line_1_23' title="bbox 2195 832 3799 907; baseline 0.003 -21"><span class='ocrx_word' id='word_1_130' title='bbox 2195 832 2556 887; x_wconf 87' lang='lat' dir='ltr'><strong>sollicitudine</strong></span> <span class='ocrx_word' id='word_1_131' title='bbox 2589 849 2689 903; x_wconf 90' lang='lat' dir='ltr'><strong>pro</strong></span> <span class='ocrx_word' id='word_1_132' title='bbox 2719 839 2846 890; x_wconf 87' lang='lat' dir='ltr'><strong>voto</strong></span> <span class='ocrx_word' id='word_1_133' title='bbox 2879 834 3218 890; x_wconf 87' lang='lat' dir='ltr'><strong>traducturus</strong></span> <span class='ocrx_word' id='word_1_134' title='bbox 3247 836 3418 907; x_wconf 88' lang='lat' dir='ltr'><strong>regis.</strong></span> <span class='ocrx_word' id='word_1_135' title='bbox 3485 834 3588 905; x_wconf 86' lang='lat' dir='ltr'><strong>Qui</strong></span> <span class='ocrx_word' id='word_1_136' title='bbox 3644 835 3799 891; x_wconf 88' lang='lat' dir='ltr'><strong>Wil-</strong></span> 
     </span>
    </p>
   </div>
   <div class='ocr_carea' id='block_1_24' title="bbox 2194 918 3802 980">
    <p class='ocr_par' dir='ltr' id='par_1_24' title="bbox 2194 918 3802 980">
     <span class='ocr_line' id='line_1_24' title="bbox 2194 918 3802 980; baseline 0.004 -6"><span class='ocrx_word' id='word_1_137' title='bbox 2194 918 2428 976; x_wconf 90' lang='lat' dir='ltr'><strong>lhelmus</strong></span> <span class='ocrx_word' id='word_1_138' title='bbox 2457 921 2617 976; x_wconf 88' lang='lat' dir='ltr'><strong>simili</strong></span> <span class='ocrx_word' id='word_1_139' title='bbox 2648 922 2810 977; x_wconf 89' lang='lat' dir='ltr'><strong>modo</strong></span> <span class='ocrx_word' id='word_1_140' title='bbox 2840 930 3030 977; x_wconf 88' lang='lat' dir='ltr'><strong>contra</strong></span> <span class='ocrx_word' id='word_1_141' title='bbox 3060 923 3313 978; x_wconf 89' lang='lat' dir='ltr'><strong>eumdem</strong></span> <span class='ocrx_word' id='word_1_142' title='bbox 3357 924 3536 978; x_wconf 88' lang='lat' dir='ltr'><strong>virum</strong></span> <span class='ocrx_word' id='word_1_143' title='bbox 3590 923 3663 979; x_wconf 87' lang='lat' dir='ltr'><strong>ab</strong></span> <span class='ocrx_word' id='word_1_144' title='bbox 3691 923 3802 980; x_wconf 85' lang='lat' dir='ltr'><strong>alio</strong></span> 
     </span>
    </p>
   </div>
   <div class='ocr_carea' id='block_1_25' title="bbox 2193 1009 3799 1082">
    <p class='ocr_par' dir='ltr' id='par_1_25' title="bbox 2193 1009 3799 1082">
     <span class='ocr_line' id='line_1_25' title="bbox 2193 1009 3799 1082; baseline 0.003 -19"><span class='ocrx_word' id='word_1_145' title='bbox 2193 1024 2324 1081; x_wconf 85' lang='lat' dir='ltr'><strong>rege</strong></span> <span class='ocrx_word' id='word_1_146' title='bbox 2379 1009 2577 1064; x_wconf 89' lang='lat' dir='ltr'><strong>missus</strong></span> <span class='ocrx_word' id='word_1_147' title='bbox 2599 1011 2826 1066; x_wconf 84' lang='lat' dir='ltr'><strong>Romam</strong></span> <span class='ocrx_word' id='word_1_148' title='bbox 2859 1019 3098 1079; x_wconf 88' lang='lat' dir='ltr'><strong>venerat,</strong></span> <span class='ocrx_word' id='word_1_149' title='bbox 3133 1019 3185 1066; x_wconf 91' lang='lat' dir='ltr'><strong>et</strong></span> <span class='ocrx_word' id='word_1_150' title='bbox 3205 1011 3663 1082; x_wconf 88' lang='lat' dir='ltr'><strong>quemadmodum</strong></span> <span class='ocrx_word' id='word_1_151' title='bbox 3718 1012 3799 1068; x_wconf 87' lang='lat' dir='ltr'><strong>rei</strong></span> 
     </span>
    </p>
   </div>
   <div class='ocr_carea' id='block_1_26' title="bbox 2193 1097 3800 1171">
    <p class='ocr_par' dir='ltr' id='par_1_26' title="bbox 2193 1097 3800 1171">
     <span class='ocr_line' id='line_1_26' title="bbox 2193 1097 3800 1171; baseline 0.003 -20"><span class='ocrx_word' id='word_1_152' title='bbox 2193 1101 2362 1168; x_wconf 72' lang='lat' dir='ltr'><strong>gestae</strong></span> <span class='ocrx_word' id='word_1_153' title='bbox 2394 1097 2564 1152; x_wconf 90' lang='lat' dir='ltr'><strong>series</strong></span> <span class='ocrx_word' id='word_1_154' title='bbox 2593 1113 2757 1169; x_wconf 86' lang='lat' dir='ltr'><strong>supra</strong></span> <span class='ocrx_word' id='word_1_155' title='bbox 2786 1099 3054 1169; x_wconf 80' lang='lat' dir='ltr'><strong>designat,</strong></span> <span class='ocrx_word' id='word_1_156' title='bbox 3084 1099 3150 1154; x_wconf 91' lang='lat' dir='ltr'><strong>iis</strong></span> <span class='ocrx_word' id='word_1_157' title='bbox 3179 1116 3302 1171; x_wconf 72' lang='lat' dir='ltr'><strong>quae</strong></span> <span class='ocrx_word' id='word_1_158' title='bbox 3345 1107 3472 1156; x_wconf 92' lang='lat' dir='ltr'><strong>tunc</strong></span> <span class='ocrx_word' id='word_1_159' title='bbox 3526 1100 3800 1158; x_wconf 86' lang='lat' dir='ltr'><strong>ecclesia-</strong></span> 
     </span>
    </p>
   </div>
   <div class='ocr_carea' id='block_1_27' title="bbox 2194 1186 3800 1261">
    <p class='ocr_par' dir='ltr' id='par_1_27' title="bbox 2194 1186 3800 1261">
     <span class='ocr_line' id='line_1_27' title="bbox 2194 1186 3800 1261; baseline 0.003 -20"><span class='ocrx_word' id='word_1_160' title='bbox 2194 1186 2326 1242; x_wconf 90' lang='lat' dir='ltr'><strong>stica</strong></span> <span class='ocrx_word' id='word_1_161' title='bbox 2355 1186 2686 1258; x_wconf 85' lang='lat' dir='ltr'><strong>gerebantur</strong></span> <span class='ocrx_word' id='word_1_162' title='bbox 2713 1203 2816 1258; x_wconf 91' lang='lat' dir='ltr'><strong>pro</strong></span> <span class='ocrx_word' id='word_1_163' title='bbox 2847 1187 3056 1243; x_wconf 90' lang='lat' dir='ltr'><strong>viribus</strong></span> <span class='ocrx_word' id='word_1_164' title='bbox 3085 1204 3248 1260; x_wconf 89' lang='lat' dir='ltr'><strong>opem</strong></span> <span class='ocrx_word' id='word_1_165' title='bbox 3280 1188 3646 1261; x_wconf 88' lang='lat' dir='ltr'><strong>impenderat.</strong></span> <span class='ocrx_word' id='word_1_166' title='bbox 3687 1189 3800 1246; x_wconf 87' lang='lat' dir='ltr'><strong>Ubi</strong></span> 
     </span>
    </p>
   </div>
   <div class='ocr_carea' id='block_1_28' title="bbox 2194 1275 3806 1347">
    <p class='ocr_par' dir='ltr' id='par_1_28' title="bbox 2194 1275 3806 1347">
     <span class='ocr_line' id='line_1_28' title="bbox 2194 1275 3806 1347; baseline 0.002 -17"><span class='ocrx_word' id='word_1_167' title='bbox 2194 1291 2327 1347; x_wconf 88' lang='lat' dir='ltr'><strong>ergo</strong></span> <span class='ocrx_word' id='word_1_168' title='bbox 2358 1275 2622 1331; x_wconf 85' lang='lat' dir='ltr'><strong>adventus</strong></span> <span class='ocrx_word' id='word_1_169' title='bbox 2649 1275 2887 1332; x_wconf 81' lang='lat' dir='ltr'><strong>Anselmi</strong></span> <span class='ocrx_word' id='word_1_170' title='bbox 2917 1291 3147 1333; x_wconf 73' lang='lat' dir='ltr'><strong>summae</strong></span> <span class='ocrx_word' id='word_1_171' title='bbox 3177 1278 3322 1333; x_wconf 90' lang='lat' dir='ltr'><strong>sedis</strong></span> <span class='ocrx_word' id='word_1_172' title='bbox 3370 1279 3595 1334; x_wconf 88' lang='lat' dir='ltr'><strong>antistiti</strong></span> <span class='ocrx_word' id='word_1_173' title='bbox 3652 1295 3806 1334; x_wconf 84' lang='lat' dir='ltr'><strong>nun—</strong></span> 
     </span>
    </p>
   </div>
   <div class='ocr_carea' id='block_1_29' title="bbox 2193 1362 3808 1440">
    <p class='ocr_par' dir='ltr' id='par_1_29' title="bbox 2193 1362 3808 1440">
     <span class='ocr_line' id='line_1_29' title="bbox 2193 1362 3808 1440; baseline 0.004 -22"><span class='ocrx_word' id='word_1_174' title='bbox 2193 1362 2375 1432; x_wconf 87' lang='lat' dir='ltr'><strong>tiatus,</strong></span> <span class='ocrx_word' id='word_1_175' title='bbox 2408 1363 2557 1420; x_wconf 88' lang='lat' dir='ltr'><strong>illico</strong></span> <span class='ocrx_word' id='word_1_176' title='bbox 2587 1363 2853 1420; x_wconf 87' lang='lat' dir='ltr'><strong>mandans</strong></span> <span class='ocrx_word' id='word_1_177' title='bbox 2882 1365 3036 1420; x_wconf 90' lang='lat' dir='ltr'><strong>illum</strong></span> <span class='ocrx_word' id='word_1_178' title='bbox 3068 1365 3392 1438; x_wconf 88' lang='lat' dir='ltr'><strong>deprecatus</strong></span> <span class='ocrx_word' id='word_1_179' title='bbox 3423 1375 3505 1422; x_wconf 90' lang='lat' dir='ltr'><strong>est</strong></span> <span class='ocrx_word' id='word_1_180' title='bbox 3533 1374 3808 1440; x_wconf 81' lang='lat' dir='ltr'><strong>quatenus</strong></span> 
     </span>
    </p>
   </div>
   <div class='ocr_carea' id='block_1_30' title="bbox 2195 1451 3810 1528">
    <p class='ocr_par' dir='ltr' id='par_1_30' title="bbox 2195 1451 3810 1528">
     <span class='ocr_line' id='line_1_30' title="bbox 2195 1451 3810 1528; baseline 0.002 -20"><span class='ocrx_word' id='word_1_181' title='bbox 2195 1451 2339 1508; x_wconf 92' lang='lat' dir='ltr'><strong>diem</strong></span> <span class='ocrx_word' id='word_1_182' title='bbox 2368 1452 2526 1508; x_wconf 91' lang='lat' dir='ltr'><strong>illum</strong></span> <span class='ocrx_word' id='word_1_183' title='bbox 2555 1461 2716 1524; x_wconf 90' lang='lat' dir='ltr'><strong>atque</strong></span> <span class='ocrx_word' id='word_1_184' title='bbox 2744 1462 3060 1524; x_wconf 86' lang='lat' dir='ltr'><strong>sequentem</strong></span> <span class='ocrx_word' id='word_1_185' title='bbox 3091 1470 3123 1509; x_wconf 89' lang='lat' dir='ltr'><strong>a</strong></span> <span class='ocrx_word' id='word_1_186' title='bbox 3180 1455 3499 1528; x_wconf 76' lang='lat' dir='ltr'><strong>fatigatione</strong></span> <span class='ocrx_word' id='word_1_187' title='bbox 3528 1456 3614 1512; x_wconf 91' lang='lat' dir='ltr'><strong>sui</strong></span> <span class='ocrx_word' id='word_1_188' title='bbox 3653 1455 3810 1528; x_wconf 87' lang='lat' dir='ltr'><strong>apud</strong></span> 
     </span>
    </p>
   </div>
   <div class='ocr_carea' id='block_1_31' title="bbox 2195 1539 3810 1617">
    <p class='ocr_par' dir='ltr' id='par_1_31' title="bbox 2195 1539 3810 1617">
     <span class='ocr_line' id='line_1_31' title="bbox 2195 1539 3810 1617; baseline 0.003 -21"><span class='ocrx_word' id='word_1_189' title='bbox 2195 1539 2451 1596; x_wconf 89' lang='lat' dir='ltr'><strong>Sanctum</strong></span> <span class='ocrx_word' id='word_1_190' title='bbox 2480 1541 2700 1597; x_wconf 83' lang='lat' dir='ltr'><strong>Petrum</strong></span> <span class='ocrx_word' id='word_1_191' title='bbox 2727 1544 2938 1614; x_wconf 91' lang='lat' dir='ltr'><strong>quietos</strong></span> <span class='ocrx_word' id='word_1_192' title='bbox 2967 1543 3188 1599; x_wconf 87' lang='lat' dir='ltr'><strong>duceret</strong></span> <span class='ocrx_word' id='word_1_193' title='bbox 3219 1558 3284 1600; x_wconf 89' lang='lat' dir='ltr'><strong>ac</strong></span> <span class='ocrx_word' id='word_1_194' title='bbox 3313 1543 3531 1600; x_wconf 90' lang='lat' dir='ltr'><strong>demum</strong></span> <span class='ocrx_word' id='word_1_195' title='bbox 3554 1545 3810 1617; x_wconf 87' lang='lat' dir='ltr'><strong>seipsius</strong></span> 
     </span>
    </p>
   </div>
   <div class='ocr_carea' id='block_1_32' title="bbox 2191 1630 3812 1705">
    <p class='ocr_par' dir='ltr' id='par_1_32' title="bbox 2191 1630 3812 1705">
     <span class='ocr_line' id='line_1_32' title="bbox 2191 1630 3812 1705; baseline 0.004 -21"><span class='ocrx_word' id='word_1_196' title='bbox 2191 1630 2494 1700; x_wconf 67' lang='lat' dir='ltr'><strong>praesentia:</strong></span> <span class='ocrx_word' id='word_1_197' title='bbox 2521 1631 2804 1687; x_wconf 88' lang='lat' dir='ltr'><strong>Lateranis</strong></span> <span class='ocrx_word' id='word_1_198' title='bbox 2835 1631 3137 1688; x_wconf 84' lang='lat' dir='ltr'><strong>exhiberet.</strong></span> <span class='ocrx_word' id='word_1_199' title='bbox 3167 1631 3265 1688; x_wconf 91' lang='lat' dir='ltr'><strong>Ille</strong></span> <span class='ocrx_word' id='word_1_200' title='bbox 3291 1640 3531 1704; x_wconf 70' lang='lat' dir='ltr'><strong>paternae</strong></span> <span class='ocrx_word' id='word_1_201' title='bbox 3585 1633 3812 1705; x_wconf 85' lang='lat' dir='ltr'><strong>pietatis</strong></span> 
     </span>
    </p>
   </div>
   <div class='ocr_carea' id='block_1_33' title="bbox 489 1718 3805 1798">
    <p class='ocr_par' dir='ltr' id='par_1_33' title="bbox 489 1718 3805 1798">
     <span class='ocr_line' id='line_1_33' title="bbox 489 1718 3805 1798; baseline 0.001 -23"><span class='ocrx_word' id='word_1_202' title='bbox 489 1721 770 1778; x_wconf 87' lang='lat' dir='ltr'><strong>monachis</strong></span> <span class='ocrx_word' id='word_1_203' title='bbox 799 1721 1168 1778; x_wconf 89' lang='lat' dir='ltr'><strong>dilectissimis</strong></span> <span class='ocrx_word' id='word_1_204' title='bbox 1224 1723 1348 1778; x_wconf 87' lang='lat' dir='ltr'><strong>ﬁliis</strong></span> <span class='ocrx_word' id='word_1_205' title='bbox 1402 1724 1534 1791; x_wconf 91' lang='lat' dir='ltr'><strong>suis,</strong></span> <span class='ocrx_word' id='word_1_206' title='bbox 1568 1739 1738 1780; x_wconf 89' lang='lat' dir='ltr'><strong>necne</strong></span> <span class='ocrx_word' id='word_1_207' title='bbox 1794 1738 1828 1778; x_wconf 90' lang='lat' dir='ltr'><strong>a</strong></span> <span class='ocrx_word' id='word_1_208' title='bbox 1885 1721 2083 1781; x_wconf 75' lang='lat' dir='ltr'><strong>civium</strong></span> <span class='ocrx_word' id='word_1_209' title='bbox 2112 1737 2167 1798; x_wconf 82' lang='grc' dir='ltr'>Β</span> <span class='ocrx_word' id='word_1_210' title='bbox 2192 1718 2506 1774; x_wconf 83' lang='lat' dir='ltr'><strong>mandatum</strong></span> <span class='ocrx_word' id='word_1_211' title='bbox 2534 1719 2775 1791; x_wconf 81' lang='lat' dir='ltr'><strong>gratiose</strong></span> <span class='ocrx_word' id='word_1_212' title='bbox 2804 1719 3108 1792; x_wconf 89' lang='lat' dir='ltr'><strong>suspiciens</strong></span> <span class='ocrx_word' id='word_1_213' title='bbox 3132 1727 3308 1792; x_wconf 87' lang='lat' dir='ltr'><strong>paret,</strong></span> <span class='ocrx_word' id='word_1_214' title='bbox 3341 1723 3596 1794; x_wconf 87' lang='lat' dir='ltr'><strong>quodque</strong></span> <span class='ocrx_word' id='word_1_215' title='bbox 3629 1721 3734 1777; x_wconf 90' lang='lat' dir='ltr'><strong>sibi</strong></span> <span class='ocrx_word' id='word_1_216' title='bbox 3768 1737 3805 1778; x_wconf 70' lang='grc' dir='ltr'>ι</span> 
     </span>
    </p>
   </div>
   <div class='ocr_carea' id='block_1_34' title="bbox 488 1809 2082 1884">
    <p class='ocr_par' dir='ltr' id='par_1_34' title="bbox 488 1809 2082 1884">
     <span class='ocr_line' id='line_1_34' title="bbox 488 1809 2082 1884; baseline 0.003 -20"><span class='ocrx_word' id='word_1_217' title='bbox 488 1809 1090 1884; x_wconf 86' lang='lat' dir='ltr'><strong>circumtluentiumque</strong></span> <span class='ocrx_word' id='word_1_218' title='bbox 1133 1813 1468 1884; x_wconf 89' lang='lat' dir='ltr'><strong>populorum</strong></span> <span class='ocrx_word' id='word_1_219' title='bbox 1523 1812 1932 1882; x_wconf 82' lang='lat' dir='ltr'><strong>numerositate,</strong></span> <span class='ocrx_word' id='word_1_220' title='bbox 1990 1813 2082 1868; x_wconf 91' lang='lat' dir='ltr'><strong>in-</strong></span> 
     </span>
    </p>
   </div>
   <div class='ocr_carea' id='block_1_35' title="bbox 485 1899 2084 1975">
    <p class='ocr_par' dir='ltr' id='par_1_35' title="bbox 485 1899 2084 1975">
     <span class='ocr_line' id='line_1_35' title="bbox 485 1899 2084 1975; baseline 0.003 -21"><span class='ocrx_word' id='word_1_221' title='bbox 485 1899 636 1970; x_wconf 83' lang='lat' dir='ltr'><strong>genti</strong></span> <span class='ocrx_word' id='word_1_222' title='bbox 664 1899 883 1969; x_wconf 88' lang='lat' dir='ltr'><strong>pietatis</strong></span> <span class='ocrx_word' id='word_1_223' title='bbox 911 1900 1103 1956; x_wconf 71' lang='lat' dir='ltr'><strong>affectu</strong></span> <span class='ocrx_word' id='word_1_224' title='bbox 1130 1903 1399 1972; x_wconf 91' lang='lat' dir='ltr'><strong>prosecuti</strong></span> <span class='ocrx_word' id='word_1_225' title='bbox 1429 1902 1495 1957; x_wconf 90' lang='lat' dir='ltr'><strong>ad</strong></span> <span class='ocrx_word' id='word_1_226' title='bbox 1525 1911 1738 1974; x_wconf 91' lang='lat' dir='ltr'><strong>portum</strong></span> <span class='ocrx_word' id='word_1_227' title='bbox 1769 1903 1933 1958; x_wconf 88' lang='lat' dir='ltr'><strong>maris</strong></span> <span class='ocrx_word' id='word_1_228' title='bbox 1958 1919 2084 1975; x_wconf 88' lang='lat' dir='ltr'><strong>pro-</strong></span> 
     </span>
    </p>
   </div>
   <div class='ocr_carea' id='block_1_36' title="bbox 489 1988 2083 2062">
    <p class='ocr_par' dir='ltr' id='par_1_36' title="bbox 489 1988 2083 2062">
     <span class='ocr_line' id='line_1_36' title="bbox 489 1988 2083 2062; baseline 0.003 -20"><span class='ocrx_word' id='word_1_229' title='bbox 489 1988 823 2056; x_wconf 88' lang='lat' dir='ltr'><strong>peravimus.</strong></span> <span class='ocrx_word' id='word_1_230' title='bbox 854 1992 1043 2061; x_wconf 90' lang='lat' dir='ltr'><strong>Itaque</strong></span> <span class='ocrx_word' id='word_1_231' title='bbox 1071 2007 1239 2046; x_wconf 82' lang='lat' dir='ltr'><strong>naves</strong></span> <span class='ocrx_word' id='word_1_232' title='bbox 1268 1991 1502 2061; x_wconf 87' lang='lat' dir='ltr'><strong>ingressi</strong></span> <span class='ocrx_word' id='word_1_233' title='bbox 1532 1991 1833 2046; x_wconf 89' lang='lat' dir='ltr'><strong>Witsandis</strong></span> <span class='ocrx_word' id='word_1_234' title='bbox 1875 1990 2083 2062; x_wconf 88' lang='lat' dir='ltr'><strong>appuli-</strong></span> 
     </span>
    </p>
   </div>
   <div class='ocr_carea' id='block_1_37' title="bbox 486 2078 2085 2137">
    <p class='ocr_par' dir='ltr' id='par_1_37' title="bbox 486 2078 2085 2137">
     <span class='ocr_line' id='line_1_37' title="bbox 486 2078 2085 2137; baseline 0.004 -7"><span class='ocrx_word' id='word_1_235' title='bbox 486 2091 630 2132; x_wconf 89' lang='lat' dir='ltr'><strong>mus.</strong></span> <span class='ocrx_word' id='word_1_236' title='bbox 664 2078 800 2134; x_wconf 80' lang='lat' dir='ltr'><strong>Acta</strong></span> <span class='ocrx_word' id='word_1_237' title='bbox 824 2086 951 2133; x_wconf 87' lang='lat' dir='ltr'><strong>sunt</strong></span> <span class='ocrx_word' id='word_1_238' title='bbox 979 2079 1097 2135; x_wconf 68' lang='lat' dir='ltr'><strong>haec</strong></span> <span class='ocrx_word' id='word_1_239' title='bbox 1123 2094 1266 2135; x_wconf 89' lang='lat' dir='ltr'><strong>anno</strong></span> <span class='ocrx_word' id='word_1_240' title='bbox 1295 2078 1558 2135; x_wconf 86' lang='lat' dir='ltr'><strong>incarnati</strong></span> <span class='ocrx_word' id='word_1_241' title='bbox 1594 2080 1752 2136; x_wconf 90' lang='lat' dir='ltr'><strong>Verbi</strong></span> <span class='ocrx_word' id='word_1_242' title='bbox 1798 2081 2085 2137; x_wconf 91' lang='lat' dir='ltr'><strong>millesimo</strong></span> 
     </span>
    </p>
   </div>
   <div class='ocr_carea' id='block_1_38' title="bbox 488 2165 2086 2242">
    <p class='ocr_par' dir='ltr' id='par_1_38' title="bbox 488 2165 2086 2242">
     <span class='ocr_line' id='line_1_38' title="bbox 488 2165 2086 2242; baseline 0.004 -23"><span class='ocrx_word' id='word_1_243' title='bbox 488 2165 784 2220; x_wconf 89' lang='lat' dir='ltr'><strong>centesimo</strong></span> <span class='ocrx_word' id='word_1_244' title='bbox 815 2166 990 2235; x_wconf 89' lang='lat' dir='ltr'><strong>tertio,</strong></span> <span class='ocrx_word' id='word_1_245' title='bbox 1022 2185 1055 2222; x_wconf 90' lang='lat' dir='ltr'><strong>v</strong></span> <span class='ocrx_word' id='word_1_246' title='bbox 1084 2168 1317 2224; x_wconf 84' lang='lat' dir='ltr'><strong>Kalend.</strong></span> <span class='ocrx_word' id='word_1_247' title='bbox 1349 2168 1501 2223; x_wconf 88' lang='lat' dir='ltr'><strong>Maii.</strong></span> <span class='ocrx_word' id='word_1_248' title='bbox 1541 2169 1714 2242; x_wconf 89' lang='lat' dir='ltr'><strong>Regia</strong></span> <span class='ocrx_word' id='word_1_249' title='bbox 1741 2169 1908 2242; x_wconf 78' lang='lat' dir='ltr'><strong>igitur</strong></span> <span class='ocrx_word' id='word_1_250' title='bbox 1954 2185 2086 2240; x_wconf 87' lang='lat' dir='ltr'><strong>pace</strong></span> 
     </span>
    </p>
   </div>
   <div class='ocr_carea' id='block_1_39' title="bbox 489 2251 2087 2325">
    <p class='ocr_par' dir='ltr' id='par_1_39' title="bbox 489 2251 2087 2325">
     <span class='ocr_line' id='line_1_39' title="bbox 489 2251 2087 2325; baseline 0.004 -18"><span class='ocrx_word' id='word_1_251' title='bbox 489 2251 710 2323; x_wconf 82' lang='lat' dir='ltr'><strong>suisque</strong></span> <span class='ocrx_word' id='word_1_252' title='bbox 739 2255 991 2309; x_wconf 86' lang='lat' dir='ltr'><strong>omnibus</strong></span> <span class='ocrx_word' id='word_1_253' title='bbox 1020 2255 1304 2312; x_wconf 88' lang='lat' dir='ltr'><strong>investitus</strong></span> <span class='ocrx_word' id='word_1_254' title='bbox 1336 2271 1485 2312; x_wconf 88' lang='lat' dir='ltr'><strong>mare</strong></span> <span class='ocrx_word' id='word_1_255' title='bbox 1515 2257 1748 2325; x_wconf 85' lang='lat' dir='ltr'><strong>transiit,</strong></span> <span class='ocrx_word' id='word_1_256' title='bbox 1804 2265 1858 2313; x_wconf 89' lang='lat' dir='ltr'><strong>et</strong></span> <span class='ocrx_word' id='word_1_257' title='bbox 1911 2258 2087 2314; x_wconf 89' lang='lat' dir='ltr'><strong>libera</strong></span> 
     </span>
    </p>
   </div>
   <div class='ocr_carea' id='block_1_40' title="bbox 487 2341 2086 2412">
    <p class='ocr_par' dir='ltr' id='par_1_40' title="bbox 487 2341 2086 2412">
     <span class='ocr_line' id='line_1_40' title="bbox 487 2341 2086 2412; baseline 0.005 -17"><span class='ocrx_word' id='word_1_258' title='bbox 487 2341 573 2395; x_wconf 85' lang='lat' dir='ltr'><strong>via</strong></span> <span class='ocrx_word' id='word_1_259' title='bbox 594 2358 695 2412; x_wconf 90' lang='lat' dir='ltr'><strong>per</strong></span> <span class='ocrx_word' id='word_1_260' title='bbox 723 2343 1020 2400; x_wconf 88' lang='lat' dir='ltr'><strong>Bononiam</strong></span> <span class='ocrx_word' id='word_1_261' title='bbox 1049 2343 1152 2400; x_wconf 89' lang='lat' dir='ltr'><strong>iter</strong></span> <span class='ocrx_word' id='word_1_262' title='bbox 1191 2345 1640 2400; x_wconf 89' lang='lat' dir='ltr'><strong>Northmanniam</strong></span> <span class='ocrx_word' id='word_1_263' title='bbox 1688 2347 1940 2402; x_wconf 86' lang='lat' dir='ltr'><strong>veniendi</strong></span> <span class='ocrx_word' id='word_1_264' title='bbox 1995 2364 2086 2403; x_wconf 89' lang='lat' dir='ltr'><strong>as-</strong></span> 
     </span>
    </p>
   </div>
   <div class='ocr_carea' id='block_1_41' title="bbox 487 2430 2089 2506">
    <p class='ocr_par' dir='ltr' id='par_1_41' title="bbox 487 2430 2089 2506">
     <span class='ocr_line' id='line_1_41' title="bbox 487 2430 2089 2506; baseline 0.005 -22"><span class='ocrx_word' id='word_1_265' title='bbox 487 2430 738 2501; x_wconf 86' lang='lat' dir='ltr'><strong>sumpsit,</strong></span> <span class='ocrx_word' id='word_1_266' title='bbox 770 2447 1109 2506; x_wconf 88' lang='lat' dir='ltr'><strong>quorumque</strong></span> <span class='ocrx_word' id='word_1_267' title='bbox 1135 2433 1400 2490; x_wconf 89' lang='lat' dir='ltr'><strong>nobilium</strong></span> <span class='ocrx_word' id='word_1_268' title='bbox 1430 2441 1591 2490; x_wconf 71' lang='lat' dir='ltr'><strong>terra:</strong></span> <span class='ocrx_word' id='word_1_269' title='bbox 1622 2449 1731 2492; x_wconf 90' lang='lat' dir='ltr'><strong>non</strong></span> <span class='ocrx_word' id='word_1_270' title='bbox 1775 2434 1874 2490; x_wconf 92' lang='lat' dir='ltr'><strong>vili</strong></span> <span class='ocrx_word' id='word_1_271' title='bbox 1932 2435 2089 2492; x_wconf 90' lang='lat' dir='ltr'><strong>obse-</strong></span> 
     </span>
    </p>
   </div>
   <div class='ocr_carea' id='block_1_42' title="bbox 490 2517 832 2590">
    <p class='ocr_par' dir='ltr' id='par_1_42' title="bbox 490 2517 832 2590">
     <span class='ocr_line' id='line_1_42' title="bbox 490 2517 832 2590; baseline 0.012 -17"><span class='ocrx_word' id='word_1_272' title='bbox 490 2517 616 2590; x_wconf 88' lang='lat' dir='ltr'><strong>quio</strong></span> <span class='ocrx_word' id='word_1_273' title='bbox 644 2518 832 2577; x_wconf 88' lang='lat' dir='ltr'><strong>fretus.</strong></span> 
     </span>
    </p>
   </div>
   <div class='ocr_carea' id='block_1_43' title="bbox 560 2609 2088 2684">
    <p class='ocr_par' dir='ltr' id='par_1_43' title="bbox 560 2609 2088 2684">
     <span class='ocr_line' id='line_1_43' title="bbox 560 2609 2088 2684; baseline 0.003 -20"><span class='ocrx_word' id='word_1_274' title='bbox 560 2609 694 2664; x_wconf 89' lang='lat' dir='ltr'><strong>Cum</strong></span> <span class='ocrx_word' id='word_1_275' title='bbox 724 2616 901 2665; x_wconf 91' lang='lat' dir='ltr'><strong>autem</strong></span> <span class='ocrx_word' id='word_1_276' title='bbox 931 2610 1087 2667; x_wconf 91' lang='lat' dir='ltr'><strong>Becci</strong></span> <span class='ocrx_word' id='word_1_277' title='bbox 1117 2609 1310 2667; x_wconf 80' lang='lat' dir='ltr'><strong>fuisset</strong></span> <span class='ocrx_word' id='word_1_278' title='bbox 1334 2610 1450 2681; x_wconf 90' lang='lat' dir='ltr'><strong>(ubi</strong></span> <span class='ocrx_word' id='word_1_279' title='bbox 1480 2624 1588 2680; x_wconf 89' lang='lat' dir='ltr'><strong>qua</strong></span> <span class='ocrx_word' id='word_1_280' title='bbox 1623 2610 1947 2678; x_wconf 87' lang='lat' dir='ltr'><strong>devotionis,</strong></span> <span class='ocrx_word' id='word_1_281' title='bbox 1982 2628 2088 2684; x_wconf 90' lang='lat' dir='ltr'><strong>qua</strong></span> 
     </span>
    </p>
   </div>
   <div class='ocr_carea' id='block_1_44' title="bbox 492 2695 2086 2771">
    <p class='ocr_par' dir='ltr' id='par_1_44' title="bbox 492 2695 2086 2771">
     <span class='ocr_line' id='line_1_44' title="bbox 492 2695 2086 2771; baseline 0.004 -20"><span class='ocrx_word' id='word_1_282' title='bbox 492 2695 818 2768; x_wconf 90' lang='lat' dir='ltr'><strong>dilectionis,</strong></span> <span class='ocrx_word' id='word_1_283' title='bbox 848 2714 956 2770; x_wconf 85' lang='lat' dir='ltr'><strong>qua</strong></span> <span class='ocrx_word' id='word_1_284' title='bbox 984 2699 1172 2771; x_wconf 85' lang='lat' dir='ltr'><strong>gaudii</strong></span> <span class='ocrx_word' id='word_1_285' title='bbox 1199 2708 1251 2756; x_wconf 89' lang='lat' dir='ltr'><strong>et</strong></span> <span class='ocrx_word' id='word_1_286' title='bbox 1276 2700 1453 2756; x_wconf 91' lang='lat' dir='ltr'><strong>omnis</strong></span> <span class='ocrx_word' id='word_1_287' title='bbox 1481 2699 1610 2756; x_wconf 88' lang='lat' dir='ltr'><strong>boni</strong></span> <span class='ocrx_word' id='word_1_288' title='bbox 1647 2701 1985 2770; x_wconf 89' lang='lat' dir='ltr'><strong>jucunditate</strong></span> <span class='ocrx_word' id='word_1_289' title='bbox 2000 2717 2086 2757; x_wconf 91' lang='lat' dir='ltr'><strong>su-</strong></span> 
     </span>
    </p>
   </div>
   <div class='ocr_carea' id='block_1_45' title="bbox 487 2786 2087 2860">
    <p class='ocr_par' dir='ltr' id='par_1_45' title="bbox 487 2786 2087 2860">
     <span class='ocr_line' id='line_1_45' title="bbox 487 2786 2087 2860; baseline 0.003 -19"><span class='ocrx_word' id='word_1_290' title='bbox 487 2794 699 2856; x_wconf 89' lang='lat' dir='ltr'><strong>sceptus</strong></span> <span class='ocrx_word' id='word_1_291' title='bbox 727 2786 816 2856; x_wconf 90' lang='lat' dir='ltr'><strong>sit,</strong></span> <span class='ocrx_word' id='word_1_292' title='bbox 849 2796 1022 2858; x_wconf 90' lang='lat' dir='ltr'><strong>taceo,</strong></span> <span class='ocrx_word' id='word_1_293' title='bbox 1057 2788 1185 2844; x_wconf 92' lang='lat' dir='ltr'><strong>dum</strong></span> <span class='ocrx_word' id='word_1_294' title='bbox 1208 2789 1264 2844; x_wconf 89' lang='lat' dir='ltr'><strong>id</strong></span> <span class='ocrx_word' id='word_1_295' title='bbox 1286 2788 1417 2843; x_wconf 88' lang='lat' dir='ltr'><strong>nulli</strong></span> <span class='ocrx_word' id='word_1_296' title='bbox 1457 2789 1718 2860; x_wconf 86' lang='lat' dir='ltr'><strong>possibile</strong></span> <span class='ocrx_word' id='word_1_297' title='bbox 1775 2789 1917 2844; x_wconf 89' lang='lat' dir='ltr'><strong>dictu</strong></span> <span class='ocrx_word' id='word_1_298' title='bbox 1974 2789 2087 2845; x_wconf 83' lang='lat' dir='ltr'><strong>exi-</strong></span> 
     </span>
    </p>
   </div>
   <div class='ocr_carea' id='block_1_46' title="bbox 485 2875 2084 2949">
    <p class='ocr_par' dir='ltr' id='par_1_46' title="bbox 485 2875 2084 2949">
     <span class='ocr_line' id='line_1_46' title="bbox 485 2875 2084 2949; baseline 0.004 -21"><span class='ocrx_word' id='word_1_299' title='bbox 485 2875 725 2946; x_wconf 87' lang='lat' dir='ltr'><strong>stimem)</strong></span> <span class='ocrx_word' id='word_1_300' title='bbox 753 2875 959 2932; x_wconf 82' lang='lat' dir='ltr'><strong>litteras</strong></span> <span class='ocrx_word' id='word_1_301' title='bbox 986 2877 1061 2932; x_wconf 89' lang='lat' dir='ltr'><strong>ibi</strong></span> <span class='ocrx_word' id='word_1_302' title='bbox 1118 2876 1539 2947; x_wconf 60' lang='lat' dir='ltr'><strong>praenominatas</strong></span> <span class='ocrx_word' id='word_1_303' title='bbox 1593 2876 1774 2949; x_wconf 88' lang='lat' dir='ltr'><strong>sigillo</strong></span> <span class='ocrx_word' id='word_1_304' title='bbox 1830 2876 2084 2934; x_wconf 86' lang='lat' dir='ltr'><strong>absolvit.</strong></span> 
     </span>
    </p>
   </div>
   <div class='ocr_carea' id='block_1_47' title="bbox 486 2961 2085 3039">
    <p class='ocr_par' dir='ltr' id='par_1_47' title="bbox 486 2961 2085 3039">
     <span class='ocr_line' id='line_1_47' title="bbox 486 2961 2085 3039; baseline 0.001 -21"><span class='ocrx_word' id='word_1_305' title='bbox 486 2961 631 3032; x_wconf 85' lang='lat' dir='ltr'><strong>Quid</strong></span> <span class='ocrx_word' id='word_1_306' title='bbox 661 2964 844 3036; x_wconf 86' lang='lat' dir='ltr'><strong>itaque</strong></span> <span class='ocrx_word' id='word_1_307' title='bbox 872 2964 928 3018; x_wconf 92' lang='lat' dir='ltr'><strong>in</strong></span> <span class='ocrx_word' id='word_1_308' title='bbox 957 2965 1038 3020; x_wconf 91' lang='lat' dir='ltr'><strong>eis</strong></span> <span class='ocrx_word' id='word_1_309' title='bbox 1093 2965 1378 3034; x_wconf 90' lang='lat' dir='ltr'><strong>invenerit,</strong></span> <span class='ocrx_word' id='word_1_310' title='bbox 1443 2972 1622 3022; x_wconf 87' lang='lat' dir='ltr'><strong>textus</strong></span> <span class='ocrx_word' id='word_1_311' title='bbox 1677 2980 1864 3021; x_wconf 87' lang='lat' dir='ltr'><strong>earum</strong></span> <span class='ocrx_word' id='word_1_312' title='bbox 1922 2981 2085 3039; x_wconf 85' lang='lat' dir='ltr'><strong>quem</strong></span> 
     </span>
    </p>
   </div>
   <div class='ocr_carea' id='block_1_48' title="bbox 481 3052 1229 3110">
    <p class='ocr_par' dir='ltr' id='par_1_48' title="bbox 481 3052 1229 3110">
     <span class='ocr_line' id='line_1_48' title="bbox 481 3052 1229 3110; baseline 0.004 -3"><span class='ocrx_word' id='word_1_313' title='bbox 481 3052 873 3109; x_wconf 87' lang='lat' dir='ltr'><strong>subscribimus</strong></span> <span class='ocrx_word' id='word_1_314' title='bbox 902 3053 1229 3110; x_wconf 82' lang='lat' dir='ltr'><strong>declarabit.</strong></span> 
     </span>
    </p>
   </div>
   <div class='ocr_carea' id='block_1_49' title="bbox 561 3140 2084 3214">
    <p class='ocr_par' dir='ltr' id='par_1_49' title="bbox 561 3140 2084 3214">
     <span class='ocr_line' id='line_1_49' title="bbox 561 3140 2084 3214; baseline 0.004 -19"><span class='ocrx_word' id='word_1_315' title='bbox 561 3163 581 3190; x_wconf 71' lang='grc' dir='ltr'><strong>τι</strong></span> <span class='ocrx_word' id='word_1_316' title='bbox 616 3140 900 3197; x_wconf 87' lang='lat' dir='ltr'><strong>Paschalis</strong></span> <span class='ocrx_word' id='word_1_317' title='bbox 923 3145 1230 3213; x_wconf 89' lang='lat' dir='ltr'><strong>episcopus,</strong></span> <span class='ocrx_word' id='word_1_318' title='bbox 1265 3159 1450 3200; x_wconf 89' lang='lat' dir='ltr'><strong>servus</strong></span> <span class='ocrx_word' id='word_1_319' title='bbox 1478 3159 1762 3200; x_wconf 85' lang='lat' dir='ltr'><strong>servorum</strong></span> <span class='ocrx_word' id='word_1_320' title='bbox 1793 3144 1913 3214; x_wconf 87' lang='lat' dir='ltr'><strong>Dei,</strong></span> <span class='ocrx_word' id='word_1_321' title='bbox 1975 3146 2084 3201; x_wconf 84' lang='lat' dir='ltr'><strong>An-</strong></span> 
     </span>
    </p>
   </div>
   <div class='ocr_carea' id='block_1_50' title="bbox 483 3229 2086 3306">
    <p class='ocr_par' dir='ltr' id='par_1_50' title="bbox 483 3229 2086 3306">
     <span class='ocr_line' id='line_1_50' title="bbox 483 3229 2086 3306; baseline 0.005 -23"><span class='ocrx_word' id='word_1_322' title='bbox 483 3229 651 3285; x_wconf 89' lang='lat' dir='ltr'><strong>selmo</strong></span> <span class='ocrx_word' id='word_1_323' title='bbox 681 3230 1058 3287; x_wconf 88' lang='lat' dir='ltr'><strong>Cantuariensi</strong></span> <span class='ocrx_word' id='word_1_324' title='bbox 1089 3231 1392 3288; x_wconf 87' lang='lat' dir='ltr'><strong>venerabili</strong></span> <span class='ocrx_word' id='word_1_325' title='bbox 1428 3231 1579 3288; x_wconf 91' lang='lat' dir='ltr'><strong>fratri</strong></span> <span class='ocrx_word' id='word_1_326' title='bbox 1637 3240 1690 3288; x_wconf 93' lang='lat' dir='ltr'><strong>et</strong></span> <span class='ocrx_word' id='word_1_327' title='bbox 1736 3233 2086 3306; x_wconf 91' lang='lat' dir='ltr'><strong>coepiscopo,</strong></span> 
     </span>
    </p>
   </div>
   <div class='ocr_carea' id='block_1_51' title="bbox 484 3319 1282 3379">
    <p class='ocr_par' dir='ltr' id='par_1_51' title="bbox 484 3319 1282 3379">
     <span class='ocr_line' id='line_1_51' title="bbox 484 3319 1282 3379; baseline 0.003 -5"><span class='ocrx_word' id='word_1_328' title='bbox 484 3319 711 3375; x_wconf 90' lang='lat' dir='ltr'><strong>salutem</strong></span> <span class='ocrx_word' id='word_1_329' title='bbox 743 3328 796 3375; x_wconf 90' lang='lat' dir='ltr'><strong>et</strong></span> <span class='ocrx_word' id='word_1_330' title='bbox 823 3320 1282 3379; x_wconf 88' lang='lat' dir='ltr'><strong>benedictionem.</strong></span> 
     </span>
    </p>
   </div>
   <div class='ocr_carea' id='block_1_52' title="bbox 558 3408 2082 3484">
    <p class='ocr_par' dir='ltr' id='par_1_52' title="bbox 558 3408 2082 3484">
     <span class='ocr_line' id='line_1_52' title="bbox 558 3408 2082 3484; baseline 0.002 -19"><span class='ocrx_word' id='word_1_331' title='bbox 558 3430 581 3456; x_wconf 76' lang='grc' dir='ltr'><strong>α</strong></span> <span class='ocrx_word' id='word_1_332' title='bbox 614 3408 971 3465; x_wconf 86' lang='lat' dir='ltr'><strong>Suavissimas</strong></span> <span class='ocrx_word' id='word_1_333' title='bbox 1002 3411 1308 3467; x_wconf 89' lang='lat' dir='ltr'><strong>dilectionis</strong></span> <span class='ocrx_word' id='word_1_334' title='bbox 1341 3418 1441 3467; x_wconf 70' lang='lat' dir='ltr'><strong>tuae</strong></span> <span class='ocrx_word' id='word_1_335' title='bbox 1471 3412 1805 3484; x_wconf 89' lang='lat' dir='ltr'><strong>suscepimus</strong></span> <span class='ocrx_word' id='word_1_336' title='bbox 1853 3411 2082 3483; x_wconf 88' lang='lat' dir='ltr'><strong>litteras,</strong></span> 
     </span>
    </p>
   </div>
   <div class='ocr_carea' id='block_1_53' title="bbox 482 3497 1288 3556">
    <p class='ocr_par' dir='ltr' id='par_1_53' title="bbox 482 3497 1288 3556">
     <span class='ocr_line' id='line_1_53' title="bbox 482 3497 1288 3556; baseline 0.004 -6"><span class='ocrx_word' id='word_1_337' title='bbox 482 3502 584 3552; x_wconf 91' lang='lat' dir='ltr'><strong>etc.</strong></span> <span class='ocrx_word' id='word_1_338' title='bbox 623 3519 644 3545; x_wconf 78' lang='grc' dir='ltr'><strong>η</strong></span> <span class='ocrx_word' id='word_1_339' title='bbox 692 3497 814 3553; x_wconf 80' lang='lat' dir='ltr'><strong>Vide</strong></span> <span class='ocrx_word' id='word_1_340' title='bbox 834 3499 899 3554; x_wconf 77' lang='lat' dir='ltr'><strong>in</strong></span> <span class='ocrx_word' id='word_1_341' title='bbox 919 3498 1186 3556; x_wconf 80' lang='lat' dir='ltr'><strong>Paschalt’</strong></span> <span class='ocrx_word' id='word_1_342' title='bbox 1208 3500 1288 3554; x_wconf 87' lang='lat' dir='ltr'><strong>II.</strong></span> 
     </span>
    </p>
   </div>
   <div class='ocr_carea' id='block_1_54' title="bbox 556 3581 2085 3643">
    <p class='ocr_par' dir='ltr' id='par_1_54' title="bbox 556 3581 2085 3643">
     <span class='ocr_line' id='line_1_54' title="bbox 556 3581 2085 3643; baseline 0.007 -10"><span class='ocrx_word' id='word_1_343' title='bbox 556 3581 693 3635; x_wconf 89' lang='lat' dir='ltr'><strong>Cum</strong></span> <span class='ocrx_word' id='word_1_344' title='bbox 724 3588 907 3636; x_wconf 89' lang='lat' dir='ltr'><strong>autem</strong></span> <span class='ocrx_word' id='word_1_345' title='bbox 931 3583 1000 3638; x_wconf 89' lang='lat' dir='ltr'><strong>de</strong></span> <span class='ocrx_word' id='word_1_346' title='bbox 1031 3584 1210 3639; x_wconf 88' lang='lat' dir='ltr'><strong>Becco</strong></span> <span class='ocrx_word' id='word_1_347' title='bbox 1242 3583 1529 3639; x_wconf 87' lang='lat' dir='ltr'><strong>Carnotnm</strong></span> <span class='ocrx_word' id='word_1_348' title='bbox 1559 3584 1616 3640; x_wconf 92' lang='lat' dir='ltr'><strong>in</strong></span> <span class='ocrx_word' id='word_1_349' title='bbox 1646 3583 1938 3642; x_wconf 81' lang='lat' dir='ltr'><strong>festivitate</strong></span> <span class='ocrx_word' id='word_1_350' title='bbox 1957 3587 2085 3643; x_wconf 87' lang='lat' dir='ltr'><strong>Pen-</strong></span> 
     </span>
    </p>
   </div>
   <div class='ocr_carea' id='block_1_55' title="bbox 481 3671 2085 3743">
    <p class='ocr_par' dir='ltr' id='par_1_55' title="bbox 481 3671 2085 3743">
     <span class='ocr_line' id='line_1_55' title="bbox 481 3671 2085 3743; baseline 0.006 -21"><span class='ocrx_word' id='word_1_351' title='bbox 481 3675 734 3734; x_wconf 90' lang='lat' dir='ltr'><strong>tecostes,</strong></span> <span class='ocrx_word' id='word_1_352' title='bbox 791 3671 980 3740; x_wconf 86' lang='lat' dir='ltr'><strong>utpote</strong></span> <span class='ocrx_word' id='word_1_353' title='bbox 1021 3671 1362 3740; x_wconf 88' lang='lat' dir='ltr'><strong>propositum</strong></span> <span class='ocrx_word' id='word_1_354' title='bbox 1404 3671 1504 3727; x_wconf 90' lang='lat' dir='ltr'><strong>iter</strong></span> <span class='ocrx_word' id='word_1_355' title='bbox 1541 3672 1669 3727; x_wconf 92' lang='lat' dir='ltr'><strong>inde</strong></span> <span class='ocrx_word' id='word_1_356' title='bbox 1711 3680 1948 3743; x_wconf 88' lang='lat' dir='ltr'><strong>acturus,</strong></span> <span class='ocrx_word' id='word_1_357' title='bbox 1979 3678 2085 3731; x_wconf 81' lang='lat' dir='ltr'><strong>An-</strong></span> 
     </span>
    </p>
   </div>
   <div class='ocr_carea' id='block_1_56' title="bbox 482 3756 2081 3835">
    <p class='ocr_par' dir='ltr' id='par_1_56' title="bbox 482 3756 2081 3835">
     <span class='ocr_line' id='line_1_56' title="bbox 482 3756 2081 3835; baseline 0.006 -24"><span class='ocrx_word' id='word_1_358' title='bbox 482 3756 686 3812; x_wconf 92' lang='lat' dir='ltr'><strong>selmus</strong></span> <span class='ocrx_word' id='word_1_359' title='bbox 715 3757 1185 3828; x_wconf 58' lang='lat' dir='ltr'><strong>venissegaccepit</strong></span> <span class='ocrx_word' id='word_1_360' title='bbox 1204 3759 1276 3813; x_wconf 89' lang='lat' dir='ltr'><strong>ab</strong></span> <span class='ocrx_word' id='word_1_361' title='bbox 1296 3760 1785 3830; x_wconf 86' lang='lat' dir='ltr'><strong>Ivone(a)civitatis</strong></span> <span class='ocrx_word' id='word_1_362' title='bbox 1800 3762 2081 3835; x_wconf 90' lang='lat' dir='ltr'><strong>episcopo,</strong></span> 
     </span>
    </p>
   </div>
   <div class='ocr_carea' id='block_1_57' title="bbox 479 3843 2085 3918">
    <p class='ocr_par' dir='ltr' id='par_1_57' title="bbox 479 3843 2085 3918">
     <span class='ocr_line' id='line_1_57' title="bbox 479 3843 2085 3918; baseline 0.004 -18"><span class='ocrx_word' id='word_1_363' title='bbox 479 3853 534 3901; x_wconf 91' lang='lat' dir='ltr'><strong>et</strong></span> <span class='ocrx_word' id='word_1_364' title='bbox 561 3858 594 3899; x_wconf 94' lang='lat' dir='ltr'><strong>a</strong></span> <span class='ocrx_word' id='word_1_365' title='bbox 613 3843 798 3900; x_wconf 92' lang='lat' dir='ltr'><strong>multis</strong></span> <span class='ocrx_word' id='word_1_366' title='bbox 827 3860 936 3900; x_wconf 91' lang='lat' dir='ltr'><strong>non</strong></span> <span class='ocrx_word' id='word_1_367' title='bbox 1002 3845 1292 3916; x_wconf 91' lang='lat' dir='ltr'><strong>spernendi</strong></span> <span class='ocrx_word' id='word_1_368' title='bbox 1321 3848 1533 3903; x_wconf 88' lang='lat' dir='ltr'><strong>consilii</strong></span> <span class='ocrx_word' id='word_1_369' title='bbox 1562 3849 1714 3918; x_wconf 88' lang='lat' dir='ltr'><strong>viris,</strong></span> <span class='ocrx_word' id='word_1_370' title='bbox 1746 3850 1914 3906; x_wconf 88' lang='lat' dir='ltr'><strong>satius</strong></span> <span class='ocrx_word' id='word_1_371' title='bbox 1968 3851 2085 3907; x_wconf 85' lang='lat' dir='ltr'><strong>fore</strong></span> 
     </span>
    </p>
   </div>
   <div class='ocr_carea' id='block_1_58' title="bbox 479 3932 2084 4010">
    <p class='ocr_par' dir='ltr' id='par_1_58' title="bbox 479 3932 2084 4010">
     <span class='ocr_line' id='line_1_58' title="bbox 479 3932 2084 4010; baseline 0.004 -20"><span class='ocrx_word' id='word_1_372' title='bbox 479 3941 718 4004; x_wconf 88' lang='lat' dir='ltr'><strong>coeptum</strong></span> <span class='ocrx_word' id='word_1_373' title='bbox 747 3932 848 3989; x_wconf 87' lang='lat' dir='ltr'><strong>iter</strong></span> <span class='ocrx_word' id='word_1_374' title='bbox 903 3934 960 3989; x_wconf 92' lang='lat' dir='ltr'><strong>in</strong></span> <span class='ocrx_word' id='word_1_375' title='bbox 1012 3934 1161 3990; x_wconf 89' lang='lat' dir='ltr'><strong>aliud</strong></span> <span class='ocrx_word' id='word_1_376' title='bbox 1211 3941 1424 4006; x_wconf 90' lang='lat' dir='ltr'><strong>tempus</strong></span> <span class='ocrx_word' id='word_1_377' title='bbox 1481 3936 1864 4008; x_wconf 73' lang='lat' dir='ltr'><strong>differendum,</strong></span> <span class='ocrx_word' id='word_1_378' title='bbox 1924 3956 2084 4010; x_wconf 87' lang='lat' dir='ltr'><strong>quam</strong></span> 
     </span>
    </p>
   </div>
   <div class='ocr_carea' id='block_1_59' title="bbox 477 4021 2084 4095">
    <p class='ocr_par' dir='ltr' id='par_1_59' title="bbox 477 4021 2084 4095">
     <span class='ocr_line' id='line_1_59' title="bbox 477 4021 2084 4095; baseline 0.004 -17"><span class='ocrx_word' id='word_1_379' title='bbox 477 4021 677 4079; x_wconf 88' lang='lat' dir='ltr'><strong>Italicis</strong></span> <span class='ocrx_word' id='word_1_380' title='bbox 707 4022 997 4079; x_wconf 88' lang='lat' dir='ltr'><strong>ardoribus</strong></span> <span class='ocrx_word' id='word_1_381' title='bbox 1025 4039 1092 4079; x_wconf 91' lang='lat' dir='ltr'><strong>ea</strong></span> <span class='ocrx_word' id='word_1_382' title='bbox 1117 4039 1177 4080; x_wconf 91' lang='lat' dir='ltr'><strong>se</strong></span> <span class='ocrx_word' id='word_1_383' title='bbox 1206 4031 1524 4095; x_wconf 87' lang='lat' dir='ltr'><strong>tempestate</strong></span> <span class='ocrx_word' id='word_1_384' title='bbox 1553 4042 1677 4082; x_wconf 90' lang='lat' dir='ltr'><strong>cum</strong></span> <span class='ocrx_word' id='word_1_385' title='bbox 1706 4027 1820 4082; x_wconf 86' lang='lat' dir='ltr'><strong>suis</strong></span> <span class='ocrx_word' id='word_1_386' title='bbox 1873 4029 2084 4085; x_wconf 88' lang='lat' dir='ltr'><strong>tradere</strong></span> 
     </span>
    </p>
   </div>
   <div class='ocr_carea' id='block_1_60' title="bbox 475 4112 2081 4188">
    <p class='ocr_par' dir='ltr' id='par_1_60' title="bbox 475 4112 2081 4188">
     <span class='ocr_line' id='line_1_60' title="bbox 475 4112 2081 4188; baseline 0.003 -20"><span class='ocrx_word' id='word_1_387' title='bbox 475 4112 847 4168; x_wconf 88' lang='lat' dir='ltr'><strong>cruciandum.</strong></span> <span class='ocrx_word' id='word_1_388' title='bbox 879 4112 1056 4168; x_wconf 92' lang='lat' dir='ltr'><strong>Nimis</strong></span> <span class='ocrx_word' id='word_1_389' title='bbox 1083 4113 1280 4169; x_wconf 88' lang='lat' dir='ltr'><strong>etenim</strong></span> <span class='ocrx_word' id='word_1_390' title='bbox 1313 4113 1523 4171; x_wconf 85' lang='lat' dir='ltr'><strong>fervore</strong></span> <span class='ocrx_word' id='word_1_391' title='bbox 1551 4116 1843 4172; x_wconf 66' lang='lat' dir='ltr'><strong>mslatisita</strong></span> <span class='ocrx_word' id='word_1_392' title='bbox 1861 4117 2081 4188; x_wconf 90' lang='lat' dir='ltr'><strong>ubique,</strong></span> 
     </span>
    </p>
   </div>
   <div class='ocr_carea' id='block_1_61' title="bbox 476 4201 2085 4277">
    <p class='ocr_par' dir='ltr' id='par_1_61' title="bbox 476 4201 2085 4277">
     <span class='ocr_line' id='line_1_61' title="bbox 476 4201 2085 4277; baseline 0.004 -21"><span class='ocrx_word' id='word_1_393' title='bbox 476 4201 578 4257; x_wconf 88' lang='lat' dir='ltr'><strong>sed</strong></span> <span class='ocrx_word' id='word_1_394' title='bbox 615 4203 875 4269; x_wconf 81' lang='lat' dir='ltr'><strong>maxime,</strong></span> <span class='ocrx_word' id='word_1_395' title='bbox 908 4210 964 4257; x_wconf 91' lang='lat' dir='ltr'><strong>ut</strong></span> <span class='ocrx_word' id='word_1_396' title='bbox 996 4201 1295 4269; x_wconf 85' lang='lat' dir='ltr'><strong>ferebatur,</strong></span> <span class='ocrx_word' id='word_1_397' title='bbox 1330 4203 1384 4257; x_wconf 92' lang='lat' dir='ltr'><strong>in</strong></span> <span class='ocrx_word' id='word_1_398' title='bbox 1433 4204 1608 4271; x_wconf 88' lang='lat' dir='ltr'><strong>Italia,</strong></span> <span class='ocrx_word' id='word_1_399' title='bbox 1641 4208 1772 4262; x_wconf 91' lang='lat' dir='ltr'><strong>tunc</strong></span> <span class='ocrx_word' id='word_1_400' title='bbox 1829 4205 2085 4277; x_wconf 90' lang='lat' dir='ltr'><strong>temporis</strong></span> 
     </span>
    </p>
   </div>
   <div class='ocr_carea' id='block_1_62' title="bbox 475 4291 2081 4368">
    <p class='ocr_par' dir='ltr' id='par_1_62' title="bbox 475 4291 2081 4368">
     <span class='ocr_line' id='line_1_62' title="bbox 475 4291 2081 4368; baseline 0.003 -23"><span class='ocrx_word' id='word_1_401' title='bbox 475 4305 706 4362; x_wconf 60' lang='lat' dir='ltr'><strong>quaque</strong></span> <span class='ocrx_word' id='word_1_402' title='bbox 737 4291 1000 4359; x_wconf 88' lang='lat' dir='ltr'><strong>torrebat,</strong></span> <span class='ocrx_word' id='word_1_403' title='bbox 1033 4299 1092 4346; x_wconf 90' lang='lat' dir='ltr'><strong>ut</strong></span> <span class='ocrx_word' id='word_1_404' title='bbox 1128 4292 1328 4348; x_wconf 90' lang='lat' dir='ltr'><strong>incolis</strong></span> <span class='ocrx_word' id='word_1_405' title='bbox 1356 4292 1446 4347; x_wconf 84' lang='lat' dir='ltr'><strong>vix</strong></span> <span class='ocrx_word' id='word_1_406' title='bbox 1478 4293 1796 4363; x_wconf 89' lang='lat' dir='ltr'><strong>tolerabilis,</strong></span> <span class='ocrx_word' id='word_1_407' title='bbox 1831 4294 2081 4368; x_wconf 87' lang='lat' dir='ltr'><strong>peregri-</strong></span> 
     </span>
    </p>
   </div>
   <div class='ocr_carea' id='block_1_63' title="bbox 475 4378 2081 4453">
    <p class='ocr_par' dir='ltr' id='par_1_63' title="bbox 475 4378 2081 4453">
     <span class='ocr_line' id='line_1_63' title="bbox 475 4378 2081 4453; baseline 0.004 -20"><span class='ocrx_word' id='word_1_408' title='bbox 475 4378 562 4434; x_wconf 91' lang='lat' dir='ltr'><strong>nis</strong></span> <span class='ocrx_word' id='word_1_409' title='bbox 592 4396 720 4435; x_wconf 90' lang='lat' dir='ltr'><strong>vero</strong></span> <span class='ocrx_word' id='word_1_410' title='bbox 749 4381 937 4453; x_wconf 89' lang='lat' dir='ltr'><strong>gravis</strong></span> <span class='ocrx_word' id='word_1_411' title='bbox 963 4388 1016 4434; x_wconf 92' lang='lat' dir='ltr'><strong>et</strong></span> <span class='ocrx_word' id='word_1_412' title='bbox 1045 4380 1422 4451; x_wconf 88' lang='lat' dir='ltr'><strong>importabilis.</strong></span> <span class='ocrx_word' id='word_1_413' title='bbox 1456 4381 1618 4451; x_wconf 87' lang='lat' dir='ltr'><strong>Quod</strong></span> <span class='ocrx_word' id='word_1_414' title='bbox 1666 4383 1824 4439; x_wconf 89' lang='lat' dir='ltr'><strong>Pater</strong></span> <span class='ocrx_word' id='word_1_415' title='bbox 1875 4384 2081 4441; x_wconf 90' lang='lat' dir='ltr'><strong>intelli-</strong></span> 
     </span>
    </p>
   </div>
   <div class='ocr_carea' id='block_1_64' title="bbox 477 4468 2083 4540">
    <p class='ocr_par' dir='ltr' id='par_1_64' title="bbox 477 4468 2083 4540">
     <span class='ocr_line' id='line_1_64' title="bbox 477 4468 2083 4540; baseline 0.003 -18"><span class='ocrx_word' id='word_1_416' title='bbox 477 4483 633 4540; x_wconf 90' lang='lat' dir='ltr'><strong>gens,</strong></span> <span class='ocrx_word' id='word_1_417' title='bbox 666 4468 892 4525; x_wconf 88' lang='lat' dir='ltr'><strong>consilio</strong></span> <span class='ocrx_word' id='word_1_418' title='bbox 921 4468 1184 4525; x_wconf 90' lang='lat' dir='ltr'><strong>credulus</strong></span> <span class='ocrx_word' id='word_1_419' title='bbox 1213 4471 1443 4525; x_wconf 90' lang='lat' dir='ltr'><strong>Beccum</strong></span> <span class='ocrx_word' id='word_1_420' title='bbox 1499 4471 1806 4528; x_wconf 89' lang='lat' dir='ltr'><strong>revertitur.</strong></span> <span class='ocrx_word' id='word_1_421' title='bbox 1867 4473 2083 4530; x_wconf 90' lang='lat' dir='ltr'><strong>Resedit</strong></span> 
     </span>
    </p>
   </div>
   <div class='ocr_carea' id='block_1_65' title="bbox 481 4556 2080 4632">
    <p class='ocr_par' dir='ltr' id='par_1_65' title="bbox 481 4556 2080 4632">
     <span class='ocr_line' id='line_1_65' title="bbox 481 4556 2080 4632; baseline 0.003 -20"><span class='ocrx_word' id='word_1_422' title='bbox 481 4572 614 4628; x_wconf 87' lang='lat' dir='ltr'><strong>ergo</strong></span> <span class='ocrx_word' id='word_1_423' title='bbox 643 4556 754 4613; x_wconf 90' lang='lat' dir='ltr'><strong>illic</strong></span> <span class='ocrx_word' id='word_1_424' title='bbox 783 4572 953 4628; x_wconf 89' lang='lat' dir='ltr'><strong>usque</strong></span> <span class='ocrx_word' id='word_1_425' title='bbox 982 4557 1051 4613; x_wconf 90' lang='lat' dir='ltr'><strong>ad</strong></span> <span class='ocrx_word' id='word_1_426' title='bbox 1081 4557 1323 4612; x_wconf 89' lang='lat' dir='ltr'><strong>medium</strong></span> <span class='ocrx_word' id='word_1_427' title='bbox 1353 4560 1554 4615; x_wconf 90' lang='lat' dir='ltr'><strong>mensis</strong></span> <span class='ocrx_word' id='word_1_428' title='bbox 1580 4561 1831 4632; x_wconf 78' lang='lat' dir='ltr'><strong>Augusti,</strong></span> <span class='ocrx_word' id='word_1_429' title='bbox 1886 4578 2080 4618; x_wconf 88' lang='lat' dir='ltr'><strong>mona-</strong></span> 
     </span>
    </p>
   </div>
   <div class='ocr_carea' id='block_1_66' title="bbox 481 4645 2085 4720">
    <p class='ocr_par' dir='ltr' id='par_1_66' title="bbox 481 4645 2085 4720">
     <span class='ocr_line' id='line_1_66' title="bbox 481 4645 2085 4720; baseline 0.004 -19"><span class='ocrx_word' id='word_1_430' title='bbox 481 4645 709 4701; x_wconf 89' lang='lat' dir='ltr'><strong>chorum</strong></span> <span class='ocrx_word' id='word_1_431' title='bbox 741 4645 1089 4702; x_wconf 64' lang='lat' dir='ltr'><strong>asditicationi</strong></span> <span class='ocrx_word' id='word_1_432' title='bbox 1133 4645 1446 4704; x_wconf 89' lang='lat' dir='ltr'><strong>indefessus</strong></span> <span class='ocrx_word' id='word_1_433' title='bbox 1501 4648 1815 4720; x_wconf 87' lang='lat' dir='ltr'><strong>invigilans.</strong></span> <span class='ocrx_word' id='word_1_434' title='bbox 1875 4650 2085 4707; x_wconf 91' lang='lat' dir='ltr'><strong>Deinde</strong></span> 
     </span>
    </p>
   </div>
   <div class='ocr_carea' id='block_1_67' title="bbox 483 4733 2082 4813">
    <p class='ocr_par' dir='ltr' id='par_1_67' title="bbox 483 4733 2082 4813">
     <span class='ocr_line' id='line_1_67' title="bbox 483 4733 2082 4813; baseline 0.004 -26"><span class='ocrx_word' id='word_1_435' title='bbox 483 4734 732 4804; x_wconf 88' lang='lat' dir='ltr'><strong>posthac,</strong></span> <span class='ocrx_word' id='word_1_436' title='bbox 767 4733 820 4788; x_wconf 92' lang='lat' dir='ltr'><strong>in</strong></span> <span class='ocrx_word' id='word_1_437' title='bbox 851 4735 954 4790; x_wconf 90' lang='lat' dir='ltr'><strong>iter</strong></span> <span class='ocrx_word' id='word_1_438' title='bbox 981 4735 1272 4791; x_wconf 88' lang='lat' dir='ltr'><strong>Carnotnm</strong></span> <span class='ocrx_word' id='word_1_439' title='bbox 1303 4752 1547 4794; x_wconf 89' lang='lat' dir='ltr'><strong>reversus</strong></span> <span class='ocrx_word' id='word_1_440' title='bbox 1567 4746 1666 4793; x_wconf 89' lang='lat' dir='ltr'><strong>est.</strong></span> <span class='ocrx_word' id='word_1_441' title='bbox 1700 4737 1840 4808; x_wconf 89' lang='lat' dir='ltr'><strong>Quid</strong></span> <span class='ocrx_word' id='word_1_442' title='bbox 1869 4755 2032 4813; x_wconf 88' lang='lat' dir='ltr'><strong>agam</strong></span> <span class='ocrx_word' id='word_1_443' title='bbox 2054 4742 2082 4794; x_wconf 64' lang='grc' dir='ltr'><strong>εἳ</strong></span> 
     </span>
    </p>
   </div>
   <div class='ocr_carea' id='block_1_68' title="bbox 483 4820 2081 4901">
    <p class='ocr_par' dir='ltr' id='par_1_68' title="bbox 483 4820 2081 4901">
     <span class='ocr_line' id='line_1_68' title="bbox 483 4820 2081 4901; baseline 0.006 -26"><span class='ocrx_word' id='word_1_444' title='bbox 483 4820 539 4876; x_wconf 90' lang='lat' dir='ltr'><strong>Si</strong></span> <span class='ocrx_word' id='word_1_445' title='bbox 570 4826 856 4890; x_wconf 88' lang='lat' dir='ltr'><strong>potentum</strong></span> <span class='ocrx_word' id='word_1_446' title='bbox 887 4837 1163 4894; x_wconf 90' lang='lat' dir='ltr'><strong>occursus,</strong></span> <span class='ocrx_word' id='word_1_447' title='bbox 1195 4825 1240 4880; x_wconf 90' lang='lat' dir='ltr'><strong>si</strong></span> <span class='ocrx_word' id='word_1_448' title='bbox 1271 4827 1521 4894; x_wconf 92' lang='lat' dir='ltr'><strong>honores,</strong></span> <span class='ocrx_word' id='word_1_449' title='bbox 1552 4826 1598 4882; x_wconf 88' lang='lat' dir='ltr'><strong>si</strong></span> <span class='ocrx_word' id='word_1_450' title='bbox 1620 4826 1884 4901; x_wconf 88' lang='lat' dir='ltr'><strong>obsequia</strong></span> <span class='ocrx_word' id='word_1_451' title='bbox 1913 4830 1962 4885; x_wconf 93' lang='lat' dir='ltr'><strong>ei</strong></span> <span class='ocrx_word' id='word_1_452' title='bbox 1991 4830 2081 4885; x_wconf 88' lang='lat' dir='ltr'><strong>de-</strong></span> 
     </span>
    </p>
   </div>
   <div class='ocr_carea' id='block_1_69' title="bbox 481 4909 2081 4989">
    <p class='ocr_par' dir='ltr' id='par_1_69' title="bbox 481 4909 2081 4989">
     <span class='ocr_line' id='line_1_69' title="bbox 481 4909 2081 4989; baseline 0.006 -26"><span class='ocrx_word' id='word_1_453' title='bbox 481 4909 589 4964; x_wconf 88' lang='lat' dir='ltr'><strong>lata</strong></span> <span class='ocrx_word' id='word_1_454' title='bbox 617 4918 671 4964; x_wconf 93' lang='lat' dir='ltr'><strong>et</strong></span> <span class='ocrx_word' id='word_1_455' title='bbox 700 4909 838 4964; x_wconf 90' lang='lat' dir='ltr'><strong>ultra</strong></span> <span class='ocrx_word' id='word_1_456' title='bbox 867 4927 1030 4981; x_wconf 89' lang='lat' dir='ltr'><strong>quam</strong></span> <span class='ocrx_word' id='word_1_457' title='bbox 1072 4913 1314 4983; x_wconf 89' lang='lat' dir='ltr'><strong>recipere</strong></span> <span class='ocrx_word' id='word_1_458' title='bbox 1359 4914 1544 4983; x_wconf 87' lang='lat' dir='ltr'><strong>vellet,</strong></span> <span class='ocrx_word' id='word_1_459' title='bbox 1596 4915 1780 4972; x_wconf 90' lang='lat' dir='ltr'><strong>oblata</strong></span> <span class='ocrx_word' id='word_1_460' title='bbox 1833 4917 2081 4989; x_wconf 88' lang='lat' dir='ltr'><strong>singula-</strong></span> 
     </span>
    </p>
   </div>
   <div class='ocr_carea' id='block_1_70' title="bbox 475 4996 2079 5074">
    <p class='ocr_par' dir='ltr' id='par_1_70' title="bbox 475 4996 2079 5074">
     <span class='ocr_line' id='line_1_70' title="bbox 475 4996 2079 5074; baseline 0.007 -23"><span class='ocrx_word' id='word_1_461' title='bbox 475 4996 574 5052; x_wconf 90' lang='lat' dir='ltr'><strong>tim</strong></span> <span class='ocrx_word' id='word_1_462' title='bbox 599 4997 912 5054; x_wconf 86' lang='lat' dir='ltr'><strong>describere</strong></span> <span class='ocrx_word' id='word_1_463' title='bbox 949 5015 1172 5055; x_wconf 89' lang='lat' dir='ltr'><strong>manum</strong></span> <span class='ocrx_word' id='word_1_464' title='bbox 1221 5001 1582 5074; x_wconf 88' lang='lat' dir='ltr'><strong>imponerem,</strong></span> <span class='ocrx_word' id='word_1_465' title='bbox 1640 5005 1898 5062; x_wconf 91' lang='lat' dir='ltr'><strong>nimirum</strong></span> <span class='ocrx_word' id='word_1_466' title='bbox 1950 5005 2079 5062; x_wconf 91' lang='lat' dir='ltr'><strong>aliis</strong></span> 
     </span>
    </p>
   </div>
   <div class='ocr_carea' id='block_1_71' title="bbox 473 5087 2081 5165">
    <p class='ocr_par' dir='ltr' id='par_1_71' title="bbox 473 5087 2081 5165">
     <span class='ocr_line' id='line_1_71' title="bbox 473 5087 2081 5165; baseline 0.006 -23"><span class='ocrx_word' id='word_1_467' title='bbox 473 5094 772 5157; x_wconf 87' lang='lat' dir='ltr'><strong>occupatos</strong></span> <span class='ocrx_word' id='word_1_468' title='bbox 804 5087 964 5145; x_wconf 72' lang='lat' dir='ltr'><strong>taedio</strong></span> <span class='ocrx_word' id='word_1_469' title='bbox 995 5089 1175 5146; x_wconf 70' lang='lat' dir='ltr'><strong>nimiae</strong></span> <span class='ocrx_word' id='word_1_470' title='bbox 1202 5091 1532 5160; x_wconf 83' lang='lat' dir='ltr'><strong>prolixitatis</strong></span> <span class='ocrx_word' id='word_1_471' title='bbox 1583 5092 1872 5152; x_wconf 83' lang='lat' dir='ltr'><strong>aﬂicerem.</strong></span> <span class='ocrx_word' id='word_1_472' title='bbox 1928 5095 2081 5165; x_wconf 91' lang='lat' dir='ltr'><strong>Qua-</strong></span> 
     </span>
    </p>
   </div>
   <div class='ocr_carea' id='block_1_72' title="bbox 473 5176 2083 5251">
    <p class='ocr_par' dir='ltr' id='par_1_72' title="bbox 473 5176 2083 5251">
     <span class='ocr_line' id='line_1_72' title="bbox 473 5176 2083 5251; baseline 0.007 -21"><span class='ocrx_word' id='word_1_473' title='bbox 473 5182 699 5247; x_wconf 86' lang='lat' dir='ltr'><strong>propter</strong></span> <span class='ocrx_word' id='word_1_474' title='bbox 749 5176 934 5246; x_wconf 86' lang='lat' dir='ltr'><strong>paucis</strong></span> <span class='ocrx_word' id='word_1_475' title='bbox 988 5178 1286 5249; x_wconf 88' lang='lat' dir='ltr'><strong>accipiatur</strong></span> <span class='ocrx_word' id='word_1_476' title='bbox 1340 5180 1563 5251; x_wconf 90' lang='lat' dir='ltr'><strong>dictum,</strong></span> <span class='ocrx_word' id='word_1_477' title='bbox 1623 5199 1772 5251; x_wconf 90' lang='lat' dir='ltr'><strong>eum,</strong></span> <span class='ocrx_word' id='word_1_478' title='bbox 1846 5185 2083 5241; x_wconf 89' lang='lat' dir='ltr'><strong>vallante</strong></span> 
     </span>
    </p>
   </div>
   <div class='ocr_carea' id='block_1_73' title="bbox 476 5263 2082 5347">
    <p class='ocr_par' dir='ltr' id='par_1_73' title="bbox 476 5263 2082 5347">
     <span class='ocr_line' id='line_1_73' title="bbox 476 5263 2082 5347; baseline 0.006 -27"><span class='ocrx_word' id='word_1_479' title='bbox 476 5263 678 5335; x_wconf 90' lang='lat' dir='ltr'><strong>ubique</strong></span> <span class='ocrx_word' id='word_1_480' title='bbox 704 5264 891 5322; x_wconf 84' lang='lat' dir='ltr'><strong>divino</strong></span> <span class='ocrx_word' id='word_1_481' title='bbox 920 5266 1196 5338; x_wconf 76' lang='lat' dir='ltr'><strong>praesidio,</strong></span> <span class='ocrx_word' id='word_1_482' title='bbox 1229 5285 1438 5326; x_wconf 82' lang='lat' dir='ltr'><strong>summa</strong></span> <span class='ocrx_word' id='word_1_483' title='bbox 1465 5286 1604 5342; x_wconf 92' lang='lat' dir='ltr'><strong>pace</strong></span> <span class='ocrx_word' id='word_1_484' title='bbox 1635 5288 1697 5329; x_wconf 89' lang='lat' dir='ltr'><strong>ac</strong></span> <span class='ocrx_word' id='word_1_485' title='bbox 1724 5274 2082 5347; x_wconf 89' lang='lat' dir='ltr'><strong>prosperitate</strong></span> 
     </span>
    </p>
   </div>
   <div class='ocr_carea' id='block_1_74' title="bbox 2110 3092 2160 3156">
    <p class='ocr_par' dir='ltr' id='par_1_74' title="bbox 2110 3092 2160 3156">
     <span class='ocr_line' id='line_1_74' title="bbox 2110 3092 2160 3156; baseline 0 0"><span class='ocrx_word' id='word_1_486' title='bbox 2110 3092 2160 3156; x_wconf 89' lang='lat' dir='ltr'>C</span> 
     </span>
    </p>
   </div>
   <div class='ocr_carea' id='block_1_75' title="bbox 2109 4448 2162 4509">
    <p class='ocr_par' dir='ltr' id='par_1_75' title="bbox 2109 4448 2162 4509">
     <span class='ocr_line' id='line_1_75' title="bbox 2109 4448 2162 4509; baseline 0 0"><span class='ocrx_word' id='word_1_487' title='bbox 2109 4448 2162 4509; x_wconf 93' lang='lat' dir='ltr'><strong>D</strong></span> 
     </span>
    </p>
   </div>
   <div class='ocr_carea' id='block_1_76' title="bbox 2190 1807 3804 1880">
    <p class='ocr_par' dir='ltr' id='par_1_76' title="bbox 2190 1807 3804 1880">
     <span class='ocr_line' id='line_1_76' title="bbox 2190 1807 3804 1880; baseline 0.002 -18"><span class='ocrx_word' id='word_1_488' title='bbox 2190 1822 2333 1877; x_wconf 91' lang='lat' dir='ltr'><strong>papa</strong></span> <span class='ocrx_word' id='word_1_489' title='bbox 2362 1807 2602 1876; x_wconf 88' lang='lat' dir='ltr'><strong>Urbano,</strong></span> <span class='ocrx_word' id='word_1_490' title='bbox 2639 1822 2739 1864; x_wconf 90' lang='lat' dir='ltr'><strong>ceu</strong></span> <span class='ocrx_word' id='word_1_491' title='bbox 2770 1824 2936 1880; x_wconf 89' lang='lat' dir='ltr'><strong>supra</strong></span> <span class='ocrx_word' id='word_1_492' title='bbox 2965 1809 3327 1879; x_wconf 89' lang='lat' dir='ltr'><strong>meminimus,</strong></span> <span class='ocrx_word' id='word_1_493' title='bbox 3357 1809 3413 1865; x_wconf 91' lang='lat' dir='ltr'><strong>in</strong></span> <span class='ocrx_word' id='word_1_494' title='bbox 3441 1811 3650 1880; x_wconf 89' lang='lat' dir='ltr'><strong>palatio</strong></span> <span class='ocrx_word' id='word_1_495' title='bbox 3686 1811 3804 1866; x_wconf 79' lang='lat' dir='ltr'><strong>La.-</strong></span> 
     </span>
    </p>
   </div>
   <div class='ocr_carea' id='block_1_77' title="bbox 2191 1895 3798 1970">
    <p class='ocr_par' dir='ltr' id='par_1_77' title="bbox 2191 1895 3798 1970">
     <span class='ocr_line' id='line_1_77' title="bbox 2191 1895 3798 1970; baseline 0.002 -20"><span class='ocrx_word' id='word_1_496' title='bbox 2191 1895 2461 1952; x_wconf 89' lang='lat' dir='ltr'><strong>teranensi</strong></span> <span class='ocrx_word' id='word_1_497' title='bbox 2491 1897 2680 1952; x_wconf 89' lang='lat' dir='ltr'><strong>datum</strong></span> <span class='ocrx_word' id='word_1_498' title='bbox 2712 1897 2904 1962; x_wconf 82' lang='lat' dir='ltr'><strong>fuerat,</strong></span> <span class='ocrx_word' id='word_1_499' title='bbox 2938 1897 3027 1953; x_wconf 89' lang='lat' dir='ltr'><strong>die</strong></span> <span class='ocrx_word' id='word_1_500' title='bbox 3057 1899 3210 1954; x_wconf 87' lang='lat' dir='ltr'><strong>tertia</strong></span> <span class='ocrx_word' id='word_1_501' title='bbox 3257 1899 3554 1970; x_wconf 88' lang='lat' dir='ltr'><strong>hospitium</strong></span> <span class='ocrx_word' id='word_1_502' title='bbox 3609 1898 3798 1960; x_wconf 85' lang='lat' dir='ltr'><strong>subit;</strong></span> 
     </span>
    </p>
   </div>
   <div class='ocr_carea' id='block_1_78' title="bbox 2193 1984 3801 2059">
    <p class='ocr_par' dir='ltr' id='par_1_78' title="bbox 2193 1984 3801 2059">
     <span class='ocr_line' id='line_1_78' title="bbox 2193 1984 3801 2059; baseline 0.004 -21"><span class='ocrx_word' id='word_1_503' title='bbox 2193 1984 2317 2040; x_wconf 91' lang='lat' dir='ltr'><strong>dein</strong></span> <span class='ocrx_word' id='word_1_504' title='bbox 2346 2001 2502 2056; x_wconf 69' lang='lat' dir='ltr'><strong>papae</strong></span> <span class='ocrx_word' id='word_1_505' title='bbox 2530 1994 2885 2057; x_wconf 68' lang='lat' dir='ltr'><strong>pmsentatus</strong></span> <span class='ocrx_word' id='word_1_506' title='bbox 2913 1985 3214 2043; x_wconf 86' lang='lat' dir='ltr'><strong>honoriﬁce</strong></span> <span class='ocrx_word' id='word_1_507' title='bbox 3253 1987 3558 2058; x_wconf 89' lang='lat' dir='ltr'><strong>suscipitur,</strong></span> <span class='ocrx_word' id='word_1_508' title='bbox 3587 2004 3652 2044; x_wconf 90' lang='lat' dir='ltr'><strong>ac</strong></span> <span class='ocrx_word' id='word_1_509' title='bbox 3691 2002 3801 2059; x_wconf 85' lang='lat' dir='ltr'><strong>pro</strong></span> 
     </span>
    </p>
   </div>
   <div class='ocr_carea' id='block_1_79' title="bbox 2187 2073 3804 2148">
    <p class='ocr_par' dir='ltr' id='par_1_79' title="bbox 2187 2073 3804 2148">
     <span class='ocr_line' id='line_1_79' title="bbox 2187 2073 3804 2148; baseline 0.004 -20"><span class='ocrx_word' id='word_1_510' title='bbox 2187 2073 2280 2143; x_wconf 90' lang='lat' dir='ltr'><strong>jus</strong></span> <span class='ocrx_word' id='word_1_511' title='bbox 2309 2073 2548 2130; x_wconf 90' lang='lat' dir='ltr'><strong>adventu</strong></span> <span class='ocrx_word' id='word_1_512' title='bbox 2578 2075 2713 2146; x_wconf 88' lang='lat' dir='ltr'><strong>ipse,</strong></span> <span class='ocrx_word' id='word_1_513' title='bbox 2746 2083 2799 2130; x_wconf 93' lang='lat' dir='ltr'><strong>et</strong></span> <span class='ocrx_word' id='word_1_514' title='bbox 2845 2091 2964 2148; x_wconf 70' lang='lat' dir='ltr'><strong>qua</strong></span> <span class='ocrx_word' id='word_1_515' title='bbox 3001 2075 3333 2132; x_wconf 80' lang='lat' dir='ltr'><strong>conﬂuxerat</strong></span> <span class='ocrx_word' id='word_1_516' title='bbox 3364 2077 3608 2132; x_wconf 87' lang='lat' dir='ltr'><strong>Romana</strong></span> <span class='ocrx_word' id='word_1_517' title='bbox 3641 2077 3804 2134; x_wconf 84' lang='lat' dir='ltr'><strong>curia</strong></span> 
     </span>
    </p>
   </div>
   <div class='ocr_carea' id='block_1_80' title="bbox 2192 2163 3806 2236">
    <p class='ocr_par' dir='ltr' id='par_1_80' title="bbox 2192 2163 3806 2236">
     <span class='ocr_line' id='line_1_80' title="bbox 2192 2163 3806 2236; baseline 0.001 -16"><span class='ocrx_word' id='word_1_518' title='bbox 2192 2164 2542 2220; x_wconf 89' lang='lat' dir='ltr'><strong>vehementer</strong></span> <span class='ocrx_word' id='word_1_519' title='bbox 2570 2179 2630 2219; x_wconf 90' lang='lat' dir='ltr'><strong>se</strong></span> <span class='ocrx_word' id='word_1_520' title='bbox 2655 2163 2824 2218; x_wconf 69' lang='lat' dir='ltr'><strong>laatari</strong></span> <span class='ocrx_word' id='word_1_521' title='bbox 2855 2164 3078 2220; x_wconf 84' lang='lat' dir='ltr'><strong>fatetur.</strong></span> <span class='ocrx_word' id='word_1_522' title='bbox 3116 2164 3218 2221; x_wconf 91' lang='lat' dir='ltr'><strong>Die</strong></span> <span class='ocrx_word' id='word_1_523' title='bbox 3266 2172 3390 2236; x_wconf 88' lang='lat' dir='ltr'><strong>post</strong></span> <span class='ocrx_word' id='word_1_524' title='bbox 3436 2165 3541 2220; x_wconf 90' lang='lat' dir='ltr'><strong>hoc</strong></span> <span class='ocrx_word' id='word_1_525' title='bbox 3595 2165 3806 2222; x_wconf 85' lang='lat' dir='ltr'><strong>consti-</strong></span> 
     </span>
    </p>
   </div>
   <div class='ocr_carea' id='block_1_81' title="bbox 2194 2253 3800 2324">
    <p class='ocr_par' dir='ltr' id='par_1_81' title="bbox 2194 2253 3800 2324">
     <span class='ocr_line' id='line_1_81' title="bbox 2194 2253 3800 2324; baseline 0.001 -17"><span class='ocrx_word' id='word_1_526' title='bbox 2194 2259 2326 2319; x_wconf 90' lang='lat' dir='ltr'><strong>tuto,</strong></span> <span class='ocrx_word' id='word_1_527' title='bbox 2360 2267 2521 2306; x_wconf 88' lang='lat' dir='ltr'><strong>causa</strong></span> <span class='ocrx_word' id='word_1_528' title='bbox 2552 2260 2776 2323; x_wconf 85' lang='lat' dir='ltr'><strong>propter</strong></span> <span class='ocrx_word' id='word_1_529' title='bbox 2803 2269 2964 2324; x_wconf 90' lang='lat' dir='ltr'><strong>quam</strong></span> <span class='ocrx_word' id='word_1_530' title='bbox 3007 2253 3104 2308; x_wconf 90' lang='lat' dir='ltr'><strong>illo</strong></span> <span class='ocrx_word' id='word_1_531' title='bbox 3159 2253 3496 2321; x_wconf 85' lang='lat' dir='ltr'><strong>potissimum</strong></span> <span class='ocrx_word' id='word_1_532' title='bbox 3552 2260 3800 2324; x_wconf 86' lang='lat' dir='ltr'><strong>venerat,</strong></span> 
     </span>
    </p>
   </div>
   <div class='ocr_carea' id='block_1_82' title="bbox 2193 2341 3800 2414">
    <p class='ocr_par' dir='ltr' id='par_1_82' title="bbox 2193 2341 3800 2414">
     <span class='ocr_line' id='line_1_82' title="bbox 2193 2341 3800 2414; baseline 0.001 -20"><span class='ocrx_word' id='word_1_533' title='bbox 2193 2341 2250 2394; x_wconf 91' lang='lat' dir='ltr'><strong>in</strong></span> <span class='ocrx_word' id='word_1_534' title='bbox 2281 2341 2516 2394; x_wconf 90' lang='lat' dir='ltr'><strong>medium</strong></span> <span class='ocrx_word' id='word_1_535' title='bbox 2546 2341 2669 2396; x_wconf 90' lang='lat' dir='ltr'><strong>duci</strong></span> <span class='ocrx_word' id='word_1_536' title='bbox 2693 2341 2933 2410; x_wconf 90' lang='lat' dir='ltr'><strong>jubetur.</strong></span> <span class='ocrx_word' id='word_1_537' title='bbox 2959 2341 3125 2397; x_wconf 74' lang='lat' dir='ltr'><strong>Adest</strong></span> <span class='ocrx_word' id='word_1_538' title='bbox 3155 2351 3210 2397; x_wconf 89' lang='lat' dir='ltr'><strong>et</strong></span> <span class='ocrx_word' id='word_1_539' title='bbox 3237 2342 3590 2398; x_wconf 87' lang='lat' dir='ltr'><strong>Willhelmus</strong></span> <span class='ocrx_word' id='word_1_540' title='bbox 3636 2342 3800 2414; x_wconf 73' lang='lat' dir='ltr'><strong>legu-</strong></span> 
     </span>
    </p>
   </div>
   <div class='ocr_carea' id='block_1_83' title="bbox 2193 2428 3799 2502">
    <p class='ocr_par' dir='ltr' id='par_1_83' title="bbox 2193 2428 3799 2502">
     <span class='ocr_line' id='line_1_83' title="bbox 2193 2428 3799 2502; baseline 0.001 -19"><span class='ocrx_word' id='word_1_541' title='bbox 2193 2428 2324 2485; x_wconf 90' lang='lat' dir='ltr'><strong>tioni</strong></span> <span class='ocrx_word' id='word_1_542' title='bbox 2349 2445 2454 2500; x_wconf 91' lang='lat' dir='ltr'><strong>qua</strong></span> <span class='ocrx_word' id='word_1_543' title='bbox 2484 2428 2812 2502; x_wconf 87' lang='lat' dir='ltr'><strong>fungebatur</strong></span> <span class='ocrx_word' id='word_1_544' title='bbox 2842 2436 2951 2485; x_wconf 91' lang='lat' dir='ltr'><strong>toto</strong></span> <span class='ocrx_word' id='word_1_545' title='bbox 2981 2430 3166 2486; x_wconf 91' lang='lat' dir='ltr'><strong>studio</strong></span> <span class='ocrx_word' id='word_1_546' title='bbox 3211 2446 3397 2485; x_wconf 89' lang='lat' dir='ltr'><strong>curam</strong></span> <span class='ocrx_word' id='word_1_547' title='bbox 3450 2431 3799 2502; x_wconf 91' lang='lat' dir='ltr'><strong>impendens,</strong></span> 
     </span>
    </p>
   </div>
   <div class='ocr_carea' id='block_1_84' title="bbox 2192 2517 3803 2592">
    <p class='ocr_par' dir='ltr' id='par_1_84' title="bbox 2192 2517 3803 2592">
     <span class='ocr_line' id='line_1_84' title="bbox 2192 2517 3803 2592; baseline 0.001 -20"><span class='ocrx_word' id='word_1_548' title='bbox 2192 2517 2296 2574; x_wconf 90' lang='lat' dir='ltr'><strong>hoc</strong></span> <span class='ocrx_word' id='word_1_549' title='bbox 2327 2526 2405 2573; x_wconf 91' lang='lat' dir='ltr'><strong>est</strong></span> <span class='ocrx_word' id='word_1_550' title='bbox 2431 2526 2490 2574; x_wconf 91' lang='lat' dir='ltr'><strong>ut</strong></span> <span class='ocrx_word' id='word_1_551' title='bbox 2521 2518 2637 2592; x_wconf 89' lang='lat' dir='ltr'><strong>regi</strong></span> <span class='ocrx_word' id='word_1_552' title='bbox 2661 2519 2896 2574; x_wconf 81' lang='lat' dir='ltr'><strong>Henrico</strong></span> <span class='ocrx_word' id='word_1_553' title='bbox 2925 2533 3116 2574; x_wconf 91' lang='lat' dir='ltr'><strong>omnes</strong></span> <span class='ocrx_word' id='word_1_554' title='bbox 3146 2521 3318 2590; x_wconf 87' lang='lat' dir='ltr'><strong>patris</strong></span> <span class='ocrx_word' id='word_1_555' title='bbox 3373 2526 3427 2576; x_wconf 88' lang='lat' dir='ltr'><strong>et</strong></span> <span class='ocrx_word' id='word_1_556' title='bbox 3477 2518 3655 2575; x_wconf 82' lang='lat' dir='ltr'><strong>fratris</strong></span> <span class='ocrx_word' id='word_1_557' title='bbox 3708 2519 3803 2574; x_wconf 84' lang='lat' dir='ltr'><strong>sui</strong></span> 
     </span>
    </p>
   </div>
   <div class='ocr_carea' id='block_1_85' title="bbox 2192 2607 3802 2678">
    <p class='ocr_par' dir='ltr' id='par_1_85' title="bbox 2192 2607 3802 2678">
     <span class='ocr_line' id='line_1_85' title="bbox 2192 2607 3802 2678; baseline 0.001 -16"><span class='ocrx_word' id='word_1_558' title='bbox 2192 2607 2608 2662; x_wconf 90' lang='lat' dir='ltr'><strong>consuetudines</strong></span> <span class='ocrx_word' id='word_1_559' title='bbox 2637 2613 2691 2663; x_wconf 92' lang='lat' dir='ltr'><strong>et</strong></span> <span class='ocrx_word' id='word_1_560' title='bbox 2721 2623 2850 2662; x_wconf 90' lang='lat' dir='ltr'><strong>usus</strong></span> <span class='ocrx_word' id='word_1_561' title='bbox 2903 2607 3222 2678; x_wconf 61' lang='lat' dir='ltr'><strong>apostolicae</strong></span> <span class='ocrx_word' id='word_1_562' title='bbox 3277 2607 3424 2664; x_wconf 83' lang='lat' dir='ltr'><strong>sedis</strong></span> <span class='ocrx_word' id='word_1_563' title='bbox 3477 2607 3802 2665; x_wconf 86' lang='lat' dir='ltr'><strong>auctoritate</strong></span> 
     </span>
    </p>
   </div>
   <div class='ocr_carea' id='block_1_86' title="bbox 2191 2694 3799 2770">
    <p class='ocr_par' dir='ltr' id='par_1_86' title="bbox 2191 2694 3799 2770">
     <span class='ocr_line' id='line_1_86' title="bbox 2191 2694 3799 2770; baseline 0.002 -22"><span class='ocrx_word' id='word_1_564' title='bbox 2191 2694 2449 2752; x_wconf 85' lang='lat' dir='ltr'><strong>ﬁrmaret.</strong></span> <span class='ocrx_word' id='word_1_565' title='bbox 2492 2695 2706 2765; x_wconf 84' lang='lat' dir='ltr'><strong>Exponi</strong></span> <span class='ocrx_word' id='word_1_566' title='bbox 2738 2695 2899 2752; x_wconf 91' lang='lat' dir='ltr'><strong>etiam</strong></span> <span class='ocrx_word' id='word_1_567' title='bbox 2929 2703 3130 2752; x_wconf 87' lang='lat' dir='ltr'><strong>statum</strong></span> <span class='ocrx_word' id='word_1_568' title='bbox 3158 2696 3335 2768; x_wconf 90' lang='lat' dir='ltr'><strong>regni,</strong></span> <span class='ocrx_word' id='word_1_569' title='bbox 3369 2697 3686 2770; x_wconf 88' lang='lat' dir='ltr'><strong>regiamque</strong></span> <span class='ocrx_word' id='word_1_570' title='bbox 3736 2695 3799 2752; x_wconf 88' lang='lat' dir='ltr'><strong>in</strong></span> 
     </span>
    </p>
   </div>
   <div class='ocr_carea' id='block_1_87' title="bbox 2191 2783 3802 2858">
    <p class='ocr_par' dir='ltr' id='par_1_87' title="bbox 2191 2783 3802 2858">
     <span class='ocr_line' id='line_1_87' title="bbox 2191 2783 3802 2858; baseline 0.002 -20"><span class='ocrx_word' id='word_1_571' title='bbox 2191 2784 2466 2840; x_wconf 91' lang='lat' dir='ltr'><strong>Romanos</strong></span> <span class='ocrx_word' id='word_1_572' title='bbox 2494 2783 2941 2854; x_wconf 77' lang='lat' dir='ltr'><strong>muniﬁcentiam,</strong></span> <span class='ocrx_word' id='word_1_573' title='bbox 2973 2785 3116 2840; x_wconf 90' lang='lat' dir='ltr'><strong>unde</strong></span> <span class='ocrx_word' id='word_1_574' title='bbox 3164 2785 3416 2857; x_wconf 85' lang='lat' dir='ltr'><strong>ampliori</strong></span> <span class='ocrx_word' id='word_1_575' title='bbox 3446 2785 3683 2858; x_wconf 84' lang='lat' dir='ltr'><strong>quadarn</strong></span> <span class='ocrx_word' id='word_1_576' title='bbox 3742 2793 3802 2842; x_wconf 87' lang='lat' dir='ltr'><strong>et</strong></span> 
     </span>
    </p>
   </div>
   <div class='ocr_carea' id='block_1_88' title="bbox 2191 2870 3804 2948">
    <p class='ocr_par' dir='ltr' id='par_1_88' title="bbox 2191 2870 3804 2948">
     <span class='ocr_line' id='line_1_88' title="bbox 2191 2870 3804 2948; baseline 0.002 -22"><span class='ocrx_word' id='word_1_577' title='bbox 2191 2870 2429 2943; x_wconf 88' lang='lat' dir='ltr'><strong>digniori</strong></span> <span class='ocrx_word' id='word_1_578' title='bbox 2461 2888 2572 2944; x_wconf 75' lang='lat' dir='ltr'><strong>prae</strong></span> <span class='ocrx_word' id='word_1_579' title='bbox 2601 2873 2811 2928; x_wconf 72' lang='lat' dir='ltr'><strong>caneris</strong></span> <span class='ocrx_word' id='word_1_580' title='bbox 2839 2873 3169 2930; x_wconf 85' lang='lat' dir='ltr'><strong>sublimitate</strong></span> <span class='ocrx_word' id='word_1_581' title='bbox 3196 2890 3264 2930; x_wconf 82' lang='lat' dir='ltr'><strong>ex</strong></span> <span class='ocrx_word' id='word_1_582' title='bbox 3293 2874 3594 2946; x_wconf 83' lang='lat' dir='ltr'><strong>apostolica</strong></span> <span class='ocrx_word' id='word_1_583' title='bbox 3612 2874 3804 2948; x_wconf 74' lang='lat' dir='ltr'><strong>largi-</strong></span> 
     </span>
    </p>
   </div>
   <div class='ocr_carea' id='block_1_89' title="bbox 2193 2958 3806 3037">
    <p class='ocr_par' dir='ltr' id='par_1_89' title="bbox 2193 2958 3806 3037">
     <span class='ocr_line' id='line_1_89' title="bbox 2193 2958 3806 3037; baseline 0.004 -24"><span class='ocrx_word' id='word_1_584' title='bbox 2193 2958 2340 3014; x_wconf 89' lang='lat' dir='ltr'><strong>tione</strong></span> <span class='ocrx_word' id='word_1_585' title='bbox 2367 2975 2530 3033; x_wconf 89' lang='lat' dir='ltr'><strong>reges</strong></span> <span class='ocrx_word' id='word_1_586' title='bbox 2556 2961 2861 3032; x_wconf 80' lang='lat' dir='ltr'><strong>Anglorum</strong></span> <span class='ocrx_word' id='word_1_587' title='bbox 2890 2962 3084 3034; x_wconf 90' lang='lat' dir='ltr'><strong>prohat</strong></span> <span class='ocrx_word' id='word_1_588' title='bbox 3108 2962 3406 3033; x_wconf 90' lang='lat' dir='ltr'><strong>antiquitus</strong></span> <span class='ocrx_word' id='word_1_589' title='bbox 3434 2977 3580 3033; x_wconf 89' lang='lat' dir='ltr'><strong>usos,</strong></span> <span class='ocrx_word' id='word_1_590' title='bbox 3619 2977 3806 3037; x_wconf 87' lang='lat' dir='ltr'><strong>eaque</strong></span> 
     </span>
    </p>
   </div>
   <div class='ocr_carea' id='block_1_90' title="bbox 2189 3049 3804 3108">
    <p class='ocr_par' dir='ltr' id='par_1_90' title="bbox 2189 3049 3804 3108">
     <span class='ocr_line' id='line_1_90' title="bbox 2189 3049 3804 3108; baseline 0.003 -5"><span class='ocrx_word' id='word_1_591' title='bbox 2189 3062 2250 3103; x_wconf 88' lang='lat' dir='ltr'><strong>re</strong></span> <span class='ocrx_word' id='word_1_592' title='bbox 2277 3063 2386 3103; x_wconf 90' lang='lat' dir='ltr'><strong>non</strong></span> <span class='ocrx_word' id='word_1_593' title='bbox 2414 3049 2593 3104; x_wconf 91' lang='lat' dir='ltr'><strong>solum</strong></span> <span class='ocrx_word' id='word_1_594' title='bbox 2625 3049 2910 3105; x_wconf 90' lang='lat' dir='ltr'><strong>molestum</strong></span> <span class='ocrx_word' id='word_1_595' title='bbox 2943 3059 2996 3106; x_wconf 92' lang='lat' dir='ltr'><strong>et</strong></span> <span class='ocrx_word' id='word_1_596' title='bbox 3027 3049 3285 3107; x_wconf 89' lang='lat' dir='ltr'><strong>indecens</strong></span> <span class='ocrx_word' id='word_1_597' title='bbox 3315 3049 3434 3108; x_wconf 85' lang='lat' dir='ltr'><strong>fore</strong></span> <span class='ocrx_word' id='word_1_598' title='bbox 3463 3051 3588 3108; x_wconf 90' lang='lat' dir='ltr'><strong>huic</strong></span> <span class='ocrx_word' id='word_1_599' title='bbox 3656 3067 3804 3108; x_wconf 90' lang='lat' dir='ltr'><strong>suo-</strong></span> 
     </span>
    </p>
   </div>
   <div class='ocr_carea' id='block_1_91' title="bbox 2194 3139 3807 3210">
    <p class='ocr_par' dir='ltr' id='par_1_91' title="bbox 2194 3139 3807 3210">
     <span class='ocr_line' id='line_1_91' title="bbox 2194 3139 3807 3210; baseline 0.004 -19"><span class='ocrx_word' id='word_1_600' title='bbox 2194 3151 2316 3191; x_wconf 92' lang='lat' dir='ltr'><strong>rum</strong></span> <span class='ocrx_word' id='word_1_601' title='bbox 2343 3146 2744 3193; x_wconf 89' lang='lat' dir='ltr'><strong>antecessorum</strong></span> <span class='ocrx_word' id='word_1_602' title='bbox 2771 3139 2892 3210; x_wconf 87' lang='lat' dir='ltr'><strong>jura</strong></span> <span class='ocrx_word' id='word_1_603' title='bbox 2920 3140 3165 3210; x_wconf 89' lang='lat' dir='ltr'><strong>perdere,</strong></span> <span class='ocrx_word' id='word_1_604' title='bbox 3197 3155 3387 3196; x_wconf 88' lang='lat' dir='ltr'><strong>verum</strong></span> <span class='ocrx_word' id='word_1_605' title='bbox 3431 3141 3615 3208; x_wconf 90' lang='lat' dir='ltr'><strong>etiam,</strong></span> <span class='ocrx_word' id='word_1_606' title='bbox 3655 3141 3807 3197; x_wconf 84' lang='lat' dir='ltr'><strong>sicut</strong></span> 
     </span>
    </p>
   </div>
   <div class='ocr_carea' id='block_1_92' title="bbox 2192 3227 3811 3301">
    <p class='ocr_par' dir='ltr' id='par_1_92' title="bbox 2192 3227 3811 3301">
     <span class='ocr_line' id='line_1_92' title="bbox 2192 3227 3811 3301; baseline 0.006 -23"><span class='ocrx_word' id='word_1_607' title='bbox 2192 3239 2252 3278; x_wconf 88' lang='lat' dir='ltr'><strong>se</strong></span> <span class='ocrx_word' id='word_1_608' title='bbox 2283 3233 2433 3280; x_wconf 89' lang='lat' dir='ltr'><strong>certo</strong></span> <span class='ocrx_word' id='word_1_609' title='bbox 2476 3227 2803 3298; x_wconf 79' lang='lat' dir='ltr'><strong>cognovisse</strong></span> <span class='ocrx_word' id='word_1_610' title='bbox 2861 3227 3087 3295; x_wconf 87' lang='lat' dir='ltr'><strong>ferebat,</strong></span> <span class='ocrx_word' id='word_1_611' title='bbox 3121 3243 3322 3301; x_wconf 89' lang='lat' dir='ltr'><strong>magno</strong></span> <span class='ocrx_word' id='word_1_612' title='bbox 3377 3229 3640 3285; x_wconf 85' lang='lat' dir='ltr'><strong>Romanis</strong></span> <span class='ocrx_word' id='word_1_613' title='bbox 3690 3229 3811 3287; x_wconf 89' lang='lat' dir='ltr'><strong>hoc</strong></span> 
     </span>
    </p>
   </div>
   <div class='ocr_carea' id='block_1_93' title="bbox 2191 3312 3809 3388">
    <p class='ocr_par' dir='ltr' id='par_1_93' title="bbox 2191 3312 3809 3388">
     <span class='ocr_line' id='line_1_93' title="bbox 2191 3312 3809 3388; baseline 0.006 -22"><span class='ocrx_word' id='word_1_614' title='bbox 2191 3312 2368 3382; x_wconf 91' lang='lat' dir='ltr'><strong>ipsum</strong></span> <span class='ocrx_word' id='word_1_615' title='bbox 2401 3313 2600 3370; x_wconf 89' lang='lat' dir='ltr'><strong>damno</strong></span> <span class='ocrx_word' id='word_1_616' title='bbox 2635 3314 2872 3371; x_wconf 88' lang='lat' dir='ltr'><strong>futurum</strong></span> <span class='ocrx_word' id='word_1_617' title='bbox 2902 3316 2947 3370; x_wconf 91' lang='lat' dir='ltr'><strong>si</strong></span> <span class='ocrx_word' id='word_1_618' title='bbox 2980 3317 3341 3388; x_wconf 88' lang='lat' dir='ltr'><strong>contingeret,</strong></span> <span class='ocrx_word' id='word_1_619' title='bbox 3376 3325 3428 3373; x_wconf 91' lang='lat' dir='ltr'><strong>et</strong></span> <span class='ocrx_word' id='word_1_620' title='bbox 3481 3317 3607 3372; x_wconf 87' lang='lat' dir='ltr'><strong>dum</strong></span> <span class='ocrx_word' id='word_1_621' title='bbox 3657 3318 3809 3376; x_wconf 83' lang='lat' dir='ltr'><strong>forte</strong></span> 
     </span>
    </p>
   </div>
   <div class='ocr_carea' id='block_1_94' title="bbox 2189 3400 3809 3476">
    <p class='ocr_par' dir='ltr' id='par_1_94' title="bbox 2189 3400 3809 3476">
     <span class='ocr_line' id='line_1_94' title="bbox 2189 3400 3809 3476; baseline 0.006 -21"><span class='ocrx_word' id='word_1_622' title='bbox 2189 3400 2368 3456; x_wconf 92' lang='lat' dir='ltr'><strong>locum</strong></span> <span class='ocrx_word' id='word_1_623' title='bbox 2391 3404 2745 3475; x_wconf 90' lang='lat' dir='ltr'><strong>recuperandi</strong></span> <span class='ocrx_word' id='word_1_624' title='bbox 2774 3404 3048 3459; x_wconf 89' lang='lat' dir='ltr'><strong>inventuri</strong></span> <span class='ocrx_word' id='word_1_625' title='bbox 3077 3420 3185 3460; x_wconf 91' lang='lat' dir='ltr'><strong>non</strong></span> <span class='ocrx_word' id='word_1_626' title='bbox 3217 3413 3424 3476; x_wconf 78' lang='lat' dir='ltr'><strong>essent,</strong></span> <span class='ocrx_word' id='word_1_627' title='bbox 3455 3405 3522 3460; x_wconf 88' lang='lat' dir='ltr'><strong>ab</strong></span> <span class='ocrx_word' id='word_1_628' title='bbox 3565 3405 3643 3461; x_wconf 87' lang='lat' dir='ltr'><strong>eis</strong></span> <span class='ocrx_word' id='word_1_629' title='bbox 3672 3422 3809 3466; x_wconf 81' lang='lat' dir='ltr'><strong>sero</strong></span> 
     </span>
    </p>
   </div>
   <div class='ocr_carea' id='block_1_95' title="bbox 2191 3489 3810 3566">
    <p class='ocr_par' dir='ltr' id='par_1_95' title="bbox 2191 3489 3810 3566">
     <span class='ocr_line' id='line_1_95' title="bbox 2191 3489 3810 3566; baseline 0.006 -21"><span class='ocrx_word' id='word_1_630' title='bbox 2191 3489 2513 3562; x_wconf 88' lang='lat' dir='ltr'><strong>Ingendum.</strong></span> <span class='ocrx_word' id='word_1_631' title='bbox 2546 3491 2689 3562; x_wconf 92' lang='lat' dir='ltr'><strong>Quid</strong></span> <span class='ocrx_word' id='word_1_632' title='bbox 2718 3493 2882 3564; x_wconf 88' lang='lat' dir='ltr'><strong>plura</strong></span> <span class='ocrx_word' id='word_1_633' title='bbox 2902 3493 2930 3546; x_wconf 74' lang='lat' dir='ltr'><strong>‘l</strong></span> <span class='ocrx_word' id='word_1_634' title='bbox 2961 3493 3121 3548; x_wconf 90' lang='lat' dir='ltr'><strong>Ducti</strong></span> <span class='ocrx_word' id='word_1_635' title='bbox 3148 3501 3272 3548; x_wconf 91' lang='lat' dir='ltr'><strong>sunt</strong></span> <span class='ocrx_word' id='word_1_636' title='bbox 3327 3494 3399 3550; x_wconf 89' lang='lat' dir='ltr'><strong>iis</strong></span> <span class='ocrx_word' id='word_1_637' title='bbox 3451 3502 3614 3566; x_wconf 84' lang='lat' dir='ltr'><strong>atque</strong></span> <span class='ocrx_word' id='word_1_638' title='bbox 3671 3496 3810 3555; x_wconf 80' lang='lat' dir='ltr'><strong>aliis</strong></span> 
     </span>
    </p>
   </div>
   <div class='ocr_carea' id='block_1_96' title="bbox 2189 3580 3812 3655">
    <p class='ocr_par' dir='ltr' id='par_1_96' title="bbox 2189 3580 3812 3655">
     <span class='ocr_line' id='line_1_96' title="bbox 2189 3580 3812 3655; baseline 0.002 -17"><span class='ocrx_word' id='word_1_639' title='bbox 2189 3597 2366 3638; x_wconf 89' lang='lat' dir='ltr'><strong>necne</strong></span> <span class='ocrx_word' id='word_1_640' title='bbox 2395 3580 2646 3651; x_wconf 87' lang='lat' dir='ltr'><strong>perducti</strong></span> <span class='ocrx_word' id='word_1_641' title='bbox 2675 3581 2728 3635; x_wconf 91' lang='lat' dir='ltr'><strong>in</strong></span> <span class='ocrx_word' id='word_1_642' title='bbox 2758 3597 2978 3637; x_wconf 88' lang='lat' dir='ltr'><strong>causam</strong></span> <span class='ocrx_word' id='word_1_643' title='bbox 3025 3582 3173 3655; x_wconf 89' lang='lat' dir='ltr'><strong>regis</strong></span> <span class='ocrx_word' id='word_1_644' title='bbox 3227 3583 3597 3640; x_wconf 84' lang='lat' dir='ltr'><strong>Romanorum</strong></span> <span class='ocrx_word' id='word_1_645' title='bbox 3651 3600 3812 3642; x_wconf 89' lang='lat' dir='ltr'><strong>non-</strong></span> 
     </span>
    </p>
   </div>
   <div class='ocr_carea' id='block_1_97' title="bbox 2189 3668 3810 3747">
    <p class='ocr_par' dir='ltr' id='par_1_97' title="bbox 2189 3668 3810 3747">
     <span class='ocr_line' id='line_1_97' title="bbox 2189 3668 3810 3747; baseline 0.003 -21"><span class='ocrx_word' id='word_1_646' title='bbox 2189 3669 2346 3738; x_wconf 91' lang='lat' dir='ltr'><strong>nulli,</strong></span> <span class='ocrx_word' id='word_1_647' title='bbox 2374 3668 2730 3726; x_wconf 84' lang='lat' dir='ltr'><strong>admittendae</strong></span> <span class='ocrx_word' id='word_1_648' title='bbox 2758 3669 2979 3726; x_wconf 89' lang='lat' dir='ltr'><strong>rationis</strong></span> <span class='ocrx_word' id='word_1_649' title='bbox 3039 3686 3160 3727; x_wconf 87' lang='lat' dir='ltr'><strong>esse</strong></span> <span class='ocrx_word' id='word_1_650' title='bbox 3219 3673 3618 3730; x_wconf 89' lang='lat' dir='ltr'><strong>conclamantes</strong></span> <span class='ocrx_word' id='word_1_651' title='bbox 3671 3691 3810 3747; x_wconf 69' lang='lat' dir='ltr'><strong>quae</strong></span> 
     </span>
    </p>
   </div>
   <div class='ocr_carea' id='block_1_98' title="bbox 2192 3757 3813 3830">
    <p class='ocr_par' dir='ltr' id='par_1_98' title="bbox 2192 3757 3813 3830">
     <span class='ocr_line' id='line_1_98' title="bbox 2192 3757 3813 3830; baseline 0.004 -16"><span class='ocrx_word' id='word_1_652' title='bbox 2192 3757 2537 3824; x_wconf 87' lang='lat' dir='ltr'><strong>ferebantur,</strong></span> <span class='ocrx_word' id='word_1_653' title='bbox 2569 3773 2743 3830; x_wconf 90' lang='lat' dir='ltr'><strong>neque</strong></span> <span class='ocrx_word' id='word_1_654' title='bbox 2771 3766 2905 3814; x_wconf 88' lang='lat' dir='ltr'><strong>vota</strong></span> <span class='ocrx_word' id='word_1_655' title='bbox 2933 3759 3069 3814; x_wconf 86' lang='lat' dir='ltr'><strong>tanti</strong></span> <span class='ocrx_word' id='word_1_656' title='bbox 3096 3758 3198 3815; x_wconf 89' lang='lat' dir='ltr'><strong>viri</strong></span> <span class='ocrx_word' id='word_1_657' title='bbox 3228 3758 3337 3815; x_wconf 86' lang='lat' dir='ltr'><strong>ulla</strong></span> <span class='ocrx_word' id='word_1_658' title='bbox 3365 3759 3813 3821; x_wconf 88' lang='lat' dir='ltr'><strong>consideratione</strong></span> 
     </span>
    </p>
   </div>
   <div class='ocr_carea' id='block_1_99' title="bbox 2189 3846 3813 3920">
    <p class='ocr_par' dir='ltr' id='par_1_99' title="bbox 2189 3846 3813 3920">
     <span class='ocr_line' id='line_1_99' title="bbox 2189 3846 3813 3920; baseline 0.003 -17"><span class='ocrx_word' id='word_1_659' title='bbox 2189 3846 2588 3918; x_wconf 90' lang='lat' dir='ltr'><strong>postponenda.</strong></span> <span class='ocrx_word' id='word_1_660' title='bbox 2617 3847 2768 3901; x_wconf 88' lang='lat' dir='ltr'><strong>Inter</strong></span> <span class='ocrx_word' id='word_1_661' title='bbox 2798 3846 2900 3901; x_wconf 87' lang='lat' dir='ltr'><strong>ista</strong></span> <span class='ocrx_word' id='word_1_662' title='bbox 2929 3846 3053 3902; x_wconf 89' lang='lat' dir='ltr'><strong>silet</strong></span> <span class='ocrx_word' id='word_1_663' title='bbox 3097 3847 3386 3904; x_wconf 80' lang='lat' dir='ltr'><strong>Anselmus</strong></span> <span class='ocrx_word' id='word_1_664' title='bbox 3439 3849 3690 3920; x_wconf 89' lang='lat' dir='ltr'><strong>operiens</strong></span> <span class='ocrx_word' id='word_1_665' title='bbox 3751 3852 3813 3908; x_wconf 86' lang='lat' dir='ltr'><strong>in</strong></span> 
     </span>
    </p>
   </div>
   <div class='ocr_carea' id='block_1_100' title="bbox 2191 3934 3815 4006">
    <p class='ocr_par' dir='ltr' id='par_1_100' title="bbox 2191 3934 3815 4006">
     <span class='ocr_line' id='line_1_100' title="bbox 2191 3934 3815 4006; baseline 0.004 -16"><span class='ocrx_word' id='word_1_666' title='bbox 2191 3934 2448 3990; x_wconf 90' lang='lat' dir='ltr'><strong>omnibus</strong></span> <span class='ocrx_word' id='word_1_667' title='bbox 2479 3949 2709 3990; x_wconf 81' lang='lat' dir='ltr'><strong>examen</strong></span> <span class='ocrx_word' id='word_1_668' title='bbox 2740 3935 2936 3990; x_wconf 88' lang='lat' dir='ltr'><strong>summi</strong></span> <span class='ocrx_word' id='word_1_669' title='bbox 2965 3935 3263 4006; x_wconf 83' lang='lat' dir='ltr'><strong>pontiﬁcis.</strong></span> <span class='ocrx_word' id='word_1_670' title='bbox 3292 3937 3408 3993; x_wconf 87' lang='lat' dir='ltr'><strong>Nec</strong></span> <span class='ocrx_word' id='word_1_671' title='bbox 3449 3938 3593 3994; x_wconf 89' lang='lat' dir='ltr'><strong>enim</strong></span> <span class='ocrx_word' id='word_1_672' title='bbox 3630 3939 3815 3997; x_wconf 83' lang='lat' dir='ltr'><strong>verba</strong></span> 
     </span>
    </p>
   </div>
   <div class='ocr_carea' id='block_1_101' title="bbox 2192 4022 3815 4090">
    <p class='ocr_par' dir='ltr' id='par_1_101' title="bbox 2192 4022 3815 4090">
     <span class='ocr_line' id='line_1_101' title="bbox 2192 4022 3815 4090; baseline 0.004 -12"><span class='ocrx_word' id='word_1_673' title='bbox 2192 4039 2291 4078; x_wconf 89' lang='lat' dir='ltr'><strong>sua</strong></span> <span class='ocrx_word' id='word_1_674' title='bbox 2311 4023 2444 4079; x_wconf 91' lang='lat' dir='ltr'><strong>dare</strong></span> <span class='ocrx_word' id='word_1_675' title='bbox 2464 4022 2705 4090; x_wconf 86' lang='lat' dir='ltr'><strong>volebat,</strong></span> <span class='ocrx_word' id='word_1_676' title='bbox 2736 4030 2795 4078; x_wconf 89' lang='lat' dir='ltr'><strong>ut</strong></span> <span class='ocrx_word' id='word_1_677' title='bbox 2822 4023 3010 4080; x_wconf 91' lang='lat' dir='ltr'><strong>mortis</strong></span> <span class='ocrx_word' id='word_1_678' title='bbox 3022 4025 3184 4080; x_wconf 88' lang='lat' dir='ltr'><strong>homo</strong></span> <span class='ocrx_word' id='word_1_679' title='bbox 3200 4024 3460 4082; x_wconf 65' lang='lat' dir='ltr'><strong>Ecclesiae</strong></span> <span class='ocrx_word' id='word_1_680' title='bbox 3481 4027 3580 4082; x_wconf 92' lang='lat' dir='ltr'><strong>Dei</strong></span> <span class='ocrx_word' id='word_1_681' title='bbox 3596 4027 3815 4084; x_wconf 87' lang='lat' dir='ltr'><strong>ostium</strong></span> 
     </span>
    </p>
   </div>
   <div class='ocr_carea' id='block_1_102' title="bbox 2191 4110 3814 4184">
    <p class='ocr_par' dir='ltr' id='par_1_102' title="bbox 2191 4110 3814 4184">
     <span class='ocr_line' id='line_1_102' title="bbox 2191 4110 3814 4184; baseline 0.005 -18"><span class='ocrx_word' id='word_1_682' title='bbox 2191 4110 2361 4180; x_wconf 87' lang='lat' dir='ltr'><strong>ﬁeret,</strong></span> <span class='ocrx_word' id='word_1_683' title='bbox 2394 4127 2462 4166; x_wconf 92' lang='lat' dir='ltr'><strong>ne</strong></span> <span class='ocrx_word' id='word_1_684' title='bbox 2492 4111 2789 4182; x_wconf 91' lang='lat' dir='ltr'><strong>postposito</strong></span> <span class='ocrx_word' id='word_1_685' title='bbox 2821 4111 3039 4168; x_wconf 88' lang='lat' dir='ltr'><strong>Christo</strong></span> <span class='ocrx_word' id='word_1_686' title='bbox 3103 4113 3194 4184; x_wconf 90' lang='lat' dir='ltr'><strong>qui</strong></span> <span class='ocrx_word' id='word_1_687' title='bbox 3250 4129 3310 4170; x_wconf 92' lang='lat' dir='ltr'><strong>se</strong></span> <span class='ocrx_word' id='word_1_688' title='bbox 3362 4115 3558 4171; x_wconf 89' lang='lat' dir='ltr'><strong>ostium</strong></span> <span class='ocrx_word' id='word_1_689' title='bbox 3613 4117 3814 4174; x_wconf 85' lang='lat' dir='ltr'><strong>ovium</strong></span> 
     </span>
    </p>
   </div>
   <div class='ocr_carea' id='block_1_103' title="bbox 2193 4199 3815 4273">
    <p class='ocr_par' dir='ltr' id='par_1_103' title="bbox 2193 4199 3815 4273">
     <span class='ocr_line' id='line_1_103' title="bbox 2193 4199 3815 4273; baseline 0.003 -17"><span class='ocrx_word' id='word_1_690' title='bbox 2193 4215 2312 4256; x_wconf 83' lang='lat' dir='ltr'><strong>esse</strong></span> <span class='ocrx_word' id='word_1_691' title='bbox 2340 4199 2672 4270; x_wconf 90' lang='lat' dir='ltr'><strong>pronuntiat,</strong></span> <span class='ocrx_word' id='word_1_692' title='bbox 2707 4209 2765 4256; x_wconf 90' lang='lat' dir='ltr'><strong>et</strong></span> <span class='ocrx_word' id='word_1_693' title='bbox 2821 4217 2920 4272; x_wconf 90' lang='lat' dir='ltr'><strong>per</strong></span> <span class='ocrx_word' id='word_1_694' title='bbox 2977 4217 3139 4272; x_wconf 89' lang='lat' dir='ltr'><strong>quem</strong></span> <span class='ocrx_word' id='word_1_695' title='bbox 3193 4202 3239 4256; x_wconf 94' lang='lat' dir='ltr'><strong>si</strong></span> <span class='ocrx_word' id='word_1_696' title='bbox 3285 4203 3404 4273; x_wconf 89' lang='lat' dir='ltr'><strong>quis</strong></span> <span class='ocrx_word' id='word_1_697' title='bbox 3459 4205 3626 4260; x_wconf 89' lang='lat' dir='ltr'><strong>intrat</strong></span> <span class='ocrx_word' id='word_1_698' title='bbox 3680 4206 3815 4262; x_wconf 83' lang='lat' dir='ltr'><strong>sal-</strong></span> 
     </span>
    </p>
   </div>
   <div class='ocr_carea' id='block_1_104' title="bbox 2192 4288 3812 4364">
    <p class='ocr_par' dir='ltr' id='par_1_104' title="bbox 2192 4288 3812 4364">
     <span class='ocr_line' id='line_1_104' title="bbox 2192 4288 3812 4364; baseline 0.004 -20"><span class='ocrx_word' id='word_1_699' title='bbox 2192 4296 2367 4356; x_wconf 89' lang='lat' dir='ltr'><strong>vatur,</strong></span> <span class='ocrx_word' id='word_1_700' title='bbox 2397 4297 2451 4344; x_wconf 89' lang='lat' dir='ltr'><strong>et</strong></span> <span class='ocrx_word' id='word_1_701' title='bbox 2479 4288 2786 4362; x_wconf 81' lang='lat' dir='ltr'><strong>ingreditur</strong></span> <span class='ocrx_word' id='word_1_702' title='bbox 2814 4297 2977 4361; x_wconf 90' lang='lat' dir='ltr'><strong>atque</strong></span> <span class='ocrx_word' id='word_1_703' title='bbox 3004 4290 3284 4362; x_wconf 82' lang='lat' dir='ltr'><strong>egreditur</strong></span> <span class='ocrx_word' id='word_1_704' title='bbox 3327 4299 3383 4347; x_wconf 90' lang='lat' dir='ltr'><strong>et</strong></span> <span class='ocrx_word' id='word_1_705' title='bbox 3436 4307 3644 4364; x_wconf 87' lang='lat' dir='ltr'><strong>pascua</strong></span> <span class='ocrx_word' id='word_1_706' title='bbox 3702 4293 3812 4350; x_wconf 85' lang='lat' dir='ltr'><strong>in-</strong></span> 
     </span>
    </p>
   </div>
   <div class='ocr_carea' id='block_1_105' title="bbox 2194 4377 3816 4449">
    <p class='ocr_par' dir='ltr' id='par_1_105' title="bbox 2194 4377 3816 4449">
     <span class='ocr_line' id='line_1_105' title="bbox 2194 4377 3816 4449; baseline 0.006 -16"><span class='ocrx_word' id='word_1_707' title='bbox 2194 4378 2341 4433; x_wconf 91' lang='lat' dir='ltr'><strong>venit</strong></span> <span class='ocrx_word' id='word_1_708' title='bbox 2370 4377 2564 4447; x_wconf 83' lang='lat' dir='ltr'><strong>(Joan.</strong></span> <span class='ocrx_word' id='word_1_709' title='bbox 2599 4395 2654 4446; x_wconf 84' lang='lat' dir='ltr'><strong>x,</strong></span> <span class='ocrx_word' id='word_1_710' title='bbox 2687 4379 2762 4449; x_wconf 87' lang='lat'><strong>9),</strong></span> <span class='ocrx_word' id='word_1_711' title='bbox 2822 4378 2967 4435; x_wconf 88' lang='lat' dir='ltr'><strong>ovile</strong></span> <span class='ocrx_word' id='word_1_712' title='bbox 3023 4378 3220 4436; x_wconf 87' lang='lat' dir='ltr'><strong>intrare</strong></span> <span class='ocrx_word' id='word_1_713' title='bbox 3274 4380 3523 4438; x_wconf 85' lang='lat' dir='ltr'><strong>volentes</strong></span> <span class='ocrx_word' id='word_1_714' title='bbox 3575 4382 3816 4442; x_wconf 85' lang='lat' dir='ltr'><strong>aliunde</strong></span> 
     </span>
    </p>
   </div>
   <div class='ocr_carea' id='block_1_106' title="bbox 2192 4467 3816 4540">
    <p class='ocr_par' dir='ltr' id='par_1_106' title="bbox 2192 4467 3816 4540">
     <span class='ocr_line' id='line_1_106' title="bbox 2192 4467 3816 4540; baseline 0.005 -18"><span class='ocrx_word' id='word_1_715' title='bbox 2192 4467 2568 4535; x_wconf 75' lang='lat' dir='ltr'><strong>ascendet-ent,</strong></span> <span class='ocrx_word' id='word_1_716' title='bbox 2597 4483 2662 4522; x_wconf 90' lang='lat' dir='ltr'><strong>ac</strong></span> <span class='ocrx_word' id='word_1_717' title='bbox 2691 4467 2734 4522; x_wconf 91' lang='lat' dir='ltr'><strong>si</strong></span> <span class='ocrx_word' id='word_1_718' title='bbox 2766 4483 2878 4524; x_wconf 91' lang='lat' dir='ltr'><strong>non</strong></span> <span class='ocrx_word' id='word_1_719' title='bbox 2926 4469 3114 4524; x_wconf 87' lang='lat' dir='ltr'><strong>ovium</strong></span> <span class='ocrx_word' id='word_1_720' title='bbox 3172 4477 3434 4540; x_wconf 89' lang='lat' dir='ltr'><strong>pastores,</strong></span> <span class='ocrx_word' id='word_1_721' title='bbox 3493 4471 3594 4526; x_wconf 91' lang='lat' dir='ltr'><strong>sed</strong></span> <span class='ocrx_word' id='word_1_722' title='bbox 3647 4471 3816 4531; x_wconf 83' lang='lat' dir='ltr'><strong>fures</strong></span> 
     </span>
    </p>
   </div>
   <div class='ocr_carea' id='block_1_107' title="bbox 2194 4555 3818 4629">
    <p class='ocr_par' dir='ltr' id='par_1_107' title="bbox 2194 4555 3818 4629">
     <span class='ocr_line' id='line_1_107' title="bbox 2194 4555 3818 4629; baseline 0.006 -19"><span class='ocrx_word' id='word_1_723' title='bbox 2194 4555 2384 4610; x_wconf 86' lang='lat' dir='ltr'><strong>ﬁerent</strong></span> <span class='ocrx_word' id='word_1_724' title='bbox 2409 4563 2572 4628; x_wconf 92' lang='lat' dir='ltr'><strong>atque</strong></span> <span class='ocrx_word' id='word_1_725' title='bbox 2619 4556 2858 4612; x_wconf 85' lang='lat' dir='ltr'><strong>latrones</strong></span> <span class='ocrx_word' id='word_1_726' title='bbox 2917 4556 3078 4624; x_wconf 85' lang='lat' dir='ltr'><strong>(Ibid.</strong></span> <span class='ocrx_word' id='word_1_727' title='bbox 3119 4560 3200 4628; x_wconf 91' lang='grc'><strong>1).</strong></span> <span class='ocrx_word' id='word_1_728' title='bbox 3264 4558 3389 4629; x_wconf 91' lang='lat' dir='ltr'><strong>Ipse</strong></span> <span class='ocrx_word' id='word_1_729' title='bbox 3445 4559 3818 4619; x_wconf 86' lang='lat' dir='ltr'><strong>nihilominus</strong></span> 
     </span>
    </p>
   </div>
   <div class='ocr_carea' id='block_1_108' title="bbox 2197 4644 3819 4722">
    <p class='ocr_par' dir='ltr' id='par_1_108' title="bbox 2197 4644 3819 4722">
     <span class='ocr_line' id='line_1_108' title="bbox 2197 4644 3819 4722; baseline 0.006 -24"><span class='ocrx_word' id='word_1_730' title='bbox 2197 4644 2517 4714; x_wconf 88' lang='lat' dir='ltr'><strong>pontificum</strong></span> <span class='ocrx_word' id='word_1_731' title='bbox 2555 4653 2739 4715; x_wconf 88' lang='lat' dir='ltr'><strong>pastor</strong></span> <span class='ocrx_word' id='word_1_732' title='bbox 2767 4660 2890 4700; x_wconf 89' lang='lat' dir='ltr'><strong>cum</strong></span> <span class='ocrx_word' id='word_1_733' title='bbox 2921 4645 2991 4700; x_wconf 90' lang='lat' dir='ltr'><strong>ad</strong></span> <span class='ocrx_word' id='word_1_734' title='bbox 3043 4652 3238 4702; x_wconf 90' lang='lat' dir='ltr'><strong>cuncta</strong></span> <span class='ocrx_word' id='word_1_735' title='bbox 3292 4646 3502 4715; x_wconf 90' lang='lat' dir='ltr'><strong>sileret,</strong></span> <span class='ocrx_word' id='word_1_736' title='bbox 3561 4657 3615 4704; x_wconf 91' lang='lat' dir='ltr'><strong>et</strong></span> <span class='ocrx_word' id='word_1_737' title='bbox 3662 4651 3819 4722; x_wconf 88' lang='lat' dir='ltr'><strong>quid</strong></span> 
     </span>
    </p>
   </div>
   <div class='ocr_carea' id='block_1_109' title="bbox 2194 4732 3814 4810">
    <p class='ocr_par' dir='ltr' id='par_1_109' title="bbox 2194 4732 3814 4810">
     <span class='ocr_line' id='line_1_109' title="bbox 2194 4732 3814 4810; baseline 0.007 -24"><span class='ocrx_word' id='word_1_738' title='bbox 2194 4732 2418 4804; x_wconf 87' lang='lat' dir='ltr'><strong>quisque</strong></span> <span class='ocrx_word' id='word_1_739' title='bbox 2448 4733 2670 4801; x_wconf 90' lang='lat' dir='ltr'><strong>diceret,</strong></span> <span class='ocrx_word' id='word_1_740' title='bbox 2701 4733 2952 4805; x_wconf 89' lang='lat' dir='ltr'><strong>prudenti</strong></span> <span class='ocrx_word' id='word_1_741' title='bbox 2977 4733 3410 4792; x_wconf 88' lang='lat' dir='ltr'><strong>consideratione</strong></span> <span class='ocrx_word' id='word_1_742' title='bbox 3440 4735 3814 4810; x_wconf 73' lang='lat' dir='ltr'><strong>examinaret,</strong></span> 
     </span>
    </p>
   </div>
   <div class='ocr_carea' id='block_1_110' title="bbox 2190 4821 3819 4897">
    <p class='ocr_par' dir='ltr' id='par_1_110' title="bbox 2190 4821 3819 4897">
     <span class='ocr_line' id='line_1_110' title="bbox 2190 4821 3819 4897; baseline 0.005 -20"><span class='ocrx_word' id='word_1_743' title='bbox 2190 4821 2464 4877; x_wconf 72' lang='lat' dir='ltr'><strong>aestimans</strong></span> <span class='ocrx_word' id='word_1_744' title='bbox 2492 4821 2842 4877; x_wconf 87' lang='lat' dir='ltr'><strong>Willhelmus</strong></span> <span class='ocrx_word' id='word_1_745' title='bbox 2867 4823 3099 4893; x_wconf 87' lang='lat' dir='ltr'><strong>jamjam</strong></span> <span class='ocrx_word' id='word_1_746' title='bbox 3139 4821 3290 4879; x_wconf 89' lang='lat' dir='ltr'><strong>illum</strong></span> <span class='ocrx_word' id='word_1_747' title='bbox 3324 4839 3422 4897; x_wconf 88' lang='lat' dir='ltr'><strong>pro</strong></span> <span class='ocrx_word' id='word_1_748' title='bbox 3451 4825 3640 4883; x_wconf 88' lang='lat' dir='ltr'><strong>favore</strong></span> <span class='ocrx_word' id='word_1_749' title='bbox 3696 4827 3819 4885; x_wconf 88' lang='lat' dir='ltr'><strong>Ro-</strong></span> 
     </span>
    </p>
   </div>
   <div class='ocr_carea' id='block_1_111' title="bbox 2192 4910 3819 4985">
    <p class='ocr_par' dir='ltr' id='par_1_111' title="bbox 2192 4910 3819 4985">
     <span class='ocr_line' id='line_1_111' title="bbox 2192 4910 3819 4985; baseline 0.006 -21"><span class='ocrx_word' id='word_1_750' title='bbox 2192 4925 2476 4965; x_wconf 88' lang='lat' dir='ltr'><strong>manorum</strong></span> <span class='ocrx_word' id='word_1_751' title='bbox 2510 4910 2570 4966; x_wconf 89' lang='lat' dir='ltr'><strong>in</strong></span> <span class='ocrx_word' id='word_1_752' title='bbox 2628 4925 2689 4966; x_wconf 91' lang='lat' dir='ltr'><strong>se</strong></span> <span class='ocrx_word' id='word_1_753' title='bbox 2745 4910 2879 4965; x_wconf 88' lang='lat' dir='ltr'><strong>nihil</strong></span> <span class='ocrx_word' id='word_1_754' title='bbox 2934 4926 3127 4966; x_wconf 87' lang='lat' dir='ltr'><strong>eorum</strong></span> <span class='ocrx_word' id='word_1_755' title='bbox 3182 4929 3303 4982; x_wconf 84' lang='lat' dir='ltr'><strong>quae</strong></span> <span class='ocrx_word' id='word_1_756' title='bbox 3359 4913 3638 4985; x_wconf 68' lang='lat' dir='ltr'><strong>quaerebat</strong></span> <span class='ocrx_word' id='word_1_757' title='bbox 3696 4916 3819 4973; x_wconf 88' lang='lat' dir='ltr'><strong>sibi</strong></span> 
     </span>
    </p>
   </div>
   <div class='ocr_carea' id='block_1_112' title="bbox 2193 4998 3822 5073">
    <p class='ocr_par' dir='ltr' id='par_1_112' title="bbox 2193 4998 3822 5073">
     <span class='ocr_line' id='line_1_112' title="bbox 2193 4998 3822 5073; baseline 0.007 -20"><span class='ocrx_word' id='word_1_758' title='bbox 2193 5006 2524 5070; x_wconf 89' lang='lat' dir='ltr'><strong>negaturum</strong></span> <span class='ocrx_word' id='word_1_759' title='bbox 2556 4999 2734 5069; x_wconf 91' lang='lat' dir='ltr'><strong>erupit</strong></span> <span class='ocrx_word' id='word_1_760' title='bbox 2763 5007 2816 5055; x_wconf 92' lang='lat' dir='ltr'><strong>et</strong></span> <span class='ocrx_word' id='word_1_761' title='bbox 2863 4998 2968 5054; x_wconf 90' lang='lat' dir='ltr'><strong>ait:</strong></span> <span class='ocrx_word' id='word_1_762' title='bbox 3036 5021 3057 5048; x_wconf 77' lang='grc' dir='ltr'>ι</span> <span class='ocrx_word' id='word_1_763' title='bbox 3097 4999 3370 5073; x_wconf 89' lang='lat' dir='ltr'><strong>Quidquid</strong></span> <span class='ocrx_word' id='word_1_764' title='bbox 3420 5002 3550 5058; x_wconf 90' lang='lat' dir='ltr'><strong>hinc</strong></span> <span class='ocrx_word' id='word_1_765' title='bbox 3604 5003 3822 5064; x_wconf 86' lang='lat' dir='ltr'><strong>indeve</strong></span> 
     </span>
    </p>
   </div>
   <div class='ocr_carea' id='block_1_113' title="bbox 2194 5086 3821 5162">
    <p class='ocr_par' dir='ltr' id='par_1_113' title="bbox 2194 5086 3821 5162">
     <span class='ocr_line' id='line_1_113' title="bbox 2194 5086 3821 5162; baseline 0.006 -20"><span class='ocrx_word' id='word_1_766' title='bbox 2194 5086 2423 5156; x_wconf 86' lang='lat' dir='ltr'><strong>dicatur,</strong></span> <span class='ocrx_word' id='word_1_767' title='bbox 2456 5088 2583 5145; x_wconf 89' lang='lat' dir='ltr'><strong>volo</strong></span> <span class='ocrx_word' id='word_1_768' title='bbox 2611 5087 2792 5143; x_wconf 90' lang='lat' dir='ltr'><strong>norint</strong></span> <span class='ocrx_word' id='word_1_769' title='bbox 2846 5087 3153 5162; x_wconf 88' lang='lat' dir='ltr'><strong>quicunque</strong></span> <span class='ocrx_word' id='word_1_770' title='bbox 3206 5090 3460 5145; x_wconf 88' lang='lat' dir='ltr'><strong>assistunt</strong></span> <span class='ocrx_word' id='word_1_771' title='bbox 3517 5090 3821 5151; x_wconf 87' lang='lat' dir='ltr'><strong>dominum</strong></span> 
     </span>
    </p>
   </div>
   <div class='ocr_carea' id='block_1_114' title="bbox 2192 5176 3822 5255">
    <p class='ocr_par' dir='ltr' id='par_1_114' title="bbox 2192 5176 3822 5255">
     <span class='ocr_line' id='line_1_114' title="bbox 2192 5176 3822 5255; baseline 0.006 -23"><span class='ocrx_word' id='word_1_772' title='bbox 2192 5193 2374 5233; x_wconf 90' lang='lat' dir='ltr'><strong>meum</strong></span> <span class='ocrx_word' id='word_1_773' title='bbox 2399 5193 2584 5249; x_wconf 88' lang='lat' dir='ltr'><strong>regem</strong></span> <span class='ocrx_word' id='word_1_774' title='bbox 2613 5176 2919 5248; x_wconf 82' lang='lat' dir='ltr'><strong>Anglorum</strong></span> <span class='ocrx_word' id='word_1_775' title='bbox 2949 5193 3052 5233; x_wconf 88' lang='lat' dir='ltr'><strong>nec</strong></span> <span class='ocrx_word' id='word_1_776' title='bbox 3079 5192 3176 5250; x_wconf 89' lang='lat' dir='ltr'><strong>pro</strong></span> <span class='ocrx_word' id='word_1_777' title='bbox 3202 5178 3494 5236; x_wconf 88' lang='lat' dir='ltr'><strong>amissione</strong></span> <span class='ocrx_word' id='word_1_778' title='bbox 3524 5180 3680 5255; x_wconf 84' lang='lat' dir='ltr'><strong>regni</strong></span> <span class='ocrx_word' id='word_1_779' title='bbox 3722 5185 3822 5242; x_wconf 86' lang='lat' dir='ltr'><strong>sui</strong></span> 
     </span>
    </p>
   </div>
   <div class='ocr_carea' id='block_1_115' title="bbox 2195 5266 3815 5336">
    <p class='ocr_par' dir='ltr' id='par_1_115' title="bbox 2195 5266 3815 5336">
     <span class='ocr_line' id='line_1_115' title="bbox 2195 5266 3815 5336; baseline 0.003 -17"><span class='ocrx_word' id='word_1_780' title='bbox 2195 5281 2484 5336; x_wconf 86' lang='lat' dir='ltr'><strong>passurum</strong></span> <span class='ocrx_word' id='word_1_781' title='bbox 2539 5281 2602 5322; x_wconf 90' lang='lat' dir='ltr'><strong>se</strong></span> <span class='ocrx_word' id='word_1_782' title='bbox 2645 5266 2880 5336; x_wconf 84' lang='lat' dir='ltr'><strong>perdere</strong></span> <span class='ocrx_word' id='word_1_783' title='bbox 2934 5266 3285 5324; x_wconf 87' lang='lat' dir='ltr'><strong>investituras</strong></span> <span class='ocrx_word' id='word_1_784' title='bbox 3341 5268 3745 5329; x_wconf 84' lang='lat' dir='ltr'><strong>Ecclesiarum.</strong></span> <span class='ocrx_word' id='word_1_785' title='bbox 3789 5298 3815 5324; x_wconf 70' lang='grc' dir='ltr'><strong>ιι</strong></span> 
     </span>
    </p>
   </div>
   <div class='ocr_carea' id='block_1_116' title="bbox 1889 5388 2599 5448">
    <p class='ocr_par' dir='ltr' id='par_1_116' title="bbox 1889 5388 2599 5448">
     <span class='ocr_line' id='line_1_116' title="bbox 1889 5388 2599 5448; baseline -0.003 -2"><span class='ocrx_word' id='word_1_786' title='bbox 1889 5389 2316 5446; x_wconf 82' lang='lat' dir='ltr'><strong>HENSCHENII</strong></span> <span class='ocrx_word' id='word_1_787' title='bbox 2371 5388 2599 5448; x_wconf 76' lang='lat' dir='ltr'><strong>NOTE.</strong></span> 
     </span>
    </p>
   </div>
   <div class='ocr_carea' id='block_1_117' title="bbox 552 5480 2084 5555">
    <p class='ocr_par' dir='ltr' id='par_1_117' title="bbox 552 5480 2084 5555">
     <span class='ocr_line' id='line_1_117' title="bbox 552 5480 2084 5555; baseline 0.005 -17"><span class='ocrx_word' id='word_1_788' title='bbox 552 5483 630 5552; x_wconf 89' lang='lat' dir='ltr'><strong>(a)</strong></span> <span class='ocrx_word' id='word_1_789' title='bbox 663 5481 768 5539; x_wconf 84' lang='lat' dir='ltr'><strong>Hic</strong></span> <span class='ocrx_word' id='word_1_790' title='bbox 799 5485 884 5539; x_wconf 91' lang='lat' dir='ltr'><strong>est</strong></span> <span class='ocrx_word' id='word_1_791' title='bbox 911 5482 1005 5539; x_wconf 92' lang='lat' dir='ltr'><strong>ille</strong></span> <span class='ocrx_word' id='word_1_792' title='bbox 1032 5480 1249 5555; x_wconf 77' lang='lat' dir='ltr'><strong>scriptis</strong></span> <span class='ocrx_word' id='word_1_793' title='bbox 1279 5490 1334 5540; x_wconf 91' lang='lat' dir='ltr'><strong>et</strong></span> <span class='ocrx_word' id='word_1_794' title='bbox 1360 5483 1643 5542; x_wconf 89' lang='lat' dir='ltr'><strong>virtutibus</strong></span> <span class='ocrx_word' id='word_1_795' title='bbox 1699 5486 2084 5546; x_wconf 88' lang='lat' dir='ltr'><strong>celeberrimus</strong></span> 
     </span>
    </p>
   </div>
   <div class='ocr_carea' id='block_1_118' title="bbox 476 5568 2084 5637">
    <p class='ocr_par' dir='ltr' id='par_1_118' title="bbox 476 5568 2084 5637">
     <span class='ocr_line' id='line_1_118' title="bbox 476 5568 2084 5637; baseline 0.002 -9"><span class='ocrx_word' id='word_1_796' title='bbox 476 5569 568 5628; x_wconf 85' lang='lat' dir='ltr'><strong>Ivo</strong></span> <span class='ocrx_word' id='word_1_797' title='bbox 602 5568 974 5637; x_wconf 86' lang='lat' dir='ltr'><strong>Carnotensis,</strong></span> <span class='ocrx_word' id='word_1_798' title='bbox 1016 5583 1159 5627; x_wconf 89' lang='lat' dir='ltr'><strong>anno</strong></span> <span class='ocrx_word' id='word_1_799' title='bbox 1188 5572 1326 5627; x_wconf 74' lang='grc'><strong>1092</strong></span> <span class='ocrx_word' id='word_1_800' title='bbox 1365 5571 1645 5628; x_wconf 90' lang='lat' dir='ltr'><strong>ordinatus</strong></span> <span class='ocrx_word' id='word_1_801' title='bbox 1675 5576 1728 5630; x_wconf 90' lang='lat' dir='ltr'><strong>et</strong></span> <span class='ocrx_word' id='word_1_802' title='bbox 1779 5577 1914 5631; x_wconf 78' lang='grc'>1116</span> <span class='ocrx_word' id='word_1_803' title='bbox 1973 5575 2084 5632; x_wconf 86' lang='lat' dir='ltr'><strong>vita</strong></span> 
     </span>
    </p>
   </div>
   <div class='ocr_carea' id='block_1_119' title="bbox 2195 5486 3819 5566">
    <p class='ocr_par' dir='ltr' id='par_1_119' title="bbox 2195 5486 3819 5566">
     <span class='ocr_line' id='line_1_119' title="bbox 2195 5486 3819 5566; baseline 0.008 -25"><span class='ocrx_word' id='word_1_804' title='bbox 2195 5486 2423 5555; x_wconf 88' lang='lat' dir='ltr'><strong>functus,</strong></span> <span class='ocrx_word' id='word_1_805' title='bbox 2447 5486 2604 5558; x_wconf 86' lang='lat' dir='ltr'><strong>cujus</strong></span> <span class='ocrx_word' id='word_1_806' title='bbox 2631 5487 2823 5545; x_wconf 87' lang='lat' dir='ltr'><strong>laudes</strong></span> <span class='ocrx_word' id='word_1_807' title='bbox 2849 5487 3092 5546; x_wconf 83' lang='lat' dir='ltr'><strong>breviter</strong></span> <span class='ocrx_word' id='word_1_808' title='bbox 3117 5489 3376 5547; x_wconf 85' lang='lat' dir='ltr'><strong>collectas</strong></span> <span class='ocrx_word' id='word_1_809' title='bbox 3402 5506 3470 5548; x_wconf 83' lang='lat' dir='ltr'><strong>ex</strong></span> <span class='ocrx_word' id='word_1_810' title='bbox 3525 5491 3819 5566; x_wconf 76' lang='lat' dir='ltr'><strong>Martyro-</strong></span> 
     </span>
    </p>
   </div>
   <div class='ocr_carea' id='block_1_120' title="bbox 2191 5575 3547 5652">
    <p class='ocr_par' dir='ltr' id='par_1_120' title="bbox 2191 5575 3547 5652">
     <span class='ocr_line' id='line_1_120' title="bbox 2191 5575 3547 5652; baseline 0.004 -20"><span class='ocrx_word' id='word_1_811' title='bbox 2191 5575 2340 5649; x_wconf 88' lang='lat' dir='ltr'><strong>logio</strong></span> <span class='ocrx_word' id='word_1_812' title='bbox 2371 5577 2682 5636; x_wconf 85' lang='lat' dir='ltr'><strong>Carnotensi</strong></span> <span class='ocrx_word' id='word_1_813' title='bbox 2713 5577 2882 5636; x_wconf 87' lang='lat' dir='ltr'><strong>habes</strong></span> <span class='ocrx_word' id='word_1_814' title='bbox 2911 5577 3053 5652; x_wconf 87' lang='lat' dir='ltr'><strong>apud</strong></span> <span class='ocrx_word' id='word_1_815' title='bbox 3083 5577 3547 5638; x_wconf 87' lang='lat' dir='ltr'><strong>Sammarthanos.</strong></span> 
     </span>
    </p>
   </div>
  </div>
