4044 6074
386 270 487 327 445

1475 273 1810 331 HISTORIA
1842 271 2212 333 NOVORUM.
2244 304 2315 318 —
2342 276 2468 333 LIB.
2505 279 2597 336 Ill.

3586 281 3688 336 446

382 394 532 453 Tunc
560 394 644 452 vir
672 397 1001 469 apostolicus
1029 396 1221 471 paucis
1252 400 1368 457 hac
1404 398 1566 456 verba
1595 397 1804 457 locutus
1850 409 1932 458 est
1964 419 1977 463 ;
2011 398 2067 460 Α
2096 417 2129 460 a
2158 419 2303 477 papa
2331 405 2580 476 obtinuit,
2611 407 2794 480 sicque
2824 408 3100 466 Romanos
3138 407 3274 465 ﬁnes
3301 406 3578 465 remeandi
3604 406 3695 465 via

385 506 407 533 α
444 484 500 541 Si
530 487 988 557 quemadmodum
1019 487 1174 556 dicis,
1230 504 1325 546 rex
1370 496 1491 545 tuus
1532 506 1632 546 nec
1677 506 1777 560 pro
1823 490 1999 563 regni‘

377 575 669 630 amissione
724 576 968 647 patietur
1016 578 1381 633 Ecclesiarum
1432 579 1753 636 donationes
1812 579 1979 635 amit-

380 669 510 732 tere,
541 665 681 719 scias
710 680 857 733 ecce,
891 682 1076 721 coram
1110 667 1226 722 Deo
1247 667 1393 736 dico,
1427 668 1553 738 quia
1594 684 1693 724 nec
1739 684 1840 739 pro
1888 684 1979 724 re-

378 751 688 823 demptione
736 753 820 809 sui
868 754 1062 825 capitis
1099 772 1192 810 eas
1235 755 1315 810 illi
1366 756 1661 827 aliquando
1706 757 1981 814 Paschalis

373 855 518 912 papa
545 840 763 914 impune
793 844 1063 914 permittet
1092 844 1312 900 habere.
1350 870 1374 892 ιι
1414 844 1537 914 Quo
1583 845 1824 901 auditum
1872 861 1978 916 op-

373 927 504 999 pido
535 930 873 987 conturbavit
901 931 1310 988 Willhelmum.
1343 932 1604 988 Romanis
1624 941 1805 989 autem
1835 933 1980 989 dicto

373 1016 643 1088 pontiﬁcis
686 1019 1108 1075 acclamantibus
1165 1029 1415 1091 optatum
1476 1022 1531 1077 in
1554 1037 1843 1078 commune
1901 1031 1981 1078 est

374 1114 640 1176 quatenus
669 1108 773 1163 ista
802 1109 1129 1166 existimatio
1180 1111 1372 1181 procul
1420 1110 1491 1165 ab
1547 1111 1800 1167 omnibus
1858 1109 1982 1168 ﬁliis

372 1194 633 1252 Ecclesia
664 1195 833 1269 ﬁeret,
886 1198 1240 1268 apostolicam
1290 1198 1546 1255 videlicet
1598 1199 1781 1256 sedem
1835 1217 1979 1256 nun-

372 1299 539 1356 quam
568 1284 831 1342 facturam
862 1287 1059 1343 ostium
1090 1287 1253 1343 ovilis
1281 1287 1383 1343 Dei
1430 1287 1627 1344 laicum
1659 1288 1977 1359 quemlibet.

373 1371 718 1447 Quapropter
745 1375 915 1442 aliud,
947 1375 1114 1445 aiunt,
1148 1376 1264 1449 regi
1308 1378 1702 1448 respondeatur
1749 1379 1898 1450 quod
1928 1385 1982 1435 et

373 1459 530 1517 illum
560 1479 621 1519 ac
651 1463 789 1519 bene
818 1465 1093 1535 agendum
1124 1465 1387 1536 paulatim
1409 1466 1740 1536 demulceat,
1765 1476 1819 1523 et
1846 1468 1979 1525 alio-

372 1566 492 1606 rum
518 1550 777 1608 otfensam
807 1552 1114 1624 principum
1151 1554 1351 1611 exinde
1404 1554 1580 1611 Roma
1634 1571 1742 1612 non
1790 1555 1977 1612 incur-

367 1648 471 1695 rat.
534 1642 723 1712 Itaque
784 1644 1147 1699 Romanorum
1203 1641 1430 1699 consilio
1486 1659 1630 1714 papa
1690 1645 1980 1703 nonnullos

2092 494 2339 550 mutavit.
2375 493 2549 564 Quem
2581 512 2702 564 nos,
2730 497 2894 553 ductu
2923 499 3180 571 gloriosae
3208 496 3482 554 Mathildis
3499 497 3577 567 (α)
3608 512 3695 551 co-

2090 583 2315 639 mitissa
2347 601 2442 655 per
2469 585 2634 655 Alpes
2664 587 2742 657 (b)
2772 595 2981 655 euntes,
3010 602 3135 644 cum
3172 587 3319 658 apud
3365 586 3697 642 Placentiam

2091 673 2504 743 reperissemus,
2533 683 2640 729 tam
2670 676 2916 731 velocem
2947 677 3181 732 hominis
3208 691 3428 732 cursum
3478 690 3509 729 a
3535 672 3697 730 beato

2090 760 2319 817 Nicolao
2350 762 2602 818 admirati
2631 763 2920 821 admodum
2970 782 3175 821 sumus.
3226 762 3485 837 Epistola
3530 778 3692 834 quam

2090 849 2204 920 regi
2236 849 2425 905 detulit
2454 857 2631 907 textus
2662 854 2753 909 hic
2783 861 2862 909 est
2893 872 2905 908 :

2167 958 2189 988 ε
2228 938 2499 994 Paschalis
2529 940 2843 1012 episcopus,
2893 957 3079 999 servus
3120 956 3403 999 servorum
3448 939 3570 1004 Dei,
3619 938 3693 996 il-

2090 1025 2241 1081 lustri
2272 1036 2326 1082 et
2352 1027 2595 1098 glorioso
2621 1029 2737 1101 regi
2778 1031 3100 1103 Anglorum,
3151 1030 3406 1099 Henrico,
3463 1028 3694 1085 salutem

2090 1123 2142 1170 et
2171 1116 2523 1185 apostolicam
2561 1117 3014 1175 benedictionem.

2167 1226 2189 1253 ει
2224 1206 2284 1259 In
2317 1205 2511 1262 litteris
2544 1221 2678 1279 quas
2703 1223 2876 1281 nuper
2904 1209 2973 1264 ad
3028 1223 3146 1279 nos,
3183 1232 3206 1260 υ
3267 1216 3380 1267 etc.
3450 1208 3576 1266 Vide
3630 1206 3694 1263 in

2090 1293 2375 1351 Paschali.

2163 1385 2243 1439 Ac
2271 1399 2393 1452 nos,
2426 1400 2535 1441 una
2566 1402 2690 1441 cum
2721 1386 3043 1444 Willhelmo
3070 1387 3410 1445 Placentinos
3437 1386 3571 1445 ﬁnes
3588 1386 3691 1443 de-

2091 1477 2348 1541 serentes,
2379 1476 2608 1545 protecti
2640 1474 2820 1547 gratia
2847 1476 2969 1544 Dei,
3001 1476 3119 1532 sani
3148 1484 3202 1532 et
3228 1476 3527 1533 incolumes
3582 1476 3693 1531 Lu-

2089 1560 2333 1632 gdunum
2362 1578 2531 1633 usque
2560 1565 2938 1634 pervenimus,
2971 1564 3141 1621 acturi
3169 1564 3283 1621 illic
3311 1564 3503 1621 festum
3541 1564 3690 1636 quod

2088 1648 2322 1705 instabat
2348 1651 2650 1709 Dominica
2679 1653 3008 1709 Nativitatis.
3043 1652 3158 1710 Sed
3186 1669 3310 1711 cum
3340 1652 3693 1710 Willhelmus

377 1736 633 1799 paternos
662 1746 814 1799 usus,
855 1730 1152 1787 interdictis
1203 1730 1427 1787 omnino
1476 1732 1835 1789 Ecclesiarum
1890 1734 1981 1790 in-
2012 1760 2065 1823 B
2097 1738 2389 1809 festinaret,
2411 1756 2512 1796 nec
2540 1741 2823 1798 nobiscum
2855 1742 3175 1816 Lugdunum
3204 1742 3461 1799 divertire
3504 1742 3693 1815 vellet,

376 1817 671 1887 vestituris,
704 1819 817 1891 regi
848 1818 1135 1888 concessit,
1170 1835 1401 1891 eumque
1428 1820 1497 1875 ab
1536 1823 1986 1880 excommunica-

375 1905 548 1975 tione,
612 1923 770 1979 quam
830 1918 1223 1965 antecessorem
1277 1925 1433 1965 suum
1494 1910 1687 1966 fecisse
1741 1913 1986 1984 superius

371 1994 628 2065 diximus,
660 1996 958 2053 immunem
988 1998 1057 2052 ad
1090 2006 1300 2068 tempus
1351 1999 1646 2067 constituit,
1700 2000 1779 2057 eis
1836 2002 1975 2057 dun-

375 2092 521 2140 taxat
550 2086 641 2156 qui
672 2103 703 2142 a
731 2101 895 2142 manu
925 2086 1093 2157 ipsius
1120 2086 1465 2144 investituras
1511 2098 1866 2160 susceperant
1894 2090 1980 2147 vel

372 2174 635 2246 deinceps
665 2175 1019 2247 susciperent,
1046 2192 1217 2248 usque
1247 2177 1314 2231 ad
1347 2177 1571 2248 dignam
1618 2178 1748 2233 tanti
1794 2188 1980 2236 reatus

370 2264 816 2332 satisfactionem,
847 2281 950 2336 pro
976 2267 1243 2321 servanda
1290 2265 1648 2322 ecclesiastici
1691 2266 1979 2339 disciplina

372 2353 588 2426 rigoris,
623 2353 724 2409 sub
753 2353 1328 2411 excommunicationis
1356 2363 1546 2411 catena
1577 2356 1820 2411 retentis.
1864 2357 1975 2412 Re-

368 2441 462 2513 gia
490 2442 656 2515 igitur
692 2456 853 2499 causa
908 2460 1028 2514 qua
1078 2443 1363 2516 agebatur,
1422 2445 1515 2499 tali
1566 2444 1731 2501 modo
1784 2445 1975 2503 Roma

369 2537 491 2586 acta
520 2531 874 2587 determinata
919 2540 1015 2588 est.
1069 2532 1507 2589 Satisfactionem
1560 2548 1688 2588 sane
1745 2533 1973 2591 investi-

367 2625 550 2676 torum
578 2636 819 2677 censura
849 2635 914 2679 ac
942 2620 1282 2693 dispositioni
1317 2621 1561 2677 Anselmi
1613 2639 1761 2694 papa
1817 2623 1972 2679 dele-

363 2708 532 2780 gavit.

433 2797 558 2853 Post
586 2799 706 2855 hac
733 2798 1036 2869 Anselmus,
1075 2799 1210 2854 actis
1266 2815 1391 2855 cum
1448 2798 1701 2870 pontiﬁce
1748 2800 1861 2857 suis
1917 2809 1971 2857 et

363 2884 595 2942 aliorum
626 2888 696 2944 de
726 2887 1041 2945 Christiana
1067 2887 1345 2961 religionis
1388 2888 1731 2945 observantia
1778 2891 1967 2946 multi-

359 2974 599 3046 plicibus
630 2977 823 3042 causis,
855 2993 977 3050 qua
1034 2985 1155 3047 post
1208 2976 1508 3048 principale
1554 2977 1831 3050 negotium
1882 2979 1965 3034 sui

2094 1828 2395 1898 separando
2439 1845 2499 1885 se
2554 1844 2587 1885 a
2643 1830 2816 1887 Patris
2864 1832 3143 1900 comitatu,
3173 1831 3308 1888 dixit
3337 1832 3389 1889 ei
3422 1849 3436 1887 :
3467 1853 3490 1880 α
3525 1832 3691 1887 Puta-

2092 1914 2220 1972 bam
2252 1918 2441 1974 Roma
2471 1932 2697 1975 causam
2727 1929 2963 1977 nostram
2993 1920 3098 1977 alio
3154 1930 3347 1979 eventu
3393 1936 3689 1993 processu-

2090 2022 2227 2077 ram,
2262 2015 2315 2062 et
2341 2006 2545 2065 idcirco
2573 2008 2756 2065 distuli
2784 2025 2849 2066 ea
2906 2027 3028 2082 qua
3082 2026 3180 2067 rex
3236 2010 3487 2067 dominus
3538 2026 3693 2066 meus

2094 2094 2186 2150 tibi
2215 2095 2447 2153 dicenda
2501 2098 2779 2154 mandavit
2833 2099 3115 2171 hucusque
3167 2101 3476 2171 propalare.
3532 2099 3691 2156 Nunc

2090 2188 2274 2236 autem
2303 2182 2448 2251 quia,
2477 2183 2644 2239 citato
2674 2199 2886 2255 gressu,
2919 2183 2989 2239 ad
3027 2200 3150 2240 eum
3199 2184 3376 2240 redire
3430 2182 3687 2255 dispono,

2089 2283 2213 2337 qua
2241 2269 2466 2325 mandat
2490 2272 2719 2327 ulterius
2743 2273 3079 2329 abscondere
3101 2274 3251 2330 nolo.
3282 2272 3425 2328 Dicit
3472 2271 3601 2344 quia
3645 2273 3692 2330 si

2087 2356 2171 2413 sic
2200 2358 2270 2412 ad
2301 2374 2425 2413 eum
2455 2359 2698 2426 redieris,
2729 2369 2786 2415 ut
2814 2362 2977 2417 talem
3008 2369 3060 2416 te
3088 2362 3166 2416 illi
3192 2378 3291 2433 per
3308 2361 3493 2419 omnia
3522 2360 3688 2418 facias

2087 2446 2273 2517 quales
2301 2448 2742 2505 antecessoribus
2771 2449 2883 2505 suis
2911 2457 3281 2507 antecessores
3308 2449 3381 2505 tui
3410 2466 3468 2506 se
3496 2450 3689 2506 fecisse

2086 2543 2397 2604 noscuntur,
2430 2542 2559 2593 tunc
2585 2536 2778 2593 libenti
2809 2538 2991 2595 animo
3022 2547 3169 2595 tuum
3197 2538 3252 2593 in
3292 2538 3546 2612 Angliam
3591 2553 3683 2595 re-

2082 2622 2257 2678 ditum
2296 2625 2441 2681 volet
2470 2633 2524 2680 et
2552 2626 2927 2698 amplectetur.
2965 2651 2989 2676 ιι
3023 2628 3119 2684 Cui
3150 2628 3307 2684 Pater
3346 2642 3359 2683 :
3395 2649 3419 2676 α
3450 2628 3532 2684 Ne
3570 2642 3684 2684 am-

2080 2711 2227 2783 plius
2255 2712 2445 2768 dices?
2473 2746 2546 2755 —
2573 2714 2831 2771 Prudenti
2860 2716 3073 2788 loquor,
3125 2716 3217 2771 ait.
3250 2742 3272 2766 ο
3334 2716 3452 2773 Hac
3506 2716 3575 2772 de
3622 2732 3682 2774 re

2080 2799 2219 2855 nihil
2249 2802 2485 2872 amplius
2504 2802 2673 2859 dicto.
2703 2804 2889 2861 Atille
2921 2823 2934 2860 :
2973 2827 2996 2854 α
3031 2804 3161 2862 Scio
3187 2804 3316 2876 quid
3344 2805 3492 2862 dicas
3519 2813 3682 2877 atque

2076 2888 2347 2963 intelligo.
2385 2913 2408 2940 ιι
2441 2892 2615 2949 Divisi
2644 2908 2776 2966 ergo
2805 2901 2927 2950 sunt
2954 2894 3009 2950 in
3036 2893 3160 2950 istis
3189 2894 3259 2949 ab
3314 2894 3566 2964 invicem,
3625 2903 3681 2952 et

2076 2978 2372 3034 Anselmus
2401 2995 2619 3036 summo
2646 2997 2769 3037 cum
2799 2983 3007 3039 honore
3026 2991 3079 3038 et
3099 2982 3301 3055 gaudio
3324 2998 3355 3038 a
3373 2982 3679 3040 venerabili

358 3061 564 3119 itineris
593 3080 703 3121 non
741 3064 1141 3136 vilipendenda
1197 3080 1379 3122 causa
1440 3065 1672 3134 fuerunt,
1731 3067 1964 3122 reditum
1995 3118 2042 3142 Π
2074 3067 2305 3138 Hugone
2336 3069 2682 3139 Lugduneusi
2710 3070 3121 3142 archiepiscopo
3152 3079 3205 3127 et
3233 3078 3345 3128 toto
3382 3072 3532 3128 clero
3583 3088 3679 3128 su-

358 3169 515 3207 suum
546 3154 848 3223 apostolica
876 3154 1030 3225 petiit
1057 3153 1441 3210 benedictione
1474 3154 1633 3210 tueri.
1653 3154 1746 3209 Cui
1767 3170 1915 3226 papa
1947 3173 1963 3213 :

363 3264 385 3289 α
417 3240 745 3311 Benedictio,
779 3258 941 3313 quam
970 3241 1265 3307 desideras,
1299 3242 1373 3296 ita
1425 3249 1475 3297 te
1503 3243 1786 3298 comitetur
1835 3244 1963 3298 ubi-

358 3346 460 3400 que
488 3330 626 3386 sicut
654 3331 883 3402 ipsemet
911 3339 1088 3403 optas.
1122 3331 1190 3386 Et
1215 3347 1283 3386 ne
1315 3348 1347 3385 a
1376 3330 1654 3386 liminibus
1683 3338 1963 3401 pastorum

356 3418 628 3475 Ecclesia
653 3420 889 3476 videaris
905 3420 1161 3475 immunis
1182 3419 1499 3489 abscedere,
1516 3436 1581 3475 en
1602 3420 1725 3476 vice
1743 3420 1963 3476 illorum

358 3507 451 3562 tibi
480 3509 700 3578 scripta,
735 3525 850 3564 sua
879 3508 1212 3565 auctoritatis
1238 3508 1422 3582 sigillo
1464 3508 1738 3579 roborata,
1796 3524 1961 3566 manu

353 3604 538 3653 nostra
565 3597 912 3668 porrigimus,
946 3605 998 3653 et
1029 3613 1093 3653 ea
1120 3613 1242 3668 qua
1272 3597 1548 3654 continent
1595 3596 1697 3652 sub
1742 3596 1961 3654 illorum

353 3686 664 3742 testimonio
694 3686 790 3741 tibi
819 3695 872 3743 et
922 3685 1325 3744 successoribus
1372 3687 1474 3742 tuis
1532 3686 1587 3741 in
1641 3695 1960 3759 perpetuum

352 3773 754 3831 conﬁrmamus.
798 3801 823 3823 »
855 3775 1008 3832 Datis
1056 3790 1188 3848 ergo
1242 3775 1457 3845 litteris,
1516 3776 1792 3832 osculatus
1848 3777 1957 3832 Pa-

356 3870 510 3932 trem,
543 3872 599 3919 et
625 3879 727 3920 nos
756 3865 847 3937 qui
879 3879 1003 3920 cum
1032 3878 1099 3920 eo
1128 3877 1367 3933 eramus,
1399 3864 1516 3919 Deo
1543 3880 1643 3920 nos
1670 3878 1955 3921 commen-

351 3951 501 4009 davit
529 3969 592 4010 ac
621 3953 698 4011 sic
725 3955 782 4010 in
809 3967 947 4025 pace
977 3950 1199 4008 dimisit.
1227 3951 1550 4009 Litterarum
1580 3960 1761 4009 autem
1791 3955 1959 4011 series

352 4042 470 4098 hac
498 4051 596 4098 est.

422 4154 445 4181 σ(
486 4130 755 4188 Paschalis
782 4132 1087 4204 episcopus,
1119 4146 1311 4188 servus
1338 4145 1622 4187 servorum
1677 4130 1796 4200 Dei,
1854 4147 1956 4188 ve-

349 4220 576 4276 nerabili
626 4220 780 4276 fratri
807 4220 1083 4288 Auselmo,
1112 4219 1800 4293 CantuariensiJepiscopo,
1860 4237 1954 4277 sa—

346 4309 519 4364 lutem
551 4317 606 4365 et
633 4309 988 4380 apostolicam
1020 4308 1478 4365 benedictionem.

418 4415 444 4450 ι
480 4398 854 4453 Fraternitatis
885 4407 990 4453 tua
1018 4396 1489 4469 postulationibus,
1534 4418 1556 4445 υ
1592 4406 1697 4454 etc.
1738 4398 1865 4455 Vide
1890 4399 1952 4454 in

349 4488 619 4544 Paschali
648 4486 724 4543 ΙΙ.

419 4576 592 4632 Nobis
648 4576 831 4646 itaque
885 4576 1058 4631 Roma
1113 4573 1544 4642 discedentibus,
1603 4573 1956 4631 Willhelmus

340 4665 623 4732 remansit,
656 4680 900 4720 asserens
945 4679 1062 4719 sese
1109 4671 1235 4720 voto
1292 4662 1672 4719 constrinxisse
1731 4664 1953 4718 beatum
1990 4736 1997 4741 ι

336 4754 625 4809 Nicolaum
655 4753 827 4821 adire,
861 4769 918 4808 re
947 4760 1128 4808 autem
1184 4767 1315 4807 vera
1371 4753 1562 4808 Roma
1625 4761 1949 4820 moraturus,

338 4851 389 4896 et
418 4844 462 4896 si
492 4849 696 4911 posset,
725 4842 981 4896 Anselmo
1009 4841 1261 4908 absente,
1293 4840 1440 4911 quod
1471 4856 1536 4896 eo
1565 4849 1830 4913 praesente
1861 4857 1952 4897 nec

334 4930 601 5001 quiverat,
634 4930 929 4986 antistitem
977 4945 1010 4986 a
1065 4930 1190 4986 data
1246 4929 1517 4985 sententia
1577 4929 1942 4986 traducturus.

335 5017 494 5087 Quod
526 5019 652 5090 quia
694 5034 1034 5092 nequaquam
1084 5019 1265 5075 facere
1320 5019 1513 5090 potuit,
1574 5018 1950 5090 persuasorias

335 5107 547 5165 litteras
575 5110 695 5181 regi
724 5107 1070 5176 deferendas,
1106 5123 1175 5163 ne
1230 5106 1367 5163 nihil
1423 5106 1697 5163 videretur
1749 5108 1948 5179 egisse,

1994 3118 2044 3182 C

2078 3164 2316 3225 sceptus,
2350 3157 2402 3210 in
2435 3159 2701 3228 majorem
2732 3160 3019 3216 ecclesiam
3047 3160 3238 3216 ductus
3265 3165 3366 3226 est,
3396 3160 3582 3230 ibique
3622 3168 3681 3215 ut

2075 3244 2235 3298 Pater
2264 3253 2316 3299 et
2345 3246 2603 3301 dominus
2633 3247 2739 3303 loci
2769 3248 2838 3302 ab
2869 3248 3121 3303 omnibus
3144 3248 3381 3303 habitus.
3440 3248 3677 3305 Directis

2075 3331 2277 3388 interea
2307 3335 2512 3388 nuntiis
2540 3350 2603 3390 ac
2629 3335 2823 3391 litteris
2880 3336 2951 3392 ad
3009 3351 3195 3407 regem
3251 3336 3485 3408 Anglia,
3537 3336 3678 3410 gesti

2072 3422 2278 3493 negotii
2306 3438 2573 3478 summam
2606 3424 2857 3494 innotuit,
2888 3432 2939 3480 et
2969 3424 3096 3496 quid
3134 3439 3168 3480 a
3223 3425 3549 3480 Willhelmo
3608 3441 3677 3481 ex

2068 3518 2225 3581 parte
2247 3510 2393 3566 illius
2423 3513 2710 3585 acceperit,
2754 3513 2892 3568 inter
2937 3513 3043 3569 alia
3095 3528 3206 3570 non
3261 3510 3476 3569 celavit.
3536 3512 3671 3582 Qua

2068 3598 2264 3654 littera
2295 3607 2417 3656 sunt
2444 3601 2530 3655 ha
2556 3620 2568 3656 :

2145 3710 2167 3736 α
2204 3687 2313 3743 Suo
2340 3689 2643 3745 reverenda
2696 3688 2919 3747 domino
2973 3689 3229 3760 Henrico,
3286 3690 3409 3763 regi
3456 3691 3673 3764 Anglo-

2066 3792 2206 3846 rum,
2238 3777 2529 3833 Anselmus
2558 3778 2964 3837 Cantuariensis
3002 3779 3463 3854 archiepiscopus,
3508 3777 3673 3838 ﬁdele

2063 3865 2349 3923 servitium
2380 3882 2501 3922 cum
2529 3867 2886 3923 orationibus.

2140 3976 2163 4003 ι
2198 3953 2463 4023 Quamvis
2486 3970 2587 4026 per
2612 3958 2992 4013 Willhelmum
3018 3957 3087 4013 de
3115 3956 3414 4014 Varelwast
3457 3972 3669 4032 cogno-

2064 4043 2230 4098 scatis
2258 4042 2388 4114 quid
2419 4044 2609 4099 Romae
2659 4045 2970 4115 fecerimus,
3019 4051 3201 4101 tamen
3257 4046 3402 4115 quod
3454 4045 3522 4101 ad
3580 4062 3670 4103 me

2064 4129 2297 4202 pertinet
2325 4131 2567 4187 breviter
2601 4134 2905 4189 ostendam.
2964 4134 3194 4190 Romam
3248 4135 3391 4203 veni,
3448 4149 3668 4191 causam

2063 4235 2164 4291 pro
2195 4236 2301 4292 qua
2331 4236 2608 4289 veneram,
2640 4221 2862 4278 domino
2894 4238 3049 4295 papa
3079 4223 3330 4293 exposui.
3370 4222 3670 4294 Respondit

2063 4325 2122 4364 se
2144 4325 2483 4381 nequaquam
2514 4308 2658 4365 velle
2688 4310 2970 4366 dissentire
3000 4328 3032 4366 a
3084 4311 3292 4367 statutis
3348 4319 3664 4368 antecesso-

2068 4414 2188 4452 rum
2223 4413 2467 4464 suorum,
2502 4406 2556 4453 et
2584 4397 2805 4469 insuper
2850 4399 3107 4471 pracepit
3160 4399 3292 4455 mihi
3348 4408 3407 4455 ut
3457 4399 3664 4455 nullam

1982 4460 2037 4521 D
2066 4485 2325 4541 haberem
2356 4487 2795 4542 communionem
2826 4504 2948 4543 cum
2980 4487 3089 4542 illis
3119 4486 3209 4560 qui
3239 4488 3308 4543 de
3352 4502 3518 4542 manu
3574 4495 3667 4544 tua

2063 4574 2416 4630 investituras
2444 4584 2769 4647 acceperunt
2796 4576 3165 4634 Ecclesiarum
3193 4585 3315 4647 post
3344 4577 3503 4647 hujus
3528 4591 3663 4648 pro-

2063 4662 2339 4718 hibitionis
2393 4664 2671 4733 notitiam,
2729 4665 2833 4721 nisi
2888 4665 3257 4737 pauitantiam
3307 4672 3553 4740 agerent,
3611 4672 3665 4722 et

2062 4752 2178 4821 sine
2208 4768 2305 4822 spe
2333 4753 2760 4823 recuperationis
2788 4756 2936 4826 quod
2972 4762 3289 4827 acceperant
3329 4756 3659 4825 desererent,

2060 4856 2239 4913 neque
2267 4854 2391 4896 cum
2422 4841 2713 4914 episcopis,
2747 4842 2838 4914 qui
2870 4844 3004 4899 tales
3031 4853 3436 4913 consecrarunt,
3468 4843 3572 4901 nisi
3590 4846 3660 4901 ad

2060 4929 2376 5000 apostolica
2407 4931 2556 4985 sedis
2581 4931 2843 5000 judicium
2875 4948 2932 4989 se
2986 4941 3399 5004 prasentarent.
3457 4935 3657 4991 Horum

2059 5019 2300 5075 omnium
2333 5019 2484 5075 testis
2513 5036 2631 5075 esse
2659 5027 2835 5091 potest
2863 5021 3177 5092 pradictus.
3207 5022 3582 5092 Willhelmus,
3615 5025 3660 5079 si

2060 5107 2194 5164 vult.
2229 5107 2336 5176 Qui
2365 5108 2737 5180 Willhelmus,
2770 5111 2987 5183 quando
3016 5111 3084 5166 ab
3115 5111 3347 5171 invicem
3393 5113 3660 5170 discessi-

1668 5257 2100 5316 HENSCHENII
2151 5257 2359 5317 ΝΟΤιΕ
2371 5298 2384 5314 .

409 5383 492 5455 (a)
522 5384 653 5455 Hac
683 5391 765 5440 est
792 5384 1022 5442 celebris
1048 5382 1326 5438 comitissa
1355 5383 1650 5455 Matbildis,
1683 5384 1801 5439 sedi
1820 5399 1951 5455 apo-

333 5454 552 5512 stolica
583 5454 904 5511 ﬁdelissima
929 5474 940 5518 ;
975 5455 1125 5524 cujus
1157 5455 1329 5510 Vitam
1362 5454 1549 5511 ltalice
1579 5455 1753 5511 edidit
1784 5454 1949 5513 Fran-

2052 5384 2296 5455 episcopi
2327 5384 2601 5442 Lucensis.

2120 5457 2331 5533 (eit’er
2359 5459 2542 5531 Alpes,
2577 5464 2633 5514 ut
2664 5473 2814 5533 sape
2842 5455 2995 5527 alibi,
3025 5474 3183 5517 mons
3223 5456 3537 5531 Apenninus
3566 5456 3654 5514 in-

333 5526 510 5583 ciscus
538 5528 708 5602 Maria
740 5526 1099 5602 Florentinius
1125 5543 1177 5602 _:_
1197 5526 1568 5602 denquannos
1621 5543 1769 5602 sape
1824 5528 1949 5602 egi-3
2049 5526 2323 5602 telligitur.

333 5614 474 5669 mus,
508 5603 562 5654 et
591 5598 927 5671 potissimum
960 5612 1098 5654 xvnt
1125 5596 1300 5653 Martii
1332 5598 1401 5654 ad
1428 5597 1601 5655 Vitam
1621 5598 1679 5656 S.
1702 5596 1946 5656 Anselini
