4044 6074
449 265 554 324 “7

1469 258 1787 317 EADMERI
1818 257 2371 317 CANTUARIENSIS
2401 260 2718 319 MONACHI

3646 268 3748 325 “8

451 404 591 460 mus,
623 403 689 446 ex
719 392 904 446 vestra
929 394 1078 461 parte
1109 401 1542 445 commemorans
1573 400 1815 441 amorem
1847 393 1900 441 et
1951 383 2042 439 be-
2071 383 2129 445 A
2157 388 2296 448 detis
2324 391 2675 460 voluntatem,
2707 399 2891 449 utrum
2938 391 3037 463 sic,
3096 391 3556 468 quemadmodum
3613 390 3748 462 dixi,

451 479 772 552 Dignitatem
801 495 962 553 quam
993 494 1210 549 semper
1240 493 1375 549 erga
1430 491 1514 531 me
1569 474 1853 543 habuistis,
1913 474 2048 528 sub-

455 570 663 626 monuit
691 587 778 626 me
807 570 944 624 sicut
974 568 1448 638 archiepiscopum
1490 574 1728 621 vestrum
1783 573 1838 619 ut
1890 564 2049 620 talem

453 675 544 714 me
575 660 807 715 facerem
835 666 1098 730 quatenus
1123 657 1200 712 sic
1244 657 1498 710 intrarem
1552 655 1604 709 in
1660 654 1935 726 Angliam,
1994 661 2052 708 ut

455 748 535 804 sic
565 764 684 804 esse
715 763 930 818 possem
961 747 1244 803 vobiscum
1276 746 1414 800 sicut
1446 745 1542 799 fuit
1565 752 1879 799 antecessor
1903 759 2053 798 meus

455 852 578 891 cum
608 844 757 908 patre
788 843 987 904 vestro,
1021 843 1072 891 et
1102 851 1199 890 vos
1228 852 1314 890 me
1344 834 1540 890 eodem
1572 836 1776 889 honore
1820 831 2051 888 etliber-

459 931 564 980 tate
595 925 894 981 tractaretis
925 939 1032 995 qua
1053 934 1209 995 pater
1237 932 1419 979 vester
1447 931 1846 980 antecessorem
1869 936 2052 976 meum

453 1015 736 1072 tractavit.
772 1015 832 1070 In
862 1013 1062 1086 quibus
1108 1013 1289 1069 verbis
1339 1012 1577 1067 intellexi
1622 1012 1750 1084 quia
1806 1011 1908 1065 nisi
1966 1025 2053 1064 me

456 1101 616 1158 talem
650 1103 903 1173 facerem,
937 1103 1170 1159 reditum
1202 1118 1381 1157 meum
1413 1101 1468 1156 in
1497 1101 1747 1173 Angliam
1778 1116 1887 1155 non
1932 1098 2052 1155 vela

457 1191 596 1248 letis.
626 1192 706 1248 De
735 1207 921 1248 amore
951 1193 1174 1262 quidem
1205 1200 1257 1247 et
1285 1191 1621 1263 benignitate
1669 1189 1875 1262 gratias
1925 1204 2052 1262 ago.

461 1281 530 1336 Ut
558 1287 742 1336 autem
771 1281 844 1336 ita
876 1280 979 1336 sim
1008 1281 1292 1336 vobiscum
1343 1281 1485 1335 sicut
1544 1287 1854 1334 antecessor
1903 1293 2057 1333 meus

465 1368 565 1423 fuit
595 1386 714 1425 cum
745 1378 897 1440 patre
928 1378 1128 1438 vestro,
1161 1370 1359 1438 facere,
1385 1384 1492 1424 non
1521 1384 1765 1441 possum,
1798 1367 1924 1438 quia
1959 1381 2060 1421 nec

470 1457 630 1514 vobis
657 1458 978 1531 homagium
1011 1459 1209 1527 facere,
1241 1473 1338 1514 nec
1369 1457 1757 1529 accipientibus
1792 1456 1860 1512 de
1898 1471 2059 1511 manu

466 1555 642 1605 vestra
672 1547 1011 1604 investituras
1051 1547 1415 1603 Ecclesiarum
1464 1553 1685 1618 prepter
1739 1545 2058 1618 praedictam

463 1637 884 1708 prohibitionem
915 1653 1002 1693 me
1033 1636 1286 1693 audiente
1313 1635 1509 1691 factam
1539 1635 1714 1692 audeo
1751 1633 2058 1691 communi-

463 1739 610 1784 care.
645 1727 800 1784 Unde
820 1740 1019 1798 precor
1045 1729 1102 1782 ut
1128 1724 1263 1782 mihi
1289 1733 1545 1794 vestram,
1577 1725 1621 1780 si
1660 1724 1860 1797 placet,
1893 1738 2051 1778 man—
2081 1713 2136 1779 Β

462 1901 608 1910 ——.-—-

615 1899 1002 1910 .———_——-——-—

1005 1899 1359 1909 .__——————

2157 482 2368 552 possim
2399 483 2452 536 in
2481 499 2614 555 pace
2644 491 2822 538 vestra
2847 491 2900 538 et
2929 481 3086 539 officii
3117 483 3223 538 mei
3270 486 3536 555 potestate
3578 481 3757 538 redire

2161 571 2213 624 in
2239 572 2509 643 Angliam.
2546 573 2773 627 Paratus
2803 573 2946 627 enim
2980 589 3098 627 sum
3129 581 3182 627 et
3223 573 3381 628 vobis
3423 580 3475 628 et
3531 570 3754 644 populo,

2161 661 2345 716 divina
2375 661 2503 716 mihi
2537 661 2894 734 dispositione
2924 661 3234 730 commisso,
3269 661 3431 717 oﬁicii
3453 660 3560 716 mei
3586 659 3758 716 servi-

2163 749 2294 804 tium
2322 767 2422 822 pro
2453 751 2663 806 viribus
2694 760 2746 806 et
2778 751 3004 806 scientia
3052 766 3190 818 mea,
3249 758 3461 806 servata
3516 749 3758 821 regulari

2160 840 2472 909 obedentia,
2507 839 2742 896 ﬁdeliter
2769 840 3050 895 exhibere.
3084 838 3241 908 Quod
3271 838 3317 892 si
3335 837 3495 894 vobis
3515 852 3622 892 non
3644 836 3758 908 pla-

2161 930 2356 1000 cuerit,
2391 939 2517 1000 puto
2548 929 2693 1002 quia,
2727 929 2772 984 si
2823 929 2966 1001 quod
3017 929 3316 983 animarum
3373 926 3756 982 detrimentum

2161 1019 2290 1074 inde
2317 1018 2624 1090 contigerit,
2659 1033 2780 1072 mea
2836 1015 3002 1087 culpa
3055 1031 3163 1072 non
3221 1015 3338 1071 erit.
3398 1013 3760 1085 Omnipotens

2163 1109 2308 1164 Deus
2334 1109 2414 1164 sic
2441 1114 2634 1180 regnet
2661 1105 2715 1160 in
2743 1105 2905 1162 corde
2934 1110 3116 1161 vestro
3160 1111 3215 1161 ut
3270 1119 3368 1160 vos
3420 1119 3520 1175 per
3575 1103 3762 1160 omnia

2163 1197 2403 1270 regnetis
2429 1197 2482 1252 in
2511 1196 2691 1268 gratia
2719 1195 2854 1265 ejus.
2880 1217 2901 1243 η

2237 1288 2332 1343 His
2362 1288 2433 1343 ita
2462 1286 2654 1358 gestis,
2686 1285 2822 1357 ipse,
2841 1285 3029 1356 paucis
3059 1284 3128 1340 de
3158 1283 3266 1340 suis
3294 1298 3479 1339 secum
3509 1281 3758 1347 retentis,

2165 1377 2413 1450 Lugduni
2444 1375 2647 1432 resedit
2675 1375 2729 1430 in
2759 1391 2968 1430 summa
2997 1390 3132 1444 pace
3161 1382 3213 1430 et
3252 1374 3433 1444 quiete
3484 1370 3761 1444 propriam

2167 1467 2410 1540 pradicti
2442 1464 2710 1537 pontiﬁcis
2737 1464 2956 1520 domum
2985 1463 3360 1533 inhabitando,
3393 1461 3611 1516 nuntios
3637 1475 3767 1515 suos

2167 1566 2506 1630 exspectans,
2539 1564 2592 1610 et
2620 1570 2688 1610 ne
2717 1555 2787 1609 ad
2816 1555 3003 1610 horam
3035 1553 3259 1624 quidem
3288 1551 3356 1608 ab
3386 1550 3452 1606 iis
3488 1565 3610 1622 qua:
3662 1545 3765 1604 Dei

2167 1655 2290 1704 sunt
2319 1646 2491 1704 verbo
2519 1660 2578 1703 se
2607 1643 2695 1702 vel
2723 1652 2845 1700 actu
2873 1644 3158 1716 elongans.

1649 2071 1981 2167 LIBER
2019 2065 2595 2186 QUARTUS.

536 2499 711 2572 Igitur
737 2497 830 2554 ubi
855 2497 1210 2555 Willhelmus
1247 2496 1504 2570 Angliam
1535 2496 1800 2567 pervenit,
1831 2503 1884 2551 et
1925 2495 2064 2567 gesti

466 2587 671 2660 negotii
699 2587 892 2643 seriem
922 2588 1154 2642 Henrico
1183 2587 1300 2658 regi
1331 2587 1608 2658 eXposuit,
1641 2602 1735 2640 rex
1766 2584 1909 2640 illico
1940 2601 2063 2640 om-

467 2691 562 2730 nes
588 2676 834 2731 redditus
881 2676 1380 2746 archiepiscOpatus
1428 2675 1829 2748 Cantuariensis
1881 2674 2067 2729 insuos

467 2779 594 2818 usus
623 2764 795 2835 redigi
827 2765 1111 2834 praecepit.
1146 2763 1285 2817 Cura
1339 2771 1517 2817 tamen
1576 2764 1821 2832 ipsorum
1873 2763 2064 2817 reddi-

467 2859 622 2908 tuum
675 2851 1104 2924 colligendorum
1159 2851 1372 2907 duobus
1427 2851 1740 2906 hominibus
1796 2850 2066 2921 archiepi-

467 2940 620 3012 scopi
652 2941 722 2996 ab
752 2939 878 3010 ipso
908 2957 1040 3014 rege
1070 2941 1324 3012 delegata
1353 2948 1452 3008 est,
1484 2956 1548 2994 ea
1579 2939 1832 2995 videlicet
1869 2948 1927 2994 ut
1968 2940 2066 2994 abs

2175 2498 2270 2564 pto
2301 2494 2556 2548 mandata
2586 2500 2726 2559 sunt,
2759 2492 2883 2547 huic
2912 2492 3062 2562 operi
3092 2488 3286 2561 paucis
3317 2486 3515 2558 inﬁgo.
3583 2481 3770 2539 Scribi

2175 2583 2356 2653 itaque
2386 2583 2436 2638 ei
2467 2582 2690 2652 quidam
2717 2598 2906 2637 servus
2935 2581 3034 2635 Dei
3066 2581 3161 2634 sic.

2250 2696 2273 2720 u
2308 2673 2540 2727 Domino
2585 2670 2901 2740 venerabili,
2960 2677 3014 2724 et
3067 2674 3254 2722 sancto
3311 2664 3452 2718 Patri
3509 2661 3770 2718 Anselmo

2177 2759 3002 2830 Cantuariensiarchiepisc0po,
3060 2757 3203 2812 illius
3257 2752 3656 2819 devotissimus,
3717 2756 3772 2804 et

2175 2850 2351 2907 omnis
2382 2849 2602 2904 familiae
2634 2848 2848 2904 Domini
2879 2845 3132 2912 famulus,
3165 2845 3221 2898 in
3259 2843 3489 2898 Domino
3511 2839 3765 2895 salutem.

2251 2963 2272 2987 α
2308 2939 2658 2993 Considerata
2688 2937 2791 2992 loci
2819 2937 2993 2992 nostri
3026 2943 3077 2988 et
3105 2949 3293 2988 sensus
3321 2931 3522 3002 inopia,
3579 2926 3772 2983 merito

469 3046 527 3085 re
557 3031 780 3086 credere
808 3045 915 3084 non
944 3037 1027 3085 est
1083 3029 1540 3098 consideratione,
1603 3041 1674 3084 ea
1729 3027 1951 3100 pietate,
2007 3036 2065 3082 ut
2093 3025 2142 3090 C
2175 3027 2477 3084 decrevisse
2508 3025 2797 3095 potuerim,
2836 3026 2998 3080 Pater
3025 3031 3230 3089 sancte,
3275 3037 3344 3076 ne
3400 3017 3580 3074 verbis
3632 3015 3770 3071 sim-

469 3126 616 3174 tanto
659 3117 970 3189 diligentius
1015 3117 1135 3173 aliis
1188 3117 1496 3172 hominibus
1553 3125 1606 3172 et
1662 3117 1828 3171 rebus
1883 3116 2062 3187 ipsius

469 3207 676 3263 domini
709 3209 788 3262 sui
815 3207 1051 3262 studium
1085 3206 1458 3277 impenderent
1491 3222 1556 3261 ne
1612 3214 1960 3271 vexarentur,
1992 3221 2063 3260 ne

467 3297 929 3368 opprimerentur,
962 3312 1030 3351 ne
1061 3295 1438 3366 diriperentur,
1472 3302 1672 3367 quanto
1716 3293 1911 3365 majori
1954 3293 2062 3350 ﬁde

465 3401 528 3440 ac
555 3394 896 3440 sacramento
925 3401 1019 3440 eos
1048 3385 1124 3439 illi
1149 3385 1394 3439 astrictos
1455 3385 1624 3439 fuisse
1683 3383 2065 3454 cognosceba-

469 3483 571 3528 tur.
612 3475 812 3530 Verum
870 3475 984 3528 sive
1040 3474 1478 3543 obtemperatum
1536 3482 1644 3527 tam
1702 3471 2062 3528 considerata:

466 3564 653 3635 pietati
676 3571 728 3617 et
757 3563 862 3632 piae
891 3562 1308 3618 considerationi
1331 3563 1397 3615 sit
1426 3561 1495 3616 ah
1525 3561 1654 3628 illis,
1685 3561 1804 3616 sive
1833 3576 1943 3615 non
1971 3561 2061 3626 sit,

467 3652 594 3706 dum
627 3667 736 3706 non
767 3651 998 3705 multum
1026 3666 1149 3704 mea
1180 3650 1406 3715 intersit,
1441 3665 1579 3705 vane
1608 3649 1873 3704 scribendi
1923 3663 2061 3718 ope-

465 3753 581 3794 ram
614 3739 962 3794 insumerem.
996 3739 1189 3793 Veniet
1221 3753 1453 3808 namque
1502 3737 1763 3792 Dominus
1808 3737 2061 3792 tenebra-

466 3843 586 3881 rum
619 3826 936 3882 abscondita
965 3826 1385 3893 illuminaturus,
1416 3833 1469 3882 et
1510 3826 1844 3898 singulorum
1896 3825 2063 3881 meri-

469 3915 536 3970 tis
570 3931 725 3988 aequa
755 3916 909 3971 lance
938 3931 1035 3970 sua
1065 3915 1287 3986 praemia
1316 3915 1694 3970 retributurus.
1756 3916 1895 3987 Ego,
1955 3915 2063 3969 du-

466 4009 622 4058 cente
650 4003 784 4070 Deo,
818 4009 997 4071 coepto
1027 4001 1276 4055 narrandi
1306 4001 1441 4056 calle
1470 4000 1813 4072 progrediar.

534 4091 768 4146 Evoluto
796 4089 960 4162 igitur
982 4097 1101 4162 post
1131 4091 1246 4146 haec
1271 4089 1544 4159 aliquanto
1583 4097 1849 4160 tempore,
1914 4089 2064 4144 venit

467 4179 535 4234 ad
565 4194 668 4234 nos
697 4194 837 4234 unus
865 4195 931 4232 ex
957 4178 1236 4234 monachis
1284 4177 1787 4244 Cantuariensibus,
1847 4177 2066 4232 nomine

467 4267 787 4333 Everardus,
822 4267 1072 4323 deferens
1101 4267 1357 4322 Anselmo
1384 4267 1585 4320 litteras
1612 4267 1780 4338 regis,
1822 4267 1877 4320 in
1935 4267 2063 4334 qui-

2169 3117 2407 3189 plicioris
2437 3115 2639 3186 ingenii
2669 3114 2838 3169 semel
2882 3113 2968 3168 vel
3026 3112 3217 3166 iterum
3276 3109 3596 3180 impedirem
3648 3108 3772 3159 stu-

2172 3207 2320 3260 dium
2351 3214 2550 3259 sanctae
2579 3204 2778 3258 mentis
2804 3212 2927 3269 tum,
2972 3201 3026 3255 in
3058 3216 3167 3269 quo
3222 3197 3499 3270 religionis
3555 3195 3772 3266 insigne

2170 3295 2427 3366 refulget,
2460 3301 2510 3347 et
2544 3292 2766 3362 quidam
2807 3290 3056 3361 splendet
3105 3287 3316 3343 virtutis
3370 3299 3574 3350 comes,
3630 3283 3777 3336 nitor

2172 3385 2471 3455 sapientiae.
2497 3385 2746 3437 Attamen
2798 3379 3006 3434 extollit
3059 3393 3167 3444 me,
3225 3375 3386 3431 etiam
3445 3389 3603 3444 supra
3656 3387 3770 3437 me,

2173 3471 2463 3543 tranquilla
2511 3478 2563 3525 et
2601 3471 2757 3524 beata
2801 3467 2977 3540 gratia
3011 3465 3282 3536 opinionis
3326 3473 3450 3530 tuae,
3509 3468 3774 3533 quatenus

2173 3559 2676 3632 tibiqualiscunque
2732 3565 2812 3612 est
2869 3556 3138 3627 dirigatur
3174 3568 3354 3608 sermo
3409 3557 3611 3618 noster,
3659 3564 3776 3605 non

2171 3658 2298 3705 utte
2327 3650 2551 3704 doceam
2582 3647 2671 3718 qui
2689 3646 2781 3703 vix
2813 3645 3045 3700 humana
3093 3642 3306 3715 indiges
3348 3639 3613 3705 doctrina,
3671 3638 3774 3692 sed

2171 3746 2230 3795 ut
2261 3747 2434 3794 tecum
2469 3744 2708 3792 nostrum
2743 3743 2793 3790 et
2822 3742 2971 3788 tuum
3028 3731 3344 3788 reminiscar
3381 3729 3645 3784 dolorem.
3711 3729 3772 3782 In

2172 3827 2328 3896 cujus
2348 3826 2517 3882 nostri
2549 3825 2820 3880 sermonis
2861 3822 3086 3878 exordio
3143 3837 3208 3876 eo
3265 3827 3422 3892 pacto
3477 3817 3775 3875 convenire

2171 3916 2384 3987 postulo
2415 3931 2535 3970 cum
2565 3912 2866 3969 reverentia
2907 3919 3016 3978 tua,
3076 3917 3136 3965 ut
3185 3910 3347 3966 liceat
3387 3907 3517 3962 mihi
3557 3905 3774 3960 interim

2171 4005 2456 4060 vindicare
2526 4003 2795 4058 dulciores
2853 4008 3037 4071 partes
3092 3999 3182 4070 pie
3246 3996 3605 4069 objurgantis,
3660 4010 3775 4050 non

2173 4109 2393 4149 amaras
2417 4091 2634 4147 fraudes
2661 4089 2950 4145 adulantis.
3011 4089 3360 4143 Sanctitatem
3388 4085 3594 4157 quippe
3623 4090 3775 4138 tuam

2171 4197 2333 4238 nosse
2362 4181 2522 4236 velim
2555 4179 2696 4252 quod
2720 4177 2932 4234 animos
2963 4185 3204 4243 nostros,
3238 4190 3468 4246 quorum
3489 4173 3543 4226 in
3600 4179 3652 4226 te
3680 4171 3774 4226 af-

2172 4272 2344 4327 fectus
2375 4271 2516 4325 idem
2549 4277 2647 4333 est,
2678 4266 3085 4322 immoderatior
3113 4263 3320 4319 tristitia
3351 4261 3644 4317 absorbeat
3697 4260 3768 4315 de

467 4356 568 4412 bus
597 4356 738 4412 idem
768 4372 860 4412 rex
892 4357 1051 4428 plane
1079 4355 1378 4410 testabatur
1405 4370 1462 4410 se
1510 4369 1697 4410 eorum
1745 4371 1864 4425 quae
1915 4355 2063 4408 Wil-
2091 4359 2412 4441 Dabsentia
2446 4366 2535 4413 tua
2577 4356 2689 4429 qui,
2747 4355 2803 4411 ni
2852 4355 3026 4421 fallor,
3086 4354 3269 4408 utilius
3314 4360 3499 4407 nostro
3547 4351 3768 4406 adesses

464 4443 698 4500 lhelmus
737 4446 945 4500 dixerat
974 4443 1261 4498 discedens
1291 4443 1360 4496 ab
1408 4443 1681 4511 Anselmo,
1738 4452 1795 4498 ut
1848 4442 2061 4512 prmfati

465 4550 672 4603 sumus,
700 4542 973 4612 auctorem
1004 4548 1145 4599 esse,
1177 4533 1280 4587 hoc
1334 4539 1432 4599 est,
1490 4539 1547 4586 ut
1602 4531 1889 4586 Anselmus
1945 4535 2059 4586 An-

465 4623 634 4696 gliam
663 4640 771 4680 non
803 4624 1106 4695 repedaret,
1139 4619 1243 4675 nisi
1272 4636 1460 4676 omnes
1507 4621 1677 4690 patris
1732 4636 1794 4675 ac
1851 4619 2061 4675 fractris

465 4713 548 4766 sui
576 4711 994 4767 consuetudines
1021 4727 1082 4766 se
1110 4710 1188 4765 illi
1218 4719 1550 4766 servaturum
1571 4713 1748 4780 primo
1774 4710 2061 4780 promitte-

465 4809 564 4856 ret.
597 4801 755 4869 Quod
785 4801 919 4855 dum
949 4800 1246 4855 Anselmus
1275 4801 1457 4856 facere
1487 4799 1675 4865 noluit,
1709 4799 1821 4854 suis
1850 4800 2060 4868 spolia-

465 4896 547 4943 tus
570 4888 815 4961 Lugduni
846 4889 1126 4957 remansit,
1159 4890 1368 4960 degens
1405 4888 1548 4943 circa
1604 4904 1752 4959 saepe
1807 4888 2061 4943 nomina-

467 4985 584 5032 tum
615 4977 980 5033 venerabilem
1012 4979 1295 5050 Hugonem
1333 4977 1502 5048 ipsius
1547 4977 1786 5033 civitatis
1844 4977 2063 5032 antisti-

467 5075 596 5133 tem,
629 5081 768 5122 anno
810 5066 1027 5139 integro
1071 5075 1123 5122 et
1165 5066 1440 5120 mensibus
1477 5074 1728 5136 quatuor.
1773 5066 1905 5134 Quae
1961 5082 2061 5120 au-

464 5163 570 5210 tem
610 5154 758 5210 mala
804 5170 868 5210 ex
911 5154 1011 5209 hoc
1050 5155 1256 5209 duitino
1297 5155 1491 5210 exsilio
1522 5155 1638 5224 ejus
1675 5171 1771 5226 per
1810 5155 2062 5227 Angliam

466 5260 677 5316 quaque
727 5243 1094 5308 emerserint,
1153 5245 1237 5300 vel
1308 5244 1614 5313 cujusmodi
1677 5245 1859 5299 studio
1921 5245 2067 5298 illius

457 5333 648 5404 ipsum
677 5332 948 5403 exsilium,
984 5333 1136 5388 multi
1181 5333 1411 5388 reditum
1466 5332 1610 5388 illius
1671 5333 2064 5401 desiderantes,

466 5438 639 5496 eaque
677 5438 735 5479 re
769 5424 950 5478 minus
985 5423 1067 5478 rei
1105 5423 1272 5495 ipsius
1309 5423 1590 5480 veritatem
1632 5424 2066 5488 considerantes,

467 5512 832 5585 ascripserint,
873 5512 1069 5568 melius
1099 5516 1231 5584 puto
1267 5510 1516 5584 liquebit,
1559 5514 1606 5567 si
1643 5513 1826 5584 aliqua
1883 5528 1949 5567 ex
2002 5511 2070 5565 iis

468 5617 589 5678 qua:
619 5601 701 5660 illi
737 5615 772 5658 a
805 5601 1072 5675 religiosis
1100 5601 1231 5663 viris
1258 5616 1322 5659 ac
1361 5601 1538 5658 Deum
1584 5601 1894 5658 amantibus
1941 5600 2073 5659 scri-

2169 4447 2433 4518 periculo,
2457 4454 2514 4500 ut
2541 4446 2728 4501 saltem
2758 4447 2812 4499 te
2841 4449 3149 4500 consortem
3207 4439 3435 4496 ﬁliorum
3493 4438 3770 4495 discrimi-

2167 4537 2252 4590 nis
2281 4536 2585 4600 exhiberes,
2620 4549 2784 4606 quam
2805 4539 2998 4588 nostrae
3027 4530 3433 4604 quodammodo
3463 4537 3517 4584 et
3572 4527 3766 4583 Eccle-

2169 4625 2265 4681 sia:
2295 4625 2494 4680 oblitus
2521 4622 2733 4695 injuriae
2762 4623 2960 4677 absens
2988 4619 3266 4691 permittas
3294 4633 3395 4673 nos
3433 4615 3639 4673 turbari
3695 4615 3768 4671 ad

2169 4713 2410 4768 hostibus
2439 4711 2664 4783 impuris
2709 4717 2762 4765 et
2810 4709 3139 4777 crudelibus,
3199 4709 3286 4779 qui
3337 4722 3436 4764 nec
3493 4705 3766 4778 pudicitia

2170 4810 2419 4873 parcant,
2452 4817 2552 4856 nec
2583 4799 2762 4855 saluti.
2792 4800 2908 4870 Ego
2938 4799 3098 4868 plane
3130 4803 3202 4866 te,
3236 4799 3392 4854 Pater
3436 4805 3640 4866 sancte,
3699 4810 3769 4851 eo

2172 4891 2287 4962 ipso
2319 4889 2592 4946 infelicem
2619 4888 2875 4943 arbitror.
2914 4888 3051 4941 Nam
3074 4887 3162 4957 qui
3221 4903 3340 4942 eras
3395 4894 3595 4942 sancta:
3653 4884 3770 4957 spei

2173 4980 2367 5034 ﬁducia
2398 4978 2451 5033 in
2482 4987 2619 5046 tuos,
2648 4978 2689 5031 si
2721 4993 2865 5031 nunc
2897 4975 3078 5048 urgeri
3102 4975 3358 5046 Angliam
3415 4983 3524 5030 tam
3583 4975 3770 5045 inopi-

2174 5079 2300 5124 nato
2331 5071 2482 5123 hoste
2513 5067 2744 5139 pigeret,
2777 5073 3040 5137 quantum
3069 5064 3481 5135 ingemisceres,
3512 5073 3775 5136 quantum

2175 5159 2465 5216 aﬁectares
2514 5171 2845 5223 succurrere,
2905 5154 2990 5208 vel
3044 5153 3225 5208 subire
3282 5153 3563 5209 nobiscum
3634 5168 3776 5210 nova

2175 5249 2530 5305 acerbitatum
2563 5246 2808 5315 genera?
2839 5245 3046 5314 Sponte
3076 5250 3166 5297 tua
3195 5242 3343 5298 nullo
3391 5244 3617 5312 penitus
3672 5258 3773 5298 co-

2179 5346 2339 5412 gente
2378 5345 2594 5408 ereptus
2615 5351 2676 5391 es
2707 5333 2966 5405 periculis
2996 5333 3180 5402 nostri,
3243 5333 3468 5390 fortasse
3521 5347 3589 5387 ne
3645 5348 3776 5388 sen-

2179 5432 2306 5482 tires
2337 5443 2456 5497 quae
2487 5440 2584 5480 nos
2611 5423 2843 5495 perpeti,
2875 5431 2929 5478 et
2957 5423 3101 5492 quod
3131 5422 3350 5493 gravius
3378 5429 3477 5490 est,
3528 5428 3778 5491 spectare

2180 5515 2448 5587 cogimur,
2485 5513 2771 5569 sublimari
2800 5513 2869 5567 ad
2899 5526 3084 5567 sacros
3112 5512 3329 5568 ordines
3386 5509 3649 5583 quosdam
3709 5508 3778 5565 de

2181 5604 2469 5662 curialibus
2497 5602 2692 5674 quibus
2717 5616 2818 5659 nec
2846 5600 3108 5660 canonica
3148 5600 3361 5670 electio,
3420 5615 3521 5658 nec
3571 5597 3776 5670 justitia
