4044 6074
298 324 403 383 ιις

1362 299 1686 361 HlS’l‘ORIA
1723 292 2085 357 NOVOBUM.
2133 321 2201 334 -
2240 288 2366 349 LIB.
2411 294 2497 350 IV.

3504 304 3606 363 450

296 446 583 505 consentit.
631 440 904 511 Quoniam
963 432 1189 491 dubium
1245 446 1358 487 non
1428 437 1526 496 est,
1588 428 1631 481 si
1684 424 1903 481 eosdem
1933 423 1986 483 Α
2008 418 2269 511 adversus
2300 418 2484 476 hostes
2511 429 2723 479 nostros
2745 424 2863 495 jam
2892 427 3263 497 penetralibus
3309 429 3616 489 insistentes

300 553 463 593 verus
489 531 752 590 Ecclesiae
784 525 1054 593 ostiarius,
1100 521 1190 592 qui
1230 519 1470 575 Christus
1496 522 1595 586 est,
1654 515 1710 569 in
1755 527 1907 568 sacra

298 628 429 697 jura
459 621 789 687 admitteret,
809 630 988 686 neque
1025 626 1190 683 posse
1219 605 1515 680 perpetrari
1563 618 1685 675 qum
1736 600 1908 672 quoti-

304 725 394 781 die
425 720 697 778 cernimus
716 717 770 771 in
799 712 1081 787 provincia
1128 716 1337 775 nostra,
1394 704 1703 777 principum
1757 700 1906 770 inju-

298 821 443 869 stam
490 818 541 865 et
571 806 833 863 immitem
890 799 1251 872 tyrannidem,
1314 796 1532 867 rapinas
1584 804 1907 863 pauperum,

296 902 500 958 damna
529 894 902 965 ecclesiarum,
936 890 1073 945 adeo
1102 896 1161 943 ut
1210 886 1360 942 locus
1402 882 1646 954 corporis
1693 887 1745 934 et
1778 892 1909 931 san-

297 989 481 1063 guinis
508 982 724 1043 Domini
769 980 1075 1035 libertatem
1121 975 1354 1031 amittat.
1395 972 1631 1028 Gemere
1698 967 1909 1034 viduas,

298 1081 431 1136 ﬂere
452 1093 611 1133 senes
642 1068 989 1130 incommoda
1045 1081 1162 1134 sua,
1222 1078 1288 1118 eo
1345 1061 1491 1133 quod
1538 1057 1798 1129 eripiatur
1834 1055 1913 1110 eis

301 1170 434 1227 satis
462 1171 716 1238 angusta,
749 1174 912 1231 quam
943 1156 1033 1211 vix
1092 1159 1381 1220 merentur,
1439 1148 1612 1205 victus
1647 1146 1727 1201 sui
1781 1159 1914 1223 por-

315 1259 413 1316 tio.
443 1231 583 1326 Βεβὶ
613 1249 887 1323 virgines,
942 1252 995 1300 et
1046 1241 1238 1298 illicito
1264 1238 1522 1296 incestari
1568 1231 1854 1291 concubitu
1898 1250 1913 1300 ;

318 1322 576 1420 quodque
630 1322 870 1396 omnium
910 1334 1149 1406 primum
1204 1330 1408 1385 malum
1455 1334 1553 1394 est,
1587 1323 1656 1380 ad
1676 1322 1916 1379 dedecus

305 1408 601 1492 honestatis
661 1433 881 1489 nostrae,
932 1419 1250 1477 sacerdotes
1305 1431 1503 1472 uxores
1560 1412 1784 1467 ducere.
1847 1408 1918 1465 Et

302 1520 547 1594 exceptis
573 1517 680 1586 his,
709 1512 812 1569 alia
840 1509 1101 1583 perplura
1123 1506 1330 1581 ﬂagitia
1360 1520 1480 1577 quae
1518 1500 1673 1558 nefas
1707 1505 1789 1556 est
1831 1492 1917 1555 vel

297 1589 643 1685 impossibile
672 1602 988 1659 meminisse
1029 1606 1121 1653 aut
1142 1594 1419 1653 retulisse.
1452 1591 1609 1662 Quod
1637 1590 1680 1645 si
1704 1589 1919 1659 dispen-

301 1681 530 1760 sationis
552 1689 932 1752 ecclesiastice
961 1686 1207 1759 regulam
1247 1692 1300 1739 et
1350 1681 1584 1752 antiquae
1626 1684 1921 1736 consuetu-

2006 510 2260 566 festiuum
2286 510 2594 579 praetendas
2621 513 2904 571 auxilium.
2954 516 3101 574 Licet
3135 519 3315 576 adhuc
3362 524 3610 581 morbum

2007 599 2227 668 ejicere,
2261 598 2390 654 dum
2434 600 2490 654 in
2537 601 2824 673 superﬁcie
2862 604 3058 661 vulnus
3089 607 3305 665 videtur
3344 622 3611 683 apertum.

2009 688 2135 744 Scio
2164 703 2430 758 namque,
2464 689 2509 744 si
2540 690 2610 745 ad
2663 691 2849 747 sedem
2906 702 3055 750 tuam
3111 696 3297 755 redire
3347 702 3503 771 velis,
3559 703 3614 760 in

2009 784 2262 848 promptu
2293 778 2508 847 multos,
2542 780 2787 849 utaiunt,
2841 784 3082 853 reperies
3120 785 3209 855 qui
3252 794 3430 844 tecum
3477 807 3611 863 par-

2012 873 2091 921 tes
2119 866 2221 919 Dei
2247 865 2475 921 viriliter
2494 866 2808 938 defendant,
2865 872 2965 926 nisi
3013 877 3354 932 encrvaverit
3391 895 3487 935 eos
3517 888 3620 939 tum

2010 955 2350 1023 paternitatis
2400 955 2662 1013 defectus.
2716 958 2767 1012 Si
2825 960 3099 1032 Angliam,
3158 964 3235 1020 uti
3290 966 3595 1026 audivimus

2012 1043 2347 1114 suspendere
2396 1044 2479 1099 vel
2524 1012 2996 1105 excommunica’re
3042 1012 3297 1122 volueris,
3343 1012 3616 1131 quid-“eg:

2014 1131 2311 1203 fratresque
2339 1133 2508 1187 nostri
2539 1132 2801 1188 faciemus
2843 1136 2933 1207 qui
2987 1153 3202 1210 semper
3250 1141 3350 1198 tibi
3394 1145 3619 1204 obedire

2011 1229 2211 1292 praesto
2240 1220 2460 1290 fuimus,
2491 1221 2813 1279 remandare
2856 1240 3039 1294 quaeso
3086 1226 3351 1299 digneris.
3412 1233 3560 1291 Vale.
3590 1260 3613 1285 υ

2085 1308 2220 1364 Cum
2250 1309 2416 1382 igitur
2443 1310 2558 1365 haec
2586 1319 2637 1366 et
2667 1312 2932 1368 nonnulla
2960 1313 3081 1369 istis
3122 1316 3410 1388 deteriora,
3455 1337 3620 1379 exsu-

2015 1396 2166 1454 lante
2193 1398 2471 1468 Anselmo,
2529 1414 2631 1469 per
2684 1399 2941 1473 Angliam
2997 1401 3208 1473 ﬁerent,
3267 1416 3322 1463 et
3375 1409 3616 1483 quidam,

2022 1487 2287 1543 malorum
2342 1487 2713 1561 magnitudine
2772 1487 2974 1561 aﬁlicti,
3031 1493 3150 1565 regi
3203 1492 3510 1554 insisterent
3563 1512 3623 1561 ut

2015 1577 2213 1649 ipsum,
2244 1576 2449 1633 scilicet
2476 1577 2663 1649 patrie
2693 1579 2934 1649 Patrem,
2965 1580 3056 1651 qui
3085 1597 3152 1637 ea
3179 1584 3475 1657 corrigeret
3522 1606 3616 1646 re-

2020 1673 2255 1735 vocaret,
2286 1666 2425 1737 ipse,
2459 1674 2574 1723 tam
2606 1666 2959 1741 religiositate
2991 1670 3092 1726 viri
3145 1671 3401 1730 inductus
3455 1694 3619 1749 quam

309 1790 454 1848 dinis
483 1784 731 1844 ordinem
761 1775 986 1834 sollicita
1018 1774 1315 1830 studuisses
1337 1768 1773 1828 consideratione
1790 1781 1923 1838 pen-
1946 1780 2001 1841 Β
2020 1765 2074 1811 et
2104 1755 2422 1811 immanium
2452 1755 2721 1812 malorum
2752 1757 3139 1815 exuberatione
3167 1761 3350 1819 animo
3376 1774 3620 1823 conster-

303 1896 446 1950 sare,
504 1889 603 1931 nec
646 1870 743 1926 tibi
796 1865 978 1937 aliqua
1031 1861 1317 1920 exsulandi
1373 1875 1538 1917 causa
1582 1856 1907 1928 subriperet,

305 1983 407 2025 nec
435 1966 526 2023 alii
552 1963 839 2020 occasione
890 1968 996 2016 tum
1021 1952 1283 2013 absentiae
1331 1959 1439 2006 tam
1498 1963 1665 2020 grave
1713 1944 1911 2001 discri-

307 2074 434 2113 men
486 2056 841 2110 incurrerent.
875 2052 1020 2105 ltane
1065 2053 1226 2118 putas
1265 2039 1604 2096 inimicorum
1642 2035 1742 2092 Dei
1782 2050 1913 2090 con-

307 2145 603 2203 tumaciam
657 2141 956 2206 inﬂectere,
1013 2135 1103 2207 qui
1152 2148 1257 2188 nec
1310 2131 1426 2185 Deo
1465 2127 1764 2191 crederent,
1814 2138 1917 2180 nec

304 2232 517 2293 veritati
538 2230 636 2286 nisi
660 2228 814 2284 inviti
842 2228 1023 2283 locum
1056 2220 1368 2294 praeberent
1408 2218 1436 2270 ?
1457 2214 1577 2283 Qua
1629 2228 1760 2269 vero
1817 2227 1911 2267 ra-

302 2324 450 2380 tione
494 2322 564 2376 ad
606 2321 711 2375 hoc
758 2315 1060 2388 paternitas
1112 2320 1201 2366 tua
1256 2306 1479 2376 aspiret,
1539 2302 1754 2376 ignoro.
1810 2298 1915 2369 Qui

304 2413 449 2469 enim
471 2408 770 2481 regendam
818 2405 1004 2460 navim
1074 2397 1332 2468 suscepit,
1392 2401 1540 2449 tanto
1561 2392 1796 2461 amplius
1846 2405 1917 2445 ne

304 2516 456 2559 cesse
488 2479 569 2555 est
613 2496 826 2568 vigilet,
888 2499 1088 2564 quanto
1133 2487 1368 2559 amplius
1434 2482 1704 2555 procellas
1741 2479 1913 2535 timet.

305 2591 416 2647 Sed
468 2595 594 2644 tunc
623 2582 867 2641 fortassis
922 2596 1021 2652 pro
1079 2578 1196 2635 sola
1245 2574 1522 2632 voluntate
1559 2569 1916 2626 invidentium

294 2678 504 2751 fugisse
546 2672 790 2747 pudebit,
841 2685 965 2728 cum
1012 2666 1220 2724 videris
1263 2672 1387 2721 ante
1443 2658 1675 2716 tribunal
1726 2656 1919 2712 Christi

297 2746 562 2826 ducentes
617 2762 814 2819 choros
872 2758 1183 2815 animarum
1213 2754 1337 2810 illos
1375 2750 1701 2809 fortissimos
1749 2746 1921 2804 divini

2018 1854 2193 1915 natus,
2224 1844 2344 1901 ﬁeri
2374 1845 2589 1917 quidem
2623 1846 2691 1901 de
2720 1846 2893 1901 reditu
2938 1846 3058 1917 viri,
3117 1849 3263 1920 quod
3316 1854 3622 1928 petebatur,

2018 1951 2080 1993 se
2107 1935 2338 1991 libenter
2363 1935 2502 1990 velle
2532 1934 2823 2003 fatebatur,
2856 1934 2935 1991 sic
2981 1944 3161 1993 temen
3186 1947 3244 1994 ut
3270 1949 3621 2010 paternarum

2019 2025 2469 2082 consuetudinem
2513 2023 2648 2078 nihil
2701 2023 2803 2077 sibi
2862 2025 2931 2078 ab
2987 2027 3306 2083 eoulterius
3369 2031 3626 2106 derogari

2019 2115 2128 2170 ulta
2160 2114 2370 2169 ratione
2397 2120 2692 2184 pateretur.
2727 2113 2879 2169 Unde
2933 2114 3090 2169 nobis
3142 2117 3321 2172 adhuc
3376 2120 3624 2193 Lugduni

2021 2202 2344 2275 degentibus
2372 2203 2543 2257 nuntii
2573 2203 2801 2258 Romam
2829 2202 2898 2257 ab
2924 2203 3045 2273 ipso
3074 2219 3203 2276 rege
3245 2206 3433 2263 directi
3478 2218 3623 2280 sunt,

2023 2293 2115 2365 qui
2150 2292 2325 2348 modis
2353 2292 2606 2346 omnibus
2634 2292 2971 2347 elaborarent
2999 2294 3359 2365 apostolicum
3391 2297 3463 2353 ad
3518 2300 3626 2356 hoc

2022 2381 2290 2437 deducere
2317 2388 2376 2436 ut
2428 2380 2740 2435 Anselmum
2796 2380 3049 2452 Angliam
3114 2383 3294 2440 redire
3348 2392 3402 2440 et
3456 2387 3628 2461 regia:

2024 2470 2292 2528 voluntati
2314 2469 2531 2539 juberet
2560 2468 2615 2522 in
2670 2468 2878 2524 cunctis
2933 2469 3094 2525 subdi
3138 2479 3191 2526 et
3244 2471 3483 2529 obedire.
3542 2477 3627 2532 Ad

2026 2559 2169 2633 quod
2198 2559 2327 2614 dum
2357 2557 2580 2612 minime
2609 2555 2765 2610 illum
2800 2556 3014 2613 ﬂectere
3059 2567 3300 2629 possent,
3342 2560 3480 2618 sicut
3524 2579 3625 2621 ve-

2027 2656 2240 2717 nerunt,
2266 2647 2466 2702 infecto
2496 2645 2718 2718 negotio
2748 2644 2951 2701 reversi
2979 2653 3122 2702 sunt.

2098 2739 2160 2792 In
2196 2736 2387 2792 diebus
2403 2733 2701 2790 illisGualo
2733 2734 2809 2804 (a)
2825 2733 3115 2806 episcOpus
3142 2735 3535 2797 Parisiacensis
3559 2739 3629 2800 de

2029 2828 2207 2884 Roma
2234 2824 2460 2883 veniens
2487 2823 2556 2879 ad
2583 2838 2705 2891 nos,
2718 2823 2972 2894 reliquias
2999 2824 3243 2892 corporis
3269 2825 3450 2885 beatas
3477 2846 3630 2888 mar-

291 2856 481 2931 gregis
509 2853 726 2920 arietes,
759 2848 955 2920 quibus
983 2860 1086 2902 nec
1138 2845 1298 2915 lupus
1363 2841 1570 2907 nocuit,
1600 2853 1703 2894 nec
1744 2837 1920 2893 alicu-

280 2928 378 3018 jus
406 2928 584 3000 terror
612 2942 667 2997 in
698 2940 884 3011 fugam
932 2935 1117 2992 vertit.
1183 2932 1359 3001 Quam
1414 2931 1574 2986 beata
1638 2928 1740 2984 erit
1796 2935 1924 2983 tunc

285 3015 708 3091 memoriainter
737 3036 961 3084 caeteros
1007 3023 1151 3080 illius
1207 3019 1532 3077 sanctissimi
1610 3015 1785 3073 Patris
1818 3030 1913 3071 no-

283 3090 382 3182 stri
414 3118 691 3179 Ambrosii
729 3116 847 3189 qui,
892 3114 1026 3170 sicut
1067 3120 1246 3168 narrat
1289 3107 1657 3166 ecclesiastica
1709 3104 1898 3162 Histo-
1928 3134 1979 3189 α
2030 3096 2200 3189 dedit.
2234 3094 2368 3164 Quae
2395 3106 2524 3165 pars
2570 3090 2699 3147 dum
2755 3090 3051 3146 admodum
3101 3107 3274 3162 parva
3326 3093 3459 3150 mihi
3514 3095 3633 3156 visa

282 3212 384 3280 ria,
445 3226 553 3267 non
605 3179 843 3265 erubuit.
872 3200 1180 3259 Theodosio
1235 3196 1549 3271 imperatori
1593 3195 1649 3251 in
1718 3179 1979 3250 faciem"
2021 3184 2230 3280 fuisset,
2261 3189 2548 3255 rogantem
2597 3195 2687 3278 me
2728 3185 2802 3280 .ut
2855 3179 3058 3280 donum
3112 3180 3333 3237 antistes
3384 3194 3628 3258 augeret,

282 3264 563 3364 restitisse,
596 3264 650 3353 et
676 3310 776 3368 pro
805 3301 956 3351 reatu
1009 3306 1109 3346 suo
1153 3264 1348 3343 limina
1376 3285 1622 3343 ecclesiae
1657 3283 1736 3339 illi
1775 3282 1915 3338 dene
2017 3271 2302 3368 finselmus
2330 3267 2685 3340 compescuit,
2711 3266 2896 3323 dicens
2942 3264 3189 3323 suﬂicere
3244 3268 3395 3340 quod
3451 3272 3631 3332 habe-

284 3405 469 3464 gasse.
502 3353 645 3458 Quid
673 3353 785 3440 non
833 3382 1154 3452 impetraret
1198 3377 1323 3432 talis
1378 3374 1618 3441 affectus,
1651 3380 1704 3428 et
1763 3377 1913 3426 tanta
2203 3359 2397 3464 «.Curjn
2428 3356 2596 3424 enim,
2637 3354 2905 3425 inquiens,
2935 3368 2997 3409 os
3052 3353 3235 3425 ipsum
3279 3356 3349 3411 de
3402 3373 3632 3431 corpore

286 3440 630 3535 constantia?
662 3473 858 3538 Etiam,
909 3440 1079 3525 Pater
1096 3474 1304 3536 sancte,
1328 3464 1373 3519 si
1415 3440 1686 3535 quispiam
1729 3460 1912 3514 incar-
2015 3448 2167 3538 illius
2196 3447 2287 3517 sit,
2337 3446 2512 3501 donec
2557 3458 2624 3501 eo
2663 3442 2915 3511 caruerit,
2972 3440 3331 3515 integritatem
3383 3445 3467 3502 sui
3518 3462 3630 3506 non

2021 3536 2258 3594 habebit.
2292 3534 2636 3607 Quapropter
2681 3531 2733 3588 ai
2788 3530 2923 3587 illud
2976 3531 3144 3603 digne
3197 3533 3517 3606 servaveris,
3574 3544 3631 3594 et

2021 3626 2258 3683 domina:
2288 3625 2441 3695 cujus
2470 3630 2555 3679 est
2610 3636 2713 3692 qua
2742 3627 2898 3691 potes
2925 3619 3216 3677 devotione
3244 3620 3301 3677 in
3358 3622 3456 3680 illo
3510 3640 3630 3681 ser-

2019 3716 2202 3784 vieris,
2258 3721 2370 3769 tam
2425 3718 2704 3785 gratanter
2769 3706 2929 3764 oﬂicii
2985 3708 3061 3764 tui
3132 3725 3328 3767 manus
3404 3712 3635 3784 accipiet

2022 3820 2187 3877 quam
2231 3802 2275 3858 si
2307 3801 2402 3857 toti
2457 3798 2675 3870 corpori
2731 3797 2851 3868 ejus
2902 3796 3224 3854 deservires.
3290 3823 3313 3850 η
3370 3801 3629 3872 Acquievi

2022 3893 2193 3960 dicto,
2227 3898 2280 3947 et
2306 3889 2455 3964 quod
2497 3901 2811 3958 acceperam
2869 3885 3122 3958 diligenti
3167 3888 3411 3944 custodia
3436 3905 3619 3948 servo.

2022 3981 2084 4037 In
2111 3979 2351 4036 secundo
2381 3985 2559 4033 autem
2589 3991 2739 4031 anno
2767 3974 2843 4045 (ὁ)
2873 3974 3142 4031 adventus
3173 3976 3340 4032 nostri
3368 3992 3402 4033 a
3457 3978 3631 4036 Roma

2021 4068 2367 4142 Lugdunum,
2425 4066 2543 4136 ipse
2588 4078 2729 4134 papa
2780 4069 2968 4117 coacto
3050 4062 3326 4118 Lateranis
3388 4066 3631 4138 generali

2023 4157 2276 4226 concilio,
2307 4153 2563 4211 comitem
2591 4150 2661 4207 de
2684 4150 2957 4218 Mellento,
3002 4151 3156 4220 cujus
3203 4167 3353 4223 saepe
3388 4155 3633 4226 superius

2023 4246 2207 4302 habita
2236 4251 2316 4300 est
2341 4240 2567 4309 mentio,
2595 4245 2649 4295 et
2677 4236 2977 4308 complices
3024 4238 3145 4308 ejus
3190 4239 3282 4310 qui
3336 4255 3523 4313 regem
3561 4242 3633 4299 ad

2032 2917 2166 2989 tyris
2193 2915 2397 2970 Priscae
2426 2912 2531 2969 sibi
2569 2912 2756 2968 Roma:
2802 2912 2956 2967 datas
2998 2910 3195 2983 attulit,
3226 2922 3279 2970 et
3322 2914 3450 2975 inde
3494 2919 3630 2978 mihi

2032 3008 2088 3061 in
2117 3004 2411 3077 praesentia
2456 3001 2628 3058 Patris
2668 2999 2907 3057 Anselmi
2956 3009 3167 3072 partem
3237 3002 3633 3077 aliquantulam

286 3574 528 3625 ceratum
561 3572 611 3620 et
638 3560 891 3618 afﬂictum
952 3557 1307 3622 evisceraret,
1355 3554 1459 3607 hoc
1505 3550 1670 3605 modo
1728 3563 1916 3603 reces-

286 3650 426 3709 sisse
447 3664 555 3706 non
583 3647 874 3703 debueras.
906 3641 1125 3712 Quanto
1162 3638 1346 3710 magis
1376 3652 1495 3692 cum
1525 3634 1660 3689 nihil
1723 3634 1913 3689 horum

289 3735 548 3813 expertus
574 3735 758 3805 fueris,
787 3749 887 3789 nec
933 3730 1098 3787 sedes
1131 3736 1223 3783 tua
1278 3725 1373 3781 tibi
1425 3730 1625 3796 negata
1656 3722 1742 3790 sit,
1815 3719 1914 3775 sed

286 3809 384 3903 pro
412 3842 524 3884 uno
548 3825 718 3882 verbo
748 3823 880 3893 cuju
905 3820 1059 3876 sdam
1089 3815 1406 3903 Willhelmi
1436 3812 1627 3903 fugere
1665 3809 1919 3865 decrevi-

285 3897 374 3984 in,
406 3919 459 3969 et
497 3911 684 3967 relicto
731 3910 911 3975 hoste,
972 3900 1354 3959 dilacerandas
1385 3897 1571 3969 impiis
1612 3910 1744 3950 oves
1798 3901 1920 3948 tuas

286 3981 555 4057 dimisisti.
589 3996 760 4053 Pudet
785 4009 922 4067 ergo
957 3991 1102 4064 quod
1119 3989 1297 4047 evenit
1336 3985 1596 4052 recolore,
1661 3981 1915 4053 quoniam

281 4105 474 4148 omnes
502 4086 601 4156 illi,
633 4086 719 4141 vel
755 4098 894 4157 pene
927 4098 1120 4139 omnes
1163 4093 1300 4151 quos
1356 4073 1727 4132 Ecclesiarum
1780 4087 1918 4142 prae-

284 4194 413 4236 sens
438 4191 684 4235 aerumna
711 4173 1067 4244 exspectabat
1099 4168 1171 4224 ad
1214 4180 1335 4222 suae
1383 4161 1728 4219 necessitatis
1766 4160 1918 4215 sola-

286 4267 441 4334 tium,
488 4263 776 4322 occasione
826 4258 1038 4315 timoris
1085 4263 1332 4326 accepta,
1398 4251 1574 4325 magis
1638 4250 1917 4321 elegerunt

287 4364 469 4413 tecum
512 4351 864 4409 succumbere
894 4363 1057 4420 quam
1113 4325 1307 4400 frustra
1352 4342 1471 4398 sine
1526 4350 1578 4395 te
1632 4339 1911 4394 resistere.
2025 4333 2356 4420 investiturm
2411 4328 2673 4420 ﬂagitium
2713 4326 2902 4420 Isicut.
2932 4325 3216 4420 dicebatur
3260 4328 3630 4403 impellebant,

290 4442 437 4509 Quid
453 4442 597 4499 enim
645 4440 890 4496 facerent
912 4409 1129 4506 -quibus
1172 4433 1328 4487 Pater
1372 4429 1580 4495 deerat,
1616 4435 1670 4482 et
1714 4425 1908 4498 quibus
1935 4484 1987 4509 ῃ
2025 4434 2197 4476 necne
2223 4417 2347 4472 illos
2374 4412 2471 4487 qui
2516 4412 2587 4467 ab
2616 4426 2683 4467 eo
2712 4410 2947 4467 investiti
2976 4409 3212 4480 fuerant,
3269 4428 3302 4467 a
3356 4412 3633 4471 liminibus

293 4484 458 4602 :aput
485 4545 597 4586 non
627 4484 970 4599 suppetebat1.
1013 4484 1605 4578 Proindeadmonenda
1634 4522 1718 4570 est
1734 4484 1904 4568 .sanc-
1935 4484 1988 4546 D
2020 4516 2223 4564 sanctae
2252 4484 2514 4561 Ecclesiae
2556 4499 2764 4572 judicio
2823 4499 3056 4571 Spiritus
3096 4501 3272 4555 sancti
3314 4500 3531 4573 repulit,
3579 4514 3633 4566 et

2015 4600 2118 4654 hoc
2144 4596 2326 4666 ipsum
2354 4608 2455 4663 per
2481 4589 2769 4661 epistolam
2798 4604 2962 4661 quam
3004 4589 3492 4661 eccesupponimus
3517 4593 3635 4648 An-

2014 4685 2184 4741 sclmo
2205 4682 2306 4739 sub
2338 4678 2609 4738 celeritate
2637 4676 2796 4734 intuit
2828 4690 2843 4732 :

296 4621 457 4678 ctitas
515 4626 630 4686 tua,
678 4632 789 4672 non
835 4610 1154 4680 erudienda,
1197 4611 1259 4663 ut
1301 4614 1539 4662 matures
1610 4603 1906 4658 adventum

297 4716 505 4766 sancta
557 4703 745 4762 matris
798 4699 1078 4767 Ecclesiae,
1128 4695 1368 4767 depellas
1413 4691 1785 4765 opprobrium,
1855 4695 1907 4745 et

1604 4814 2033 4872 HENSCHENII
2070 4809 2298 4868 ΝΟΤιΕ.

377 4926 661 5001 (ιηῦυβιρ
689 4941 785 5001 seu
808 4925 968 4996 Galo,
994 4915 1488 5001 expellovacensin
1514 4917 1794 5001 episcopo,
1838 4912 1927 4968 fa-
2037 4899 2887 5001 numeroindictionisuerrorcm
2958 4895 3245 5001 ίξΐεξζείεξθ
3294 4898 3512 5001 ω’θάξῆ
3543 4903 3638 4976 (illi

1711 4995 1719 5001 .
1848 5000 1859 5001 γ
1882 4998 1899 5001 _
2044 4986 2290 5001 _-___n-_.
2316 4986 2608 5001 omanis-on“
2663 4988 2675 5001 ι
2707 4985 2732 5001 η
2765 4986 2796 5001 n
2848 4982 2949 5001 noun
3005 4984 3062 5001 ne
3117 4985 3146 5001 η
3201 4976 3395 5001 Δαναοὶ...
3462 4974 3634 5001 ,Αἰ-ι.-

810 4968 968 5052 {Si}?
983 4968 1923 5051 {rogi-actim];Sammarihanos.
2040 4975 2294 5057 scriptori
2310 4970 2642 5057 imposuerit
2662 4971 2738 5057 ita
2754 4968 3149 5057 ‘utlproferiia
3176 4968 3395 5053 legatur
3420 4968 3637 5034 deum

312 5039 1423 5138 aziema'sxrzuaziaretrahis;
1445 5039 1681 5138 tanta:
1712 5056 1792 5138 ε..
1826 5058 1931 5138 e1-
2042 5039 2356 5138 accessa
2372 5039 2559 5138 see
2568 5039 3040 5138 1293112932532:
3063 5055 3221 5138 εέιιξρ
3238 5039 3431 5097 τειίαω
3485 5058 3632 5138 suo

304 5141 489 5211 selmi,
522 5148 575 5197 et
600 5139 784 5196 omnia
812 5110 1317 5194 simulwd‘eduximus
1346 5110 1414 5185 {ti
1445 5110 1685 5185 ianuarii
1725 5110 1797 5182 ad
1826 5126 1930 5181 Vi-
2042 5110 2339 5199 Sabellicus
2367 5123 2420 5172 et
2448 5114 2779 5211 Antoninus?
2786 5110 3034 5211 scribunt
3060 5110 3306 5211 coactum
3340 5114 3637 5174 concilium

2042 5195 2144 5211 ...Α
2182 5200 2551 5211 ,-----.............
2609 5199 2666 5211 ...ς
2804 5182 3023 5211 Αηηθζηι
3100 5196 3206 5211 nun
3299 5198 3405 5211 ηε...
3478 5184 3634 5211 t..-:i-

812 5182 970 5194 ""”‘"
992 5182 1315 5193 ““·’“”“’”’·’““’
1351 5182 1407 5185 “
1452 5182 1569 5185 ‘W'
1695 5269 1709 5271 _
1858 5266 1893 5271 η
2041 5189 2576 5271 340_episcop0r‘um.
2608 5183 2705 5271 §ed
2740 5182 3043 5246 Florentia:
3072 5182 3246 5271 ,ψιρά
3299 5198 3408 5239 non
3478 5184 3638 5245 {ncne

401 5251 925 5355 ὶῗίῆὶίῖἱῖῖὲρρυξ
952 5278 1094 5335 haud
1123 5274 1288 5355 dubie
1330 5272 1509 5355 “05;.
1535 5269 1749 5352 ςυεηάρ
1782 5266 1933 5355 nulla
2039 5251 3487 5355 ἣτξξὲἑτὲλξξξξὶηιέξὲξ)ςπὶἐίὲῗὶἒξΐεξεξὲηςεέέ.έὶξξέηεξιηὲι
3510 5265 3639 5316 nam

304 5322 612 5412 alibi}
634 5322 1287 5409 EXnEiiii"i.ii'é?EnEBEi§
1335 5322 1739 5411 iiéiiio‘,“ﬁ'igi'
1774 5338 1933 5412 apud
2039 5322 2510 5412 Antichristo,“qui
2641 5322 3175 5412 damnatus‘dicitur,
3213 5322 3410 5412 fuisse“
3434 5324 3635 5382 Fluen-

308 5393 590 5487 anctorem
902 5393 1311 5477 ‘s'f'ﬁeiriwiv’ivi
1342 5393 1714 5487 35536953,
1771 5393 1934 5481 id‘que
2043 5393 2700 5487 t_ii.episcopi:Florentini,
2725 5395 2823 5487 qui
2851 5393 3033 5487 nullus
3068 5408 3307 5487 unthLam
3350 5394 3640 5487 ﬂorentia;

311 5463 1141 5554 Zi”é‘é'n”iih‘ii'o‘§'iii‘sVelini;2
1179 5463 1217 5536 «ι’
1238 5463 1931 5554 nbcmﬁd'diﬁ‘ftlateran.
2043 5476 2146 5554 fuit
2164 5463 2178 5477 ’
2197 5463 2417 5554 vivente
2467 5475 2524 5554 et
2576 5463 2903 5554 praesidente
2963 5471 3080 5520 tum
3134 5463 3313 5522 adhuc
3364 5463 3616 5527 Rainerio

311 5508 381 5554 ad
410 5512 614 5551 annum
640 5508 779 5549 1109
808 5508 892 5548 ms
920 5508 1097 5547 νθΓοιε
1130 5510 1141 5546 ε
1179 5511 1201 5536 α
1246 5508 1362 5542 [100
1410 5508 1551 5540 uuuu
1571 5508 1627 5537 ιιι
1681 5508 1931 5538 uuwruu.
2043 5508 2146 5533 auu
2206 5508 2417 5530 "vc-Iw
2468 5508 2524 5526 ιιι
2576 5508 2903 5541 raw-uua..-
2967 5508 3080 5520 νη...
3134 5508 3312 5522 ..νκνν
3364 5508 3615 5527 "ww",

311 5566 568 5637 ecclesia,
597 5564 923 5637 praesidente
953 5563 1020 5618 D.
1056 5557 1297 5617 Paschali
1338 5556 1428 5637 il,
1488 5552 1780 5637 indictione
1830 5560 1935 5635 ter-
2043 5546 2199 5619 cujus
2227 5542 2357 5602 alibi
2386 5542 2526 5599 facta
2555 5539 2779 5596 mentio.
3618 5508 3636 5545 ²

314 5622 409 5709 tia,
440 5622 617 5697 Nonii
644 5636 823 5695 Martii
851 5633 1058 5693 factum
1087 5640 1171 5691 est
1197 5628 1487 5688 concilium
1537 5644 1551 5694 ;
1586 5647 1609 5676 υ
1652 5623 1747 5682 ubi
1804 5623 1851 5679 si
1879 5622 1937 5679 in
